4038 6356
563 307 665 362 Si!)

1105 412 1332 470 CAI‘UT
1370 411 1602 468 CXXVI.

563 507 818 562 Pharisa'i
847 507 1052 561 mittunt
1083 510 1148 560 ad
1187 506 1362 560 Jesum
1409 506 1528 576 dole
1573 504 1940 576 interrogantes
1959 509 2004 562 si
2031 508 2143 562 licet

988 579 1227 630 tributum
1254 578 1460 630 reddere
1484 575 1695 630 Ctesari.

633 689 850 744 Mum.
908 704 1046 754 χχιι,
1102 686 1306 754 15-22;
1355 686 1529 742 Mane.
1585 701 1688 751 xu,
1746 685 1963 754 IIS-I7;
2010 687 2140 743 an.

563 795 658 845 xx,
706 780 882 834 20-96.
924 779 1072 834 'l‘unc
1117 777 1375 832 abeuntes
1411 776 1666 832 Pharisrei
1696 779 1981 834 consilium
2011 779 2145 835 inie-

565 878 690 922 runt
719 878 776 922 ut
801 876 1048 936 caperent
1074 883 1192 920 eum
1221 868 1274 920 in
1304 881 1571 922 sermone.
1595 869 1662 924 Et
1682 869 1899 925 mittunt
1918 870 1967 925 ei
1987 869 2145 926 disci-

567 961 722 1026 pulos
749 973 874 1014 suos
903 974 1021 1012 cum
1055 957 1389 1026 llerodianis,
1421 959 1661 1017 dicentes
1695 979 1708 1014 :
1740 960 2008 1033 Magister,
2041 963 2145 1018 sci-

567 1064 687 1103 mus
713 1051 830 1119 quia
863 1063 1020 1103 verax
1051 1063 1131 1114 es,
1165 1056 1219 1104 et
1245 1050 1382 1102 viam
1415 1049 1508 1105 Dei
1538 1050 1590 1105 in
1628 1051 1850 1107 veritate
1876 1051 2056 1119 doces,
2091 1061 2144 1108 et

565 1154 670 1193 non
697 1148 778 1192 est
804 1139 895 1192 tibi
919 1153 1047 1192 cura
1078 1139 1143 1193 de
1170 1139 1348 1208 aliquo
1375 1157 1387 1191 :
1419 1155 1521 1194 non
1545 1141 1683 1195 enim
1709 1141 1932 1211 respicis
1957 1155 2143 1212 perso-

562 1242 683 1280 nam
715 1227 1010 1282 hominum.
1043 1229 1136 1283 Dic
1166 1243 1291 1298 ergo
1334 1230 1490 1284 nobis
1535 1246 1550 1286 :
1597 1231 1731 1298 Quid
1763 1231 1858 1286 tibi
1888 1232 2144 1288 videtur?

563 1321 715 1376 Licet
743 1335 963 1376 censum
994 1322 1124 1377 dare
1154 1320 1374 1389 Caesari,
1416 1337 1482 1376 an
1528 1324 1672 1377 non?
1709 1323 1927 1394 Cognita
1966 1333 2143 1379 autem

562 1413 721 1468 Jesus
753 1414 989 1484 nequitia
1018 1429 1224 1481 eorum,
1257 1418 1329 1470 ait
1376 1434 1388 1468 :
1424 1417 1559 1483 Quid
1591 1433 1676 1472 me
1706 1419 1939 1486 tentatis,
1972 1418 2142 1490 hypo-

565 1506 756 1558 critae?
782 1506 1061 1561 Ostendite
1092 1507 1219 1561 mihi
1252 1509 1513 1562 numisma
1541 1524 1754 1566 census.
1789 1513 1856 1566 At
1885 1511 1959 1566 illi
1987 1513 2143 1566 obtu-

562 1592 739 1646 lerunt
763 1593 811 1648 ei
835 1594 1133 1648 denarium.
1165 1597 1230 1650 Et
1253 1597 1444 1664 aitillis
1466 1598 1621 1654 Jesus
1651 1617 1664 1652 :
1690 1587 1849 1670 Cujus
1869 1612 1949 1656 est
1971 1603 2142 1673 imago

565 1686 683 1738 inec
712 1694 765 1738 et
808 1686 1229 1755 suprascriptio?
1257 1687 1449 1743 Dicunt
1479 1691 1527 1745 ei
1574 1709 1586 1744 :
1620 1691 1865 1748 Caesaris.
1893 1692 2041 1750 Tunc
2068 1694 2143 1749 ait

1697 300 2008 357 VICTORIS
2049 299 2351 356 EPISCOPI
2391 298 2689 356 CAPUANI

3725 307 3838 364 Sit)

2171 417 2218 472 Α
2250 413 2588 480 imposuisset
2635 413 2970 480 Sadduca-is,
3018 428 3381 473 convenerunt
3429 419 3480 474 in
3530 436 3719 476 unum.
3769 423 3840 478 Et

2247 507 2475 562 accessit
2503 523 2639 561 unus
2667 507 2732 563 de
2757 509 2966 572 scribis,
2992 509 3121 580 legis
3147 511 3356 579 doctor,
3386 522 3599 570 tentans
3623 530 3749 571 eum
3782 526 3840 573 et

2246 595 2429 652 dicens
2477 613 2490 650 :
2524 597 2793 667 Magister,
2826 600 2966 669 quod
3013 611 3095 658 est
3141 603 3448 662 mandatum
3487 623 3742 679 magnum
3779 611 3837 668 in

2249 689 2406 758 lege?
2427 690 2514 744 Ait
2540 690 2614 743 illi
2633 691 2788 746 Jesus
2813 708 2827 744 :
2852 692 3084 749 Primum
3107 699 3345 754 omnium
3372 701 3684 760 mandatum
3705 715 3795 762 est
3818 724 3837 764 :

2246 780 2382 836 Audi
2399 825 2413 848 ,
2430 779 2608 851 Israel,
2628 781 2767 838 Deus
2793 785 3032 840 omnium
3059 797 3299 844 nostrum
3323 789 3351 829 ι)
3373 791 3514 849 Deus
3537 811 3679 852 unus
3703 807 3792 854 est
3819 817 3836 853 :

2247 880 2329 938 et,
2352 871 2553 943 Diliges
2583 874 2863 930 Dominum
2897 876 3065 932 Deum
3099 887 3245 935 tuum
3273 897 3340 938 ex
3371 893 3482 940 toto
3508 889 3677 944 corde
3711 900 3836 958 tuo,

2247 975 2300 1018 et
2329 979 2395 1019 ex
2444 973 2554 1020 tota
2594 967 2771 1022 anima
2821 977 2932 1037 tua,
2973 982 3028 1026 et
3055 986 3122 1027 ex
3151 982 3258 1027 tota
3303 987 3481 1034 mente
3532 990 3619 1034 tua
3649 979 3839 1053 (Deut.

2245 1069 2297 1107 γι
2317 1093 2332 1119 ,
2358 1054 2437 1125 4).
2470 1055 2582 1112 Hoc
2607 1067 2689 1112 est
2718 1058 2946 1128 primum
2972 1072 3025 1116 et
3055 1063 3341 1120 maximum
3371 1069 3706 1126 mandatum.
3737 1073 3842 1129 Se-

2246 1145 2478 1201 cundum
2526 1156 2703 1203 autem
2751 1149 2926 1206 simile
2971 1163 3060 1206 est
3087 1152 3254 1209 huic:
3299 1155 3498 1228 Diliges
3525 1163 3840 1228 proximum

2248 1245 2395 1291 tuum
2441 1236 2579 1293 sicut
2621 1248 2673 1296 te
2721 1240 2915 1308 ipsum.
2963 1241 3020 1298 In
3063 1245 3146 1299 his
3189 1245 3399 1302 duobus
3426 1250 3697 1307 mandatis
3723 1262 3840 1309 tota

2248 1327 2332 1382 lex
2361 1329 2558 1397 pendet
2581 1338 2637 1384 et
2661 1333 2954 1401 prophetae.
2982 1335 3048 1389 Et
3073 1336 3148 1390 ait
3170 1337 3244 1392 illi
3273 1340 3450 1395 scriba
3479 1359 3492 1395 :
3524 1343 3692 1408 Bene,
3721 1345 3839 1401 Ma-

2246 1416 2442 1484 gister,
2483 1416 2536 1471 in
2573 1421 2798 1476 veritate
2823 1421 3040 1490 dixisti,
3070 1426 3193 1495 quia
3223 1443 3358 1484 unus
3387 1440 3499 1496 est,
3531 1441 3588 1488 et
3614 1450 3724 1490 non
3752 1447 3838 1492 est

2247 1504 2382 1560 alius
2430 1516 2624 1575 printer
2647 1523 2767 1564 eum
2800 1525 2816 1565 :
2847 1520 2904 1567 et
2942 1521 3000 1568 ut
3027 1515 3280 1586 diligatur
3306 1533 3375 1575 ex
3404 1529 3515 1576 toto
3546 1525 3734 1591 corde,
3767 1541 3837 1582 ex

2247 1606 2357 1652 toto
2385 1597 2680 1680 intellectu,
2710 1612 2765 1658 et
2792 1620 2857 1658 ex
2887 1614 2995 1660 t0ta
3030 1609 3228 1679 anima,
3264 1621 3320 1667 et
3359 1629 3423 1669 ex
3459 1625 3570 1672 tota
3600 1621 3830 1676 fortitu-

2250 1684 2376 1777 illis
2408 1704 2421 1742 :
2452 1695 2508 1743 et
2531 1691 2752 1760 diligere
2777 1695 3074 1763 proximum
3103 1708 3353 1770 tanquam
3379 1706 3634 1772 seipsum,
3659 1711 3835 1779 majus

2253 1757 2376 1777 -

562 1771 669 1827 illis
701 1791 714 1827 :
749 1774 974 1831 Reddite
1001 1792 1129 1847 ergo
1155 1793 1275 1847 quae
1298 1789 1421 1834 sunt
1439 1780 1666 1838 Caesaris
1685 1782 1915 1853 Caesari,
1944 1795 1999 1842 et
2022 1803 2140 1858 quae
2173 1783 2217 1843 Β
2243 1771 2623 1836 egi—omnibus
2672 1783 3189 1848 h0'008lll0malib03
3234 1802 3289 1849 et
3332 1798 3626 1856 “criﬁciis.
3677 1801 3834 1859 Jesus

561 1873 687 1918 sunt
719 1863 810 1918 Dei
842 1866 971 1922 Deo.
1006 1867 1072 1922 Et
1100 1867 1374 1925 audientes
1400 1872 1576 1926 mirati
1604 1881 1750 1944 sunt,
1779 1884 1834 1931 et
1863 1875 2054 1933 relicto
2080 1892 2147 1934 eo

565 1955 832 2012 abierunt.

1092 2076 1322 2134 CAPUT
1357 2077 1618 2140 CXXVII.

562 2164 641 2222 De
679 2167 1014 2234 Sadducwis,
1060 2170 1149 2238 qui
1187 2169 1364 2224 dicunt
1402 2188 1504 2226 non
1543 2189 1648 2226 esse
1678 2177 2093 2230 resurrectionem
2123 2193 2148 2234 .°

632 2245 678 2312 et
715 2238 1030 2312 interrogant
1057 2241 1120 2294 de
1143 2249 1338 2307 septem
1362 2241 1610 2310 fratribus
1637 2246 1725 2312 qui
1751 2261 1906 2299 unam
1933 2263 2144 2301 uxorem

635 2306 939 2363 habuerant.

630 2418 847 2474 Mn'rn.
906 2433 1048 2487 xx",
1107 2418 1310 2487 25-55;
1368 2420 1544 2477 Mane.
1599 2439 1701 2490 xu,
1757 2426 1952 2494 I8-27;
2012 2428 2140 2485 Luc.

559 2523 655 2574 xx,
682 2508 870 2564 274-39.
900 2509 955 2563 In
985 2509 1080 2565 illo
1105 2511 1192 2567 die
1221 2524 1563 2570 accesserunt
1591 2516 1656 2571 ad
1687 2532 1808 2573 eum
1837 2520 2139 2591 Sadduemi,

563 2601 655 2671 qui
685 2601 867 2658 dicunt
896 2618 1000 2659 non
1045 2619 1166 2661 esse
1193 2609 1672 2677 resurrectionem,
1701 2621 1757 2666 et
1785 2612 2143 2686 interrogave-

563 2703 693 2751 runt
717 2711 862 2765 eum,
893 2698 1132 2756 dicentes
1159 2718 1173 2756 :
1201 2701 1469 2772 Magister,
1499 2704 1707 2777 Moyses
1734 2707 1866 2761 dixit
1894 2723 1909 2760 :
1938 2707 1994 2764 Si
2023 2709 2143 2778 quis

569 2796 810 2844 mortuus
836 2790 991 2845 fuerit
1016 2806 1122 2848 non
1149 2793 1350 2850 habens
1377 2794 1534 2860 filios,
1561 2806 1620 2851 ut
1649 2796 1807 2853 ducat
1831 2798 1950 2869 ejus
1980 2799 2143 2857 frater

562 2891 785 2934 uxorem
813 2879 972 2948 illius,
1000 2892 1055 2938 et
1081 2884 1302 2940 suscitet
1325 2899 1509 2942 semen
1538 2886 1687 2942 fratri
1713 2903 1831 2944 suo.
1861 2891 2028 2946 Erant
2048 2906 2144 2946 au-

561 2975 669 3024 tem
710 2970 852 3040 apud
890 2986 988 3028 nos
1037 2984 1243 3044 septem
1291 2974 1484 3032 fratres
1531 2995 1545 3031 :
1593 2988 1648 3034 et
1688 2981 1929 3050 primus,
1974 2997 2143 3039 uxore

558 3057 718 3114 ducta
738 3102 753 3127 ,
785 3060 1062 3119 defunctus
1089 3075 1205 3132 est;
1245 3076 1300 3122 et
1327 3083 1433 3124 non
1456 3070 1658 3127 habens
1685 3087 1903 3140 semen,
1929 3076 2142 3147 reliquit

2247 1880 2424 1926 autem
2446 1872 2634 1929 videns
2657 1876 2798 1946 quod
2824 1880 3094 1947 sapienter
3121 1886 3518 1953 respondisset,
3550 1890 3688 1947 dixit
3715 1894 3789 1948 illi
3816 1913 3830 1948 :

2247 1957 2411 2016 Recte
2440 1964 2760 2032 respondisti
2796 1983 2810 2020 :
2853 1967 2955 2025 hoc
2985 1970 3086 2037 fac,
3118 1983 3170 2028 et
3201 1975 3366 2031 vives.
3402 1978 3491 2033 Ille
3516 1989 3702 2036 autem
3732 1996 3833 2036 vo-

2246 2047 2362 2104 lens
2386 2049 2679 2118 justillcare
2708 2069 2767 2110 se
2812 2055 2981 2126 ipsum
3003 2101 3022 2126 ,
3066 2061 3198 2116 dixit
3240 2066 3305 2118 ad
3348 2066 3531 2123 Jesum
3565 2086 3581 2124 :
3614 2071 3686 2127 Et
3713 2076 3832 2142 quis

2244 2149 2328 2196 est
2356 2157 2508 2198 meus
2537 2145 2847 2213 proximus?
2876 2149 3185 2221 Suscipiens
3213 2167 3392 2212 autem
3421 2158 3600 2228 Jesus,
3631 2163 3771 2220 dixit
3811 2183 3826 2219 :

2245 2228 2416 2286 Homo
2441 2233 2654 2302 quidam
2678 2235 3035 2294 descendebat
3066 2243 3134 2297 ab
3177 2243 3509 2303 Hierusalem
3558 2252 3610 2305 in
3653 2251 3832 2309 Hieri-

2243 2320 2370 2388 cho,
2415 2331 2469 2377 et
2516 2322 2701 2379 incidit
2745 2327 2798 2380 in
2844 2328 3097 2399 latrones,
3131 2334 3220 2403 qui
3261 2337 3422 2391 etiam
3459 2339 3832 2407 spoliaverunt

2244 2424 2392 2477 eum,
2435 2419 2490 2467 et
2519 2412 2688 2483 plagis
2715 2413 2977 2485 impositis
3003 2420 3266 2489 abierunt,
3309 2425 3568 2484 semivivo
3609 2431 3824 2487 relicto.

2243 2499 2449 2557 Accidit
2468 2513 2647 2560 autem
2671 2516 2728 2562 ut
2752 2509 3004 2565 sacerdos
3025 2513 3238 2582 quidam
3262 2515 3608 2576 descenderet
3633 2526 3827 2580 eadem

2243 2591 2360 2658 via;
2406 2602 2461 2649 et
2493 2595 2611 2651 viso
2639 2597 2750 2666 illo,
2783 2601 3094 2668 prteterivit.
3124 2604 3384 2663 Similiter
3410 2617 3465 2665 et
3489 2611 3672 2667 Levita
3700 2629 3830 2670 cum

2242 2691 2386 2738 esset
2425 2699 2581 2742 secus
2620 2687 2816 2758 locum,
2858 2700 2914 2747 et
2954 2693 3157 2750 videret
3195 2712 3318 2754 eum
3359 2705 3685 2770 pertransiit.
3718 2707 3822 2762 Sa-

2243 2775 2540 2834 maritanus
2598 2787 2779 2837 autem
2834 2783 3047 2853 quidam
3120 2790 3420 2858 transiens,
3467 2796 3611 2850 venit
3663 2811 3828 2854 secus

2243 2884 2390 2939 eum,
2415 2881 2469 2928 et
2495 2873 2684 2931 videns
2710 2891 2831 2932 eum
2849 2921 2865 2948 ,
2897 2878 3262 2938 misericordia
3290 2895 3466 2941 motus
3493 2897 3596 2944 est.
3629 2891 3701 2946 Et
3728 2907 3828 2965 ap-

2242 2962 2495 3032 propiaus
2535 2964 2766 3037 alligavit
2807 2982 2963 3037 eum,
3007 2970 3290 3028 infundens
3331 2978 3383 3031 in
3428 2979 3647 3034 vulnera
3703 2962 3826 3052 ejus

2243 3057 2425 3112 vinum
2475 3068 2530 3114 et
2577 3062 2777 3117 oleum.
2823 3061 2892 3118 Et
2931 3066 3211 3136 imponens
3242 3069 3391 3125 illum
3428 3071 3484 3126 iu
3517 3075 3829 3141 iumentum

558 3163 784 3207 uxorem
830 3167 980 3208 suam
1032 3155 1180 3211 fratri
1228 3173 1346 3212 suo.
1393 3159 1650 3217 Similiter
1696 3164 1962 3220 secundus
1995 3183 2137 3223 mor-

2241 3161 2421 3212 suum,
2469 3148 2621 3205 duxit
2648 3150 2700 3205 in
2738 3152 3029 3224 stabulum,
3056 3167 3112 3212 et
3138 3173 3320 3214 curam
3347 3161 3462 3230 ejus
3489 3139 3618 3234 egit.
3651 3166 3722 3221 Et
3747 3168 3828 3222 al-

557 3249 682 3296 tuus
701 3252 784 3298 est
807 3245 923 3300 sine
953 3245 1062 3301 filio
1090 3264 1105 3302 :
1137 3257 1191 3302 et
1221 3249 1409 3306 tertius
1439 3253 1646 3320 accepit
1673 3268 1794 3310 eam
1820 3295 1838 3322 ,
1871 3265 1926 3311 et
1953 3271 2140 3314 omnes

562 3343 767 3405 septem
786 3376 802 3401 ,
831 3345 885 3392 et
914 3353 1021 3393 non
1048 3339 1378 3410 reliquerunt
1402 3357 1606 3399 semen.
1635 3345 1934 3404 Novissime
1962 3358 2138 3404 autem

554 3425 816 3494 omnium,
845 3437 899 3482 et
927 3429 1118 3485 mulier
1138 3430 1385 3487 defuncta
1407 3443 1508 3489 est.
1537 3436 1594 3488 In
1621 3441 2010 3494 resurrectione
2039 3455 2137 3494 au-

557 3525 664 3572 tem
685 3555 703 3583 ,
733 3517 887 3588 cujus
909 3534 1093 3574 eorum
1119 3523 1221 3575 erit
1248 3523 1419 3576 uxor?
1444 3524 1640 3579 Omnes
1668 3527 1809 3580 enim
1841 3530 2139 3584 habuerunt

553 3619 698 3661 eam.
732 3607 797 3661 Et
826 3609 899 3660 ait
930 3607 1034 3662 illis
1063 3608 1217 3664 Jesus
1249 3627 1264 3665 :
1297 3613 1535 3682 Erratis,
1567 3617 1869 3672 nescientes
1897 3619 2136 3688 Scriptu-

555 3709 666 3758 ras,
691 3712 863 3766 neque
889 3698 1133 3753 virtutem
1159 3702 1272 3756 Dei.
1301 3703 1424 3758 Filii
1450 3707 1626 3760 swculi
1653 3708 1811 3777 hujus
1834 3713 2058 3779 nubunt,
2084 3722 2139 3769 et

556 3785 837 3839 traduntur
857 3787 924 3840 ad
949 3787 1158 3857 nuptias
1186 3807 1198 3843 :
1224 3792 1299 3846 illi
1325 3803 1501 3849 autem
1529 3797 1620 3866 qui
1645 3798 1787 3868 digii
1821 3800 2081 3856 habentur
2108 3808 2135 3836 ⁸³

553 3873 756 3928 smeulo
778 3875 891 3943 Illo,
915 3885 969 3931 et
988 3883 1378 3938 resurrecuione
1399 3899 1466 3938 ex
1484 3891 1728 3954 mortuis,
1751 3906 1920 3961 neque
1938 3895 2138 3950 nubent

556 3978 731 4034 neque
757 3966 955 4022 ducent
984 3984 1177 4025 uxores
1221 3989 1234 4025 :
1266 3989 1437 4042 neque
1466 3976 1607 4032 enim
1641 3979 1778 4034 ultra
1822 3985 1956 4037 mori
1986 3998 2136 4053 pote-

554 4065 700 4124 runt,
733 4059 825 4112 sed
864 4069 984 4114 sunt
1014 4060 1152 4116 sicut
1181 4064 1351 4135 angeli
1383 4067 1475 4122 Dei
1509 4069 1560 4124 in
1585 4072 1725 4126 caelo
1753 4090 1767 4126 :
1799 4084 1855 4130 et
1885 4075 1975 4130 lilii
2007 4088 2134 4133 sunt

553 4135 688 4215 Dei,
735 4163 855 4204 cum
902 4151 1011 4206 sint
1055 4153 1148 4207 lilii
1177 4159 1605 4220 resurrectionis.
1637 4163 1768 4230 Quia
1797 4181 1924 4222 vero
1955 4185 2134 4224 resur-

551 4246 680 4304 gant
706 4241 936 4307 mortui,
974 4255 1080 4296 non
1127 4242 1328 4313 legistis
1359 4247 1412 4300 in
1457 4248 1595 4304 libro
1622 4252 1811 4324 Moysi,
1843 4271 2002 4324 supra
2043 4275 2134 4313 ru-

549 4329 700 4398 bum,
744 4331 865 4399 quia
912 4332 1111 4389 dictum
1159 4345 1240 4391 est
1282 4352 1313 4392 a
1360 4339 1490 4406 Deo,
1524 4347 1790 4411 quomodo
1826 4347 2024 4403 dixerit
2056 4351 2128 4405 illi

549 4417 691 4475 Deus
719 4439 733 4475 :
767 4423 877 4493 Ego
892 4441 1020 4480 sum
1049 4425 1185 4482 Dens
1212 4428 1512 4500 Abraham,
1540 4433 1676 4489 Deus
1701 4433 1880 4505 Isaac,
1907 4452 1959 4494 et
1988 4441 2129 4496 Deus

2245 3243 2357 3291 tera
2401 3237 2490 3294 die
2532 3241 2755 3308 protulit
2792 3245 2929 3298 duos
2953 3245 3225 3318 denarios,
3256 3259 3310 3305 et
3332 3250 3480 3307 dedit
3505 3254 3823 3324 stabulario,

2242 3336 2296 3382 et
2340 3328 2415 3382 ait
2462 3347 2477 3382 :
2523 3329 2716 3387 Curam
2753 3333 2895 3389 illius
2933 3335 3099 3405 habe,
3148 3344 3218 3408 et;
3244 3341 3593 3412 quodcunque
3631 3359 3827 3416 super-

2241 3423 2574 3491 erogaveris,
2606 3439 2704 3494 ego
2730 3439 2851 3481 cum
2881 3427 3119 3498 rediero,
3149 3431 3366 3487 reddam
3399 3435 3515 3490 tibi.
3547 3436 3684 3504 Quis
3719 3438 3819 3493 hoc

2242 3523 2358 3562 rum
2382 3511 2541 3565 trium
2565 3512 2773 3570 videtur
2793 3517 2890 3571 tibi
2918 3520 3189 3586 proximus
3215 3521 3380 3580 fuisse
3407 3525 3480 3580 illi
3509 3529 3599 3596 qui
3630 3527 3823 3583 incidit

2241 3597 2292 3651 in
2339 3598 2610 3656 latrones?
2653 3607 2719 3657 At
2749 3605 2838 3660 ille
2879 3607 3014 3662 dixit
3053 3625 3070 3663 :
3114 3609 3214 3676 Qui
3245 3609 3371 3668 fecit
3397 3614 3820 3673 misericordiam

2242 3687 2296 3740 in
2327 3689 2498 3745 illum.
2551 3693 2619 3748 Et
2660 3696 2740 3750 ait
2779 3696 2853 3752 illi
2883 3696 3038 3754 Jesus
3069 3718 3083 3753 :
3119 3701 3298 3770 Vade,
3342 3714 3395 3760 et
3435 3715 3492 3761 tu
3535 3706 3621 3764 fac
3661 3709 3819 3766 simi-

2238 3776 2382 3834 liter.

2775 3899 3002 3958 CAPUT
3039 3903 3280 3964 CXXIX.

2334 3983 2553 4040 Docente
2579 3986 2706 4043 Jesu
2737 3990 2790 4043 in
2816 3994 3021 4061 templo,
3055 3997 3297 4054 miserunt
3327 3999 3585 4060 Pltariswi
3603 4019 3722 4060 eam

2809 4068 3248 4135 comprehendere.

2305 4164 2432 4219 Luc.
2461 4183 2568 4235 xix,
2593 4169 2682 4236 47,
2708 4171 2797 4226 48.
2824 4171 2887 4228 Ει
2909 4185 3022 4229 erat
3047 4177 3243 4235 docens
3266 4183 3503 4252 quotidie
3521 4186 3572 4241 in
3593 4189 3812 4258 templo.

2235 4254 2510 4326 Principes
2537 4267 2712 4314 autem
2747 4264 3108 4332 sacerdotum,
3139 4278 3193 4323 et
3221 4273 3430 4340 scribae,
3460 4284 3514 4329 et
3543 4254 3815 4348 principes

2235 4344 2429 4412 plebis,
2453 4349 2929 4416 quagrebanl-illum
2963 4357 3187 4425 perdere
3219 4379 3232 4414 :
3259 4371 3313 4417 et
3340 4378 3443 4419 non
3471 4344 3814 4425 inveniebant
3846 4391 3848 4393 ν

2232 4435 2360 4503 quid
2409 4437 2644 4495 facerent
2690 4443 2786 4497 illi.
2837 4447 3022 4502 Omnis
3065 4451 3206 4504 enim
3250 4456 3474 4523 populus
3521 4475 3816 4528 suspensus

549 4515 716 4571 Jacob
747 4517 946 4586 (Exod.
988 4537 1063 4588 ιιι,
1111 4522 1205 4591 6)?
1232 4524 1346 4578 Non
1376 4535 1458 4580 est
1488 4527 1627 4582 Deus
1652 4541 2006 4601 mortuorum,
2035 4536 2128 4592 sed
2161 4512 2212 4570 D
2234 4535 2370 4592 erat,
2403 4529 2623 4585 audiens
2669 4532 2842 4591 illum.
2869 4567 2939 4577 —
2968 4537 3123 4594 Joan.
3153 4512 3265 4607 vn,-
3290 4512 3475 4602 522-52.
3517 4512 3817 4606 Audierant

548 4606 790 4660 vivorum
826 4625 840 4660 :
871 4625 1055 4665 omnes
1095 4615 1236 4667 enim
1286 4615 1467 4670 \ivunt
1501 4618 1713 4683 ei.,Vos
1744 4636 1873 4691 ergo
1901 4627 2125 4681 multum

550 4695 761 4756 erratis.
795 4695 862 4749 Et
902 4699 1174 4754 audientes
1203 4704 1392 4770 turbae,
1428 4706 1755 4763 mirabantur
1782 4711 1849 4765 de
1890 4713 2127 4771 doc:rina

550 4787 687 4853 ejus.
737 4786 1136 4854 Respondentes
1170 4802 1344 4847 autem
1383 4797 1592 4864 quidam
1623 4802 1939 4866 scribarum,
1972 4805 2126 4862 dixe-

550 4887 675 4939 runt
704 4895 716 4928 :
749 4877 1014 4948 Magister,
1044 4881 1176 4936 bene
1205 4882 1405 4941 dixisti.

1083 4993 1308 5051 CAPUT
1346 4995 1625 5055 CXXVIII.

658 5081 842 5136 Scriba
889 5081 1229 5152 interrogabat
1269 5084 1444 5140 Jesum
1491 5103 1508 5141 :
1552 5092 1688 5156 quod
1726 5097 2020 5152 mandatum

995 5158 1273 5208 maximum
1307 5167 1432 5211 esset
1461 5159 1512 5212 in
1538 5159 1680 5230 lege?

619 5243 834 5299 Mum.
877 5259 1021 5311 xxtt,
1061 5243 1282 5308 54-40;
1332 5245 1506 5303 Mane.
1555 5265 1663 5318 xu,
1707 5252 1934 5320 28-5i;
1990 5257 2122 5314 Luc.

544 5349 603 5400 κ,
641 5334 828 5392 25-57.
870 5334 1124 5389 Pharisaei
1166 5346 1340 5391 autem
1371 5339 1647 5396 audientes
1687 5345 1809 5412 quia
1851 5347 2120 5404 silentium

620 5489 645 5516 ιι
681 5479 842 5554 Avnlg.
872 5480 1003 5554 Luc.
1029 5478 1252 5554 xx,_55,
1286 5481 1427 5550 digni
1471 5482 1804 5540 habebuntur.
1838 5487 1964 5554 GL,
1987 5510 2111 5546 κατ·-

547 5552 835 5620 αξιωθέντες
851 5592 866 5616 ,
897 5551 1038 5620 digni
1061 5550 1241 5604 habili.

537 5665 540 5679 ,
621 5619 647 5668 b
689 5620 839 5690 Unde
887 5619 1022 5675 hanc
1059 5621 1340 5677 lectionem
1378 5621 1611 5678 hauserit
1639 5625 1750 5680 sive
1774 5627 2110 5690 Ammonius.

549 5689 662 5746 sive
691 5689 974 5761 interpres,
1013 5692 1132 5764 quis
1177 5708 1259 5756 me
1303 5692 1528 5751 doceat?
1555 5694 1683 5765 Gr.,
1711 5700 1888 5774 Κύριος
1934 5701 1960 5758 ὁ
1996 5705 2115 5768 Θεὸς

2237 4613 2491 4674 Pharisaei
2519 4622 2726 4678 turbam
2751 4639 3166 4685 murmurantem
3191 4632 3258 4688 de
3285 4634 3377 4690 illo
3401 4637 3534 4693 hmc.
3567 4640 3631 4694 Et
3655 4642 3816 4696 mise-

2235 4714 2359 4759 runt
2385 4709 2652 4778 principes
2674 4720 2728 4765 et
2758 4713 3008 4771 Pharisaei
3038 4719 3332 4789 ministros,
3367 4733 3422 4780 ut
3448 4728 3816 4796 ap;-rehende—

2236 4805 2357 4849 rent
2385 4798 2557 4854 illum.
2606 4802 2748 4856 Dixit
2777 4818 2905 4875 ergo
2935 4809 3061 4881 (eis)
3087 4811 3241 4868 Jesus
3286 4833 3297 4867 :
3329 4815 3516 4872 Adhuc
3545 4822 3815 4877 modicum

2239 4894 2446 4955 tempus
2477 4890 2746 4947 vobiscum
2771 4908 2909 4964 sum,
2935 4911 2988 4954 et
3012 4903 3147 4956 vado
3170 4905 3234 4957 ad
3260 4921 3382 4961 eum
3413 4909 3499 4976 qui
3532 4912 3679 4965 misit
3706 4927 3810 4967 me.

2235 4977 2492 5044 Qumretis
2508 4997 2594 5038 me
2613 4994 2664 5038 et
2685 5001 2789 5041 non
2807 4989 3086 5047 invenietis
3105 5011 3118 5048 :
3139 5005 3191 5048 et
3208 4996 3296 5050 ubi
3313 5013 3428 5052 sum
3448 5015 3566 5070 ego,
3589 5017 3685 5055 vos
3707 5019 3812 5056 non

2234 5072 2456 5138 potestis
2487 5075 2688 5132 venire.
2724 5079 2976 5136 Dixerunt
3003 5098 3133 5155 ergo
3166 5085 3334 5141 Judaei
3362 5090 3429 5143 ad
3449 5093 3767 5161 semetipsos
3795 5110 3813 5148 :

2233 5163 2350 5230 Quo
2379 5165 2463 5220 hic
2493 5167 2661 5224 iturus
2691 5181 2794 5238 est,
2826 5175 2948 5242 quia
2978 5191 3082 5229 non
3112 5176 3444 5235 inveniemus
3472 5185 3636 5236 eum?
3667 5184 3816 5237 Nun-

2231 5266 2358 5335 quid
2388 5267 2438 5320 in
2472 5268 2856 5338 dispersionem
2883 5274 3119 5342 gentium
3147 5275 3314 5331 iturus
3338 5287 3438 5341 est.
3472 5290 3526 5333 et
3553 5280 3814 5335 docturus

2229 5359 2447 5424 gentes?
2463 5358 2590 5425 Quis
2611 5369 2692 5414 est
2717 5360 2802 5416 hic
2824 5377 3002 5419 sermo
3028 5377 3183 5436 quem
3208 5367 3345 5422 dixit
3370 5385 3384 5423 :
3412 5370 3678 5438 Quaeretis
3700 5387 3806 5435 me,

2220 5496 2374 5571 ἡμῷγ.
2410 5497 2563 5567 Vulg.
2582 5543 2597 5566 ,
2629 5500 2875 5557 Dominus
2901 5505 3033 5560 Dens
3059 5515 3192 5561 tuus.
3220 5507 3323 5563 Sed
3345 5526 3410 5565 ex
3437 5512 3633 5566 nostris
3657 5513 3808 5571 libris

2222 5566 2495 5644 meliores,
2519 5566 2690 5656 inquit
2712 5572 2840 5654 Luc.
2862 5575 3040 5656 thtg.,
3056 5581 3612 5656 consentaneeGrmeo
3629 5596 3680 5637 et
3699 5566 3806 5656 Sy:

2221 5635 2388 5757 Bac-0,
2415 5653 2511 5691 nec
2536 5635 2640 5695 non
2663 5643 2761 5713 legi
2786 5644 2885 5714 ipsi
2909 5635 3181 5703 uchi-alca:
3197 5689 3212 5716 ,
3235 5652 3477 5707 scribunt
3500 5669 3514 5708 :
3549 5635 3805 5712 Doiriinits

2273 5721 2358 5757 8118
2385 5718 2572 5757 noster.

2273 5721 2358 5764 ειιδ
2385 5718 2572 5767 noster.
