4038 6356
185 330 274 386 Sil
938 321 1525 382 EVANGELICARUM
1565 322 2068 381 IIARMONIARUM
2112 322 2680 381 INTERPRETATIO.

3262 328 3269 333 ’
3342 331 3449 387 εει

184 448 234 503 et
276 458 381 499 non
425 440 741 509 invenietis;
770 448 823 498 et
854 440 942 498 ubi
973 455 1091 497 sum
1115 456 1241 513 ego,
1276 456 1374 498 vos
1401 457 1508 497 non
1535 439 1759 512 potestis
1785 438 1839 499 Α
1862 437 2078 506 spondit
2105 437 2259 493 Jesus
2281 478 2298 506 ,
2344 450 2396 494 cl
2444 438 2577 495 dixit
2622 441 2702 497 eis
2733 458 2748 495 :
2782 441 2849 497 Et
2877 442 3052 515 siege
3081 445 3447 505 testimonium

154 535 404 595 ‘venirel
445 535 500 590 ln
550 535 842 591 novissimo
879 544 1057 590 autem
1095 536 1183 591 die
1210 550 1403 607 magno
1430 533 1758 602 festivitatis,

184 629 355 686 stabat
377 627 555 695 Jesus,
582 637 635 685 et
658 629 923 684 clamabat
948 628 1134 685 dicens
1162 646 1176 684 :
1207 627 1265 683 Si
1287 629 1405 698 quis
1425 628 1558 694 sitit,
1585 627 1762 683 veniat

185 721 245 775 ad
284 734 392 789 me,
442 728 497 775 et
531 719 697 776 bibat.
726 719 825 785 Qui
867 718 1036 774 credit
1077 718 1129 773 in
1159 733 1267 783 me,
1294 719 1432 774 sicut
1457 719 1588 774 dicit
1614 717 1761 775 Scri-

180 823 329 883 ptura
361 811 379 881 (
400 809 536 866 Joel.
568 826 625 873 tt.
656 811 727 863 23
750 811 796 880 ),
829 810 1044 865 ﬂumina
1087 809 1157 865 de
1201 817 1391 865 ventre
1435 810 1551 879 ejus
1593 809 1761 864 ﬂuent

183 918 328 972 aquae
376 904 529 955 vivae.
573 901 685 956 lloc
709 908 886 955 autem
918 899 1051 955 dixit
1078 899 1145 956 de
1173 899 1383 969 spiritu,
1413 914 1571 970 quem
1600 913 1753 954 acce-

185 994 314 1066 pturi
360 1002 513 1049 erant
556 993 838 1049 credentes
870 991 924 1047 in
968 1008 1114 1048 eum.
1162 992 1407 1048 Nondum
1453 993 1596 1048 enim
1642 999 1760 1047 erat

182 1086 408 1155 Spiritus
444 1086 630 1148 dams,
661 1084 785 1155 quia
814 1083 969 1140 Jesus
1005 1084 1239 1139 nondum
1269 1091 1387 1140 erat
1412 1084 1756 1154 gloriﬁcatus.

183 1179 257 1235 Ex
281 1179 369 1234 illa
394 1193 524 1248 ergo
552 1178 723 1241 turba,
749 1192 869 1233 cum
895 1177 1173 1233 audissent
1199 1177 1296 1232 hos
1317 1192 1595 1232 sermones
1620 1176 1758 1247 ejus,

180 1270 427 1327 dit-ebant
456 1288 468 1323 :
501 1270 598 1325 Hic
620 1270 725 1341 (est
746 1284 873 1326 vere
898 1269 1181 1341 prOpheta.
1216 1268 1314 1325 Alii
1340 1268 1590 1326 dicebant
1617 1286 1630 1321 :
1664 1267 1757 1323 llic

180 1364 280 1431 est)
317 1360 586 1418 Christus.
628 1360 854 1430 Quidam
886 1373 1062 1416 autem
1105 1360 1356 1417 dicebant
1401 1377 1415 1414 :
1453 1360 1698 1430 Nunquid
1728 1375 1758 1413 a

180 1449 392 1508 Galilma
421 1450 665 1507 Christus
695 1452 875 1507 venit?
911 1452 1098 1507 Nonne
1138 1451 1415 1522 Scriptura
1454 1451 1605 1520 dicit,
1635 1452 1758 1520 quia

179 1559 241 1599 ex
271 1544 475 1600 semine
505 1542 706 1614 David,
734 1554 792 1601 et
835 1545 903 1600 de
948 1544 1223 1602 Bethleem
1270 1546 1492 1600 castello
1521 1544 1609 1599 ubi
1643 1553 1760 1600 enat

178 1635 370 1703 David,
398 1637 546 1693 venit
574 1637 819 1693 Christus
852 1638 1039 1705 (Mida.
1073 1654 1126 1705 v,
1158 1638 1252 1707 2)?
1283 1639 1555 1695 Dissensio
1580 1638 1760 1708 itaque

180 1728 310 1783 facta
340 1739 422 1786 est
452 1729 507 1785 in
537 1730 693 1786 turba
737 1738 957 1800 propter
1004 1745 1150 1785 eum.
1181 1730 1429 1802 (Quidam
1477 1741 1653 1787 auten:
1691 1747 1756 1787 ex

1870 529 2127 598 perhibeo
2150 531 2219 586 de
2245 547 2329 587 me
2355 532 2494 603 ipso,
2521 548 2704 589 verum
2727 544 2808 590 est
2835 535 3195 595 testimonium
3225 552 3403 595 meum
3431 557 3446 594 :
3510 552 3524 577 ν

1864 623 1988 691 quia
2034 622 2149 679 scio
2192 625 2334 680 unde
2376 626 2535 693 veni,
2569 635 2623 684 et
2661 642 2766 697 quo
2796 626 2933 683 vado
2968 645 2982 683 :
3019 644 3115 684 vos
3146 638 3323 685 autem
3353 644 3453 686 πιε-
3486 698 3489 699 ν

1864 712 2012 769 scitis
2051 714 2193 770 unde
2222 716 2398 785 venio,
2432 728 2525 771 aut
2551 733 2659 788 quo
2688 719 2843 775 vado.
2876 719 2982 777 Vos
3010 722 3303 778 secundum
3330 738 3452 779 car-

1865 818 1985 858 nem
2010 804 2263 883 jndicatis
2294 823 2307 862 :
2337 823 2438 878 ego
2469 824 2571 863 non
2600 811 2782 880 judico
2817 827 3157 884 quemquam.
3199 815 3331 871 Etsi
3357 815 3451 886 ju-

1864 892 1986 948 dico
2015 909 2135 964 ego,
2163 895 2422 965 judicium
2455 915 2630 955 meum
2665 917 2848 963 verum
2880 914 2981 972 est,
3016 907 3137 975 quia
3163 907 3311 960 solus
3342 922 3450 962 non

1863 999 2014 1051 sum;
2038 986 2131 1041 sed
2155 1002 2254 1058 ego
2274 999 2328 1045 et
2346 993 2433 1060 qui
2458 992 2605 1046 misit
2625 1009 2733 1061 me,
2760 994 2936 1052 Pater.
2960 998 3025 1053 Et
3048 999 3101 1052 in
3133 999 3245 1067 lege
3273 1007 3449 1053 vestra

1863 1080 2123 1149 scriptum
2155 1093 2239 1137 est
2286 1101 2301 1137 :
2344 1084 2478 1150 Quia
2519 1085 2745 1141 duorum
2777 1089 3051 1145 hominum
3086 1094 3449 1147 testimonium

1863 1186 2048 1228 verum
2080 1184 2160 1229 est
2197 1174 2376 1246 (Deut.
2412 1191 2543 1240 μή,
2574 1178 2792 1253 ϐςνχικ,
2828 1182 2937 1250 15).
2960 1183 3081 1252 Ego
3105 1197 3223 1237 sum
3254 1182 3342 1252 qui
3373 1192 3452 1237 te-

1861 1263 2173 1320 stimonium
2226 1266 2481 1336 pelltibeo
2524 1267 2593 1324 de
2643 1284 2729 1324 me
2774 1271 2890 1340 ipso
2944 1289 2958 1326 :
3002 1285 3055 1328 et
3089 1275 3451 1331 testimonium

1863 1355 2108 1424 perhibet
2133 1356 2199 1410 de
2227 1358 2457 1429 mc,gqui
2488 1359 2636 1415 misit
2674 1375 2784 1429 me,
2816 1362 2993 1419 Pater.
3038 1363 3296 1420 Dicebant
3322 1380 3451 1436 ergo

1861 1446 1911 1502 ei
1943 1464 1955 1499 :
1986 1447 2084 1502 Ubi
2113 1457 2199 1504 est
2228 1459 2378 1518 pater
2404 1451 2564 1506 tuus?
2596 1450 2892 1521 Respondit
2919 1453 3076 1509 Jesus
3111 1473 3126 1509 :
3154 1455 3335 1526 Neque
3365 1471 3453 1511 me
3488 1504 3493 1513 .

1860 1538 2039 1606 scitis,
2080 1556 2253 1610 neque
2281 1541 2493 1598 Patrem
2525 1558 2725 1600 meum.
2754 1544 2811 1601 Si
2846 1560 2934 1601 me
2966 1546 3197 1614 sciretis,
3225 1547 3450 1603 forsitan

1862 1639 1916 1684 et
1936 1628 2148 1685 Patrem
2173 1647 2352 1687 meum
2375 1632 2607 1691 sciretis.
2628 1634 2782 1691 luas.
2809 1652 2926 1705 vni,
2949 1636 3132 1693 2l-59.
3159 1639 3270 1709 Ego
3292 1638 3451 1703 vado,

1863 1728 1918 1775 et
1940 1721 2193 1791 quaeretis
2224 1737 2330 1789 me,
2360 1734 2413 1778 et
2442 1724 2496 1778 in
2530 1734 2748 1794 peccato
2773 1736 2953 1783 vestro
2980 1730 3302 1784 moriemini.
3335 1730 3453 1797 Quo

177 1817 305 1888 ipsis
345 1818 594 1876 volebam
632 1820 1034 1890 apprehendere
1072 1837 1196 1877 eum
1239 1836 1255 1878 ε
1302 1820 1396 1878 sed
1426 1838 1583 1878 nemo
1612 1822 1759 1879 misi;
1785 1813 1834 1876 B
1860 1828 1961 1885 ego
1982 1814 2146 1883 vado,
2173 1829 2269 1871 vos
2292 1830 2398 1870 non
2431 1819 2654 1886 potestis
2676 1821 2883 1876 venire.
2916 1821 3174 1879 Dicebant
3202 1836 3331 1891 ergo
3355 1822 3453 1877 ,ιυ-

173 1924 340 1976 super
376 1927 501 1969 eum
532 1912 771 1984 manus.)
804 1912 1078 1969 Venerunt
1112 1928 1243 1984 ergo
1270 1913 1499 1970 ministri
1530 1915 1595 1970 ad
1624 1929 1759 1984 pon-

171 2003 343 2060 tilices
371 2014 427 2060 et
452 2002 754 2061 Pharismos
775 2042 794 2072 ι,
819 2014 874 2062 et
901 2004 1150 2061 dixerunt
1178 2006 1258 2062 eis
1287 2005 1366 2061 illi
1397 2024 1412 2061 :
1444 2007 1621 2074 Quare
1650 2021 1759 2062 non

167 2094 474 2151 adduxistis
503 2095 687 2150 illum?
719 2096 1131 2166 Responderunt
1158 2097 1387 2154 ministri
1418 2116 1434 2152 :
1478 2098 1756 2169 Nunquam

166 2189 251 2245 sic
290 2186 500 2244 locutus
528 2197 613 2245 est
639 2187 821 2255 homo,
849 2189 989 2245 sicut
1015 2191 1102 2245 hic
1133 2192 1316 2247 homo.
1352 2192 1760 2261 Responderunt

166 2290 303 2347 ergo
343 2278 425 2333 eis
471 2277 727 2336 Pbarisei
776 2296 793 2335 :
841 2280 1087 2350 Nunquid
1134 2291 1187 2337 et
1233 2297 1328 2338 vos
1355 2282 1562 2338 seducti
1590 2284 1758 2341 estis!

167 2366 416 2435 Nunquid
447 2368 640 2436 aliquis
666 2384 733 2425 ex
762 2370 1093 2441 principibus
1116 2372 1349 2428 credidit
1392 2373 1446 2428 in
1488 2390 1632 2441 eum,
1664 2384 1757 2431 aut

169 2471 240 2512 ex
274 2455 598 2515 Pharisaeis?
625 2460 730 2517 Sed
761 2460 917 2518 turba
945 2462 1059 2518 haec
1087 2478 1207 2533 qua:
1234 2479 1341 2521 non
1368 2466 1522 2521 novit
1551 2467 1754 2538 legem,

170 2547 439 2606 maledicti
463 2560 610 2607 sunt.
638 2552 779 2609 Dicit
798 2552 1120 2611 Nicodemus
1145 2556 1211 2610 ad
1235 2571 1351 2626 eos,
1378 2557 1468 2613 ille
1494 2560 1584 2629 qui
1612 2561 1756 2615 venit

169 2638 235 2694 ad
277 2655 403 2697 eum
446 2653 623 2711 nocte,
651 2643 743 2717 qui
772 2661 911 2703 unus
949 2657 1064 2704 erat
1089 2662 1155 2704 ex
1184 2648 1313 2720 ipsis
1344 2668 1359 2704 :
1391 2650 1639 2721 Nunquid
1667 2653 1754 2709 lex

170 2743 351 2789 nostra
377 2733 554 2807 (Deut.
579 2752 712 2804 xvu,
741 2738 810 2806 8;
838 2755 951 2807 xix,
986 2738 1074 2811 15)
1096 2740 1305 2810 judicat
1331 2743 1624 2813 hominem,
1649 2745 1753 2801 nisi

169 2824 398 2883 audierit
422 2827 570 2898 prius
592 2829 661 2885 ab
688 2829 827 2902 ipso,
859 2842 913 2887 et
942 2833 1249 2902 cognoverit
1270 2834 1397 2905 quid
1425 2835 1619 2892 faciat?
1646 2836 1755 2894 Re-

168 2919 498 2989 sponderunt
515 2930 573 2978 et
591 2921 912 2980 dixeruntei
939 2942 952 2977 :
973 2924 1219 2995 Nunquid
1242 2935 1297 2983 et
1312 2936 1367 2982 tu
1385 2926 1640 2986 Galilaeus
1656 2929 1753 2986 es?

168 3009 440 3084 Scrutare,
491 3023 548 3072 et
590 3014 713 3073 vide
764 3024 813 3086 ι,
863 3016 988 3088 quia
1030 3019 1290 3090 propheta
1334 3035 1365 3074 a
1394 3020 1615 3078 Galilata
1642 3038 1749 3079 non

163 3102 350 3175 surgit.

710 3196 940 3254 CAPUT
976 3198 1193 3256 CXXX.

260 3284 627 3358 lnterrogabat
668 3286 963 3413 Phariaca
984 3288 1182 3413 (Iesus,
1213 3292 1361 3361 cujus
1395 3293 1537 3363 ﬁlius
1567 3302 1641 3349 est

800 3387 805 3395 ι
910 3377 979 3413 ns
1005 3377 1085 3413 us.

800 3387 805 3395 ι
833 3370 1085 3415 Christus.

226 3467 452 3524 Mum.
483 3484 615 3539 xxtt,
646 3470 852 3539 M46;
895 3470 1026 3529 Luc.
1060 3489 1153 3540 xx,
1184 3473 1371 3531 40-44.
1399 3475 1749 3550 Congregatis

163 3567 340 3617 autem
362 3558 671 3628 Pharisaeis,
696 3562 1039 3635 interrogavit
1066 3580 1159 3620 eos
1177 3566 1354 3634 Jesns,
1379 3567 1563 3623 dicens
1579 3585 1593 3622 :
1609 3568 1747 3636 Quid

154 3648 312 3709 uobis
333 3652 546 3708 videtur
571 3652 636 3708 de
662 3653 917 3709 Christo?
940 3656 1092 3726 cujus
1123 3656 1261 3713 titius
1283 3659 1403 3713 est?
1433 3659 1476 3713 D
1497 3670 1625 3715 eunt
1651 3661 1700 3716 ei
1730 3678 1745 3716 :

165 3742 351 3802 David.
405 3746 495 3802 Ait
542 3747 646 3803 illis
690 3748 1018 3817 :Quomodo
1068 3750 1242 3823 (ergo)
1294 3751 1461 3808 David
1507 3754 1561 3809 in
1611 3754 1749 3812 libro

164 3836 499 3895 Psalmorum
524 3850 680 3895 vocat
706 3856 827 3895 eum
856 3841 1170 3910 Dominum,
1200 3844 1387 3901 dicens
1417 3863 1429 3900 :
1466 3846 1607 3903 Dixit
1635 3846 1746 3905 Do-

163 3929 337 3987 minus
362 3930 590 3987 Domino
619 3947 740 3988 meo
768 3948 782 3987 :
812 3932 952 3990 Sede
977 3948 1007 3989 a
1037 3935 1242 3991 dextris
1269 3938 1427 4003 meis,
1454 3938 1625 3993 donec
1654 3955 1749 4008 po-

163 4035 282 4079 nam
322 4023 572 4080 inimicos
616 4032 735 4080 tuos
779 4025 1072 4081 scabellum
1104 4028 1298 4098 pedum
1330 4043 1542 4086 tuorum
1567 4029 1744 4098 (Psal.

162 4130 269 4187 ιιι,
302 4116 401 4190 l)?
430 4116 487 4174 Si
515 4132 642 4191 ergo
674 4118 836 4174 David
867 4119 920 4175 in
954 4118 1157 4191 Spiritu
1202 4134 1357 4178 vocat
1398 4138 1521 4179 eum
1568 4124 1750 4179 Domi-

161 4221 326 4275 num,
356 4211 626 4279 quomodo
667 4211 807 4267 ﬁlius
851 4212 967 4283 ejus
1010 4214 1130 4270 est?
1170 4214 1234 4270 Et
1273 4230 1432 4270 nemo
1464 4224 1672 4286 poterat
1698 4218 1747 4275 ei

160 4301 489 4372 respondere
512 4304 731 4360 verbum
753 4346 768 4371 ,
798 4320 972 4375 neque
1013 4320 1174 4361 ausus
1222 4307 1321 4361 fuit
1357 4308 1638 4379 quisquam
1680 4326 1744 4365 ex

159 4392 253 4450 illa
281 4396 369 4451 dic
398 4412 519 4452 eum
551 4399 776 4466 amplius
805 4398 1157 4465 interrogare.

707 4505 933 4561 CAPUT
970 4504 1207 4561 CXXXI.

445 4596 597 4652 Iesus
626 4598 770 4651 docet
801 4611 820 4650 :
853 4595 963 4667 Ego
988 4612 1100 4650 sum
1126 4596 1219 4651 lux
1247 4596 1448 4651 mundi.

224 4689 394 4748 Joan.
435 4703 546 4752 vnt,
593 4689 777 4745 12-19.
825 4687 1019 4743 lterum
1048 4702 1177 4755 ergo
1206 4687 1416 4742 locutus
1443 4697 1528 4744 est
1554 4688 1633 4745 eis
1658 4690 1746 4746 Je-

157 4798 274 4850 sus,
304 4780 491 4835 dicens
523 4796 536 4833 :
565 4781 674 4849 Ego
712 4796 829 4835 sum
858 4779 947 4836 lux
977 4778 1183 4834 mundi.
1218 4779 1317 4847 Qui
1360 4781 1601 4848 sequitur
1626 4799 1742 4852 me,

158 4890 264 4929 non
316 4872 555 4926 ambulat
596 4872 647 4926 in
696 4871 950 4937 tenebris,
996 4871 1093 4926 sed
1136 4871 1354 4926 habebit
1388 4873 1566 4929 lumen
1598 4876 1739 4933 vitae.

159 4964 421 5020 Dixerunt
441 4978 569 5033 ergo
591 4964 638 5017 ei
663 4962 913 5018 Pharismi
940 4981 951 5015 :
976 4963 1056 5017 Tn
1076 4962 1143 5017 de
1169 4973 1217 5019 te
1239 4963 1354 5032 ipso
1378 4965 1740 5025 tesdmonium

160 5055 412 5128 perhibes
455 5073 469 5109 :
515 5053 881 5110 testimonium
929 5062 1074 5108 tuum
1125 5068 1229 5107 non
1276 5064 1361 5109 est
1400 5070 1608 5112 verum.
1640 5058 1744 5117 Re-

234 5247 261 5276 ι
283 5238 372 5310 ίΕι
407 5238 477 5292 ita
493 5235 738 5310 Aquidem
778 5243 953 5310 textus
982 5234 1271 5291 hodiernus
1296 5255 1316 5310 _:
1349 5238 1613 5310 ἐραύνησον
1654 5247 1742 5298 καὶ

158 5308 251 5381 23;.
281 5308 457 5381 Vulg,
482 5306 1046 5381 Scrutarefrripturas,
1067 5306 1523 5381 consentientibus
1540 5313 1744 5381 aliquot

161 5379 317 5434 codd.
354 5377 445 5432 (ξι.
473 5418 487 5442 ,
522 5377 684 5448 Reg.,
715 5377 869 5432 Cant.
899 5379 971 5430 al.
996 5408 1063 5418 —-—
1084 5377 1229 5431 Multi
1262 5389 1436 5432 tamen
1467 5380 1592 5434 boni
1624 5377 1743 5438 libri

162 5450 413 5503 οιιιὶιιιιιιι
442 5450 724 5519 scripturas
743 5448 889 5519 juxta
914 5448 1008 5503 Gr.
1040 5457 1093 5503 et
1118 5448 1242 5519 Syr.
1268 5448 1397 5503 Lcc.
1431 5449 1595 5505 linus.

232 5521 257 5556 ι·
300 5520 424 5573 llam
470 5517 841 5588 explicationis
880 5533 1037 5573 causa
1084 5517 1414 5585 expressisse
1457 5523 1626 5585 potuit
1656 5522 1739 5575 in-

165 5596 389 5658 tirpres.
425 5588 557 5644 Nam
585 5590 715 5656 Gr.,
746 5588 869 5666 παρ’
910 5592 1087 5645 αὐτοῦ.
1130 5589 1220 5646 Sic
1249 5592 1411 5646 etiam
1445 5591 1598 5662 Vulg.
1623 5634 1637 5659 ,
1680 5596 1744 5648 ab

161 5675 237 5712 ιο.

235 5739 263 5767 ε
304 5728 834 5803 Εεάθηιιθᾳίοίςιιω
856 5728 1035 5799 Vulg.,
1062 5731 1352 5803 ubiitamen
1381 5732 1606 5803 legimus
1636 5732 1742 5788 Pa-

165 5808 287 5857 trem
329 5802 441 5870 ejus
486 5800 541 5858 d.
584 5800 656 5859 ι).
698 5802 833 5860 llinc
869 5803 1112 5877 suspicor
1152 5802 1420 5861 Victorem
1440 5800 1738 5876 scripsisse

1863 1905 1962 1963 dmi
2011 1922 2026 1960 :
2069 1905 2318 1979 Nunquid
2368 1907 2655 1965 interticiet
2692 1911 3075 1982 semetipsum,
3116 1913 3238 1983 quia
3269 1914 3448 1969 dicit:

1862 1997 1979 2065 Quo
2006 2013 2108 2071 ego
2135 1999 2302 2066 vado,
2331 2016 2429 2057 vos
2464 2017 2571 2058 non
2611 2004 2836 2072 potestis
2880 2006 3101 2061 venire?
3131 2006 3198 2061 Et
3236 2007 3455 2063 dicebat

1860 2090 1941 2145 eis
1966 2105 1980 2145 :
2014 2090 2118 2145 Vos
2140 2089 2207 2146 de
2230 2091 2481 2149 deorsum
2504 2094 2654 2163 estis,
2684 2110 2784 2165 ego
2810 2096 2878 2151 de
2906 2099 3153 2167 supernis
3174 2113 3316 2155 sum.
3344 2100 3455 2156 Vos

1859 2182 1928 2238 de
1970 2184 2171 2239 mundo
2216 2186 2319 2241 hoc
2361 2188 2522 2254 estis,
2571 2202 2674 2257 ego
2702 2203 2809 2245 non
2849 2203 2968 2245 sum
2996 2191 3064 2246 de
3094 2190 3197 2247 hnc
3223 2192 3448 2247 mundo.

1859 2274 1977 2329 Dixi
1997 2289 2127 2347 ergo
2152 2276 2327 2343 vobis,
2349 2279 2473 2348 quia
2500 2279 2801 2334 moriemini
2819 2280 2870 2334 in
2892 2282 3125 2350 peccatis
3148 2281 3366 2338 vestris.
3395 2281 3454 2338 Si

1858 2366 2003 2423 enim
2052 2382 2157 2422 non
2188 2367 2528 2423 credideritis
2573 2370 2697 2439 quia
2727 2384 2829 2441 ego
2859 2385 3004 2437 sum,
3049 2372 3348 2427 moriemini
3394 2372 3449 2428 in

1859 2468 2081 2528 peccato
2110 2470 2315 2523 vestro.
2350 2459 2610 2516 Dicebant
2638 2475 2766 2532 ergo
2795 2462 2843 2516 ei
2874 2476 2890 2516 :
2924 2461 3001 2516 'l‘u
3031 2462 3153 2531 quis
3180 2464 3279 2518 es?
3308 2463 3454 2519 Dixit

1857 2550 1936 2606 eis
1979 2551 2136 2607 Iesus
2168 2568 2184 2607 :
2215 2553 2542 2623 Principium
2575 2554 2666 2623 qui
2696 2538 2764 2610 et
2804 2556 2995 2626 loquor
3023 2555 3194 2613 vobis.
3224 2556 3448 2613 Multum

1856 2639 2029 2698 habeo
2057 2641 2125 2697 de
2154 2641 2305 2698 vobis
2334 2642 2477 2714 l0qni
2501 2652 2555 2699 et
2576 2643 2820 2713 jUdlC-‘ll‘e
2849 2663 2863 2699 :
2897 2646 2991 2701 sed
3022 2646 3109 2716 qui
3141 2646 3291 2702 misit
3322 2661 3409 2702 me
3429 2693 3447 2716 ,

1855 2747 2017 2789 verax
2050 2743 2135 2790 est
2180 2751 2196 2790 :
2242 2745 2298 2791 et
2340 2751 2438 2808 ego
2484 2752 2602 2806 qua
2640 2737 2816 2793 audivi
2845 2752 2876 2794 a
2908 2738 3064 2795 Patre
3101 2755 3222 2796 meo
3251 2739 3301 2807 ι»,
3336 2740 3453 2799 haec

1855 2808 2044 2895 Ιοιῖιιοι⁵
2087 2825 2139 2881 in
2192 2827 2415 2884 mundo.
2466 2828 2533 2884 Et
2577 2843 2684 2884 non
2730 2838 3128 2899 cognoverunt,
3175 2832 3297 2902 quia
3349 2830 3453 2889 Pa-

1855 2926 1991 2972 trem
2029 2916 2241 2975 dicebat
2284 2918 2402 2990 ejus
2451 2920 2617 2976 Deum
2653 2932 2701 2979 ο.
2763 2921 2904 2976 Dixit
2942 2936 3071 2994 ergo
3115 2921 3196 2979 eis
3240 2922 3446 2980 .lesus:

1851 3006 1985 3064 Cum
2020 3009 2382 3067 exaltaveritis
2423 3010 2617 3068 Filium
2649 3012 2912 3084 hominis,
2956 3025 3082 3071 tunc
3112 3017 3449 3085 cognoscetis

1850 3101 1975 3171 quia
2022 3116 2124 3173 ego
2161 3117 2316 3174 sum,
2364 3113 2421 3160 et
2463 3118 2492 3159 a
2537 3119 2623 3161 me
2675 3106 2790 3175 ipso
2836 3106 2977 3164 facio
3027 3109 3310 3174 nihil;sed
3337 3112 3448 3167 sie-

1772 3194 1823 3259 c
1853 3201 1913 3247 ut
1971 3191 2153 3248 docuit
2219 3209 2307 3250 me
2357 3195 2547 3261 Pater,
2603 3195 2717 3251 haec
2768 3197 2977 3266 loquor.
3033 3200 3102 3254 Et
3153 3201 3243 3268 qui
3295 3202 3445 3257 misit

1852 3298 1974 3349 me,
2026 3298 2236 3341 mecum
2285 3294 2404 3351 est,
2454 3286 2590 3359 (et)
2640 3288 3012 3358 non-reliquit
3067 3304 3156 3345 me
3200 3291 3374 3347 solum
3420 3306 3443 3348 :

1852 3375 1975 3446 quia
2018 3389 2119 3445 ego
2163 3391 2283 3447 qua:
2330 3376 2525 3448 placita
2573 3386 2700 3433 sunt
2747 3378 2797 3434 ei
2848 3378 2988 3435 facio
3032 3395 3269 3450 semper.
3315 3382 3444 3439 lizec

1853 3469 1948 3525 illo
1993 3468 2275 3540 loquente,
2324 3470 2479 3526 multi
2529 3469 2870 3527 crediderunt
2920 3472 2973 3528 in
3019 3488 3165 3529 eum.
3221 3473 3445 3531 Dicebat

1853 3577 1983 3633 ergo
2043 3562 2200 3619 .lesus
2237 3564 2302 3618 ad
2351 3576 2446 3619 eos
2496 3562 2583 3634 qni
2628 3562 2970 3620 crediderunt
3014 3565 3067 3620 in
3116 3579 3239 3622 eum
3268 3563 3296 3605 ἀ
3342 3580 3359 3622 :
3398 3565 3447 3623 0

1850 3655 2051 3723 «1υάαή,
2103 3656 2149 3712 si
2199 3670 2298 3711 vos
2350 3657 2660 3713 manseritis
2709 3658 2762 3714 in
2810 3674 3059 3715 sermone
3111 3652 3264 3727 meo,
3313 3676 3444 3717 vere

1851 3748 2098 3817 discipuli
2150 3748 2255 3803 mei
2301 3748 2481 3817 eritis,
2532 3750 2972 3820 et‘cognoscetis
3024 3752 3336 3819 veritatem,
3388 3763 3444 3811 et

1852 3838 2050 3893 veritas
2107 3836 2356 3893 liberabit
2417 3853 2532 3895 vos.
2596 3838 3009 3911 Responderunt
3065 3844 3116 3899 ei
3171 3861 3187 3899 :
3243 3843 3439 3901 Semen

1850 3933 2082 3989 Abrahae
2129 3948 2345 4000 sumus,
2400 3943 2455 3990 et
2509 3936 2707 3992 nemini
2764 3938 3084 3995 servivimus
3136 3926 3367 4012 unquam
3424 3958 3441 3998 :

1851 4024 2120 4096 quomodo
2160 4012 2221 4083 ιιῖ
2253 4026 2387 4082 dicis
2433 4044 2449 4081 :
2494 4028 2672 4085 Liberi
2711 4030 2900 4086 eritis?
2928 4031 3219 4101 ReSpondit
3248 4036 3327 4090 eis
3353 4033 3445 4090 Je-

1850 4130 1945 4173 sus
1979 4134 1991 4169 :
2021 4118 2225 4184 Amen,
2255 4132 2411 4173 amen
2441 4118 2564 4175 dico
2598 4118 2748 4175 Vobis
2789 4137 2804 4176 :
2837 4121 2957 4191 quia
2987 4124 3163 4178 omnis
3192 4123 3281 4193 qui
3311 4122 3445 4178 facit

1853 4219 2127 4281 peccatum
2158 4225 2345 4266 servus
2373 4219 2456 4266 est
2483 4212 2707 4280 peccati.
2740 4213 2942 4269 Servus
2969 4223 3147 4269 autem
3178 4230 3284 4268 non
3324 4229 3442 4268 ma-

1853 4310 1941 4355 net
1982 4301 2034 4354 in
2078 4299 2316 4354 domoin
2345 4312 2624 4355 aeternum.
2656 4301 2823 4356 Filius
2852 4311 3033 4356 manet
3068 4303 3122 4356 in
3153 4310 3436 4355 aeternum.

1853 4390 1911 4449 Si
1940 4405 2068 4459 ergo
2097 4390 2265 4444 Filius
2290 4404 2383 4443 vos
2412 4390 2751 4455 liberaverit,
2776 4404 2902 4443 vere
2929 4390 3081 4445 liberi
3110 4392 3281 4445 eritis.
3316 4390 3443 4445 Scio

1854 4483 1978 4553 quia
2017 4481 2114 4534 ﬁlii
2145 4479 2375 4534 Abrahae
2404 4479 2537 4534 estis
2562 4496 2575 4532 :
2607 4479 2701 4534 sed
2731 4480 2969 4550 quaeritis
2998 4496 3084 4537 me
3110 4482 3440 4549 interficere,

1777 4572 1832 4633 D
1857 4573 1980 4645 quia
2012 4586 2193 4629 sermo
2224 4587 2377 4627 meus
2407 4587 2514 4626 non
2544 4573 2688 4642 capit
2717 4573 2768 4629 in
2810 4572 2984 4630 vobis.
3027 4576 3139 4647 Ego
3167 4575 3305 4645 quod
3334 4576 3442 4634 vidi

1855 4664 1997 4739 apud
2036 4665 2246 4721 Patrem
2267 4706 2282 4732 ,
2317 4663 2545 4734 loquor;
2574 4675 2626 4720 et
2657 4680 2752 4721 vos
2781 4665 2921 4737 quod
2949 4666 3154 4723 vidistis
3180 4668 3318 4739 apud
3355 4685 3446 4738 pa-

1854 4768 1991 4816 trem
2022 4767 2263 4813 vestrum
2312 4756 2517 4810 facitis.
2552 4754 2959 4824 Responderunt
2988 4768 3042 4813 et
3070 4758 3317 4816 dixerunt
3349 4762 3397 4818 ei
3427 4779 3442 4818 :

1853 4853 2013 4908 Pater
2054 4861 2237 4907 nOSter
2276 4848 2548 4904 Abraham
2590 4858 2692 4903 cst.
2740 4849 2877 4904 Dicit
2917 4850 2997 4905 eis
3025 4850 3225 4908 Jesus:
3257 4853 3313 4909 Si
3348 4854 3442 4911 lilii

1850 4946 2082 5004 Abrahaz
2103 4944 2252 5011 estis,
2279 4957 2440 5010 Opera
2464 4940 2691 4997 Abrahm
2718 4940 2895 4998 facite.
2922 4942 3071 4998 Nunc
3093 4952 3272 5001 autem
3296 4963 3434 5016 qua:-

1854 5040 1973 5097 ritis
2012 5052 2100 5099 me
2139 5033 2482 5117 interﬁcere,
2524 5032 2796 5090 hominem
2837 5034 2927 5104 qui
2966 5035 3242 5092 veritatem
3284 5038 3439 5093 vobis

1851 5240 2087 5321 Patrem“
2109 5239 2305 5321 diceth
2351 5240 2423 5293 eis
2455 5239 2615 5321 Deum
2666 5256 2686 5295 :
2721 5243 2871 5321 juxta
2904 5241 3100 5321 Graue,
3129 5245 3438 5321 τον-πατέρα

1846 5314 2015 5374 αὐτοῖς
2043 5309 2230 5380 Eis)“.
2264 5310 2430 5377 Quem
2464 5312 2511 5363 in
2543 5309 2736 5366 locum'
2763 5317 2909 5382 plura
2951 5315 3157 5367 erudite
3185 5309 3439 5370 ob-orx'at

1850 5382 2021 5437 Lucas
2040 5383 2200 5448 Brng.
2220 5382 2410 5453 tumin
2435 5393 2727 5453 comment.
2750 5396 2879 5437 tom.
2905 5382 2942 5437 ll
2961 5425 2973 5445 .
3001 5400 3052 5449 p.
3083 5384 3239 5451 1052,
3268 5386 3434 5453 1087;

1851 5460 1961 5523 tum
1995 5454 2045 5523 in
2079 5451 2438 5523 notationibus
2468 5452 2863 5521 prolixioribus.
2898 5469 2950 5523 p.
2985 5455 3110 5515 585.
3398 5466 3403 5469 ‘

1924 5520 1951 5559 ἀ
1978 5520 2421 5577 llauclcctioncm
2444 5520 2792 5591 exscriptoris
2821 5520 2951 5578 vitio
2982 5527 3289 5581 vertendam
3322 5530 3437 5585 exi-

1794 5616 1807 5624 °
1851 5594 2134 5657 stimarim,
2194 5592 2316 5664 inde
2345 5593 2569 5646 fortasse
2586 5604 2803 5664 _0rtant,‘
2832 5595 2970 5664 quod
3004 5597 3241 5654 nonnulli
3272 5600 3432 5656 codd.

1848 5664 2080 5719 habeant
2104 5679 2166 5717 ea:
2191 5661 2411 5716 Judwis.
2440 5663 2543 5721 Sed
2569 5662 2782 5720 ludens
2810 5661 3089 5734 legendum
3114 5683 3233 5726 cum
3267 5671 3433 5730 inter-

1847 5743 1999 5806 prete
2022 5736 2255 5805 vulgato,
2292 5742 2469 5790 textus
2494 5733 2687 5790 littera:
2718 5733 3031 5794 iuba-rente.
