4038 6356
575 339 683 397 525

1723 327 2034 387 VICTORIS
2073 323 2378 385 EPISCOPI
2413 310 2711 383 CAPUANI

3779 329 3904 385 525

576 455 788 510 locutus
826 449 984 517 sum,
1014 461 1173 520 quam
1203 447 1378 503 audivi
1409 460 1438 500 a
1480 444 1639 501 Patte
1668 457 1789 500 meo
1815 461 1830 498 :
1864 444 1965 517 hoc
1993 440 2164 498 Abra—
2188 450 2236 506 Α
2267 441 2359 512 qui
2393 440 2537 496 misit
2565 455 2683 507 me,
2713 441 2885 496 donec
2911 440 3027 498 dies
3055 449 3135 497 est
3161 459 3173 496 :
3208 444 3352 500 venit
3380 459 3483 501 nox
3515 449 3753 519 quando
3791 468 3902 508 ne-

580 550 705 602 ham
738 559 844 601 nou
873 545 1020 600 fecit.
1056 543 1162 598 Vos
1190 542 1360 596 facitis
1390 553 1553 609 Opera
1585 538 1752 608 patris
1779 537 1964 592 vestri.
1999 535 2164 590 Dixe-

577 647 708 693 runt
735 639 914 706 itaque
937 637 989 691 ei
1023 653 1036 690 :
1067 634 1174 688 Nos
1199 648 1263 688 ex
1291 630 1648 686 fornicatione
1673 643 1778 683 non
1808 641 1992 682 sumus
2019 626 2161 680 nati:

579 745 743 784 unum
775 727 986 782 Patrem
1019 725 1277 780 habemus
1312 724 1500 778 Deum.
1533 721 1675 775 Dixit
1705 734 1832 789 ergo
1862 719 1942 773 eis
1970 718 2163 772 .lesus:

581 821 638 876 Si
673 821 810 875 Deus
853 819 1013 874 Pater
1051 826 1231 871 vester
1270 821 1448 880 esset,
1489 813 1790 883 diligeretis
1827 813 2009 882 utique
2039 824 2163 866 me:

581 925 683 980 ego
712 909 852 965 enim
880 923 946 963 ex
978 909 1089 962 Deo
1120 906 1398 976 processi,
1427 915 1482 960 et
1526 904 1649 959 veni
1676 920 1688 958 :
1735 917 1909 974 neque
1951 902 2093 958 enim
2136 917 2166 958 a

582 1018 669 1057 me
712 1003 828 1070 ipso
865 999 1020 1068 veni,
1065 999 1161 1055 sed
1205 999 1298 1054 ille
1339 1015 1425 1054 me
1466 998 1633 1053 misit.
1675 996 1850 1064 Quare
1897 995 2164 1065 loquelam

581 1111 756 1151 meam
785 1109 890 1149 non
921 1094 1288 1164 cognoscitis?
1319 1093 1444 1162 quia
1473 1107 1577 1146 non
1607 1091 1826 1161 potestis
1852 1089 2033 1144 audire
2056 1103 2169 1143 ser-

579 1202 794 1243 monem
827 1202 1027 1242 meum.
1065 1185 1170 1241 Vos
1203 1199 1269 1239 ex
1311 1195 1462 1254 patre
1490 1182 1704 1238 diabolo
1742 1181 1905 1247 estis,
1937 1189 1992 1235 et
2029 1179 2169 1235 desi-

579 1278 729 1332 deria
762 1279 932 1348 patris
960 1275 1130 1332 vestri
1162 1276 1323 1332 vultis
1363 1275 1559 1330 lacere.
1603 1275 1698 1329 llle
1741 1271 2009 1328 homicida
2053 1279 2172 1327 erat

579 1370 651 1423 ab
681 1369 832 1424 initio
853 1412 870 1436 ,
901 1377 961 1428 et,
987 1369 1040 1424 in
1070 1369 1294 1423 veritate
1323 1379 1428 1421 non
1459 1367 1646 1434 stetit,
1680 1366 1801 1434 quia
1833 1379 1936 1418 non
1967 1373 2051 1420 est
2078 1379 2172 1420 ve-

581 1463 716 1518 ritas
764 1462 820 1517 in
859 1442 960 1519 eo.
989 1462 1125 1516 Cum
1165 1460 1406 1529 loquitur
1444 1457 1779 1513 mendacium
1803 1498 1817 1524 ,
1849 1473 1913 1512 ex
1945 1456 2170 1526 propriis

585 1554 844 1624 loquitur,
882 1554 1011 1623 quia
1041 1550 1271 1608 mendax
1303 1556 1422 1614 est,
1451 1558 1510 1604 et
1536 1559 1690 1618 pater
1729 1547 1867 1617 ejus.
1914 1547 2026 1616 Ego
2071 1562 2166 1600 auo

546 1689 549 1694 ι
589 1657 699 1700 tem
727 1648 848 1716 quia
878 1645 1157 1702 veritatem
1187 1644 1342 1710 dico,
1373 1658 1478 1699 non
1509 1643 1725 1698 creditis
1755 1641 1904 1696 mihi.
1947 1639 2077 1707 Quis
2105 1654 2170 1696 ex

587 1737 746 1793 vobis
787 1746 977 1808 arguet
1015 1751 1103 1792 me
1141 1736 1210 1792 de
1250 1734 1519 1804 peccato?
1555 1733 1613 1788 Si
1651 1733 1930 1788 veritatem
1971 1731 2090 1786 dico
2123 1741 2170 1799 ιι,

2268 549 2359 589 mo
2389 542 2564 603 potest
2592 533 2828 602 operari.
2856 532 3100 600 Quandiu
3128 549 3244 590 sum
3275 537 3324 591 in
3355 539 3589 608 mundo,
3624 541 3722 596 lux
3755 558 3899 600 sum

2273 625 2480 681 mundi.
2511 626 2633 680 llaec
2658 640 2780 679 cum
2808 625 3061 692 dixisset,
3082 629 3298 695 exSpuit
3327 630 3378 683 in
3407 639 3634 698 terram,
3655 636 3901 689 ettecit

2269 718 2437 772 lutum
2480 733 2544 773 ex
2585 728 2772 787 sputo,
2805 727 2858 773 et
2887 717 3058 773 linivit
3089 720 3255 773 lutum
3287 736 3449 791 super
3478 725 3672 780 oculos
3709 727 3859 795 ejus
3883 769 3899 793 ,

2268 819 2322 865 et
2344 809 2547 866 dixitei
2569 828 2586 862 :
2612 811 2789 875 Vade,
2821 820 2873 865 et
2899 811 3014 865 lava
3042 812 3096 866 in
3127 815 3388 868 natatoria
3413 815 3581 883 Siloe,
3608 821 3770 887 quod
3813 822 3901 872 in-

2269 908 2610 971 terpretatur,
2644 902 2854 957 Missus.
2887 902 3034 958 Abiit
3062 919 3191 972 ergo
3218 913 3272 958 ct
3302 907 3434 960 lavit
3461 947 3477 974 ,
3510 921 3566 962 et
3604 912 3770 964 venit
3812 915 3898 966 vi-

2268 991 2424 1048 dens.
2448 992 2627 1062 Itaque
2646 1001 2703 1048 et
2723 993 2879 1047 vicini
2901 1005 2956 1049 et
2983 995 3070 1064 qui
3095 995 3347 1049 videbant
3369 994 3395 1033 ά
3419 1013 3540 1052 eum
3567 1002 3725 1069 prius
3752 1006 3893 1072 quia

2270 1083 2545 1138 mendicus
2567 1094 2702 1148 erat,
2722 1085 2966 1139 dicebant
2994 1104 3006 1138 :
3033 1085 3219 1141 Nonne
3241 1087 3326 1141 hic
3348 1097 3430 1142 est
3451 1090 3538 1159 qui
3563 1092 3810 1148 sedebat
3839 1104 3897 1150 et

2271 1177 2651 1231 mendicabat?
2679 1177 2782 1231 Alii
2808 1178 3093 1244 dicebant,
3123 1181 3244 1249 quia
3275 1180 3360 1235 hic
3384 1193 3484 1238 est.
3519 1184 3625 1238 Alii
3661 1196 3885 1253 autem,

2271 1285 2643 1340 nequaquam,
2667 1271 2760 1326 sed
2784 1272 2978 1326 similis
3003 1283 3083 1327 est
3106 1274 3176 1327 ei.
3205 1274 3294 1327 Ille
3318 1290 3444 1328 vero
3467 1276 3688 1331 diccbat
3709 1321 3724 1342 ,
3749 1282 3887 1348 quia

2275 1379 2376 1433 ego
2403 1380 2544 1420 sum.
2575 1363 2834 1420 Dicebant
2857 1381 2985 1436 ergo
3001 1368 3052 1422 ei
3079 1385 3090 1419 :
3122 1367 3398 1434 Quomodo
3420 1371 3594 1438 aperti
3621 1383 3759 1427 sunt
3787 1374 3886 1429 tbi

2273 1459 2458 1515 oculi?
2491 1459 2824 1530 Respondit:
2856 1459 2950 1515 llle
2978 1459 3142 1517 homo
3166 1462 3254 1530 qui
3280 1461 3474 1517 dicitur
3502 1463 3667 1519 Jesus
3699 1465 3882 1520 lutum

2273 1551 2434 1614 fecit.
2468 1562 2522 1607 et
2552 1553 2702 1607 unxit
2733 1552 2919 1608 oculos
2947 1568 3097 1608 meos
3119 1595 3135 1618 ,
3167 1562 3220 1608 et
3249 1555 3382 1610 dixit
3415 1556 3545 1610 mihi
3575 1575 3586 1608 :
3623 1557 3784 1613 Vade
3813 1560 3882 1614 ad

2275 1644 2594 1698 nataturiam
2619 1644 2764 1699 Silne
2785 1685 2802 1710 ,
2832 1655 2882 1699 et
2915 1645 3054 1700 lava.
3082 1645 3152 1700 Et
3179 1647 3319 1714 abii,
3350 1654 3405 1702 et
3429 1647 3568 1715 lavi,
3600 1658 3660 1703 et
3690 1648 3876 1713 video,

2278 1735 2534 1790 Dixerunt
2579 1735 2667 1790 ei:
2711 1735 2812 1792 Ubi
2853 1746 2937 1792 est
2978 1737 3111 1790 ille?
3153 1735 3277 1792 Ait:
3319 1737 3531 1794 Nescio.
3579 1739 3880 1796 Adduruut

586 1843 754 1900 quare
792 1843 890 1884 vos
928 1844 1034 1884 non
1075 1827 1291 1883 creditis
1330 1827 1497 1881 mihi?
1537 1826 1638 1894 Qui
1680 1835 1763 1880 est
1802 1839 1865 1879 ex
1899 1825 2006 1880 Deo
2031 1865 2046 1888 ,
2081 1824 2171 1878 Dei
2208 1842 2247 1902 Β
2277 1841 2398 1882 eum
2443 1828 2508 1881 ad
2554 1827 2880 1894 Pharisteos,
2922 1829 3008 1899 qui
3047 1844 3221 1884 caecus
3268 1830 3461 1887 fuerat.
3511 1834 3640 1887 Erat
3693 1845 3877 1889 autem

590 1922 752 1978 verba
784 1921 952 1977 audit.
985 1921 1275 1991 Propterea
1302 1933 1396 1974 vos
1424 1933 1532 1974 non
1562 1917 1760 1972 auditis
1781 1962 1795 1985 ,
1828 1915 1947 1986 quia
1972 1930 2035 1970 ex
2067 1914 2174 1970 Deo

591 2028 697 2068 non
725 2014 877 2068 estis.
909 2013 1325 2082 Responderunt
1351 2026 1482 2082 ergo
1509 2010 1676 2066 Judaei
1695 2053 1709 2077 ,
1738 2020 1792 2066 et
1816 2009 2064 2064 dixerunt
2089 2008 2174 2063 ei:

590 2104 782 2160 Nonne
810 2104 948 2158 bene
972 2103 1199 2158 dicimus
1227 2117 1358 2166 nos.
1383 2103 1505 2172 quia
1533 2100 1897 2158 Samaritanus
1921 2113 1980 2154 es
2009 2109 2061 2153 tu
2081 2139 2097 2164 ,
2126 2107 2178 2153 et

589 2194 917 2250 daemonium
945 2192 1110 2250 habes
1130 2196 1156 2248 ?
1180 2193 1479 2264 Respondit
1501 2193 1689 2248 .lesus:
1720 2191 1832 2262 Ego
1855 2191 2176 2246 daemonium

589 2300 698 2341 non
728 2285 924 2352 habeo,
955 2285 1051 2341 sed
1082 2285 1379 2340 honoriﬁco
1408 2285 1617 2340 Patrem
1650 2298 1826 2338 meum
1848 2324 1863 2350 ,
1897 2292 1949 2337 et
1977 2296 2072 2336 vos
2100 2283 2180 2336 in-

593 2376 899 2432 honorastis
924 2392 1030 2433 me.
1059 2377 1171 2448 Ego
1191 2387 1370 2432 autem
1397 2392 1502 2432 non
1529 2390 1716 2447 quzero
1735 2375 1958 2445 gloriam
1983 2389 2175 2430 meam:

596 2479 684 2526 est
708 2471 798 2540 qui
825 2479 1030 2540 quaerat
1052 2480 1105 2526 et
1127 2471 1352 2542 juilicet.
1383 2470 1551 2526 Amen
1574 2468 1602 2507 ι)
1626 2469 1746 2524 dico
1770 2467 1954 2524 vobis:
1980 2467 2036 2523 Si
2064 2468 2182 2537 quis

599 2576 908 2618 sermonem
937 2577 1114 2617 meum
1143 2561 1472 2629 servaverit,
1502 2568 1729 2615 mortem
1762 2575 1866 2615 non
1898 2558 2101 2614 videbit
2128 2559 2180 2614 in

596 2665 879 2711 aeternum.
915 2656 1172 2711 Dixerunt
1196 2670 1322 2726 ergo
1349 2656 1398 2709 ei
1426 2654 1594 2710 Judazi
1621 2673 1635 2708 :
1660 2653 1810 2710 Nunc
1836 2653 2184 2722 cognovimus

595 2744 718 2812 quia
763 2744 1089 2799 daemonium
1136 2744 1325 2799 babes.
1374 2743 1646 2799 Abraham
1688 2749 1928 2798 mortuus
1968 2751 2081 2808 est,
2131 2750 2185 2797 et

594 2833 878 2904 prophetae
897 2874 913 2901 ,
941 2841 997 2889 et
1023 2843 1079 2888 tu
1103 2832 1235 2888 dicis
1259 2850 1274 2889 :
1303 2832 1358 2888 Si
1386 2833 1505 2903 quis
1533 2847 1836 2888 sermonem
1864 2845 2042 2886 meum
2071 2844 2186 2885 ser-

597 2927 846 2992 vaverit,
875 2940 983 2981 non
1013 2925 1250 2997 gustabit
1280 2935 1506 2982 mortem
1543 2927 1592 2981 in
1623 2935 1904 2982 aeternum.
1938 2923 2185 2995 Nunquid

601 3025 661 3072 tu
687 3017 859 3085 major
884 3030 945 3071 es
973 3025 1123 3084 patre
1151 3024 1335 3070 nostro
1358 3015 1628 3070 Abraham
1653 3060 1666 3084 ,
1691 3015 1780 3085 qui
1806 3026 2048 3071 mortuus
2071 3023 2152 3070 est
2168 3055 2184 3079 ,

597 3117 659 3165 et
681 3108 955 3179 prophetae
979 3109 1174 3164 mortui
1200 3110 1358 3165 sunt?
1386 3109 1554 3176 Quem
1581 3119 1632 3165 te
1660 3108 1830 3179 ipsum
1863 3109 2029 3164 facis?
2082 3107 2187 3164 Re-

2275 1921 2554 1977 sabbatum
2583 1921 2798 1992 quando
2826 1923 2990 1976 lutum
3023 1924 3145 1978 let-it
3168 1923 3344 1990 .lesus,
3369 1933 3422 1979 et
3446 1925 3660 1988 aperuit
3687 1929 3878 1983 oculos

2275 2014 2411 2084 ejus.
2438 2013 2634 2070 lterum
2661 2022 2839 2068 autem
2868 2013 3268 2085 interrogabant
3287 2030 3410 2071 eum
3435 2013 3724 2083 Pharisaei,
3742 2036 3878 2088 quo-

2277 2107 2438 2162 modo
2480 2106 2747 2161 vidisset?
2786 2105 2880 2160 ille
2919 2115 3097 2160 autem
3142 2105 3275 2160 dixit
3313 2106 3430 2162 eis:
3462 2105 3662 2163 Lutum
3699 2111 3880 2179 posuit

2278 2200 2406 2255 mihi
2437 2213 2600 2267 super
2629 2198 2814 2252 oculos
2835 2237 2850 2261 ,
2884 2207 2937 2251 et
2964 2197 3066 2251 lavi
3092 2241 3105 2265 ,
3138 2206 3193 2252 et
3222 2196 3397 2252 video.
3445 2197 3709 2254 Dicebant
3749 2216 3878 2270 ergo

2278 2305 2342 2346 ex
2376 2289 2662 2345 Pharismis
2693 2289 2908 2358 quidam
2941 2304 2954 2341 :
2987 2288 3099 2342 Non
3128 2298 3210 2342 est
3241 2288 3326 2344 hic
3353 2290 3514 2344 homo
3540 2306 3570 2345 a
3605 2290 3749 2355 Deo,
3783 2292 3869 2360 qui

2280 2382 2561 2437 sabbatum
2587 2395 2691 2435 non
2714 2379 2969 2435 custodit.
3003 2381 3102 2434 Alii
3125 2380 3373 2436 dicebant
3397 2390 3443 2434 οε
3473 2381 3762 2448 Quomcuo
3787 2398 3878 2450 po-

2282 2480 2386 2528 test
2411 2472 2569 2526 homo
2592 2481 2843 2541 peccator
2865 2469 2979 2524 haec
3000 2474 3146 2539 signa
3172 2471 3383 2526 facere?
3411 2471 3475 2527 Et
3498 2473 3742 2528 schisma
3763 2483 3877 2528 erat

2284 2563 2338 2619 in
2369 2563 2467 2618 eis.
2515 2562 2711 2617 Dicunt
2742 2576 2868 2631 ergo
2899 2576 3042 2616 czeco
3076 2564 3264 2617 iterum
3291 2579 3305 2616 :
3336 2563 3416 2618 'l‘u
3459 2563 3589 2634 quid
3633 2564 3782 2620 dicis
3811 2563 3876 2621 de

2283 2667 2350 2709 eo
2388 2653 2478 2723 qui
2520 2652 2730 2722 aperuit
2769 2651 2954 2708 oculos
2991 2653 3154 2708 tuos?
3193 2654 3286 2710 ille
3325 2663 3502 2710 autem
3534 2656 3710 2711 dixit:
3744 2657 3874 2725 Quia

2285 2751 2544 2820 propheta
2567 2757 2670 2805 est.
2692 2747 2808 2803 Non
2834 2746 3178 2804 crediderunt
3197 2763 3324 2821 ergo
3349 2749 3515 2805 Judaei
3542 2750 3611 2807 de
3638 2752 3734 2806 illo
3757 2753 3874 2822 quia

2284 2857 2460 2899 creetis
2482 2843 2703 2909 fuisset,
2724 2843 2756 2876 *
2779 2841 2953 2897 donec
2995 2851 3320 2900 vocaverunt
3356 2857 3606 2915 parentes
3635 2847 3762 2918 ejus
3789 2848 3876 2919 qui

2288 2937 2516 2992 viderat.
2568 2937 2634 2991 Et
2679 2936 3142 3006 interrogaverunt
3179 2952 3272 2994 eos
3312 2937 3605 2996 dicentes:
3650 2941 3750 2996 Hic
3799 2950 3876 2998 est

2290 3028 2431 3084 ﬁlius
2458 3037 2655 3094 vester,
2685 3042 2844 3099 quem
2874 3043 2968 3084 vos
3004 3028 3184 3087 dicitis
3209 3031 3331 3102 quia
3363 3047 3539 3090 caecus
3571 3045 3730 3092 natus
3758 3038 3874 3092 est?

2291 3119 2571 3189 Quomodo
2600 3134 2729 3190 ergo
2759 3135 2898 3175 nunc
2923 3119 3109 3176 videt?
3132 3120 3547 3192 Responderunt
3572 3127 3652 3180 eis
3682 3141 3874 3196 paren-

600 3200 991 3272 sponditlesus
1018 3218 1030 3254 :
1059 3200 1113 3256 Si
1141 3216 1240 3271 ego
1267 3200 1506 3271 gloriﬁco
1532 3218 1617 3257 me
1647 3206 1843 3274 ipsum,
1874 3201 2038 3271 gloria
2069 3215 2184 3257 mea

2296 3221 2408 3278 tes,
2437 3222 2489 3267 et
2518 3212 2769 3266 dixerunt
2793 3228 2807 3266 :
2839 3210 3051 3268 Scimus
3073 3254 3088 3278 ,
3118 3214 3239 3284 quia
3275 3216 3359 3268 hic
3387 3224 3467 3271 est
3509 3216 3653 3272 ﬁlius
3676 3227 3870 3287 noster,

603 3291 735 3348 nihil
764 3299 870 3348 est.
897 3290 995 3346 Est
1016 3289 1174 3347 Pater
1199 3305 1350 3346 meus
1377 3292 1464 3360 qui
1490 3292 1752 3362 glorillcat
1779 3308 1887 3356 me,
1911 3306 2067 3362 quem
2094 3306 2189 3346 vos

600 3384 805 3451 dicitis,
827 3383 952 3454 quia
976 3383 1119 3438 Deus
1142 3393 1318 3438 vester
1340 3391 1444 3437 est.
1472 3383 1538 3438 Et
1561 3399 1665 3438 non
1689 3384 2014 3454 cognovistis
2037 3398 2188 3437 eum:

609 3488 716 3545 ego
736 3483 916 3531 autem
943 3474 1067 3530 novi
1093 3489 1237 3529 eum.
1263 3474 1331 3528 Et
1355 3473 1400 3528 si
1426 3473 1614 3529 dixero
1635 3476 1756 3545 quia
1781 3490 1886 3530 non
1913 3477 2024 3529 seio
2045 3489 2188 3538 eum,

601 3577 701 3620 ero
728 3565 922 3620 similis
949 3565 1126 3628 vobis,
1157 3563 1405 3618 mendax.
1439 3563 1543 3619 Sed
1577 3566 1690 3618 scio
1720 3580 1839 3618 eum
1862 3606 1877 3631 ,
1909 3574 1961 3618 et
1990 3579 2194 3619 sermo-

606 3669 732 3711 nem
760 3654 876 3724 ejus
902 3669 1082 3708 servo.
1111 3654 1379 3708 Abraham
1411 3663 1563 3721 pater
1590 3663 1767 3710 vester
1793 3654 2110 3720 exsultavit,
2137 3665 2196 3709 ut

602 3743 812 3800 videret
853 3744 994 3800 diem
1024 3759 1202 3820 meum
1233 3763 1244 3797 :
1278 3756 1332 3800 et
1363 3744 1523 3810 vidit,
1566 3755 1620 3802 et
1663 3747 1876 3816 gavisus
1901 3755 1984 3802 est
2020 3757 2066 3802 ο.
2100 3749 2197 3802 Di-

609 3843 809 3891 xerunt
832 3849 958 3906 ergo
979 3835 1150 3892 Judmi
1174 3836 1240 3891 ad
1263 3852 1387 3893 eum
1410 3853 1424 3892 :
1448 3838 1839 3909 Quinquaginta
1867 3855 2035 3895 annos
2063 3855 2196 3895 non-

604 3925 738 3980 dum
783 3924 982 3992 babes,
1026 3934 1080 3981 et
1127 3927 1398 3982 Abraham
1442 3929 1662 3985 vidisti?
1708 3929 1846 3985 Dixit
1886 3931 1964 3986 eis
2006 3932 2195 3987 .lesus:

612 4021 788 4075 Amen
815 4057 832 4088 ,
883 4033 1038 4076 amen
1065 4019 1188 4075 dico
1213 4022 1365 4076 vobis
1391 4064 1406 4090 ,
1437 4031 1719 4095 antequam
1750 4007 2017 4080 Abraham
2049 4026 2198 4082 fieret

605 4124 712 4180 ego
735 4125 874 4167 sum.
903 4112 1160 4168 Tulerunt
1186 4127 1314 4184 ergo
1341 4113 1574 4185 lapides,
1606 4126 1662 4171 ut
1683 4117 1925 4187 jacerent
1953 4120 2003 4172 in
2033 4134 2155 4173 eum
2182 4136 2194 4172 :

610 4199 778 4264 Jesus
807 4211 984 4260 autem
1014 4204 1298 4260 abscondit
1329 4220 1418 4272 se,
1441 4215 1497 4260 et
1523 4207 1688 4261 exivit
1715 4209 1782 4262 de
1813 4209 2032 4278 tempto.

1135 4316 1360 4374 CAPUT
1398 4318 1658 4373 CXXXII.

609 4403 766 4460 Iesus
796 4405 990 4476 faciens
1019 4407 1182 4489 lutum
1213 4408 1275 4460 de
1303 4418 1452 4490 sputo
1473 4448 1488 4472 ,
1521 4420 1570 4490 et
1617 4427 1810 4477 ponms
1840 4428 1996 4481 super
2027 4411 2200 4468 oculos

1061 4483 1182 4531 arci
1213 4483 1321 4532 nati
1344 4521 1358 4543 ,
1389 4483 1585 4534 curavit
1614 4499 1750 4536 eum.

2291 3312 2347 3359 et
2368 3304 2488 3373 quia
2517 3318 2692 3360 caecus
2724 3313 2880 3358 natus
2907 3307 3342 3375 estzquomodo'L
3371 3323 3497 3376 ergo
3530 3325 3678 3365 nunc
3705 3311 3872 3367 videat

2293 3399 2560 3454 nescimus
2588 3415 2600 3451 :
2637 3407 2728 3452 aut
2756 3399 2875 3468 quis
2905 3399 3024 3468 ejus
3055 3401 3264 3470 aperuit
3294 3403 3512 3465 oculos,
3559 3418 3662 3458 nos
3707 3406 3870 3462 nesci-

2295 3505 2452 3545 mus:
2486 3491 2661 3560 ipsum
2704 3490 3074 3561 interrogate:
3104 3503 3314 3549 :etatem
3349 3495 3546 3552 habet:
3585 3497 3700 3566 ipse
3728 3498 3792 3553 de
3818 3514 3870 3555 se

2295 3583 2561 3652 loquatur.
2595 3583 2718 3637 llaec
2746 3584 2992 3638 dixerunt
3022 3595 3269 3653 parentes
3296 3587 3412 3656 ejus
3432 3633 3445 3655 ,
3475 3589 3601 3658 quia
3625 3589 3871 3646 timebant

2297 3673 2533 3728 Judaaos.
2568 3673 2685 3730 Jam
2716 3675 2855 3729 enim
2887 3676 3333 3744 conspiraverunt
3358 3679 3528 3735 Judmi
3549 3722 3566 3748 ,
3599 3691 3659 3736 ut
3687 3682 3733 3736 si
3761 3682 3871 3751 quis

2298 3781 2419 3822 eum
2455 3767 2807 3822 conﬁteretur
2845 3783 2965 3824 esse
3001 3769 3270 3825 Christum
3301 3813 3317 3836 ,
3365 3782 3514 3826 extra
3557 3789 3869 3845 synagogatn

2301 3859 2468 3912 ﬁeret.
2488 3857 2777 3926 Propterea
2803 3868 3048 3929 parentes
3072 3862 3187 3930 ejus
3209 3863 3488 3919 dixerunt:
3515 3864 3650 3934 Quia
3676 3876 3869 3924 atatem

2301 3952 2463 4007 habet
2486 3995 2501 4021 ,
2541 3951 2717 4022 ipsum
2757 3956 3103 4024 interrogate.
3139 3954 3473 4013 Vocaverunt
3509 3975 3638 4030 ergo
3674 3976 3870 4017 rursum

2303 4045 2576 4100 hominem
2604 4044 2689 4114 qui
2715 4053 2830 4100 erat
2855 4061 3030 4100 cmcus
3048 4088 3063 4111 ,
3092 4055 3146 4102 et
3171 4049 3418 4105 dixerunt
3443 4052 3490 4106 ei
3517 4070 3531 4106 :
3564 4052 3638 4108 Da
3664 4054 3871 4124 gloriam

2306 4137 2436 4191 Deo.
2478 4135 2585 4190 Nos
2615 4135 2814 4190 scimus
2851 4135 2973 4204 quia
3017 4137 3102 4191 hic
3142 4138 3303 4194 immo
3334 4150 3582 4210 peccator
3619 4153 3719 4198 est.
3747 4143 3872 4200 Dixit

2302 4243 2429 4300 ergo
2460 4229 2550 4283 ille
2579 4247 2590 4281 :
2626 4227 2680 4284 Si
2712 4243 2961 4298 peccator
2989 4240 3101 4297 est,
3138 4233 3318 4287 nescio
3351 4251 3363 4286 :
3399 4249 3558 4288 unum
3592 4236 3732 4304 scio,
3760 4237 3871 4308 quia

2303 4333 2479 4375 caecus
2507 4335 2628 4374 cum
2663 4335 2839 4375 essem
2866 4362 2880 4385 ,
2915 4323 3076 4375 modo
3107 4325 3279 4380 video.
3324 4325 3584 4381 Dixerunt
3621 4345 3741 4399 ergo
3771 4331 3870 4384 illi:

2305 4413 2446 4480 Quid
2481 4414 2603 4468 iecit
2650 4412 2792 4466 tibi?
2837 4415 3108 4482 quomodo
3139 4418 3343 4484 aperuit
3388 4418 3478 4472 tibi
3525 4421 3749 4475 oculos?
3782 4421 3874 4476 Re-

2307 4504 2521 4572 Spmtdil
2548 4505 2625 4558 eis
2651 4521 2665 4555 :
2697 4503 2813 4558 Dixi
2833 4506 2982 4559 vobis
3008 4506 3139 4575 jam,
3170 4519 3221 4562 et
3251 4509 3473 4566 audistis
3502 4529 3513 4564 :
3547 4513 3674 4581 quid
3702 4514 3872 4568 iteru

689 4587 846 4641 JOAN.
874 4603 928 4641 ιι
954 4631 967 4652 ,
1000 4590 1160 4644 1-54.
1192 4590 1257 4645 Et
1292 4594 1604 4661 praeteriens
1635 4594 1765 4648 vidit
1796 4595 2064 4650 hominem
2097 4611 2200 4650 ac-
2228 4596 2281 4653 D
2309 4594 2465 4646 vultis
2498 4594 2734 4647 audite?
2776 4594 3024 4663 Nunquid
3068 4608 3121 4650 et
3162 4613 3255 4652 vos
3297 4599 3457 4653 vultis
3494 4600 3738 4670 discipuli
3771 4603 3873 4670 ejus

614 4690 739 4730 eum
769 4691 798 4727 a
828 4678 1123 4733 nativitate.
1170 4681 1237 4735 Et
1280 4683 1743 4752 interrogaverunt
1791 4701 1913 4740 eum
1958 4687 2203 4756 discipuli

617 4765 775 4835 ejus:
808 4767 976 4820 Rabbi
1002 4808 1015 4830 ,
1048 4770 1167 4837 quis
1197 4773 1474 4837 peccavit,
1508 4773 1624 4837 hic,
1657 4785 1749 4827 aut
1775 4784 2023 4842 parentes
2055 4777 2202 4847 «jus,

619 4866 679 4911 ut
717 4872 891 4912 caecus
931 4861 1280 4914 nasceretur?
1327 4862 1619 4930 Respondit
1658 4865 1851 4920 Jestts:
1896 4867 2078 4936 Neque
2120 4870 2205 4922 hic

620 4949 892 5018 peccavit,
922 4965 1092 5018 neque
1122 4959 1373 5017 parentes
1400 4953 1550 5022 ejus;
1582 4957 1676 5009 sed
1709 4967 1764 5011 ut
1796 4960 2203 5014 manifestentur

619 5055 785 5111 opera
836 5041 928 5096 Dei
977 5043 1027 5096 in
1078 5042 1191 5096 illo.
1239 5043 1320 5098 Me
1359 5057 1572 5116 oportet
1618 5050 1830 5120 operari
1880 5066 2042 5120 Opera
2086 5051 2205 5122 ejus

694 5229 720 5259 ⁸
759 5221 853 5278 Gr.
884 5225 926 5278 εἰ
950 5221 1003 5278 δὲ
1029 5224 1252 5304 ἁλῄθςιαν
1271 5224 1422 5299 λέγω.
1447 5227 1597 5300 Vulg.
1623 5230 1762 5284 vobis
1781 5230 1926 5284 addit
1955 5245 1968 5294 ;
1998 5238 2053 5284 et
2079 5229 2206 5285 sub-

622 5305 852 5360 sequens
880 5311 968 5347 υοσ
995 5303 1208 5348 uttttlllt.

659 5363 966 5488 tbvlt‘ixcidit
989 5364 1216 5420 fortaSse
1236 5366 1462 5423 alterum
1486 5387 1630 5424 amen
1654 5371 1792 5441 quod
1823 5371 2079 5426 exhibent
2106 5371 2201 5427 Gr.

752 5451 781 5488 u
807 5451 857 5503 g.

621 5449 679 5490 ει
709 5449 800 5488 νυι
845 5476 857 5488 .

698 5515 732 5584 ε.
762 5451 989 5558 τξιιιιηι
1031 5511 1299 5584 expressit
1335 5516 1417 5568 καὶ
1445 5509 1541 5568 εἶδε
1571 5517 1654 5567 καὶ
1682 5515 1882 5584 ἐχάρη.
1916 5542 1985 5584 -έ-
2010 5513 2204 5584 Mann-

626 5573 823 5642 scripta
853 5587 1031 5628 nostra
1057 5581 1300 5652 antiqua,
1329 5594 1380 5636 et
1411 5601 1514 5636 nun
1546 5581 1695 5648 pauci
1712 5573 1814 5635 Eni
1845 5582 2020 5636 Latini
2050 5585 2198 5652 libri,
2227 5607 2237 5614 ·

609 5653 944 5718 'prmponttnt
969 5655 1014 5718 et
1044 5651 1505 5716 coniunctionem,
1536 5652 1692 5704 etiam
1722 5651 1820 5718 ipsi
1851 5655 2106 5707 vncabulu
2133 5651 2199 5708 vi-

630 5715 747 5784 dit:
773 5715 1219 5784 quemadmodum
1250 5723 1434 5776 Gran-a
1460 5731 1513 5775 et
1537 5721 1693 5780 εγω.
1725 5715 1852 5776 Luc.
1889 5724 2051 5778 lineo.

699 5782 725 5822 ἀ
763 5782 822 5842 di
857 5789 1173 5852 θεωροῦντας.
1209 5787 1515 5845 Lectionem
1549 5789 1700 5860 Vulg.
1734 5791 1991 5865 viderant,
2023 5795 2194 5866 inquit

2312 4686 2467 4738 ﬁeri?
2501 4685 2936 4741 Maledixerunt"
2965 4689 3046 4754 ei,
3081 4699 3134 4743 et
3163 4689 3413 4745 dixerunt
3442 4710 3455 4747 :
3487 4691 3566 4747 Tu
3605 4695 3875 4764 discipulus

2311 4778 2453 4831 illius
2481 4778 2555 4831 sis
2583 4795 2597 4831 :
2629 4793 2725 4832 nos
2752 4789 2927 4833 autem
2957 4782 3203 4851 discipuli
3231 4783 3396 4855 Moysi
3425 4800 3632 4842 sumus.
3664 4788 3761 4842 Nos
3784 4791 3876 4844 sci-

2316 4884 2433 4922 mus
2463 4869 2582 4936 quia
2615 4871 2782 4942 Moysi
2823 4873 3029 4928 loculus
3061 4886 3143 4930 est
3173 4877 3308 4931 Deus
3339 4894 3354 4931 :
3389 4879 3528 4933 hunc
3573 4890 3747 4935 autem
3789 4898 3875 4937 ne-

2311 4960 2510 5015 scimus
2537 4963 2676 5016 unde
2708 4966 2793 5016 sit.
2817 4963 3109 5032 Respondit
3137 4967 3222 5022 ille
3253 4969 3432 5033 homo,
3465 4981 3516 5026 et
3540 4970 3673 5026 dixit
3697 4973 3802 5028 eis:
3828 4972 3876 5028 ln

2315 5051 2417 5108 hoc
2444 5053 2587 5108 enim
2618 5055 2864 5111 mirabile
2890 5065 3003 5123 est,
3030 5061 3152 5128 quia
3185 5075 3278 5114 vos
3304 5064 3518 5118 nescitis
3546 5065 3685 5121 unde
3711 5066 3806 5134 sit,
3835 5077 3883 5122 et

2326 5232 2494 5309 Encas
2523 5234 2838 5306 Brugensis,
2870 5237 3020 5309 multi
3059 5239 3181 5292 botui
3211 5239 3364 5309 libri,
3403 5244 3715 5300 nominatim
3754 5263 3876 5304 unus

2325 5304 2388 5358 D.
2421 5304 2695 5360 Douatia'ui
2715 5322 2896 5384 ,‘nnus
2926 5307 3318 5384 Clarimarisci,
3349 5304 3458 5367 tres
3485 5313 3542 5369 S.
3575 5317 3874 5384 Audomari,

2324 5378 2940 5457 mutant‘cunLviiebaut
2966 5392 2984 5431 :
3012 5381 3148 5457 quod
3180 5379 3381 5457 Graeca:
3413 5385 3625 5442 lectioni
3654 5378 3877 5457 proprius

2323 5447 2632 5524 restnttdet.
2664 5448 2827 5524 Paulo
2854 5458 2967 5513 post
2997 5449 3163 5524 editi:
3196 5453 3377 5506 similis
3408 5465 3478 5506 est
3511 5457 3642 5524 ejus.

2391 5525 2414 5552 ε
2456 5517 2812 5593 Μηημεριοίριει
2851 5529 3058 5582 nostra,
3103 5521 3292 5576 (ἔπεςο
3327 5517 3696 5593 ροιιῐονιῖιὶερτ,
3729 5529 3874 5584 omit-

2311 5593 2428 5638 tunt
2460 5586 2900 5660 entijunctinnem
2943 5602 3142 5654 autem,
3195 5609 3352 5660 quam
3393 5595 3479 5648 alii
3523 5596 3642 5651 libri
3683 5586 3876 5654 addunt

2304 5671 2424 5742 eum
2455 5658 2979 5742 5γις‹).ηιλυ‹;..Βειυσἱ
3001 5691 3071 5701 —-
3099 5658 3249 5730 Mox,
3279 5664 3504 5742 scitis-ma
3530 5677 3641 5721 erat
3672 5669 3720 5724 in
3742 5671 3874 5742 ipsis,

2301 5725 2597 5796 interprete
2626 5725 2823 5784 Graecis
2850 5731 2897 5782 ἐν
2923 5732 3104 5794 αὐτοῖς
3129 5725 3315 5802 presse
3339 5734 3659 5794 inmerente.
