4038 6356
212 289 307 346 525

967 271 1561 345 evauceucaﬁust
1601 279 2111 342 llARilONIARUM
2152 273 2720 342 tursnrnsfarto.

3365 291 3471 346 aes
3513 267 3518 272 ⁷

212 404 414 478 aperuit
438 403 625 462 oculos
658 416 832 460 meos.
871 401 1082 461 Scimus
1117 414 1296 460 autem
1323 404 1451 476 quia
1480 410 1794 475 peccatores
1821 400 1877 462 Α
1897 398 2078 454 datum
2120 402 2303 470 accepi
2343 415 2374 456 a
2412 401 2572 457 Patre
2609 415 2752 456 meo.
2795 399 3070 458 Dissensio
3109 404 3299 460 iterum
3330 406 3469 461 facta

214 503 348 558 Deus
377 511 483 554 non
509 497 660 554 audit
685 514 697 551 :
726 496 820 553 sed
846 497 895 553 si
923 498 1043 566 quis
1070 497 1162 552 Dei
1187 496 1361 552 cultor
1383 505 1496 560 est,
1527 503 1582 550 et
1603 493 1794 549 volun-
1893 500 1979 544 est
2004 490 2143 545 inter
2166 491 2379 548 Judteos
2405 505 2624 562 propter
2649 493 2747 547 hos
2771 507 3066 550 sermones.
3095 496 3353 552 Dicebant
3375 513 3475 552 au-
3573 519 3591 564 ’δ

1895 584 2005 632 tem
2036 580 2188 632 multi
2218 594 2283 634 ex
2315 581 2483 649 ipsis:
2527 581 2856 638 Dzemonium
2901 584 3092 647 habet.
3134 596 3188 640 et
3232 586 3468 641 insanit:

214 598 368 647 tatem
393 586 512 658 ejus
537 586 698 652 iacit,
727 586 869 640 hunc
895 585 1134 641 exaudit.
1165 585 1208 639 A
1235 585 1434 640 saeculo
1461 597 1565 638 non
1593 591 1676 638 est
1699 597 1795 636 au-

214 682 375 737 ditum
406 677 526 747 quia
557 676 771 747 aperuit
800 676 922 746 quis
949 677 1137 730 oculos
1164 675 1294 730 caici
1325 675 1458 729 nati.
1504 673 1616 726 Nisi
1647 680 1794 727 esset

1900 668 2028 737 quid
2070 682 2193 721 eum
2235 671 2474 725 auditis?
2517 673 2623 727 Alii
2663 673 2949 732 dicebant:
2995 675 3165 730 Verba
3208 677 3321 732 lucc
3360 693 3469 732 non

214 771 296 826 hic
325 785 356 823 a
387 768 534 834 Deo,
566 782 671 822 non
703 774 914 836 poterat
941 765 1117 820 facere
1145 765 1455 834 quidquam.
1483 762 1797 833 Responde-
1894 765 2022 812 sunt
2052 759 2374 816 dmmonium
2408 761 2653 818 habentis
2679 782 2692 818 :
2739 768 2979 838 nunquid
3019 769 3341 825 daemonium
3372 785 3473 840 po-

216 870 331 916 runt
357 903 372 927 ,
401 870 454 914 et
482 859 737 913 dixerunt
761 859 812 912 ei
840 872 855 909 :
886 856 942 911 ln
973 864 1192 925 peccato
1219 863 1244 893 ⁸
1272 864 1426 911 natus
1452 869 1510 910 es
1537 862 1680 909 totus
1698 892 1714 920 ,
1742 861 1797 908 et
1897 855 2003 902 test
2031 862 2296 903 cmcorum
2327 851 2514 906 oeulos
2541 853 2798 920 aperire?
2844 853 2846 855 ’

218 961 270 1007 tu
301 951 464 1005 doces
493 964 592 1004 nos
616 949 639 1002 ?
666 948 734 1004 Et
761 947 1034 1017 ejeceruttt
1059 963 1180 1002 eum
1214 946 1380 1003 foras.

735 1108 964 1165 CAPUT
1001 1108 1282 1164 CXXXIII.

283 1202 430 1258 Iesus
460 1202 658 1273 agnitus
686 1211 757 1253 est
786 1203 948 1255 eidem
971 1217 1144 1323 stega:
1181 1199 1246 1254 Et
1275 1199 1530 1255 contendit
1562 1196 1727 1252 multa

821 1288 935 1323 cum
1011 1288 1041 1323 u
1082 1288 1189 1323 wn.

821 1288 935 1324 cum
971 1288 998 1323 δ
1011 1288 1189 1325 uawts.

286 1419 444 1469 tam.
477 1428 531 1466 ιχ
554 1453 568 1476 ,
601 1413 795 1467 '55-“.
830 1411 1046 1466 Audivit
1065 1411 1222 1466 Jesus
1241 1411 1362 1480 quia
1383 1409 1657 1480 cjecerunt
1675 1421 1798 1462 eum

221 1505 394 1567 foras;
426 1513 478 1557 et
502 1517 624 1557 cum
653 1503 948 1556 invenisset
973 1516 1126 1568 eum,
1156 1501 1286 1554 dixit
1313 1501 1364 1555 ei
1391 1519 1402 1552 :
1434 1501 1515 1554 Tu
1541 1500 1716 1554 credis
1747 1500 1800 1554 in

221 1595 411 1649 Filium
445 1593 576 1648 Dei?
610 1592 907 1662 Respondit
936 1593 1060 1659 ille,
1095 1601 1148 1646 et
1176 1592 1349 1647 dixit:
1381 1591 1514 1659 Quis
1544 1601 1657 1656 est,
1691 1592 1799 1645 Do-

220 1686 396 1751 mine,
441 1695 496 1738 ut
537 1683 752 1740 credam
785 1683 839 1737 in
870 1684 1037 1739 eum?
1064 1683 1130 1737 Et
1158 1684 1295 1736 dixit
1320 1681 1372 1736 ei
1397 1683 1552 1736 Jesos
1582 1700 1595 1734 :
1630 1681 1701 1735 Et
1726 1683 1802 1734 vi-

2416 961 2642 1018 CAPUT
2671 966 2953 1024 CXXXIV.

1969 1046 2326 1120 lnterregatur
2368 1049 2520 1132 Iesus
2550 1053 2857 1132 adadwis:
2880 1059 2940 1112 Si
2971 1069 3025 1112 tu
3052 1077 3104 1115 es
3136 1062 3400 1130 Christus,

2404 1125 2487 1173 dic
2519 1125 2659 1176 nobis
2689 1129 2970 1196 manifeste.

1969 1230 2126 1287 Joau.
2161 1247 2192 1285 x
2215 1275 2230 1298 ,
2262 1232 2468 1286 (ΞΕ-49.
2494 1234 2655 1288 Facta
2683 1249 2801 1290 sunt
2828 1249 3002 1293 autem
3025 1243 3258 1296 encaenia
3284 1244 3333 1296 in
3359 1244 3471 1300 Ilie-

1899 1323 2230 1392 rosolymis:
2280 1334 2333 1379 et
2379 1325 2551 1380 hiems
2595 1337 2729 1381 erat.
2779 1329 2848 1383 Et
2889 1332 3193 1388 ambulabat
3233 1335 3384 1390 Jesus
3425 1338 3479 1391 in

1908 1415 2141 1482 templo,
2172 1415 2223 1468 in
2257 1416 2462 1484 porticu
2495 1416 2820 1472 Salomonis.
2854 1419 3330 1479 Circumdederunt
3356 1441 3484 1497 ergo

1903 1524 2026 1564 eum
2066 1509 2231 1564 Judaei
2257 1551 2272 1574 ,
2306 1518 2361 1564 et
2390 1511 2638 1566 dicebant
2664 1513 2713 1567 ei
2742 1529 2755 1566 :
2782 1513 3068 1583 Quousque
3097 1517 3328 1570 animam
3385 1532 3485 1571 no-

1902 1610 2066 1655 stram
2095 1602 2274 1653 tollis?
2303 1601 2360 1655 Si
2391 1611 2443 1655 tu
2468 1618 2525 1656 es
2555 1603 2828 1671 Christus,
2859 1603 2948 1660 dic
2974 1605 3126 1659 nobis
3153 1606 3346 1674 palam.
3380 1606 3484 1661 Re-

1901 1690 2122 1763 spondit
2147 1691 2224 1750 eis
2258 1691 2413 1751 Jesus
2450 1709 2465 1750 :
2517 1691 2732 1768 Loquor
2776 1695 2945 1768 vobis,
2994 1705 3048 1756 et
3093 1711 3197 1754 non
3244 1702 3484 1756 creditis.

221 1777 349 1834 disti
376 1787 595 1836 enimet
623 1778 712 1849 qui
745 1776 980 1849 loquitur
1008 1783 1207 1844 tecum,
1238 1775 1354 1848 ipse
1381 1790 1482 1834 est.
1512 1779 1541 1812 ⁸
1562 1775 1654 1832 Ille
1684 1777 1758 1831 ait
1787 1795 1799 1830 :
1835 1757 1882 1822 Β
1910 1757 2084 1854 Opera
2115 1800 2231 1854 qua:
2258 1801 2358 1856 ego
2389 1787 2528 1841 facio
2555 1757 2846 1843 in'nomine
2874 1757 3046 1844 Patris
3091 1791 3224 1858 mei,
3254 1789 3366 1844 haec
3411 1799 3491 1843 tc-

223 1872 402 1926 Credo
422 1909 438 1936 ,
471 1872 715 1927 Domine.
750 1871 814 1924 Et
842 1871 1124 1940 procidcns
1149 1870 1394 1924 adoravit
1417 1885 1558 1924 eum.
1591 1869 1729 1924 Dixit
1756 1869 1803 1924 ei

226 1961 386 2017 Jesus
419 1961 484 2015 δε
517 1963 572 2016 1η
609 1961 863 2031 judicium
893 1977 993 2032 ego
1024 1961 1076 2016 in
1111 1961 1250 2016 hunc
1279 1962 1533 2015 mundum
1563 1961 1718 2025 veni;
1752 1969 1807 2014 ut

229 2053 324 2121 qui
363 2067 468 2106 non
500 2053 679 2106 vident
708 2052 956 2119 videant,
990 2060 1045 2106 et
1070 2053 1158 2120 qui
1189 2051 1370 2106 vident
1399 2051 1524 2106 caeci
1564 2052 1709 2105 ﬁant.
1742 2051 1808 2105 Et

235 2141 526 2195 audierunt
556 2157 620 2195 ex
652 2140 918 2196 Pltariseis
945 2141 1034 2210 qui
1066 2157 1185 2195 cum
1211 2142 1326 2209 ipso
1353 2149 1506 2195 erant
1526 2181 1540 2205 ,
1571 2148 1626 2195 et
1654 2140 1807 2195 dixe-

235 2243 366 2288 runt
403 2234 454 2287 ei
487 2250 498 2286 :
539 2232 788 2303 Nunquid
819 2243 872 2288 et
898 2247 997 2286 nos
1023 2233 1149 2286 croci
1178 2246 1359 2285 sumus
1385 2231 1407 2285 Υ
1447 2231 1588 2285 Dixit
1616 2233 1693 2285 eis
1721 2231 1809 2286 Je-

232 2338 330 2379 sus
361 2341 372 2375 :
407 2324 460 2377 Si
492 2325 620 2378 czeci
651 2326 844 2378 essetis
865 2365 880 2389 ,
908 2340 1012 2378 non
1043 2324 1307 2378 haberetis
1337 2331 1628 2391 leceatom.
1662 2323 1810 2379 Nunc

227 2429 362 2470 vero
402 2416 433 2451 ⁸
472 2417 594 2485 quia
635 2415 849 2480 dicitis,
899 2416 1155 2470 Videmus
1181 2460 1195 2481 ,
1248 2429 1526 2484 peccatum
1574 2426 1810 2470 vestrum

225 2515 511 2562 manet.—
527 2507 681 2562 Joau.
715 2522 750 2560 x
775 2547 788 2571 ,
823 2505 1335 2561 1-21.Amen*dico
1363 2507 1511 2561 vobis
1541 2523 1555 2561 :
1587 2509 1675 2576 qui
1707 2522 1809 2561 non

234 2596 406 2650 intrat
459 2611 553 2666 per
605 2597 800 2650 ostium
853 2595 905 2650 in
959 2595 1100 2650 ovile
1152 2596 1376 2660 ovium,
1430 2595 1523 2651 sed
1576 2597 1816 2650 ascendit

229 2689 454 2746 aliunde
479 2730 496 2758 ,
539 2687 630 2744 ille
660 2689 746 2744 l’ur
771 2699 855 2744 est
889 2697 943 2742 ct
974 2689 1150 2742 latro:
1182 2688 1271 2757 qui
1309 2697 1484 2741 autem
1524 2687 1685 2740 intrat
1716 2703 1817 2762 per

221 2781 433 2836 ostium
459 2821 474 2847 ,
517 2788 699 2850 pastor
729 2787 812 2834 e~t
841 2778 1042 2832 ovium.
1076 2777 1208 2831 Huic
1239 2777 1491 2830 ostiarius
1521 2776 1689 2845 aperit
1715 2817 1730 2843 ,
1763 2787 1819 2832 et

243 2887 380 2928 oves
417 2885 604 2926 vocem
645 2870 762 2940 ejus
801 2869 1063 2925 audiunt:
1105 2876 1160 2922 et
1198 2868 1439 2938 proprias
1488 2882 1617 2922 oves
1665 2877 1820 2923 vocat

234 2965 597 3030 nominatim,
643 2973 699 3018 et
743 2962 925 3018 educit
967 2975 1081 3016 eas.
1132 2961 1198 3016 Et
1240 2974 1361 3016 cum
1408 2959 1650 3029 proprias
1692 2974 1820 3015 oves

222 3057 524 3123 emiserit,
563 3063 686 3110 ante
724 3069 817 3109 eas
852 3054 1040 3107 vadit:
1073 3061 1128 3108 et
1157 3066 1284 3107 oves
1324 3052 1472 3106 illum
1501 3063 1816 3121 sequuntur,

1912 1876 2221 1930 stimonium
2255 1877 2538 1945 perhibent
2567 1878 2635 1932 de
2672 1894 2794 1934 me:
2841 1881 2934 1935 sed
2972 1897 3067 1936 vos
3100 1898 3204 1935 non
3238 1881 3484 1942 creditis,

1912 1965 2038 2033 quia
2079 1978 2184 2019 non
2228 1965 2359 2019 estis
2403 1980 2470 2020 ex
2518 1965 2708 2020 ovibus
2752 1969 2909 2023 meis.
2954 1969 3093 2024 Oves
3138 1985 3270 2024 mea:
3305 1984 3490 2024 vocem

1912 2071 2086 2110 meam
2118 2057 2384 2112 audiunt:
2416 2066 2469 2112 et
2497 2072 2598 2128 ego
2639 2073 2906 2128 cognosco
2945 2075 3068 2125 eas,
3109 2069 3162 2113 et
3198 2071 3492 2130 sequuntur

1912 2164 2022 2203 me.
2068 2149 2178 2219 Ego
2219 2151 2384 2204 vitam
2436 2161 2691 2205 aeternam
2743 2152 2812 2206 do
2855 2152 2964 2217 eis,
3006 2161 3059 2207 et
3098 2166 3202 2207 non
3246 2153 3494 2220 peribunt

1918 2237 1971 2292 in
2012 2251 2308 2307 aeternum,
2349 2250 2403 2296 et
2443 2257 2545 2295 non
2587 2242 2758 2312 rapiet
2795 2258 2888 2298 eas
2925 2245 3202 2313 quisquam
3234 2243 3304 2298 de
3331 2258 3494 2298 manu

1915 2342 2052 2381 mea.
2084 2329 2241 2382 Pater
2269 2345 2418 2384 meus
2451 2331 2590 2400 quod
2635 2332 2782 2388 dedit
2823 2332 2986 2397 mihi,
3028 2335 3200 2401 majus
3239 2333 3490 2389 omnibus

1915 2428 1996 2473 est
2020 2435 2034 2473 :
2067 2428 2120 2472 et
2142 2434 2302 2474 nemo
2330 2431 2503 2488 potest
2531 2437 2724 2492 rapere
2749 2423 2816 2477 de
2843 2440 3004 2478 manu
3031 2425 3202 2480 Patris
3230 2426 3355 2481 mei.
3381 2426 3497 2497 Ego

1916 2516 1970 2561 et
1992 2508 2146 2562 Pater
2167 2525 2327 2562 unum
2352 2525 2556 2566 sumus.
2579 2511 2920 2568 Sustulerunt
2938 2513 2972 2549 "‘
2990 2514 3192 2583 lapides
3213 2515 3382 2572 Judtei
3398 2557 3414 2582 ,
3437 2528 3498 2571 ut

1920 2598 2208 2667 lapidarent
2230 2616 2372 2655 eum.
2395 2601 2686 2670 Respondit
2701 2602 2779 2658 eis
2794 2604 2823 2659 J
2828 2618 2949 2658 esus
2969 2621 2981 2657 :
3009 2605 3164 2659 Multa
3181 2620 3340 2673 opera
3358 2607 3498 2661 bona

1923 2689 2134 2743 ostendi
2158 2691 2307 2744 vobis
2329 2707 2392 2744 ex
2418 2691 2576 2746 Patre
2598 2709 2740 2756 meo,
2761 2705 2978 2763 propter
2998 2696 3138 2763 quod
3159 2711 3293 2765 Opus
3313 2711 3498 2752 eorum

1923 2795 2010 2834 me
2033 2780 2313 2849 lapidatis?
2337 2783 2749 2852 Responderunt
2769 2785 2818 2840 ei
2838 2785 3005 2840 Judaei
3031 2804 3044 2841 :
3076 2787 3151 2842 De
3175 2790 3313 2842 bono
3334 2802 3499 2857 opere

1923 2889 2028 2927 non
2061 2877 2357 2944 Iapidamns
2388 2888 2440 2931 te
2459 2918 2474 2943 ,
2498 2879 2591 2933 sed
2621 2878 2686 2934 de
2715 2879 3047 2948 blasphemia
3071 2897 3086 2947 ;
3113 2889 3165 2935 et
3189 2880 3309 2949 quia
3336 2880 3499 2935 homo

1924 2972 1979 3019 tu
2016 2980 2136 3020 cum
2168 2968 2276 3032 sis,
2310 2969 2438 3023 facis
2472 2979 2523 3025 te
2553 2971 2722 3039 ipsum
2758 2973 2944 3026 Deum.
2976 2973 3272 3042 Respondit
3300 2974 3381 3029 eis
3410 2973 3500 3028 Je-

1924 3072 2043 3111 sus:
2071 3057 2255 3112 Nonne
2276 3061 2530 3127 scriptum
2553 3072 2633 3115 est
2657 3062 2707 3114 iu
2735 3061 2848 3131 lege
2872 3072 3046 3117 vestra
3065 3106 3078 3127 ,
3100 3065 3220 3131 quia
3237 3063 3346 3132 Ego
3367 3062 3502 3128 dixi,

232 3152 368 3222 quia
396 3152 575 3206 sciant
601 3165 786 3206 vocem
814 3149 954 3220 ejus.
979 3149 1225 3204 Alienum
1248 3157 1426 3204 autem
1457 3163 1560 3203 non
1591 3163 1819 3218 sequun-
1847 3140 1892 3201 C
1924 3146 1996 3199 dii
2024 3148 2151 3200 estis
2177 3145 2352 3214 (Psat.
2375 3164 2581 3215 Lxxxt,
2603 3150 2693 3218 6)?
2720 3150 2775 3206 Si
2805 3151 2924 3205 illos
2947 3152 3080 3205 dixit
3105 3151 3252 3215 deos,
3273 3151 3338 3204 ad
3368 3166 3501 3220 quos

227 3251 355 3307 tur,
385 3242 478 3298 sed
511 3241 715 3310 fugiunt
744 3240 813 3294 ab
841 3253 907 3294 eo
935 3255 949 3291 :
983 3241 1104 3307 quia
1133 3253 1238 3292 non
1268 3253 1466 3292 novere
1492 3252 1675 3294 vocem
1703 3239 1829 3291 alie.-

217 3347 458 3390 uontm.
501 3333 612 3388 Hoc
650 3331 994 3402 proverbium
1025 3330 1168 3384 dixit
1203 3328 1308 3384 illis
1335 3329 1511 3384 Jesus.
1543 3329 1622 3383 Illi
1651 3337 1828 3383 autem

230 3440 353 3481 non
382 3438 686 3496 cognovere
714 3421 840 3493 quid
872 3421 1181 3491 loqueretur
1210 3420 1314 3475 eis.
1356 3419 1499 3474 Dixit
1526 3433 1654 3489 ergo
1681 3423 1701 3444 ‘
1732 3413 1842 3473 ite?

223 3533 362 3573 tum
389 3516 550 3573 Jesus
574 3533 584 3568 :
613 3515 784 3569 Amen
806 3516 825 3538 θ
853 3512 974 3568 dico
1002 3512 1158 3567 vobis
1177 3553 1192 3577 ,
1221 3511 1341 3583 quia
1368 3526 1468 3580 ego
1491 3526 1607 3566 sum
1634 3510 1827 3565 ostium

237 3607 451 3662 ovium.
485 3603 683 3659 Omnes
713 3610 976 3674 quotquot
1021 3613 1280 3657 venerunt
1304 3642 1320 3669 ,
1355 3602 1494 3657 fures
1523 3611 1645 3657 sunt
1673 3611 1727 3656 et
1754 3602 1829 3655 la-

241 3709 436 3754 trones
460 3737 475 3762 ,
508 3701 526 3721 ⁶
556 3696 652 3753 sed
685 3712 790 3751 non
821 3695 1104 3751 audierunt
1134 3710 1229 3751 eos
1258 3709 1407 3750 oves.
1452 3696 1563 3765 Ego
1593 3711 1709 3751 sum
1743 3710 1831 3750 os-

239 3791 402 3845 tium.
439 3789 539 3845 Per
571 3803 656 3844 me
703 3789 748 3843 si
792 3788 910 3856 quis
953 3788 1220 3842 introierit
1250 3787 1593 3860 (salvabitur)
1622 3805 1634 3842 :
1668 3795 1724 3842 et
1751 3787 1830 3842 in-

237 3881 521 3952 gredietur
552 3891 604 3935 et
634 3880 960 3950 egredietur,
993 3887 1048 3935 et
1077 3893 1271 3948 pascua
1305 3879 1558 3935 inveniet.
1590 3879 1696 3934 Fur
1724 3895 1828 3934 non

228 3973 400 4029 venit
420 4014 435 4038 ,
467 3972 566 4026 nisi
595 3982 654 4026 ut
683 3971 912 4035 furatur,
934 3981 988 4026 et
1014 3978 1238 4034 mactet,
1262 3981 1316 4026 et
1342 3973 1548 4040 perdat.
1571 3971 1683 4042 Ego
1704 3971 1826 4025 veni

225 4073 298 4119 --ttt
346 4065 514 4118 vitam
573 4063 805 4118 habeant
857 4061 952 4132 (et
987 4061 1344 4117 abundantius
1385 4063 1676 4133 habeant).
1721 4063 1831 4132 Ego

229 4168 373 4210 sum
416 4165 604 4223 pastor
639 4153 830 4208 bonus.
873 4153 1053 4207 Bonus
1093 4161 1272 4222 pastor
1301 4154 1531 4207 animam
1563 4169 1712 4206 suam
1743 4154 1834 4207 dat

239 4261 347 4315 pro
386 4245 574 4300 ovibus
607 4247 647 4299 ‘.
688 4244 1083 4309 Mercenarius,
1124 4252 1180 4300 et
1220 4243 1309 4314 qui
1357 4260 1461 4299 non
1503 4251 1587 4299 est
1631 4253 1830 4314 pasmr,

239 4335 411 4405 cujus
442 4350 545 4389 non
577 4344 701 4389 sunt
727 4348 856 4388 oves
897 4333 1166 4402 propriae,
1209 4333 1353 4387 videt
1391 4335 1572 4401 lupum
1616 4335 1833 4389 venien-

239 4439 397 4494 tem,
433 4436 487 4480 et
515 4424 738 4480 dimittit
780 4439 944 4489 oves,
977 4433 1031 4477 et
1070 4425 1239 4492 lugit:
1282 4433 1336 4478 et
1379 4425 1539 4488 lupus
1579 4427 1749 4492 rapit,
1782 4434 1836 4479 et

222 4519 509 4586 dispergit
540 4531 686 4569 oves.
723 4513 1083 4568 Mercenarius
1112 4521 1289 4567 autem
1323 4512 1488 4581 fugit,
1523 4513 1646 4580 quia
1689 4530 1826 4570 mer-
1859 4514 1907 4573 Ι)

222 4611 504 4667 cenarius
528 4615 640 4674 est,
670 4615 724 4660 et
751 4621 854 4662 non
884 4606 1114 4674 pertinet
1141 4603 1207 4659 ad
1235 4619 1356 4659 eum
1383 4605 1448 4660 de
1476 4606 1682 4660 ovibus.
1717 4606 1828 4677 Ego

233 4714 374 4757 sum
401 4708 581 4767 pastor
609 4695 779 4753 bonus
806 4683 819 4749 ἑ
847 4705 899 4751 et
927 4709 1191 4764 cognosco
1217 4710 1362 4750 meas
1381 4737 1396 4761 ,
1425 4705 1478 4750 et
1502 4707 1832 4765 cognoscunt

239 4805 341 4847 me
379 4801 536 4843 mete.
571 4787 724 4843 Sicut
753 4787 900 4841 novit
928 4801 1013 4840 me
1045 4786 1220 4851 Pater,
1252 4795 1304 4841 et
1332 4801 1431 4857 ego
1464 4802 1696 4858 agnosco
1727 4788 1830 4844 Pa-

241 4893 396 4939 trem
429 4897 443 4935 :
473 4891 526 4936 et
556 4879 786 4934 animant
816 4893 989 4934 meam
1021 4892 1160 4948 pono
1199 4893 1295 4948 pro
1336 4879 1527 4934 ovibus
1567 4881 1721 4936 meis.
1767 4881 1833 4937 Et

237 4976 391 5032 alias
419 4989 546 5029 oves
575 4974 772 5039 habeo,
797 4987 915 5043 qua:
946 4987 1050 5028 non
1077 4981 1202 5027 sunt
1225 4988 1292 5028 ex
1321 4975 1419 5029 hoc
1445 4975 1606 5030 ovili:
1634 4984 1687 5031 et
1713 4977 1832 5032 illas

241 5074 476 5136 oportet
513 5080 600 5120 me
643 5063 908 5119 adducere
929 5103 943 5128 ,
988 5072 1042 5117 et
1082 5077 1267 5118 vocem
1299 5079 1471 5118 meam
1503 5067 1757 5124 audient:
1790 5078 1844 5124 et

243 5161 347 5216 ﬁet
381 5173 543 5212 unum
573 5157 714 5211 ovile
737 5201 751 5224 ,
786 5163 841 5211 et
872 5168 1007 5209 unus
1038 5163 1241 5223 pastor.
1278 5153 1570 5224 Propterea
1610 5172 1696 5212 me
1739 5158 1843 5212 Pa-

238 5260 339 5306 ter
393 5249 597 5319 diligit:
631 5247 750 5315 quia
783 5260 880 5316 ego
911 5259 1051 5315 pono
1081 5245 1307 5298 animam
1339 5261 1509 5299 meam
1552 5246 1630 5317 (ut
1657 5248 1844 5301 iterum

239 5355 470 5399 sumam
500 5340 668 5410 eam).
700 5338 868 5394 Nemo
899 5337 1038 5392 tollit
1067 5351 1186 5391 eam
1219 5351 1249 5390 a
1281 5351 1368 5391 me
1389 5376 1406 5402 ,
1437 5337 1531 5390 sed
1568 5352 1669 5407 ego
1700 5353 1842 5406 pono

240 5447 379 5491 eam
411 5447 440 5487 a
473 5445 560 5487 me
589 5431 724 5500 ipso.
752 5431 773 5454 θ
802 5427 1125 5483 Potestatem
1151 5425 1324 5480 habeo
1353 5427 1585 5496 ponendi
1617 5442 1756 5492 eam,
1786 5438 1839 5483 et

247 5531 585 5596 potestatem
615 5519 791 5577 habeo
829 5519 1022 5575 iterum
1064 5517 1314 5574 sumendi
1353 5531 1493 5573 eam.
1539 5517 1652 5573 Hoc
1691 5535 1842 5575 mau-

333 5715 366 5746 ⁸
414 5703 591 5772 Vulg.,
618 5703 683 5773 ξε
697 5700 929 5773 peccatis,
949 5697 1239 5773 concinens
1256 5695 1463 5773 Graecis
1485 5698 1532 5773 i3
1553 5697 1845 5773 ἁμαρτίαι-ς.

335 5776 368 5819 δ
411 5767 603 5847 Vulg;
638 5767 705 5826 Et
734 5771 866 5825 dixit
891 5768 1063 5825 λειω.
1096 5767 1278 5839 Neque
1308 5767 1463 5824 aliter
1490 5767 1680 5823 ϐτί-ὲ
1706 5769 1850 5822 Reli-

1929 3247 2107 3287 sermo
2139 3235 2231 3287 Dei
2264 3235 2433 3289 factus
2461 3247 2576 3300 est,
2609 3249 2660 3289 et
2693 3251 2798 3291 non
2831 3247 3007 3306 potest
3037 3239 3168 3292 solvi
3197 3238 3501 3307 Scriptura:

1930 3324 2096 3390 Quem
2131 3323 2286 3378 Pater
2317 3325 2694 3389 sanctiﬁcavit,
2727 3334 2780 3380 et
2811 3326 2956 3380 misit
2992 3326 3044 3380 in
3085 3325 3374 3393 mundum,
3406 3341 3503 3380 vos

1930 3411 2136 3468 dicitis:
2161 3413 2294 3480 Quia
2322 3413 2697 3482 blaSphemas:
2724 3416 2844 3483 quia
2872 3413 3014 3478 dixi,
3047 3414 3212 3469 Filius
3233 3413 3324 3468 Dei
3349 3412 3508 3468 sum?

1931 3502 1988 3557 Si
2018 3519 2122 3557 non
2155 3503 2288 3560 facio
2344 3519 2506 3573 opera
2551 3504 2719 3558 Patris
2749 3505 2884 3567 mei,
2919 3505 3082 3558 nolite
3111 3504 3333 3559 credere
3347 3504 3503 3561 mihi.

1933 3595 1986 3650 Si
2018 3605 2196 3649 autem
2231 3597 2400 3662 facio,
2432 3606 2485 3651 et
2509 3596 2554 3650 si
2583 3612 2686 3650 non
2713 3597 2871 3650 vultis
2897 3595 3024 3648 mihi
3053 3595 3303 3660 credere,
3332 3597 3508 3663 Operi-

1933 3687 2031 3740 hus
2058 3687 2295 3753 credite,
2325 3696 2380 3742 ut
2410 3687 2772 3756 cognoscatis,
2808 3695 2863 3741 et
2891 3687 3156 3751 credatis,
3186 3687 3308 3755 quia
3339 3686 3392 3739 in
3423 3700 3509 3738 mo

1931 3789 2014 3835 est
2051 3781 2230 3845 Pater,
2274 3790 2328 3836 et
2367 3795 2468 3850 ego
2507 3781 2558 3834 in
2604 3779 2781 3834 Patre.
2822 3779 3140 3847 Quaerebam
3176 3792 3302 3848 ergo
3331 3793 3450 3831 eum
3477 3778 3510 3812 "

1930 3871 2388 3942 comprehendere
2404 3915 2419 3939 ,
2445 3882 2498 3927 et
2522 3872 2681 3927 exivit
2709 3872 2776 3927 de
2799 3872 3040 3925 manibus
3062 3887 3267 3925 eorum.
3298 3871 3362 3927 Et
3382 3871 3512 3924 abiit

1933 3965 2123 4020 iterum
2149 3965 2630 4030 trans‘Jordanem,
2661 3964 2711 4018 in
2739 3979 2862 4018 eum
2894 3964 3066 4017 locum
3097 3961 3182 4017 ubi
3209 3972 3324 4017 erat
3343 3961 3511 4014 Joan-

1935 4069 2028 4108 nes
2057 4054 2334 4124 haptizans
2361 4055 2591 4122 primum
2620 4072 2632 4105 :
2663 4063 2716 4108 et
2754 4055 2949 4108 mansit
2983 4053 3116 4106 illic.
3148 4053 3211 4106 Et
3238 4052 3388 4106 multi
3421 4065 3513 4106 νος

1937 4154 2135 4199 nerunt
2175 4146 2240 4197 ad
2278 4161 2430 4211 cum,
2472 4155 2525 4199 et
2561 4145 2810 4200 dicebant
2838 4161 2853 4200 :
2881 4145 3013 4210 Quia
3037 4144 3268 4198 Joannes
3293 4142 3509 4211 quidem

1935 4237 2147 4306 signum
2179 4235 2300 4290 fecit
2331 4238 2555 4290 nullum.
2600 4238 2787 4291 Omnia
2812 4246 2986 4290 autem
3014 4247 3340 4303 quascunque
3379 4232 3510 4287 dixit

1937 4326 2174 4380 Joannes
2199 4325 2265 4378 dc
2292 4324 2391 4377 hoc
2415 4364 2430 4389 ,
2465 4339 2590 4377 vera
2615 4334 2788 4378 erant.
2825 4323 2890 4376 Et
2918 4321 3067 4374 multi
3093 4319 3432 4373 crediderunt
3457 4319 3512 4373 in

1939 4431 2086 4468 θυιη.

2466 4497 2692 4554 CAPUT
2729 4497 2989 4554 CXXXV.

1938 4613 2087 4668 Jctus
2117 4612 2382 4668 resuscitat
2424 4610 2671 4664 Lazarum
2695 4628 2726 4662 a
2753 4611 2961 4662 mortuis
2984 4624 3004 4663 :
3032 4616 3080 4660 et
3106 4607 3358 4679 principes
3394 4623 3519 4664 con.

2205 4683 2377 4736 cilium
2403 4684 2628 4751 faciunt,
2653 4693 2703 4733 ut
2741 4681 3074 4746 interﬁcerent
3112 4694 3246 4735 eum.

2010 4794 2165 4849 Jom.
2213 4808 2301 4858 xt,
2348 4793 2501 4848 1-56.
2549 4791 2675 4847 Erat
2724 4799 2902 4846 autem
2955 4789 3170 4860 quidam
3224 4791 3482 4862 languens
3513 4837 3526 4858 ,

1942 4884 2177 4939 Lazarus
2222 4898 2250 4936 a
2301 4882 2585 4947 Bethania,
2626 4881 2692 4936 de
2723 4882 2942 4937 castello
2989 4881 3164 4936 Maria:
3205 4889 3257 4935 et
3296 4881 3516 4939 Martha:

1943 4976 2142 5031 sororis
2169 4974 2308 5044 ejus.
2352 4973 2516 5029 Maria
2542 4984 2722 5030 autem
2755 4983 2872 5029 erat
2897 4988 3015 5044 qua:
3047 4971 3197 5026 unxit
3223 4973 3508 5028 Dominum

1948 5077 2236 5137 unguento,
2266 5075 2319 5120 et
2349 5066 2571 5122 extersit
2616 5065 2778 5135 pedes
2820 5065 2936 5135 ejus
2967 5064 3176 5133 capillis
3206 5066 3334 5128 suis,
3364 5063 3516 5131 cujus

1949 5158 2114 5212 frater
2155 5156 2383 5211 Lazarus
2424 5155 2812 5210 iulirmabatur.
2847 5155 3104 5210 hliserunt
3145 5169 3274 5224 ergo
3301 5167 3518 5208 sorores

1950 5251 2063 5319 ejus
2085 5249 2150 5303 ad
2177 5264 2318 5312 eum,
2345 5247 2618 5302 dicentes:
2657 5247 2899 5313 Domine,
2929 5262 3055 5303 ecce
3077 5261 3233 5316 quem
3261 5261 3409 5300 amas
3439 5246 3519 5300 in-

1951 5343 2208 5397 ﬁrmatur.
2236 5340 2468 5397 Audiens
2497 5349 2675 5395 autem
2713 5339 2892 5405 Jesus,
2921 5340 3054 5394 dixit
3085 5341 3201 5396 eis:
3236 5337 3522 5394 lnlirmias

1949 5432 2064 5486 haec
2106 5446 2213 5486 non
2254 5438 2337 5485 est
2384 5429 2449 5484 ad
2503 5438 2761 5495 mortem,
2809 5429 2904 5484 sed
2943 5444 3042 5498 pro
3090 5429 3254 5500 gloria
3305 5430 3428 5499 Dei,
3461 5438 3522 5484 ut

1947 5523 2271 5596 gloriﬁcatur
2323 5521 2488 5576 Filius
2541 5522 2633 5576 Dei
2690 5535 2786 5590 per
2829 5534 2971 5575 eam.
3019 5520 3283 5590 Diligebat
3329 5530 3509 5576 autent

1959 5711 2088 5766 quas
2112 5694 2364 5766 deinceps
2392 5694 2674 5748 lectionum
2705 5692 2992 5766 varietates
3031 5704 3288 5752 adnotare
3316 5697 3518 5753 omitti-

1957 5763 2105 5830 mus,
2136 5765 2239 5822 hoc
2265 5763 2372 5821 uno
2396 5766 2549 5836 signo
2574 5767 2593 5789 °
2620 5776 2714 5820 eas
2737 5763 3002 5820 iudicasse
3025 5768 3284 5822 contenti.
