4026 6486
545 332 649 387 327

1684 324 2000 383 VlCTOiilS
2036 322 2341 382 EPISCOPI
2370 324 2664 383 CAPUANI

3703 332 3810 388 δῖε

545 443 702 500 Iesus
729 440 986 498 Martham
1004 481 1021 508 ,
1050 448 1106 498 et
1146 453 1391 497 sororem
1418 440 1535 511 ejus
1576 440 1828 506 Mariam,
1858 449 1914 496 et
1952 439 2117 495 Laza-
2141 439 2195 498 A
2222 439 2386 496 Iesus
2414 456 2427 493 :
2464 439 2652 496 Nonne
2680 440 2789 496 dixi
2823 440 2915 497 tibi
2947 443 3199 511 quoniam
3226 443 3272 498 si
3302 443 3625 514 credideris,
3654 448 3809 504 vide-

544 549 684 591 rum.
711 534 783 590 Ut
809 547 939 604 ergo
962 533 1167 589 audivit
1184 533 1309 603 quia
1337 534 1727 601 infirmabatur,
1749 542 1876 589 tunc
1903 533 2121 604 quidem

548 628 742 684 mansit
781 626 836 682 in
862 626 1050 682 eodem
1080 627 1198 682 loco
1225 626 1434 681 duobus
1474 626 1686 680 diebus.
1733 626 1959 692 Deinde,
2001 634 2126 695 post

544 721 661 775 haec
688 718 819 774 dicit
840 717 1116 787 discipulis
1145 718 1258 773 suis
1282 735 1295 769 :
1325 717 1522 773 Eamus
1550 717 1604 773 in
1632 717 1876 773 Iudaeam
1908 718 2121 773 iterum.

544 811 742 867 Dicunt
764 810 814 865 ei
836 808 1083 878 discipuli
1111 826 1122 861 :
1152 808 1320 863 Καὶ)ὺί
1343 849 1358 875 ,
1380 810 1411 845 *ι
1434 810 1485 863 in
1512 808 1786 863 Iudaeam?
1812 808 1962 863 Nunc
1985 822 2126 876 qutu-

545 902 742 960 rebaut
764 910 816 957 te
843 901 1081 971 lapidare
1110 900 1277 955 Iudaei
1301 942 1315 967 ,
1344 909 1399 955 et
1426 901 1618 955 iterum
1651 900 1800 954 vadis
1830 900 1991 953 illuc?
2022 899 2127 954 Re-

547 992 760 1062 spondit
784 992 981 1048 Iesus:
1011 989 1201 1046 Nonne
1227 990 1508 1044 duodecim
1548 1000 1672 1043 sunt
1702 990 1847 1044 horae
1889 990 2035 1044 diei?
2068 990 2123 1046 Si

547 1085 666 1153 quis
706 1082 1059 1138 ambulaverit
1099 1081 1152 1136 in
1201 1080 1311 1149 die,
1344 1096 1451 1135 non
1496 1080 1753 1148 offendit,
1786 1082 1909 1151 quia
1951 1081 2124 1136 lucem

548 1174 709 1243 hujus
732 1173 917 1230 mundi
953 1172 1134 1229 videt:
1164 1174 1209 1228 si
1251 1184 1427 1229 autem
1456 1174 1810 1230 ambulaverit
1847 1176 1900 1230 in
1943 1185 2121 1242 nocte,

549 1264 801 1331 offendit,
831 1263 959 1334 quia
999 1278 1107 1320 non
1150 1272 1233 1320 est
1268 1263 1355 1319 lux
1403 1264 1456 1319 in
1487 1280 1573 1319 eo.
1616 1265 1742 1321 Haec
1780 1266 1884 1333 ait,
1915 1276 1970 1321 et
2009 1276 2128 1337 post

547 1356 667 1413 haec
704 1356 836 1412 dicit
862 1356 983 1413 eis:
1016 1355 1257 1411 Lazarus
1298 1356 1503 1411 amicus
1543 1365 1726 1412 noster
1762 1356 1998 1414 dormit:
2029 1358 2124 1415 sed

545 1446 704 1515 vado,
734 1455 791 1503 ut
828 1462 860 1503 a
889 1460 1082 1502 somno
1109 1444 1363 1502 suscitem
1395 1460 1540 1501 eum.
1569 1447 1827 1502 Dixerunt
1869 1462 1998 1516 ergo
2038 1446 2124 1501 di-

545 1538 740 1609 scipuli
768 1537 928 1608 ejus;
960 1537 1206 1604 Domine,
1236 1537 1282 1593 si
1308 1536 1536 1604 dormit,
1561 1538 1739 1593 salvus
1766 1539 1889 1594 erit.
1912 1539 2127 1594 Dixerat

548 1638 728 1686 autem
773 1629 930 1685 Iesus
958 1628 1027 1684 de
1065 1636 1238 1684 morte
1272 1628 1411 1699 ejus.
1454 1628 1536 1684 Illi
1580 1638 1757 1683 autem
1806 1639 2127 1698 putaverunt

550 1721 676 1791 quia
706 1720 774 1775 de
800 1719 1124 1775 dormitione
1168 1719 1343 1775 somni
1385 1718 1608 1775 diceret.
1638 1714 1787 1774 Tunc
1823 1734 1952 1789 ergo
1990 1720 2125 1775 dixit

2227 530 2308 585 bis
2350 532 2575 601 gloriam
2606 533 2735 589 Dei?
2764 533 3022 589 Tuleruut
3048 550 3181 605 ergo
3223 534 3476 604 lapidem.
3518 538 3678 593 Iesus
3713 552 3813 593 au-
3897 543 3913 563 '

2224 631 2333 676 tem
2365 622 2586 677 elevatis
2626 637 2837 678 sursum
2882 625 3075 691 oculis,
3114 626 3287 679 dixit:
3319 626 3497 696 Pater,
3541 627 3637 681 tibi
3683 644 3811 699 gra-

2226 712 2329 766 tias
2374 727 2495 781 ago,
2528 713 2778 782 quoniam
2824 713 3019 769 audisti
3049 730 3153 770 me.
3192 716 3304 784 Ego
3341 726 3520 771 autem
3565 718 3807 773 sciebam

2225 805 2349 875 quia
2396 820 2611 874 semper
2654 821 2740 861 me
2780 807 2960 872 audis;
3004 807 3097 862 sed
3150 817 3370 877 propter
3411 810 3667 877 populum
3714 813 3807 877 qui

2226 897 2567 964 circumstat,
2623 898 2774 952 dixi:
2810 908 2867 952 ut
2912 898 3134 953 credant
3176 899 3300 969 quia
3347 909 3402 953 tu
3454 916 3539 955 me
3585 902 3802 957 misisti.

2229 987 2354 1043 llzcc
2383 1004 2501 1043 cum
2544 987 2798 1053 dixisset,
2842 1004 2974 1044 voce
3022 1004 3212 1060 magna
3257 990 3543 1045 clamavit:
3578 993 3807 1059 Laur»,

2226 1078 2347 1131 veni
2380 1077 2543 1134 foras.
2576 1077 2641 1131 Et
2668 1080 2845 1131 statim
2878 1077 3076 1147 prodit
3108 1079 3198 1148 qui
3240 1078 3414 1135 fuerat
3443 1092 3708 1145 mortuus,
3747 1083 3810 1135 li-

2225 1176 2379 1235 gatus
2421 1167 2583 1237 pedes
2611 1176 2665 1222 et
2693 1182 2883 1223 manus
2911 1168 3143 1224 institis:
3172 1178 3226 1224 et
3256 1170 3416 1225 facies
3458 1171 3601 1227 illius
3642 1175 3806 1228 suda—

2228 1260 2309 1314 rio
2354 1268 2471 1315 erat
2518 1260 2698 1330 ligata.
2746 1262 2883 1316 Dicit
2928 1261 3085 1317 Iesus
3127 1263 3269 1317 illis:
3303 1262 3505 1319 Solvite
3550 1280 3703 1329 eum,
3753 1276 3812 1322 et

2226 1352 2381 1405 sinite
2408 1352 2578 1407 abire.
2626 1352 2773 1407 Multi
2815 1369 2942 1423 ergo
2969 1368 3034 1409 ex
3064 1353 3266 1409 Iudaeis
3290 1356 3380 1424 qui
3431 1367 3690 1411 venerant
3738 1359 3805 1411 ad

2228 1443 2445 1497 Mariam
2472 1446 2513 1509 ‘,
2542 1451 2597 1497 et
2631 1443 2874 1500 viderant
2914 1460 3037 1514 qua:
3064 1444 3191 1501 fecit
3229 1445 3408 1513 Iesus,
3448 1449 3808 1504 crediderunt

2227 1532 2280 1586 in
2307 1547 2448 1586 eum.
2480 1532 2701 1598 Quidam
2732 1542 2908 1589 autem
2947 1550 3015 1590 ex
3058 1536 3188 1607 ipsis
3228 1538 3475 1593 abierunt
3515 1538 3581 1593 ad
3612 1540 3811 1595 Phari-

2228 1636 2386 1686 sares,
2425 1630 2481 1676 et
2518 1623 2771 1678 dixerunt
2809 1626 2888 1679 eis
2927 1640 3048 1695 qua:
3076 1626 3202 1681 fecit
3236 1625 3417 1683 Iesus.
3458 1628 3814 1699 Coilegerunt

2226 1728 2357 1781 ergo
2386 1715 2667 1784 pontiﬁces
2699 1727 2756 1772 et
2786 1716 3042 1773 Pltariszci
3074 1719 3356 1775 concilium
3375 1761 3392 1787 ,
3418 1730 3472 1776 et
3508 1722 3762 1779 dicebant
3791 1743 3808 1779 :

550 1812 631 1867 είς
654 1811 973 1867 ωευίίθειεε
1004 1810 1236 1865 Lazarus
1265 1821 1507 1866 ηιοι-ιυυε
1532 1819 1614 1865 εει
1639 1828 1654 1865 ε
1683 1821 1735 1865 ει
1765 1811 1972 1881 gaudeo
2000 1827 2123 1882 pro.
2155 1798 2198 1858 Β
2232 1804 2366 1870 Quid
2401 1803 2648 1873 facimus,
2676 1807 2797 1877 quia
2828 1808 2924 1871 hic
2958 1809 3120 1864 homo
3157 1811 3320 1865 multa
3365 1812 3517 1883 signa
3560 1812 3721 1869 facit?
3752 1815 3812 1870 Si

549 1910 670 1971 pter
695 1914 812 1967 vos,
840 1908 899 1955 ut
925 1900 1179 1965 credatis,
1212 1901 1333 1970 quia
1360 1916 1465 1955 non
1492 1916 1639 1956 eram
1671 1901 1740 1956 ibi
1767 1918 1785 1956 :
1811 1902 1907 1958 sed
1934 1916 2122 1958 eamus

551 1993 621 2047 ad
644 2006 787 2048 eum.
819 1993 961 2047 Dixit
992 2007 1120 2061 ergo
1145 1991 1379 2046 Thomas
1405 1992 1494 2060 qui
1524 1991 1717 2047 dicitur
1743 1978 2047 2064 Didymus:
2056 1986 2120 2047 ad

550 2085 981 2154 condiscipulos:
1014 2084 1209 2138 Eamus
1236 2091 1292 2139 et
1323 2098 1444 2153 nos,
1475 2092 1532 2139 et
1558 2082 1852 2139 moriamur
1884 2099 2007 2139 cum
2035 2098 2121 2139 eo.

551 2174 709 2231 Venit
731 2174 911 2245 itaque
936 2173 1111 2239 Iesus,
1141 2181 1197 2229 et
1226 2173 1432 2230 invenit
1459 2187 1580 2229 eum
1608 2171 1718 2243 jam
1748 2183 1980 2243 quatuor
2002 2174 2120 2230 dies

550 2267 607 2322 in
651 2250 1000 2322 monumento
1025 2265 1059 2302 "
1094 2274 1423 2321 manentem.
1477 2264 1608 2318 Erat
1642 2273 1821 2320 autent
1864 2264 2121 2319 Bethania

541 2357 694 2428 juxta
722 2356 1181 2428 Hierosolymam,
1212 2355 1367 2426 quasi
1399 2355 1589 2409 stadiis
1614 2355 1938 2425 quindecim.
1973 2356 2125 2410 Multi

548 2456 729 2503 autem
765 2461 831 2501 ex
860 2446 1061 2502 Iudaeis
1091 2454 1352 2501 venerant
1392 2444 1461 2500 ad
1488 2443 1750 2499 Martham
1780 2454 1837 2500 et
1866 2445 2085 2499 Mariam
2105 2486 2120 2511 ,

550 2543 611 2590 ut
634 2535 1038 2591 consolarentur
1063 2548 1155 2590 eas
1179 2535 1245 2590 de
1273 2534 1438 2590 fratre
1467 2547 1585 2589 suo.
1615 2533 1821 2590 Martha
1862 2544 2039 2591 autem
2069 2543 2126 2589 ut

550 2623 755 2681 audivit
782 2626 905 2695 quia
943 2624 1099 2681 Iesus
1140 2625 1314 2691 venit,
1359 2625 1593 2681 occurrit
1621 2624 1710 2679 ei:
1752 2623 1917 2679 Maria
1948 2634 2124 2679 autem

547 2714 697 2772 domi
724 2716 963 2773 sedebat.
994 2716 1134 2771 Dixit
1154 2732 1281 2788 ergo
1306 2716 1511 2772 Martha
1534 2716 1599 2772 ad
1626 2715 1841 2773 Iesum:
1875 2716 2122 2784 Domine,

548 2808 599 2863 si
622 2805 708 2864 hic
735 2807 948 2876 fuisses,
987 2806 1148 2864 frater
1177 2822 1331 2863 meus
1362 2821 1469 2863 non
1510 2806 1697 2864 fuisset
1721 2818 1983 2864 mortuus.
2017 2808 2124 2863 Sed

548 2910 605 2957 et
647 2915 789 2958 nunc
832 2901 948 2959 scio
991 2902 1115 2973 quia
1164 2917 1497 2973 quaecunque
1546 2904 1860 2973 poposceris
1907 2920 1937 2959 a
1989 2905 2121 2971 Deo,

548 2989 696 3046 dabit
737 2990 833 3046 tibi
883 2991 1041 3047 Deus.
1085 2991 1225 3046 Dicit
1270 2991 1347 3046 illi
1395 2992 1550 3049 Iesus
1585 3010 1601 3049 :
1642 2993 1907 3065 Resurget
1957 2995 2123 3051 frater

549 3090 691 3141 tuus.
725 3082 863 3139 Dicit
885 3083 916 3120 '*
941 3098 1069 3154 ergo
1097 3083 1340 3142 Martha:
1371 3085 1495 3141 Scio
1524 3086 1647 3156 quia
1676 3099 1921 3159 resurget
1950 3089 2004 3144 in
2039 3103 2123 3143 re-

2225 1894 2546 1950 dimittimus
2588 1911 2709 1952 cum
2754 1899 2851 1963 sic,
2881 1913 3069 1955 omnes
3106 1900 3326 1961 credent
3356 1902 3409 1957 in
3450 1917 3605 1969 eum;
3634 1912 3692 1960 et
3713 1920 3815 1959 ve-

2228 1989 2377 2043 nient
2406 1988 2664 2052 Romani,
2692 1998 2746 2044 et
2773 1991 2965 2046 tollent
3000 1990 3175 2047 locum
3206 2003 3444 2050 nostrum
3481 2006 3535 2052 et
3563 2007 3808 2065 gentem.

2229 2079 2376 2134 Unus
2406 2088 2582 2135 autem
2630 2095 2694 2135 ex
2746 2080 2899 2149 ipsis,
2943 2081 3173 2152 Caiphae
3211 2084 3446 2150 nomine,
3493 2101 3614 2141 cum
3662 2098 3811 2144 esset

2228 2172 2461 2241 pontifex
2510 2175 2631 2228 anni
2678 2174 2841 2239 illius,
2888 2174 3025 2229 dixit
3068 2176 3184 2231 eis:
3220 2175 3329 2232 Vos
3375 2179 3600 2234 nescitis
3646 2182 3813 2249 quid-

2227 2279 2422 2334 quam,
2469 2280 2569 2320 nec
2617 2266 2860 2337 cngitatis
2901 2267 3022 2337 quia
3062 2268 3338 2339 cxpedit“
3364 2270 3521 2325 nobis
3564 2279 3627 2325 ut
3671 2286 3817 2327 unus

2233 2358 2495 2410 moriatur
2524 2356 2687 2413 homo
2715 2374 2814 2428 pro
2844 2361 3061 2429 populo,
3091 2370 3146 2415 et
3170 2374 3279 2415 non
3302 2369 3412 2416 tota
3436 2376 3569 2432 gens
3598 2375 3810 2432 pereat.

2228 2448 2341 2503 lloc
2385 2459 2562 2503 autem
2593 2465 2623 2505 a
2671 2452 2963 2521 semetipso
2992 2468 3099 2507 non
3140 2452 3314 2508 dixit:
3344 2455 3443 2511 sed
3488 2468 3610 2510 cum
3659 2465 3815 2510 esset

2233 2540 2471 2609 pontifex
2516 2541 2641 2597 anni
2681 2543 2852 2608 illius,
2887 2543 3224 2613 prophetavit
3263 2546 3387 2615 quia
3422 2546 3579 2602 Iesus
3625 2549 3818 2601 mori—

2231 2641 2382 2686 turus
2411 2642 2529 2688 erat
2563 2648 2661 2703 pro
2690 2645 2847 2704 gente
2872 2653 2887 2691 :
2918 2644 2973 2691 et
3003 2652 3106 2690 non
3140 2646 3342 2693 tantum
3371 2653 3468 2711 pro
3494 2651 3679 2708 gente,
3708 2643 3815 2696 sed

2233 2731 2291 2778 ut
2338 2732 2392 2778 et
2435 2724 2573 2779 filios
2606 2725 2700 2781 Dei
2732 2726 2824 2795 qui
2868 2735 3023 2783 erant
3067 2728 3327 2799 dispersi,
3370 2744 3722 2803 congregaret
3756 2734 3817 2790 in

2238 2828 2421 2868 unum.
2453 2815 2535 2869 Ab
2571 2816 2664 2871 illo
2692 2831 2821 2887 ergo
2847 2817 2936 2875 die
2962 2820 3329 2889 cogitaverunt
3357 2830 3415 2876 ut
3445 2823 3822 2880 interﬁcerent

2227 2917 2376 2960 eum.
2406 2904 2565 2961 Iesus
2608 2922 2739 2977 ergo
2782 2908 2893 2977 jam
2942 2925 3051 2965 non
3099 2911 3275 2980 palam
3323 2914 3629 2970 ambulabat
3669 2916 3818 2985 apud

2228 2994 2463 3063 Iudaeos,
2497 2998 2592 3052 sed
2626 2998 2805 3070 (abiit)
2836 3000 2889 3055 in
2933 3002 3210 3071 regionem
3234 3004 3385 3074 juxta
3415 3006 3720 3073 desertum,
3754 3011 3817 3066 in

2229 3088 2494 3143 civitatem
2536 3104 2657 3159 qua:
2701 3090 2896 3146 dicitur
2942 3092 3181 3161 Ephrem
3216 3109 3229 3153 :
3276 3105 3330 3151 et
3374 3097 3447 3153 ibi
3495 3100 3819 3158 morabatur

546 3176 904 3244 surrectione,
935 3176 987 3230 in
1019 3175 1312 3231 novissimo
1337 3175 1445 3233 die.
1476 3176 1616 3233 Dicit
1644 3176 1737 3247 (ei)
1782 3177 1976 3233 Iesus:
2012 3180 2121 3251 Ego
2150 3167 2196 3229 C
2226 3192 2344 3231 cum
2386 3178 2665 3249 discipulis
2689 3179 2822 3235 suis.
2852 3181 3162 3238 Proximum
3208 3194 3387 3242 autem
3434 3198 3553 3243 erat
3601 3189 3814 3246 Pascha

546 3281 665 3331 sum
712 3265 1036 3323 resurrectio
1062 3275 1119 3322 et
1150 3266 1275 3322 vita.
1317 3267 1419 3335 Qui
1463 3267 1636 3323 credit
1684 3269 1739 3323 in
1776 3284 1882 3337 me,
1910 3271 2122 3325 etiamsi

544 3364 788 3423 mortuus
816 3356 1010 3425 fuerit,
1042 3359 1210 3415 vivet.
1246 3359 1315 3415 Et
1344 3360 1517 3416 omnis
1545 3361 1635 3433 qui
1678 3363 1834 3428 vivit,
1868 3372 1922 3419 et
1949 3363 2121 3418 credit

540 3448 597 3503 in
636 3463 742 3518 me,
775 3464 881 3506 non
918 3452 1178 3508 morietur
1208 3453 1262 3507 in
1302 3462 1582 3509 :eternum.
1626 3454 1817 3511 Credis
1848 3454 1984 3510 hoc?
2029 3456 2123 3511 Ait

544 3537 619 3594 illi
643 3556 657 3592 :
691 3537 906 3608 Utique,
933 3538 1194 3597 Domine:
1218 3556 1317 3610 ego
1336 3542 1541 3598 credidi
1568 3543 1688 3611 quia
1714 3552 1767 3597 tu
1790 3557 1849 3599 es
1877 3543 2121 3599 Christus

545 3628 710 3684 Filius
741 3628 837 3685 Dei
885 3629 1020 3697 vivi,
1066 3632 1156 3700 qui
1199 3630 1256 3691 in
1302 3631 1444 3687 hunc
1489 3635 1746 3689 mundum
1794 3635 2011 3691 venisti.
2054 3638 2120 3692 Et

540 3736 666 3776 cum
692 3720 808 3775 haec
828 3721 1083 3791 dixisset,
1112 3724 1277 3794 abiit,
1304 3737 1360 3781 et
1384 3727 1594 3782 vocavit
1623 3729 1843 3784 Mariam
1873 3744 2116 3789 sororem

544 3823 695 3864 suam
726 3798 962 3878 silentio,
990 3811 1217 3868 dicens:
1244 3814 1495 3885 Magister
1536 3818 1718 3885 adest,
1752 3828 1805 3874 et
1841 3831 1997 3877 vocat
2043 3833 2117 3879 te.

542 3898 635 3955 Illa
664 3908 721 3955 ut
747 3900 972 3969 audivit,
998 3905 1170 3976 surgit
1194 3905 1323 3972 cito,
1345 3912 1400 3962 et
1424 3909 1573 3964 venit
1597 3910 1661 3966 ad
1693 3926 1840 3969 eum.
1870 3912 2116 3971 Nondum

540 3988 683 4046 enim
713 4002 931 4049 venerat
957 3993 1113 4051 Iesus
1154 3996 1207 4050 in
1237 3998 1549 4067 castellum,
1577 4002 1670 4058 sed
1706 4014 1822 4059 erat
1856 4005 2031 4062 adhuc
2061 4008 2115 4062 in

543 4078 639 4136 illo
664 4080 783 4137 loco
820 4083 909 4139 ubi
952 4096 1259 4144 occurrerat
1283 4089 1334 4144 ei
1382 4090 1610 4146 Martha.
1643 4094 1815 4151 Iudaei
1858 4112 1987 4168 ergo
2026 4099 2115 4169 qui

540 4179 695 4226 erant
726 4186 847 4227 cum
875 4173 963 4229 illa
991 4175 1044 4230 in
1074 4175 1258 4244 domo,
1285 4186 1341 4234 et
1364 4182 1781 4239 consolabantur
1808 4201 1955 4253 eam,
1987 4202 2111 4244 cum

542 4257 801 4316 vidissent
830 4260 1046 4318 Mariam
1064 4305 1083 4332 ,
1111 4265 1237 4336 quia
1261 4267 1372 4325 cito
1400 4272 1632 4326 surrexit
1659 4281 1715 4328 et
1754 4274 1914 4342 exiit,
1942 4279 2112 4331 secuti

536 4355 664 4403 sunt
701 4364 851 4419 eam,
893 4352 1174 4411 dicentes:
1207 4357 1343 4424 Quia
1374 4360 1517 4415 vadit
1554 4362 1620 4418 ad
1667 4376 2105 4434 monumentum,

541 4448 599 4493 ut
626 4441 799 4509 ploret
828 4443 920 4501 ibi.
961 4445 1125 4503 Maria
1152 4463 1279 4520 ergo
1319 4465 1440 4507 cum
1486 4455 1723 4512 venisset
1749 4457 1835 4513 ubi
1865 4468 1981 4514 erat
2022 4460 2112 4516 Ie-

2223 3268 2529 3325 Indmorum
2556 3288 2570 3326 :
2602 3281 2656 3326 et
2689 3273 3045 3329 ascenderunt
3076 3276 3229 3331 multi
3274 3277 3713 3352 Hierosolymam
3745 3284 3815 3340 de

2224 3362 2449 3430 regione
2474 3372 2599 3418 ante
2625 3362 2861 3431 Pascha,
2893 3374 2952 3420 ut
2974 3367 3374 3425 sanetiticarent
3397 3372 3625 3440 seipsos.
3652 3374 3816 3441 Qua:-

2226 3452 2421 3506 rebant
2458 3467 2589 3523 ergo
2615 3453 2797 3510 Iesum
2818 3497 2835 3523 ,
2867 3464 2923 3511 et
2959 3458 3399 3529 colioquebautur
3426 3462 3496 3517 ad
3536 3465 3811 3529 invicem,

2224 3542 2277 3596 in
2312 3543 2514 3611 templo
2554 3553 2803 3603 stantes:
2836 3548 2972 3616 Quid
3004 3551 3220 3617 putatis,
3249 3553 3372 3622 quia
3410 3568 3518 3610 non
3565 3559 3719 3613 venit
3744 3559 3811 3613 ad

2221 3632 2360 3688 diem
2392 3634 2627 3692 festum?
2668 3637 2943 3694 Dederuut
2971 3656 3099 3712 ergo
3139 3644 3418 3712 pontifices
3444 3656 3504 3703 et
3546 3647 3809 3705 Pharisari

2220 3725 2529 3781 mandatum
2548 3769 2563 3793 ,
2587 3738 2645 3783 ut
2671 3729 2716 3784 si
2746 3730 2866 3799 quis
2884 3734 3200 3803 cognoverit
3224 3736 3315 3792 ubi
3346 3738 3445 3804 sit,
3473 3737 3682 3797 indicet
3700 3780 3719 3808 ,
3749 3753 3811 3797 ut

2218 3829 2267 3881 at
2286 3817 2620 3886 prehendant
2645 3834 2765 3874 eum
2780 3860 2793 3875 .

2729 3931 2905 3990 CAPU
2920 3936 2980 3991 Τ·
2999 3936 3284 3994 CXXXVI.

2220 3998 2344 4053 Non
2380 4011 2612 4070 receptus
2638 4002 2791 4057 Iesus
2829 4007 2884 4058 in
2920 4008 3123 4061 civitate
3162 4008 3492 4065 Samaritana
3513 4027 3533 4065 :
3568 4013 3811 4070 Joannes

2288 4080 2334 4125 et
2364 4069 2585 4153 Iacobus
2611 4074 2789 4153 dicunt
2822 4076 2890 4153 ad
2916 4093 3033 4131 eum
3053 4093 3072 4131 :
3104 4078 3165 4134 Si
3200 4080 3294 4148 vis,
3326 4079 3565 4153 dicimus,
3610 4095 3671 4139 ut
3717 4090 3811 4141 de-

2285 4144 2491 4196 scendat
2517 4143 2648 4213 ignis
2677 4144 2740 4198 de
2764 4145 2908 4200 calo.

2248 4251 2416 4308 .Luc.
2450 4268 2537 4322 tx,
2570 4255 2758 4313 51-56.
2793 4258 3012 4314 Factum
3055 4270 3139 4318 est
3176 4272 3354 4320 autem
3399 4264 3526 4321 dum
3557 4270 3812 4338 comple-

2215 4352 2404 4399 rentur
2433 4344 2549 4401 dies
2577 4349 2958 4418 assumptionis
2998 4351 3133 4419 ejus,
3165 4363 3219 4408 et
3248 4355 3363 4425 ipse
3404 4356 3594 4412 faciem
3632 4373 3805 4416 suam

2216 4433 2483 4501 firmavit,
2530 4445 2589 4491 ut
2636 4437 2740 4493 iret
2789 4438 3144 4497 Hierusalem.
3195 4444 3263 4498 Et
3310 4446 3457 4502 misit
3486 4449 3505 4468 ⁹
3544 4452 3810 4506 nuntium

539 4543 651 4593 sus,
684 4532 872 4587 videns
904 4548 1056 4605 eum.
1088 4540 1285 4596 cecidit
1321 4543 1388 4597 ad
1421 4544 1581 4613 pedes
1612 4545 1745 4615 eius,
1776 4556 1831 4603 et
1854 4549 1989 4604 dixit
2014 4551 2063 4605 ei
2091 4569 2106 4607 ε
2141 4535 2188 4596 ι)
2213 4534 2340 4582 ante
2379 4537 2726 4597 conspectum
2756 4545 2933 4587 suum.
2966 4533 3034 4588 Et
3060 4545 3248 4591 euntes
3277 4537 3609 4596 intraverunt
3636 4542 3700 4597 iu
3731 4545 3813 4599 ci-

542 4613 789 4683 Domine,
831 4619 877 4674 si
923 4620 1116 4679 fuisses
1155 4627 1274 4691 hic,
1324 4645 1429 4685 non
1474 4642 1615 4688 esset
1643 4613 1900 4691 mortuus
1947 4638 2109 4696 frater

539 4720 709 4762 meus.
732 4707 884 4766 Iesus
911 4726 1041 4782 ergo
1070 4724 1127 4769 ut
1153 4718 1284 4772 vidit
1307 4733 1424 4773 eam
1452 4721 1748 4789 plorantem
1766 4764 1780 4789 ,
1808 4736 1862 4780 et
1890 4726 2107 4784 Iudazos

536 4798 629 4866 qui
656 4812 775 4885 cum
803 4815 866 4855 ea
896 4814 1154 4859 venerant
1180 4807 1473 4877 plorantes,
1492 4809 1523 4836 "
1556 4811 1767 4868 fremuit
1797 4817 2021 4885 spiritu,
2051 4834 2105 4876 et

539 4873 772 4943 turba'vit
814 4904 875 4946 se
921 4889 1127 4959 ipsum,
1167 4873 1222 4950 et
1267 4896 1403 4953 dixit
1433 4873 1468 4953 :7
1501 4899 1598 4957 Ubi
1644 4873 1899 4972 posuistis
1944 4873 2105 4965 sumi

536 4973 731 5032 Dicunt
766 4976 816 5033 ei
844 4994 856 5032 :
888 4979 1133 5054 Domine,
1162 4986 1281 5041 veni
1310 4994 1366 5042 et
1394 4989 1534 5046 vide.
1576 4992 1644 5048 Et
1672 4992 1991 5066 lacrymatus
2020 5013 2102 5056 est

533 5069 709 5127 Iesus.
739 5072 999 5131 Dixerunt
1023 5092 1151 5147 ergo
1190 5080 1401 5139 Iuda-i:
1434 5083 1573 5141 Erce
1596 5090 1863 5156 quomodo
1893 5095 2103 5149 amabat

532 5176 675 5216 eum.
700 5161 926 5229 Quidam
955 5176 1129 5221 autem
1158 5169 1406 5228 dixerunt
1440 5190 1505 5230 ex
1545 5178 1673 5246 ipsis
1700 5196 1713 5233 :
1747 5179 1860 5236 Non
1892 5193 2104 5252 poterat

531 5252 615 5308 hic
641 5256 730 5323 qui
758 5258 963 5323 aperuit
994 5260 1175 5314 oculos
1204 5264 1330 5318 casei
1361 5268 1400 5329 ',
1436 5265 1611 5325 facere
1636 5280 1694 5324 ttt
1725 5270 1811 5328 hic
1853 5289 1956 5328 non
1988 5291 2103 5331 mo-

528 5343 772 5396 reretur?
802 5342 955 5399 Iesus
983 5360 1110 5416 ergo
1150 5364 1357 5406 rursum
1408 5354 1646 5413 fremens
1691 5361 1743 5413 in
1784 5364 2094 5434 semetipso,

2214 4616 2433 4671 vitalem
2459 4618 2950 4692 Samaritanorum,
2978 4633 3037 4679 ut
3064 4636 3314 4694 pararent
3345 4629 3440 4684 illi.
3468 4630 3535 4686 Et
3566 4645 3679 4687 non
3717 4650 3813 4691 re-

2210 4716 2466 4775 ceperunt
2510 4723 2664 4775 eum,
2693 4711 2815 4781 quia
2857 4711 3018 4768 facies
3046 4714 3160 4783 ejus
3188 4726 3303 4772 erat
3330 4719 3504 4773 euntis
3537 4720 3811 4779 llierusa-

2211 4795 2338 4851 lem.
2370 4797 2501 4852 Cum
2530 4799 2792 4857 vidissent
2818 4812 2994 4859 autent
3026 4804 3269 4875 discpuli
3298 4808 3437 4878 ejus,
3467 4810 3711 4869 Iacobus
3748 4825 3810 4870 et

2208 4887 2471 4955 Ioannes,
2516 4890 2814 4950 dixerunt:
2861 4893 3106 4965 Domine,
3156 4898 3235 4954 vis
3280 4899 3508 4956 dicimus
3554 4911 3611 4957 ut
3650 4904 3811 4973 ignis

2208 4979 2504 5037 descendat
2542 4983 2611 5039 de
2639 4987 2801 5052 caelo,
2824 4996 2880 5043 et
2907 5000 3187 5045 consumat
3214 4992 3374 5047 illos?
3401 4994 3467 5048 Et
3494 5009 3811 5055 conversus

2208 5069 2503 5140 increpavit
2532 5072 2674 5141 illos,
2697 5075 2883 5133 dicens
2907 5094 2923 5135 :
2955 5079 3186 5137 Nescitis
3213 5063 3364 5152 cujus
3391 5084 3610 5154 spiritus
3631 5089 3808 5145 estis.

2208 5156 2372 5214 Filius
2405 5161 2632 5218 hominis
2661 5179 2767 5221 non
2810 5169 2956 5223 venit
2996 5170 3201 5227 animas
3249 5173 3497 5243 perdere,
3524 5176 3622 5232 sed
3674 5182 3807 5235 sa!-

2207 5264 2351 5305 vare.
2383 5251 2449 5308 Et
2473 5252 2717 5310 abierunt
2741 5256 2792 5312 in
2815 5257 2959 5313 aliud
2983 5260 3279 5318 castellum.

2710 5396 2935 5453 CAPUT
2971 5397 3279 5455 CXXXVII.

530 5431 679 5547 venit
721 5432 787 5486 ad
839 5449 1264 5542 monumentum.
1313 5444 1441 5547 Erat
1484 5459 1659 5505 autem
1707 5453 2003 5520 spelunca:
2045 5467 2100 5512 et
2202 5458 2352 5514 Iesus
2381 5463 2514 5516 venit
2542 5464 2597 5518 in
2628 5431 3547 5547 13.522555.feig‘ils'hammm
3580 5487 3801 5547 euntes,

532 5518 665 5613 intris
696 5528 1057 5592 superpositus
1081 5534 1096 5553 ⁹
1125 5531 1194 5587 ei.
1230 5534 1317 5587 Ait
1358 5534 1515 5591 Iesus
1550 5557 1562 5591 :
1605 5518 1799 5597 Tollite
1844 5542 2094 5613 lapidem.

533 5606 671 5697 Dicit
718 5613 767 5665 ei
813 5614 1043 5684 Martha,
1098 5636 1252 5677 soror
1299 5626 1412 5692 ejus
1457 5630 1544 5697 qui
1595 5642 1836 5688 mortuus
1879 5635 2093 5696 fuerat:

533 5694 777 5764 Domine,
806 5700 911 5767 jam
946 5707 1100 5776 fetet,
1135 5694 1517 5782 quatriduauus
1554 5719 1694 5777 enim
1724 5731 1823 5778 cst.
1878 5724 2015 5784 Dicit
2042 5694 2091 5786 ei

2454 5546 2660 5603 propter
2688 5536 2945 5593 Lazarum
2974 5541 3296 5598 crediderunt
3318 5546 3370 5598 in
3396 5562 3529 5599 eum.

2272 5641 2426 5698 Ion.
2454 5660 2551 5713 xtt,
2585 5647 2787 5715 i-9-19;
2816 5632 3037 5706 Mnru.
3067 5669 3189 5707 xxvt
3209 5694 3222 5719 ,
3248 5658 3298 5709 6.
3328 5657 3482 5711 Iesus
3507 5671 3638 5727 ergo
3659 5670 3807 5717 ante

2201 5749 2294 5790 sex
2324 5736 2441 5793 dies
2476 5738 2691 5795 Pascha:
2725 5743 2869 5798 venit
2902 5744 3248 5817 Bethaniam,
3282 5749 3370 5804 ubi
3405 5748 3580 5807 fuerat
3615 5751 3803 5808 Laza-
