4026 6454
236 463 341 519 520

977 455 1559 515 EVANGELICARUM
1633 455 2139 517 IIARMONIARUII
2177 453 2746 518 INTERPRETATIO.

3392 469 3498 531 330

236 592 331 633 rus
361 581 603 632 mortuus
635 584 794 645 quem
823 572 1100 630 suscitavit
1129 572 1308 630 Iesus.
1347 574 1414 628 Et
1440 587 1560 628 cum
1590 581 1733 628 esset
1763 572 1817 628 in
1843 578 1897 638 Α
1925 572 2069 626 Dixit
2089 582 2267 628 autem
2297 575 2362 628 ad
2394 576 2670 631 mulierem
2697 593 2711 629 :
2742 574 2898 632 Fides
2920 584 3007 634 tua
3031 584 3082 634 te
3105 577 3309 637 salvam
3332 582 3460 639 fecit
3483 603 3503 644 :

237 668 401 724 domo
429 667 667 723 Simonis
706 667 904 736 leprosi
924 707 939 734 ,
972 665 1224 736 cognovit
1252 663 1404 719 turba
1436 664 1602 719 multa
1631 678 1696 718 ex
1724 663 1816 718 Iu-

238 760 392 826 daeis,
424 761 546 830 quia
577 759 689 814 illic
719 766 803 813 est
836 774 849 810 :
883 765 939 813 et
965 764 1228 812 venerunt
1255 771 1360 811 non
1391 765 1609 826 propter
1637 756 1818 811 Iesum

242 861 482 917 tantum,
523 850 619 906 sed
663 858 722 904 ut
751 849 1010 903 Lazarum
1041 845 1316 913 viderem,
1357 859 1514 915 quem
1544 843 1820 900 suscitavit

238 959 271 999 a
302 942 547 998 mortuis.
580 940 839 996 Pharisaei
885 953 1013 1008 ergo
1055 938 1306 994 dixerunt
1343 938 1411 993 ad
1455 937 1814 1007 semetipsos:

240 1034 447 1090 Videtis
487 1033 610 1103 quia
655 1031 785 1086 nihil
832 1029 1173 1101 proﬁcimus?
1213 1028 1353 1085 Ecce
1395 1029 1633 1085 mundus
1677 1036 1819 1084 totus

239 1136 357 1199 post
391 1141 510 1181 eum
537 1123 685 1180 abiit.
721 1123 1104 1194 Cogitaverunt
1130 1130 1307 1179 autem
1339 1124 1611 1193 principes
1641 1136 1820 1179 sacer-

240 1219 459 1286 dotum,
501 1226 561 1273 ut
606 1225 662 1273 et
709 1216 970 1271 Lazarum
1027 1214 1428 1281 interﬁcerent;
1481 1215 1604 1284 quia
1661 1213 1818 1270 multi

240 1320 459 1381 propter
489 1309 637 1364 illum
667 1307 884 1363 abibant
911 1321 979 1362 ex
1009 1305 1232 1373 Iudaeis,
1255 1314 1310 1360 et
1334 1308 1352 1328 ⁶
1380 1305 1726 1361 crediderunt
1765 1306 1818 1361 in

237 1402 445 1458 Iesum.
489 1399 756 1457 Fecerunt
797 1406 974 1454 autem
1018 1397 1070 1454 ei
1110 1411 1322 1454 caenam
1371 1395 1484 1452 ibi:
1515 1402 1568 1452 et
1611 1396 1819 1453 Martha

238 1491 612 1548 ministrabat:
645 1490 879 1547 Lazarus
908 1502 1041 1546 vero
1069 1495 1182 1546 erat
1212 1501 1350 1544 unus
1377 1501 1444 1545 ex
1475 1487 1819 1545 discumben-

238 1585 382 1643 tibus
410 1599 533 1642 cum
561 1598 645 1642 eo.

727 1674 957 1732 CAPUT
992 1674 1325 1732 CXXXVIII.

237 1768 416 1826 Maria
453 1769 586 1839 fudit
623 1768 936 1822 alabastrum
969 1768 1215 1839 unguenti
1248 1768 1302 1820 in
1343 1767 1506 1838 capite
1549 1765 1700 1822 Iesu.
1750 1763 1819 1820 Et

640 1839 791 1894 Iesus
819 1839 1046 1908 increpat
1076 1837 1415 1893 Pharisteum.

306 1955 460 2012 Iona.
487 1970 582 2022 ιιι,
612 1953 727 2019 ’5-8;
760 1954 931 2010 Mane.
955 1968 1065 2021 xiv,
1092 1952 1216 2019 5-9;
1248 1951 1465 2008 Marru.
1492 1968 1638 2022 xxvi,
1661 1955 1814 2012 6-15.

237 2049 406 2107 Maria
435 2062 563 2119 ergo
607 2047 810 2102 habens
854 2046 1177 2101 alabastrum
1224 2047 1478 2115 unguenti
1509 2045 1661 2102 nardi
1702 2045 1814 2116 spi-

236 2141 344 2198 cati
386 2138 636 2210 pretiosi,
681 2137 852 2193 fracto
895 2137 1184 2205 alabastro,
1233 2137 1419 2192 eﬁ‘udit
1460 2152 1620 2208 super
1658 2147 1817 2208 caput

235 2233 356 2303 ejus
395 2231 778 2298 recumbentis,
819 2239 874 2286 et
916 2231 1069 2285 unxit
1108 2229 1274 2300 pedes
1321 2230 1460 2299 ejus,
1497 2239 1552 2285 et
1590 2230 1817 2287 extersit

236 2324 443 2395 capillis
474 2323 628 2379 suis:
673 2331 726 2379 et
771 2322 961 2378 domus
1003 2321 1222 2392 impleta
1272 2330 1356 2376 est
1397 2336 1462 2376 ex
1505 2321 1672 2378 odore
1719 2337 1818 2377 un-

235 2417 441 2486 guenti.
474 2416 618 2470 Dixit
663 2429 794 2484 ergo
839 2429 977 2470 unus
1021 2427 1088 2469 ex
1131 2411 1406 2482 discipulis
1444 2413 1561 2482 ejus
1604 2413 1769 2469 Iudas
1797 2413 1816 2436 “

239 2507 517 2575 Scariotis,
551 2507 643 2577 qui
680 2513 798 2562 erat
835 2505 1128 2561 traditurus
1157 2519 1278 2561 eum
1307 2523 1319 2559 :
1354 2505 1532 2572 Quare
1577 2520 1820 2576 unguen-

238 2611 351 2656 tum
381 2601 480 2656 hoe
524 2616 630 2655 non
661 2599 825 2656 veniit
871 2599 1128 2655 trecentis
1156 2597 1411 2666 denariis,
1439 2612 1491 2653 et
1523 2599 1704 2654 datum
1731 2607 1816 2655 est

237 2690 454 2761 egenis?
487 2690 624 2744 Dixit
651 2699 826 2747 autem
859 2689 977 2756 hoe,
1012 2703 1118 2744 non
1163 2687 1284 2758 quia
1314 2689 1380 2742 de
1421 2691 1606 2760 egenis
1652 2691 1817 2759 perti-

240 2783 402 2838 nebat
426 2781 491 2836 ad
518 2796 668 2847 eum,
697 2781 791 2835 sed
825 2780 947 2850 quia
978 2780 1063 2834 fur
1085 2785 1232 2844 erat,
1264 2786 1317 2834 et
1345 2779 1545 2835 loculos
1591 2778 1815 2847 habens,

238 2887 302 2929 ca
333 2888 451 2944 qua:
479 2873 820 2928 mittebantur
849 2871 1113 2940 portabat.
1160 2870 1329 2926 Erant
1376 2879 1551 2926 autem
1599 2870 1816 2941 quidam

239 2968 458 3039 indigne
487 2968 715 3023 ferentes
757 2967 894 3022 intra
924 2965 1264 3036 semetipsos,
1305 2972 1361 3020 et
1393 2964 1630 3021 dicentes
1667 2983 1679 3020 :
1722 2966 1818 3022 Ut-

240 3061 366 3130 quid
400 3059 629 3132 perditio
658 3061 774 3114 haec
803 3059 1058 3128 unguenti
1088 3058 1225 3113 facta
1254 3059 1370 3114 est?
1409 3056 1598 3114 Sciens
1640 3066 1817 3114 autem

241 3151 420 3220 Iesus,
462 3153 538 3206 ait
587 3151 742 3205 illis:
788 3149 924 3218 Quid
969 3149 1180 3206 molesti
1229 3149 1358 3205 estis
1403 3149 1524 3204 huic
1571 3149 1818 3205 mulieri?

238 3241 386 3313 Opus
413 3243 611 3297 bonum
640 3248 856 3312 operata
884 3248 964 3296 est
993 3241 1045 3296 in
1075 3254 1183 3296 me.
1211 3239 1343 3295 Nam
1382 3254 1594 3309 semper
1619 3254 1820 3310 paupe-

1919 665 2054 721 vade
2091 665 2142 720 in
2173 681 2326 736 pace.
2351 699 2419 708 —
2450 669 2581 725 Luc.
2623 686 2742 739 xix,
2768 669 2859 727 28.
2906 671 2974 729 Et
3013 673 3099 730 bis
3136 673 3294 732 dictis
3331 676 3504 740 abiit.

1917 757 2214 815 ascendens
2243 759 2598 818 Hierusalem.

2431 873 2658 931 CAPUT
2697 875 2983 933 CXXXIX.

2123 964 2498 1037 Hierosolymis
2523 966 2691 1023 Graeci
2711 970 2879 1025 videre
2905 970 3081 1026 volunt
3106 970 3305 1030 Iesum.

1989 1057 2143 1114 IOAN.
2170 1074 2272 1126 xtt,
2304 1058 2493 1115 20-56.
2526 1060 2691 1117 Erant
2720 1072 2897 1120 autem
2924 1065 3154 1135 gentiles
3189 1065 3405 1136 quidam
3431 1081 3500 1124 ex

1921 1148 2005 1204 bis
2033 1150 2124 1220 qui
2166 1151 2546 1220 ascenderant,
2581 1161 2642 1207 ut
2684 1153 2972 1211 adorarent
3008 1157 3064 1212 in
3101 1157 3190 1212 die
3235 1158 3396 1214 festo.
3438 1159 3501 1214 lli

1919 1255 2048 1312 ergo
2077 1253 2420 1299 accesserunt
2446 1244 2513 1299 ad
2540 1243 2872 1315 Philippum,
2904 1248 2992 1317 qui
3018 1258 3135 1304 erat
3163 1267 3190 1304 a
3221 1250 3502 1306 Betlsaida

1919 1333 2174 1401 Galilaeae,
2198 1345 2252 1390 ct
2278 1336 2540 1407 rogabant
2570 1351 2692 1392 eum
2712 1383 2726 1406 ,
2767 1339 3005 1395 dicentes
3031 1360 3043 1395 :
3078 1343 3321 1412 Domine,
3353 1347 3506 1400 voln-

1920 1436 2042 1478 mus
2066 1422 2248 1480 Iesum
2273 1425 2477 1481 videre.
2505 1424 2664 1481 Venit
2691 1425 2988 1497 Philippus,
3012 1437 3065 1485 et
3094 1430 3223 1486 dicit
3251 1432 3502 1488 Andreae.

1920 1515 2164 1572 Andreas
2206 1530 2419 1571 rursum
2458 1525 2513 1573 et
2554 1515 2829 1587 Philippus
2861 1519 2880 1539 ‘
2923 1519 3108 1575 dicunt
3151 1521 3300 1578 Iesu.
3346 1524 3504 1579 Iesus

1920 1614 2097 1663 autem
2123 1609 2399 1678 respondit
2427 1609 2525 1676 eis,
2557 1608 2782 1665 dicens:
2818 1610 2980 1667 Venit
3019 1611 3150 1667 hora
3178 1623 3235 1669 ut
3262 1617 3280 1636 ‘
3305 1616 3508 1686 gloriﬁ-

1918 1707 2070 1754 cetur
2112 1698 2278 1756 Filius
2323 1700 2572 1756 hominis.
2605 1702 2806 1769 Amen,
2834 1717 2992 1759 amen
3032 1703 3152 1761 dico
3194 1706 3368 1774 vobis,
3401 1707 3506 1764 nisi

1919 1808 2140 1864 granum
2173 1795 2420 1850 frumenti
2450 1795 2644 1852 cadens
2673 1797 2727 1852 in
2771 1805 2965 1854 terram
3005 1809 3271 1856 mortuum
3307 1801 3506 1870 fuerit,

1919 1885 2095 1957 ipsum
2121 1887 2294 1942 solum
2323 1899 2502 1944 manet
2527 1905 2542 1945 :
2572 1889 2617 1944 si
2640 1897 2817 1946 autem
2846 1899 3117 1948 mortuum
3148 1891 3334 1959 fuerit,
3369 1893 3509 1949 mul-

1845 1952 1896 2016 Β
1923 1952 2032 2034 tum
2064 1979 2292 2035 fructum
2323 1980 2495 2037 allert.
2520 1979 2621 2049 Qui
2653 1991 2798 2037 amat
2825 1984 3057 2038 animam
3097 2000 3280 2053 suam,
3315 1952 3508 2055 perdet

1921 2085 2071 2138 eam;
2105 2081 2160 2128 et
2185 2072 2274 2142 qui
2301 2072 2414 2128 odit
2441 2074 2674 2129 animam
2701 2088 2852 2130 suam
2881 2075 2935 2130 in
2964 2077 3065 2132 hoc
3092 2077 3314 2146 mundo,
3347 2078 3398 2132 in
3429 2077 3508 2133 vi-

1923 2171 2030 2217 tam
2073 2172 2332 2218 aeternam
2373 2167 2604 2221 custodit
2640 2180 2780 2222 eam.
2815 2167 2868 2223 Si
2899 2168 3018 2237 quis
3046 2169 3176 2223 mihi
3207 2170 3508 2240 ministrat,

1919 2271 2008 2311 me
2047 2268 2323 2327 sequatur.
2352 2259 2418 2313 Et
2447 2259 2536 2314 ubi
2567 2274 2686 2314 sum
2714 2275 2836 2330 ego,
2864 2260 2969 2316 illic
2995 2269 3048 2317 et
3080 2262 3325 2318 minister
3353 2278 3511 2320 meus

1921 2348 2043 2404 erit.
2085 2347 2142 2403 Si
2173 2351 2292 2419 quis
2331 2349 2461 2405 mihi
2514 2351 2928 2418 ministraverit,
2979 2352 3351 2409 honoriﬁeabit
3380 2370 3508 2410 eum

1923 2437 2082 2496 Pater
2109 2455 2282 2497 meus.
2321 2441 2470 2498 Nunc
2513 2443 2689 2497 anima
2727 2457 2844 2498 mea
2886 2443 3094 2498 turbata
3124 2453 3225 2498 est.
3269 2444 3336 2498 Et
3378 2444 3506 2515 quid

1919 2533 2126 2589 dicam?
2151 2533 2330 2604 Pater,
2360 2534 2594 2589 salviﬁca
2622 2550 2709 2590 me
2731 2550 2797 2590 ex
2825 2535 2924 2590 hac
2954 2535 3228 2592 hora.Sed
3259 2544 3506 2606 propter-

1923 2641 1990 2683 ea
2020 2627 2139 2682 veni
2179 2628 2231 2681 in
2257 2627 2439 2682 horam
2463 2629 2620 2682 hanc.
2654 2627 2833 2693 Pater,
2853 2628 3088 2684 clarilica
3112 2645 3306 2686 nomen
3328 2640 3500 2686 tuum.

1921 2718 2080 2775 Venit
2119 2733 2247 2790 ergo
2291 2735 2392 2776 vox
2436 2719 2503 2776 de
2541 2721 2717 2776 coelo:
2753 2721 2822 2776 Et
2865 2721 3184 2792 clariﬁcavi,
3215 2732 3271 2778 et
3311 2723 3505 2778 iterum

1920 2809 2251 2868 clariﬁcabo.
2281 2810 2458 2866 Turba
2496 2825 2624 2880 ergo
2655 2826 2772 2880 qua:
2815 2811 2990 2866 stabat
3019 2822 3074 2867 et
3114 2813 3508 2880 audiebat,.di-

1920 2900 2112 2968 cebat?,
2138 2905 2154 2924 ‘
2187 2901 2442 2956 tonitrum
2474 2901 2669 2957 factum
2699 2915 2841 2957 esse.
2866 2902 2973 2957 Alii
3009 2902 3256 2960 dicebant
3282 2919 3299 2966 ;
3331 2905 3508 2974 Ange-

1919 2992 2003 3048 lus
2046 2992 2094 3048 ei
2125 2993 2332 3048 locutus
2371 3000 2474 3047 est.
2521 2991 2818 3062 Respondit
2859 2992 3035 3064 Iesus,
3075 3003 3133 3049 et
3167 2993 3340 3049 dixit:
3383 2992 3506 3049 Non

1920 3094 2140 3157 propter
2169 3101 2254 3141 me
2297 3086 2412 3141 haec
2453 3100 2558 3140 vox
2599 3086 2774 3153 venit,
2807 3087 2902 3142 sed
2949 3097 3166 3158 prepter
3196 3103 3313 3144 vos.
3355 3087 3508 3145 Nunc

1917 3175 2173 3246 judicium
2203 3183 2288 3231 est
2314 3174 2497 3230 mundi
2522 3191 2536 3228 :
2565 3190 2706 3231 nunc
2735 3178 2983 3246 princeps
3012 3178 3170 3247 hujus
3196 3177 3377 3231 mundi
3407 3176 3509 3246 eji-

1921 3268 2094 3324 cietur
2123 3266 2287 3321 foras.
2318 3267 2384 3321 Et
2409 3280 2508 3335 ego
2534 3267 2579 3320 si
2606 3267 2867 3323 exaltatus
2899 3267 3048 3322 fuero
3070 3283 3098 3322 a
3130 3277 3294 3335 terra,
3325 3269 3504 3324 omnia

238 3349 328 3390 res
404 3334 669 3428 “abem”?
706 3333 1018 3398 VObiscum"
1066 3341 1120 3387 et
1160 3345 1281 3388 cum
1329 3332 1819 3428 “huius???”
1844 3333 1893 3400 ο
1927 3359 2136 3416 traham
2163 3357 2229 3412 ad
2253 3373 2340 3413 me
2371 3332 2564 3427 ipsum.
2590 3358 2700 3412 lloc
2726 3367 2904 3413 autem
2931 3358 3168 3424 dicebat,
3200 3332 3508 3428 signiﬁcans

238 3429 338 3484 stis
369 3427 472 3482 illis
500 3425 855 3484 benefacere:
890 3439 976 3480 me
1003 3431 1182 3478 autem
1214 3438 1321 3479 non
1361 3437 1573 3494 semper
1593 3426 1614 3448 ⁶
1646 3423 1814 3479 habe-

241 3519 388 3576 bitis.
420 3521 629 3577 Mittens
657 3519 798 3576 enim
841 3519 956 3574 haec
1000 3525 1332 3588 unguentum
1377 3517 1480 3572 hoc
1520 3517 1574 3571 in
1620 3531 1820 3588 corpus

240 3628 450 3681 meum,
483 3613 548 3667 ad
576 3610 936 3681 sepeliendum
967 3625 1053 3665 me
1081 3608 1228 3665 fecit.
1264 3609 1437 3665 Amen
1463 3607 1585 3664 dico
1625 3607 1815 3663 vobis:

243 3705 556 3775 Ubicunque
606 3703 952 3774 praedicatum
1006 3701 1170 3758 fuerit
1217 3699 1565 3770 Evangelium
1617 3700 1718 3755 hoc
1765 3700 1820 3754 in

241 3807 354 3856 toto
384 3797 602 3867 mundo,
632 3797 838 3854 dicetur
858 3805 911 3851 et
939 3795 1082 3866 quod
1113 3796 1228 3849 haec
1272 3794 1397 3850 fecit
1425 3795 1477 3849 in
1504 3793 1820 3848 memoriam

239 3891 378 3962 ejus.
399 3920 471 3931 —
496 3890 650 3946 Luc.‘
671 3905 772 3957 vn,
813 3887 1001 3946 39-50.
1043 3887 1257 3962 Videns
1291 3895 1468 3942 autem
1515 3887 1819 3942 Pharisacus

243 3960 335 4054 qui
366 3991 645 4038 vocaverat
675 3996 795 4038 eum
816 4021 830 4048 ,
859 3979 931 4035 ait
960 3980 1098 4034 intra
1123 3992 1202 4044 se,
1237 3960 1423 4033 dicens
1449 3995 1461 4030 :
1495 3977 1592 4032 llic
1611 3977 1657 4032 si
1680 3987 1821 4033 esset

241 4074 524 4145 propheta,
548 4074 710 4130 sciret
748 4073 928 4141 utique
970 4086 1088 4142 qua:
1117 4079 1170 4126 et
1205 4070 1372 4140 qualis
1403 4073 1588 4124 ‘esset
1628 4069 1820 4122 mulier

243 4179 363 4234 qua:
393 4166 557 4235 tangit
600 4178 718 4220 eum
738 4208 752 4234 ,
798 4163 918 4234 quia
948 4161 1218 4232 peccatrix
1249 4167 1349 4215 est.
1393 4158 1462 4215 Et
1491 4159 1822 4229 respondens

243 4257 422 4324 Iesus,
471 4258 604 4312 dixit
646 4257 712 4312 ad
758 4257 954 4312 illum:
997 4256 1215 4322 Simon,
1265 4255 1436 4309 habeo
1478 4253 1572 4309 tibi
1621 4253 1822 4323 aliquid

241 4348 438 4404 dicere.
464 4349 531 4403 At
557 4348 644 4404 ille
671 4349 744 4402 ait
768 4365 782 4406 :
808 4347 1075 4417 Magister,
1101 4347 1206 4401 die.
1233 4345 1348 4399 Duo
1374 4343 1643 4400 debitores
1667 4351 1822 4399 erant

242 4444 449 4498 cuidam
483 4443 804 4498 feneratori:
838 4455 975 4495 unus
1019 4441 1244 4495 debebat
1275 4440 1524 4493 denarios
1562 4441 1824 4509 quingen-

242 4543 348 4599 tos,
378 4537 395 4555 ‘
426 4535 560 4589 alius
606 4533 1009 4603 quinquaginta.
1044 4530 1158 4585 Non
1189 4529 1507 4584 habentibus
1539 4529 1641 4583 illis
1681 4530 1823 4584 unde

240 4625 559 4689 redderent,
600 4622 819 4678 donavit
867 4620 1126 4691 utrisque.
1160 4621 1289 4686 Quis
1327 4633 1455 4688 ergo
1496 4635 1620 4675 cum
1661 4620 1780 4689 plus
1805 4625 1823 4644 '

1921 3466 2024 3522 qua
2057 3458 2230 3504 morte
2255 3458 2400 3505 esset
2427 3450 2740 3507 moriturus.
2769 3449 3061 3519 Respondit
3090 3451 3138 3504 ei
3169 3451 3320 3504 turba
3347 3469 3359 3503 :
3393 3449 3504 3504 Nos

1919 3541 2220 3598 audivimus
2250 3556 2315 3596 ex
2347 3540 2484 3611 lege,
2515 3541 2638 3611 quia
2668 3541 2913 3596 Christus
2943 3549 3122 3597 manet
3158 3541 3210 3596 in
3250 3549 3510 3596 aeternum

1920 3635 2096 3706 (Psat.
2121 3650 2244 3702 etx,
2276 3634 2337 3700 4;
2370 3649 2522 3698 cxvr,
2561 3633 2670 3701 25;
2708 3632 2818 3688 Isa.
2847 3650 2937 3696 XL,
2971 3634 3036 3696 8;
3070 3632 3260 3687 Ezech.
3283 3648 3509 3698 xxxvrt,

1921 3728 2034 3800 27$).
2066 3728 2134 3783 Et
2170 3727 2440 3797 quomodo
2479 3737 2536 3781 tu
2585 3727 2740 3792 dicis,
2769 3728 2992 3798 Oportet
3039 3729 3261 3783 exaltari
3312 3728 3507 3784 Filium

1922 3819 2195 3876 hominis?
2227 3819 2368 3874 Dixit
2395 3834 2523 3889 ergo
2552 3821 2632 3876 eis
2665 3819 2818 3876 Iesus
2845 3838 2855 3872 :
2889 3820 3077 3876 Adhuc
3119 3821 3388 3876 modicum
3431 3822 3510 3875 lu-

1923 3928 2046 3968 men
2088 3913 2140 3966 in
2172 3911 2326 3967 vobis
2353 3921 2456 3967 est.
2501 3911 2786 3967 Ambulate
2819 3913 2942 3968 dum
2972 3912 3146 3968 lucem
3194 3914 3424 3979 habetis,
3453 3921 3512 3969 ut

1922 4020 2029 4062 non
2064 4004 2300 4060 tenebrae
2326 4018 2420 4059 vos
2457 4003 2940 4073 comprehendant.
2962 4004 3030 4058 Et
3059 4003 3149 4073 qui
3180 4004 3417 4061 ambulat
3455 4003 3512 4060 in

1925 4097 2180 4160 tenebris,
2214 4095 2383 4150 nescit
2416 4111 2522 4164 quo
2548 4095 2726 4150 vadat.
2761 4096 2893 4150 Dum
2919 4097 3095 4152 lucem
3129 4096 3355 4164 habetis,
3393 4109 3516 4152 cre-

1925 4189 2034 4246 dite
2057 4188 2111 4242 in
2139 4187 2314 4243 lucem
2332 4225 2347 4253 ,
2372 4193 2429 4242 ut
2456 4186 2549 4242 ﬁlii
2576 4187 2710 4243 lucis
2735 4187 2873 4242 sitis.

2503 4321 2729 4379 CAPUT
2769 4320 2905 4376 CXL

1966 4417 2219 4471 Pharisaei
2247 4417 2562 4483 interrogant
2601 4415 2780 4536 JesDunt
2805 4454 2820 4478 ,
2863 4412 3072 4481 quando
3102 4413 3233 4465 venit
3265 4426 3478 4482 regnum

2715 4499 2778 4536 et.

2715 4499 2778 4537 ει.

2001 4601 2131 4655 Luc.
2172 4599 2312 4667 xvu',
2350 4597 2547 4663 20-21;
2578 4613 2698 4664 xxI,
2728 4597 2912 4653 37458.
2947 4597 3306 4667 Interrogatus
3333 4606 3514 4654 autem

240 4714 461 4786 diliget?
504 4711 850 4784 Respondeas
897 4690 1081 4768 Simon
1128 4711 1296 4767 dixit:
1328 4710 1558 4765 [Estimo
1606 4711 1731 4780 quia
1777 4712 1819 4766 is

1927 4708 1958 4748 a
1991 4691 2298 4758 Pbarismis,
2356 4690 2571 4760 quando
2609 4690 2753 4745 venit
2790 4705 3008 4761 regnum
3054 4691 3186 4756 Dei,
3238 4690 3514 4759 respondit

241 4808 327 4865 cui
357 4807 476 4878 plus
504 4805 740 4862 donavit.
767 4807 835 4860 At
860 4805 948 4860 ille
979 4804 1112 4859 dixit
1141 4805 1191 4859 ei
1217 4821 1230 4858 :
1264 4802 1428 4860 Recte
1453 4802 1721 4874 judicasti.
1755 4803 1821 4858 Et

242 4911 540 4955 conversus
565 4895 631 4952 ad
659 4895 966 4964 mulierem,
1001 4894 1172 4950 dixit:
1203 4898 1222 4918 ⁹
1251 4894 1434 4952 Simon
1454 4935 1471 4963 ,
1501 4893 1651 4950 vides
1683 4895 1821 4950 hanc

245 4987 560 5046 mulierem?
588 4986 787 5042 Intravi
815 4987 869 5044 in
912 4986 1128 5042 domum
1161 4994 1303 5042 tuam
1328 5027 1341 5051 ,
1373 5000 1562 5056 aquam
1594 4985 1820 5056 pedibus

243 5080 379 5137 meis
407 5094 515 5134 non
544 5077 736 5133 dedisti
767 5095 780 5131 :
813 5079 929 5133 haec
953 5083 1132 5132 autem
1158 5077 1408 5147 lacrymis
1439 5077 1628 5146 rigavit
1657 5077 1819 5147 pedes

243 5186 416 5239 meos,
442 5181 496 5228 et
521 5171 732 5242 capillis
761 5171 872 5227 suis
911 5171 1084 5227 tersit.
1125 5169 1376 5225 Osculum
1411 5170 1543 5225 mihi
1582 5186 1688 5226 non
1730 5171 1820 5226 de-

243 5267 368 5322 disti
395 5283 408 5320 :
443 5265 559 5322 hate
587 5273 763 5324 autem
793 5280 858 5322 ex
899 5280 1004 5336 quo
1036 5268 1053 5290 ·
1082 5265 1302 5333 intravi,
1336 5279 1441 5320 non
1471 5265 1702 5321 cessavit
1729 5281 1821 5321 os-

244 5356 416 5413 culari
447 5355 611 5426 pedes
654 5371 825 5412 meos.
869 5356 998 5413 Oleo
1023 5366 1182 5427 caput
1211 5369 1385 5412 meum
1425 5370 1531 5412 non
1578 5355 1820 5413 unxisti:

242 5448 362 5505 haec
411 5455 589 5503 autem
634 5456 904 5518 unguento
953 5447 1104 5504 unxit
1153 5448 1317 5518 pedes
1366 5462 1538 5504 meos.
1598 5447 1824 5517 Propter

245 5539 392 5610 quod
422 5538 543 5595 dico
566 5538 661 5594 tibi
685 5556 701 5595 :
725 5543 744 5564 θ
773 5540 1131 5596 Remittentur
1158 5541 1207 5597 ei
1236 5549 1453 5611 peccata
1485 5539 1670 5608 multa,
1698 5540 1825 5611 quia

241 5630 436 5712 dilexit
467 5630 711 5688 multum.
735 5630 832 5687 Cui
873 5641 1049 5688 autem
1082 5632 1257 5687 minus
1302 5629 1603 5700 dimittitur,
1644 5632 1820 5685 minus

241 5722 442 5794 diligit.
473 5722 617 5779 Dixit
654 5732 830 5780 autem
857 5725 923 5780 ad
954 5724 1142 5780 illam:
1182 5723 1529 5779 Dimittutttur
1567 5723 1658 5778 tibi
1701 5736 1824 5792 pec-

240 5824 384 5872 cata.
421 5815 489 5871 Et
535 5825 813 5887 coeperunt
853 5817 944 5887 qui
992 5817 1152 5873 simul
1200 5815 1619 5881 accutnbebant,
1646 5814 1826 5869 dicere

237 5904 381 5966 intra
411 5923 510 5966 se:
542 5908 672 5976 Quis
713 5915 797 5964 est
842 5908 952 5975 hic,
980 5911 1073 5980 qui
1111 5911 1270 5967 etiam
1317 5919 1532 5982 peccata
1574 5906 1828 5964 dimittit?

524 6024 801 6089 Panos.
845 6019 1128 6085 LXVIII.

1927 4787 2026 4852 eis,
2057 4791 2104 4839 ct
2138 4783 2308 4838 dixit:
2343 4780 2462 4839 Non
2490 4781 2636 4837 venit
2675 4795 2900 4851 regnum
2948 4780 3043 4836 Dei
3086 4797 3207 4834 eum
3257 4781 3514 4835 observa-

1926 4879 2098 4942 tione;
2133 4891 2309 4946 neque
2338 4876 2554 4930 dicent:
2592 4874 2729 4929 Ecce
2761 4874 2871 4942 hic,
2916 4884 3006 4929 aut
3048 4889 3176 4928 ecce
3206 4873 3334 4928 illic.
3378 4873 3515 4927 Ecce

1925 4969 2065 5026 enim
2108 4982 2331 5037 regnum
2363 4967 2458 5022 Dei
2490 4967 2625 5020 intra
2655 4981 2752 5022 vos
2789 4975 2896 5021 est.
2936 4963 3068 5020 Erat
3100 4972 3276 5019 autem
3320 4964 3513 5018 diebus

1924 5062 2124 5119 docens
2151 5059 2204 5113 in
2233 5059 2433 5126 templo
2455 5074 2470 5110 :
2494 5056 2740 5113 noctibus
2765 5071 2893 5112 vero
2915 5055 3099 5111 exibat
3119 5063 3174 5110 et
3203 5054 3514 5108 morabatur

1925 5155 1980 5211 in
2021 5162 2202 5208 monte
2239 5149 2454 5206 Oliveti.
2502 5149 2570 5203 Et
2604 5151 2775 5204 omnis
2806 5149 3034 5220 populus
3064 5149 3079 5167 ⁶
3109 5145 3407 5202 ventitabat
3445 5147 3514 5199 ad

1925 5260 2049 5302 cum
2081 5245 2134 5299 in
2164 5242 2382 5312 templo,
2406 5240 2589 5297 audire
2610 5255 2757 5296 eum.

2493 5353 2724 5410 CAPUT
2764 5353 2941 5409 CXLI.

1924 5449 2075 5508 Iesus
2125 5447 2459 5520 loquiturgad
2500 5447 2680 5520 turbas
2708 5457 2754 5501 et
2783 5447 3099 5516 discipulos,
3146 5447 3212 5502 de
3247 5446 3426 5502 scribis
3465 5455 3520 5501 et

2344 5517 2627 5573 Pharisteis
2666 5535 2684 5576 :
2715 5529 2761 5573 et
2797 5535 2970 5574 eorum
2997 5533 3093 5576 vce.

1997 5635 2210 5690 Mure.
2256 5648 2413 5699 xxtn,
2472 5631 2627 5687 1-56.
2671 5631 2822 5688 Tunc
2870 5630 3026 5686 Iesus
3063 5631 3270 5687 locutus
3319 5638 3403 5686 est
3447 5631 3520 5686 ad

1927 5725 2111 5782 turbas
2131 5734 2183 5782 et
2204 5724 2272 5779 ad
2288 5724 2575 5794 discipulos
2595 5737 2743 5792 suos,
2763 5725 2949 5779 dicens
2973 5741 2985 5776 :
3011 5723 3184 5793 Super
3202 5721 3512 5778 cathedram

1929 5817 2099 5890 Moysi
2156 5816 2414 5871 sederunt
2463 5815 2656 5872 scriba:
2713 5823 2768 5871 et
2810 5815 3091 5872 Pharisaei.
3141 5814 3332 5870 Omnia
3386 5825 3515 5878 ergo

1940 5922 2271 5984 quascunque
2300 5907 2535 5966 dixerint
2561 5907 2736 5980 vobis,
2768 5919 2976 5968 servate
3006 5915 3060 5964 et
3096 5909 3280 5970 facite;
3328 5918 3489 5958 secuu

2991 6020 3059 6078 11
