4038 6356
528 436 633 497 351

1670 415 1982 476 VICTORIS
2022 413 2326 475 EPISGOPI
2360 410 2659 472 CAPUANI

3692 404 3822 466 832

532 561 665 620 dum
692 560 871 612 autem
896 563 1064 624 opera
1086 558 1271 605 eorum
1297 542 1463 600 nolite
1487 538 1665 596 facere
1693 556 1707 593 :
1740 539 1929 595 dicunt
1967 537 2112 594 enim
2139 537 2196 600 Α
2220 531 2350 589 foris
2386 532 2405 552 ·
2433 527 2706 624 apparatis
2747 520 3051 624 hominibus
3076 520 3203 624 iusti
3222 562 3240 592 ,
3271 520 3418 624 intus
3655 523 3821 593 pleni

532 668 597 713 et
614 669 722 711 non
745 651 970 709 faciunt.
993 677 1066 693 --
1084 646 1217 703 Luc.
1246 658 1324 711 xc,
1351 639 1442 697 ιδ.
1474 639 1708 709 Alligant
1730 647 1909 694 autem
1948 650 2113 693 onera

532 743 717 817 gravia
746 750 801 798 et
830 737 1219 810 importabilia,
1259 742 1313 790 et
1338 734 1620 802 imponunt
1639 731 1694 787 in
1721 730 1973 787 humeros
2011 729 2113 785 ho-

531 839 743 896 minum
769 852 783 890 :
807 834 972 905 digito
998 840 1174 888 autem
1200 843 1301 885 suo
1327 830 1345 852 ‘
1378 841 1485 883 non
1530 834 1756 897 possunt
1782 839 1844 881 ea
1873 839 2109 881 movere.

532 930 731 989 Omnia
757 942 887 985 vero
924 938 1088 995 opera
1117 937 1214 979 sua
1246 921 1452 978 faciunt
1484 928 1539 975 ut
1590 918 1874 975 videantur
1909 919 1978 974 ab
2017 917 2114 971 ho-

530 1020 774 1081 minibus
802 1035 817 1074 :
862 1016 1084 1073 dilatant
1111 1014 1252 1070 enim
1279 1010 1610 1084 phylacteria
1640 1024 1756 1077 sua,
1787 1016 1841 1065 et
1871 1007 2113 1079 magniﬁ-

529 1122 660 1171 cant
713 1111 975 1179 ﬁmbrias,
1004 1135 1078 1151 -
1101 1108 1276 1163 Mane.
1310 1120 1420 1173 xu,
1462 1101 1659 1170 37-58,
1694 1111 1748 1160 et
1773 1103 1958 1158 volunt
1997 1116 2114 1157 am-

528 1203 721 1262 bulare
770 1203 827 1259 in
875 1202 1052 1259 stolis.
1100 1200 1299 1258 Amant
1334 1198 1477 1255 enim
1508 1195 1711 1267 primos
1758 1195 2030 1255 recubitus
2058 1195 2112 1251 iu

447 1285 451 1289 ’
529 1294 728 1362 ctenis,
759 1301 814 1351 et
840 1293 1041 1364 primas
1067 1290 1350 1349 cathedras
1377 1290 1433 1347 in
1474 1287 1757 1361 synagogis
1776 1329 1793 1353 ,
1819 1295 1877 1345 et
1909 1286 2112 1344 saluta-

529 1387 712 1443 tiones
753 1388 808 1443 iu
847 1385 1003 1452 foro,
1047 1392 1106 1441 et
1144 1383 1325 1441 vocari
1350 1380 1420 1437 ab
1458 1380 1761 1437 hominibus
1807 1380 1983 1436 rabhi.
2023 1378 2114 1450 (Et

530 1478 711 1536 omnis
762 1476 991 1549 populus
1031 1473 1261 1531 libenter
1296 1472 1549 1530 audiebat
1586 1471 1761 1539 eum.)
1786 1469 1897 1525 Vos
1934 1477 2111 1526 autem

528 1573 700 1630 nolite
726 1570 906 1627 vocari
944 1569 1099 1626 rabbi
1128 1587 1141 1625 ι
1172 1582 1315 1626 unus
1330 1577 1418 1625 est
1452 1569 1594 1624 enim
1622 1566 1877 1637 magister
1913 1573 2111 1629 vester,

529 1676 724 1718 omnes
760 1668 938 1716 autem
980 1673 1077 1715 vos
1123 1657 1319 1717 fratres
1369 1657 1522 1716 estis.
1571 1656 1640 1713 Et
1690 1663 1897 1727 patrem
1944 1654 2113 1711 nolite

528 1766 730 1808 vocare
782 1750 935 1807 vobis
982 1763 1144 1820 super
1173 1757 1367 1806 terram
1414 1764 1431 1803 :
1476 1762 1615 1804 unus
1654 1755 1740 1805 est
1775 1746 1923 1804 enim
1951 1744 2111 1801 Pater

530 1851 734 1909 vester,
756 1843 846 1913 qui
871 1843 926 1897 in
951 1840 1103 1898 caelis
1132 1849 1235 1899 est.
1260 1838 1372 1897 Nec
1397 1837 1662 1895 vocemini
1690 1837 1957 1909 magistri,
1983 1836 2111 1907 quia

2218 626 2353 683 estis
2381 620 2647 695 hypocrisi
2688 627 2744 675 et
2772 618 3073 688 iniquitate.
3099 614 3456 686 Respondens
3478 614 3698 685 quidam
3736 627 3823 671 ex

2219 714 2569 789 legisperitis,
2586 713 2664 768 ait
2682 712 2759 766 illi
2781 727 2794 764 :
2819 707 3441 781 Magister,haacilieens,
3459 708 3625 764 etiam
3644 707 3820 762 nobis

2220 807 2599 867 contumeliam
2628 804 2783 861 facis.
2814 802 2881 858 At
2906 802 2997 858 ille
3025 801 3100 857 ait
3132 817 3148 857 :
3182 800 3251 856 Et
3279 800 3435 857 vobis
3471 798 3820 871 Iegisperitis

2217 917 2302 958 vae
2331 918 2346 956 :
2379 900 2466 971 qui
2498 898 2736 955 oneratis
2764 895 3010 951 homines
3036 893 3292 951 oneribus
3316 907 3437 964 quas
3462 892 3665 963 portari
3693 904 3820 946 non

2216 998 2463 1065 possunt,
2494 998 2550 1047 et
2576 989 2679 1060 ipsi
2709 1004 2817 1043 uno
2846 986 3015 1059 digito
3040 995 3219 1044 vestro
3248 1000 3357 1042 non
3386 986 3604 1056 tangitis
3633 982 3820 1040 sarci-

2215 1099 2337 1143 nas.
2372 1084 2467 1139 Vae
2502 1083 2689 1148 vobis,
2735 1080 2926 1136 scribae
2952 1088 3007 1135 et
3037 1077 3295 1135 Pharisaei
3316 1076 3648 1150 hypocrita,
3676 1074 3813 1145 quia

2216 1177 2494 1235 cdiﬁcatis
2525 1176 2767 1245 sepulcra
2814 1173 3194 1245 prophetarum
3215 1211 3233 1239 ,
3283 1180 3338 1227 et
3372 1170 3581 1227 ornatis
3608 1182 3817 1223 monu-

2214 1279 2395 1328 menta
2422 1268 2683 1339 iustorum
2709 1307 2723 1333 ,
2755 1275 2811 1323 et
2838 1266 3017 1323 dicitis
3052 1283 3065 1319 :
3106 1264 3163 1321 Si
3190 1262 3479 1319 fuissemus
3510 1261 3565 1315 in
3612 1259 3816 1316 diebus

2214 1368 2429 1433 patrum
2452 1366 2780 1425 nostrorum,
2804 1371 2913 1412 non
2942 1368 3185 1412 essemus
3207 1354 3342 1410 socii
3370 1367 3559 1410 eorum
3582 1351 3639 1407 in
3676 1366 3813 1407 sau-

2213 1453 2379 1525 guine
2425 1452 2828 1523 prophetarum.
2886 1449 3070 1519 Itaque
3110 1436 3420 1504 testimonio
3446 1446 3581 1501 estis
3619 1446 3812 1501 vobis-

2214 1544 2485 1615 metipsis,
2515 1542 2641 1614 quia
2669 1542 2761 1598 ﬁlii
2787 1542 2921 1598 estis
2946 1554 3134 1597 eorum
3156 1538 3246 1610 qui
3269 1540 3559 1609 prophetas
3580 1535 3809 1593 occide.

2212 1646 2358 1694 runt.
2398 1634 2467 1690 Et
2497 1649 2592 1691 vos
2620 1635 2842 1704 implete
2872 1646 3180 1688 mensuram
3214 1641 3426 1701 patrum
3467 1640 3805 1687 vestrorum.

2215 1726 2541 1796 Serpentes,
2581 1724 2848 1796 genimina
2875 1725 3200 1794 viperarum,
3231 1720 3501 1792 quomodo
3529 1719 3749 1790 fugietis
3771 1734 3803 1774 ιι

2208 1815 2413 1888 iudicio
2459 1816 2755 1889 gehennae?
2784 1816 3070 1885 Propterea
3101 1821 3155 1870 et
3180 1813 3439 1884 sapientia
3468 1812 3565 1869 Dei
3611 1811 3748 1867 dixit
3781 1828 3797 1867 :

530 1904 791 2009 magister
824 1943 1002 1991 vester
1063 1947 1201 1991 unus
1243 1941 1329 1990 est
1365 1930 1630 1989 Christus.
1667 1904 2111 1999 Qui'maior'est
2140 1912 2191 1975 Β
2215 1909 2421 2009 mm"?
2439 1909 2507 1964 ad
2533 1908 2653 2009 “I05
2675 1907 3472 2009 Pligifhcmsffiammlos{‘0‘
3498 1904 3802 2009 ἓξρίευξεδυ

532 2038 777 2085 vestrum
804 2026 910 2082 erit
930 2026 1171 2082 minister
1193 2033 1388 2082 vester.
1417 2023 1521 2093 Qui
1548 2033 1729 2080 autem
1756 2037 1817 2081 se
1841 2022 2113 2079 exaltave—

530 2123 603 2178 rit
628 2120 1018 2189 humiliabitur,
1051 2128 1106 2176 et
1144 2120 1233 2191 qui
1264 2134 1322 2177 se
1362 2117 1723 2175 humiliaverit
1768 2114 2110 2174 exaltabitur.

528 2244 602 2257 -—
651 2214 782 2269 Luc.
816 2228 870 2267 xl
890 2252 906 2279 ,
932 2210 1039 2278 43;
1076 2227 1166 2279 xx,
1196 2210 1289 2267 46.
1320 2210 1412 2268 V’a:
1441 2210 1627 2278 vobis,
1658 2208 1947 2274 Pharisaei,
1988 2207 2113 2279 quia

530 2307 755 2379 diligitis
773 2306 971 2378 primas
991 2304 1272 2361 cathedras
1294 2304 1346 2359 in
1368 2303 1679 2376 synagogis,
1695 2310 1747 2359 et
1769 2301 2114 2359 salutationes

530 2400 589 2459 in
624 2402 760 2455 lcro.
796 2398 890 2455 Vm
915 2397 1089 2467 vobis,
1121 2398 1311 2454 scribae
1337 2405 1394 2454 et
1418 2395 1693 2463 Pharisaei,
1719 2394 2010 2467 hypocrita:
2034 2394 2112 2450 le-

536 2491 777 2563 gispcriti
798 2529 814 2558 ,
863 2490 988 2561 quia
1019 2489 1213 2545 tulistis
1245 2488 1451 2547 clavem
1479 2487 1744 2554 scientiae,
1783 2493 1839 2543 et
1865 2484 2116 2543 clanditis

533 2600 760 2656 regnum
807 2583 1071 2640 caelorum
1113 2590 1241 2639 ante
1288 2582 1538 2640 homines
1585 2595 1603 2639 :
1643 2593 1742 2637 vos
1786 2588 1966 2636 autem
2008 2592 2117 2635 non

533 2678 779 2743 intratis,
836 2689 937 2734 nec
984 2678 1323 2734 introeuntes
1355 2672 1530 2731 sinitis
1573 2673 1796 2729 intrare.
1834 2699 1907 2713 —-
1942 2670 2115 2727 Meae.

532 2786 631 2838 xu,
662 2769 754 2837 '59;
781 2769 915 2826 Luc.
944 2784 1038 2838 xx,
1063 2769 1157 2828 d7.
1180 2766 1275 2825 Vae
1304 2766 1480 2838 vobis,
1508 2764 1764 2824 Pharisaei
1795 2763 2115 2837 hypocrita,

534 2866 627 2936 qui
657 2863 930 2938 devoratis
954 2862 1144 2921 domos
1168 2861 1480 2928 viduarum,
1502 2859 1604 2919 sub
1626 2859 1853 2918 obtentu
1891 2856 2119 2928 prolixus

536 2957 801 3015 orationis
852 2972 871 3014 :
917 2955 1195 3027 accipietis
1239 2954 1498 3025 maiorem
1548 2952 1970 3011 damnationem.
2024 2950 2119 3007 Vat

535 3049 729 3118 vobis,
777 3048 971 3106 scribas
994 3056 1050 3106 et
1085 3047 1344 3106 Pharisaei
1372 3045 1704 3118 hypocritae,
1742 3045 1835 3116 qui
1880 3042 2119 3101 circuitis

540 3156 696 3200 mare
724 3151 780 3199 et
805 3140 1048 3209 aridam,
1083 3148 1144 3199 ut
1176 3140 1387 3198 faciatis
1429 3154 1593 3197 unum
1622 3139 1953 3211 proselytum
1998 3154 2015 3192 :
2064 3144 2121 3193 et

537 3249 663 3293 cum
690 3234 854 3290 fuerit
892 3234 1089 3303 factus,
1116 3232 1291 3291 facitis
1319 3247 1441 3289 eum
1470 3233 1636 3288 lilium
1663 3232 1923 3303 gehennae
1955 3229 2118 3300 duplo

536 3345 698 3401 quam
740 3342 858 3386 vos.
887 3326 985 3385 Vae
1009 3328 1194 3396 vobis,
1239 3327 1405 3386 duces
1432 3328 1584 3397 caeci,
1616 3327 1708 3398 qui
1732 3325 1907 3382 dicitis
1938 3343 1950 3379 :
1984 3325 2117 3393 Qui-

536 3436 752 3492 cunque
774 3420 1034 3492 iuraverit
1066 3435 1162 3491 per
1202 3420 1483 3489 templum,
1509 3416 1644 3475 nihil
1683 3426 1794 3483 est;
1824 3418 1914 3487 qui
1938 3424 2116 3474 autem

536 3509 800 3583 iuraverit
841 3512 897 3568 in
923 3526 1054 3568 auro
1083 3510 1291 3581 templi,
1312 3509 1495 3566 debet.
1527 3508 1684 3565 Stulti
1712 3516 1768 3563 et
1791 3508 1949 3575 caeci,
1993 3507 2121 3577 quid

538 3608 685 3665 enim
707 3605 883 3676 majus
906 3612 1011 3671 est,
1036 3618 1250 3673 aurum,
1271 3618 1341 3658 an
1366 3601 1623 3671 templum
1650 3602 1793 3670 quod
1820 3599 2120 3657 sanctiﬁcat

539 3697 766 3754 aurum?
797 3696 865 3750 Et
912 3695 1214 3765 quicunque
1236 3693 1495 3765 iuraverit
1522 3693 1578 3749 in
1608 3692 1795 3759 altari,
1826 3692 1962 3749 nihil
2004 3701 2117 3761 est;

538 3788 849 3858 quicunque
881 3795 1062 3843 autem
1103 3784 1364 3856 iuraverit
1390 3785 1445 3841 in
1478 3783 1621 3841 dono
1661 3784 1802 3855 quod
1832 3793 1915 3841 est
1958 3800 2121 3856 super

536 3878 696 3946 illud,
725 3878 907 3936 debet.
945 3876 1107 3946 Caeci,
1132 3876 1258 3946 quid
1278 3877 1423 3935 enim
1462 3876 1635 3947 maius
1660 3886 1765 3945 est,
1797 3876 2018 3944 donum,
2049 3894 2116 3934 an

537 3968 712 4026 altare
756 3968 897 4040 quod
949 3968 1251 4027 sanctiﬁcat
1292 3968 1526 4026 donum?
1568 3969 1672 4038 Qui
1709 3984 1836 4042 ergo
1869 3970 2017 4043 iurat
2062 3971 2118 4026 in

537 4064 741 4131 altari,
776 4063 922 4134 iurat
965 4064 1021 4120 in
1065 4077 1133 4121 eo
1157 4064 1295 4121 etin
1336 4065 1586 4121 omnibus
1635 4079 1755 4135 quae
1783 4079 1948 4135 super
1990 4064 2120 4122 illud

538 4163 687 4211 sunt.
728 4155 795 4209 Et
840 4154 1292 4225 quiiuraveritin
1322 4156 1542 4226 templo,
1570 4155 1715 4227 iurat
1740 4156 1796 4212 in
1842 4157 1935 4213 illo
1969 4166 2022 4212 et
2062 4157 2119 4213 in

540 4258 610 4300 eo
633 4244 725 4316 qui
763 4244 967 4301 habitat
992 4246 1046 4302 in
1076 4246 1212 4317 ipso.
1242 4246 1311 4302 Et
1335 4247 1426 4317 qui
1461 4245 1607 4318 iurat
1634 4248 1688 4303 in
1714 4247 1872 4316 caelo,
1898 4247 2045 4319 iurat
2065 4248 2118 4303 in

538 4337 738 4396 throno
785 4339 914 4407 Dei,
944 4348 998 4397 et
1026 4340 1080 4397 in
1111 4354 1177 4398 eo
1217 4342 1309 4412 qui
1330 4341 1483 4398 sedet
1503 4356 1664 4413 super
1693 4358 1840 4400 eum.
1864 4371 1937 4384 —
1981 4343 2116 4401 Luc.

540 4446 624 4498 xi,
654 4429 746 4488 £2.
776 4430 872 4488 Va:
896 4432 1071 4501 vobis,
1094 4432 1284 4489 scribae
1310 4440 1365 4490 ct
1388 4432 1642 4492 Pharisazi
1668 4434 1980 4507 hypocritae,
2028 4434 2120 4506 qui

540 4524 821 4581 decimatis
844 4525 1114 4580 mentitam
1134 4535 1189 4581 et
1214 4528 1468 4583 anethum
1494 4535 1551 4585 et
1570 4529 1844 4600 cyminum
1869 4537 1925 4585 et
1946 4540 2118 4586 rutam

541 4626 599 4673 et
622 4629 785 4671 omne
812 4614 951 4680 olus,
982 4623 1036 4672 et
1062 4616 1357 4688 reliquistis
1385 4633 1501 4688 quae
1524 4619 1769 4689 graviora
1801 4630 1926 4676 sunt
1952 4620 2084 4691 legis
2102 4661 2119 4687 ,

537 4706 802 4778 iudicium
829 4712 884 4761 et
922 4705 1376 4777 misericordiam,
1410 4716 1465 4764 et
1507 4708 1668 4764 ﬁdem
1708 4719 1763 4765 et
1804 4709 2120 4766 charitatcm

539 4799 639 4857 Dei
670 4817 682 4853 :
711 4800 825 4855 haec
847 4798 1082 4869 oportuit
1106 4798 1304 4869 facere,
1329 4808 1385 4856 et
1412 4800 1500 4856 illa
1522 4816 1628 4857 non
1649 4802 1914 4859 omittere.
1945 4802 2119 4861 Duces

518 4891 711 4961 'cmci,
755 4891 1064 4950 excolautes
1111 4893 1372 4961 culicem,
1420 4892 1687 4951 eamelum
1714 4902 1891 4952 autem
1929 4894 2118 4967 deglu-

541 4983 761 5042 tientes.
786 5014 856 5026 --
882 4983 1012 5041 Luc.
1038 4998 1113 5053 xl,
1140 4984 1326 5043 59-51.
1369 4983 1462 5041 Va:
1486 4986 1662 5054 vobis,
1684 4988 1876 5043 scriba:
1904 4996 1957 5043 et
1981 4986 2119 5044 Pha-

540 5077 684 5135 risazi
707 5076 1021 5151 hypocritte,
1048 5076 1139 5149 qui
1161 5077 1428 5134 mundatis
1447 5078 1589 5149 quod
1611 5076 1809 5136 deforis
1828 5088 1911 5136 est
1935 5080 2117 5137 calicis

542 5176 600 5226 et
624 5170 925 5242 paropsidis
952 5186 968 5225 :
1000 5170 1143 5226 intus
1171 5180 1346 5227 autem
1376 5171 1521 5242 pleni
1562 5172 1691 5229 estis
1717 5173 1904 5244 rapina
1934 5182 1989 5231 et
2016 5173 2120 5230 im-

450 5324 455 5333 ,
540 5264 824 5321 munditia.
844 5262 1113 5320 Pharisme
1133 5277 1294 5330 caece,
1314 5265 1512 5320 munda
1538 5265 1685 5336 prius
1704 5266 1846 5337 quod
1874 5269 2016 5324 intus
2037 5277 2122 5326 est

448 5393 451 5396 ν
538 5354 723 5413 calicis
756 5363 813 5411 et
849 5355 1178 5427 paropsidis,
1209 5364 1267 5413 ut
1305 5355 1396 5412 ﬁat
1421 5364 1477 5414 et
1518 5356 1572 5413 id
1610 5358 1751 5429 quod
1792 5359 1992 5417 deforis
2037 5371 2121 5419 est

450 5472 456 5517 ε
538 5449 821 5506 mundum.
856 5447 948 5505 Var
975 5448 1128 5507 vobis
1147 5488 1163 5518 ,
1191 5450 1315 5521 quia
1343 5449 1475 5507 estis
1505 5458 1565 5507 ut
1607 5462 1950 5510 monumenta
1999 5471 2119 5525 qua:

446 5542 458 5598 ἓ
537 5554 649 5598 non
705 5550 1001 5612 apparent,
1052 5550 1108 5599 et
1158 5540 1403 5598 homines
1453 5542 1788 5601 ambulantes
1840 5561 2001 5617 supra
2054 5562 2118 5607 ea

446 5632 452 5635 ’
540 5631 809 5690 nesciunt.
841 5631 936 5688 Vae
967 5634 1142 5701 vobis,
1173 5633 1363 5691 scribae
1402 5642 1460 5691 et
1482 5634 1734 5692 Pharisaei
1779 5637 2069 5709 hypocrita‘.
2100 5656 2117 5698 :

539 5723 665 5797 quia
694 5724 901 5782 simiies
940 5726 1070 5782 estis
1114 5727 1378 5797 sepulcris
1423 5726 1718 5798 dealbatis,
1752 5746 1871 5801 qua:
1909 5746 1940 5786 a
1984 5730 2118 5791 foris

539 5827 799 5888 apparent
828 5818 1138 5876 hominibus
1173 5820 1415 5890 speciesa
1435 5859 1453 5890 ,
1480 5820 1624 5880 intus
1651 5838 1779 5880 vero
1810 5824 1964 5896 plena
1994 5832 2119 5883 sunt

538 5909 752 5970 ossibus
771 5918 1102 5971 mortuorum
1123 5948 1142 5980 ,
1174 5918 1233 5971 et
1259 5911 1405 5972 omni
1439 5913 1715 5988 spurcitia.
1747 5915 1836 5979 Sic
1874 5927 1930 5979 et
1952 5932 2048 5979 vos
2084 5934 2119 5979 a

2214 2009 2273 2058 et
2297 2000 2521 2067 scribas,
2553 2006 2609 2056 ct
2634 2015 2702 2056 ex
2731 2000 2835 2054 illis
2862 1998 3117 2056 occidetis
3146 2006 3199 2054 et
3241 1995 3600 2065 cruciﬁgetis,
3652 2004 3707 2050 et
3734 2008 3805 2049 ex

2215 2093 2296 2150 eis
2318 2092 2655 2161 ﬁagellabitis
2685 2092 2739 2145 in
2767 2091 3052 2162 synagogis
3076 2091 3287 2156 vestris,
3321 2097 3376 2146 et
3400 2089 3805 2160 persequem‘mi

2215 2181 2285 2240 de
2330 2183 2546 2238 civitate
2576 2182 2630 2236 in
2651 2182 2921 2238 civitatem
2948 2197 2963 2235 :
2991 2189 3051 2236 ut
3079 2180 3260 2237 veniat
3288 2195 3449 2251 super
3486 2194 3585 2236 vos
3626 2180 3805 2235 omnis

2215 2272 2624 2344 sanguisiustus
2644 2273 2735 2344 qui
2752 2272 2951 2328 effusus
2972 2280 3053 2327 est
3074 2285 3235 2342 super
3250 2282 3471 2339 terram,
3496 2285 3527 2325 a
3542 2272 3806 2342 sanguine

2222 2365 2359 2423 Abel
2388 2365 2515 2434 iusti
2544 2380 2713 2434 usque
2734 2365 2800 2419 ad
2822 2364 3135 2434 sanguinem
3173 2363 3475 2432 Zachariae,
3508 2363 3601 2418 ﬁlii
3644 2364 3809 2418 Bara-

2216 2456 2376 2526 chiae,
2402 2471 2559 2525 quem
2590 2455 2863 2512 occidistis
2885 2456 3024 2512 inter
3049 2454 3303 2526 templum
3321 2465 3376 2511 et
3402 2456 3591 2512 altare.
3630 2454 3804 2511 Amen

2217 2550 2343 2607 dico
2372 2549 2549 2619 vobis,
2582 2548 2805 2606 venient
2832 2548 2949 2605 haec
2978 2549 3161 2605 omnia
3204 2562 3367 2622 super
3401 2547 3807 2620 generationem

2219 2642 2400 2703 istam.

2778 2732 3007 2793 CAPUT
3041 2732 3245 2791 CXLII.

2493 2826 2640 2883 Iesus
2669 2828 2980 2882 (cruentatur
2996 2843 3152 2898 super
3180 2826 3529 2886 Hierusalem.

2293 2946 2515 3002 ΙΙΑττιι.
2562 2957 2727 3009 xxm,
2758 2941 2954 3010 '57-‘59;
3002 2941 3133 2999 Luc.
3170 2956 3284 3010 xm,
3332 2944 3518 3003 δᾶν-55.
3548 2941 3809 3001 Hierusa-

2232 3037 2366 3103 lem,
2398 3033 2755 3099 Hierusalem,
2782 3048 2901 3104 qua:
2929 3033 3127 3090 occidis
3158 3034 3476 3105 prophetas,
3506 3046 3562 3092 et
3602 3035 3811 3105 lapidas

2223 3144 2320 3187 eos
2343 3128 2433 3199 qui
2480 3128 2498 3147 ‘
2526 3127 2811 3181 mittuntur
2836 3126 2901 3180 ad
2944 3134 3025 3193 te,
3058 3127 3266 3197 quoties
3291 3127 3435 3183 volui
3476 3142 3810 3200 congregare

2222 3219 2360 3275 ﬁlios
2392 3227 2540 3286 tuos,
2585 3215 3037 3286 quemadmodum
3069 3218 3263 3289 gallina
3295 3231 3587 3292 congregat
3634 3223 3808 3293 pullos

2146 3289 2197 3356 (ἶ
2223 3327 2352 3370 suos
2376 3312 2395 3331 ‘
2421 3310 2522 3366 sub
2547 3308 2644 3365 alis
2671 3311 2804 3378 suis,
2834 3317 2889 3366 et
2918 3310 3170 3367 noluisti?
3194 3311 3331 3369 Ecce
3352 3289 3687 3385 relinquetur
3716 3330 3811 3370 vo-

2221 3407 2304 3464 bis
2328 3407 2520 3465 domus
2547 3420 2729 3467 vestra
2754 3410 2989 3468 deserta.
3023 3411 3149 3467 Dico
3177 3412 3317 3468 enim
3342 3412 3494 3469 vobis
3519 3429 3533 3468 :
3556 3428 3679 3477 non
3719 3427 3809 3470 me

2220 3501 2471 3558 videbitis
2495 3503 2709 3571 amodo,
2739 3504 2911 3563 donec
2938 3504 3131 3562 dicatis
3161 3524 3174 3561 :
3202 3505 3521 3563 Benedictus
3543 3507 3635 3579 qui
3661 3505 3806 3565 venit

2221 3596 2277 3656 in
2305 3598 2519 3653 nomine
2546 3596 2782 3654 Domini.

2763 3710 2991 3770 CAPUT
3029 3711 3256 3768 CXLIII.

2222 3798 2383 3857 Παιιὶ
2433 3819 2494 3855 ex
2547 3803 2865 3873 principibus
2918 3805 3243 3860 crediderunt
3290 3805 3346 3859 in
3390 3822 3507 3861 eum
3555 3823 3577 3862 :
3614 3816 3662 3863 et
3703 3824 3809 3865 non

2388 3875 2783 3943 conﬁtebantur,
2825 3890 2887 3929 ne
2916 3876 2979 3929 de
3022 3893 3284 3948 synagoga
3311 3877 3634 3949 ejicerentur.

2292 3984 2448 4042 10m.
2506 4002 2616 4053 xu,
2672 3985 2865 4043 42-50.
2923 3986 3306 4044 Verumtamen
3359 4004 3426 4045 cx
3475 3990 3806 4061 principibus

2222 4078 2377 4134 multi
2410 4078 2757 4135 crediderunt
2806 4079 2859 4134 in
2901 4093 3055 4147 eum;
3106 4080 3202 4137 sed
3241 4092 3459 4153 propter
3505 4082 3807 4141 Pharisaeos

2223 4184 2331 4223 non
2360 4168 2772 4236 conﬁtebantur,
2816 4176 2872 4224 ut
2908 4168 2976 4227 de
3006 4184 3275 4241 synagoga
3315 4186 3423 4228 non
3460 4172 3803 4243 eiicerentur.

2224 4260 2546 4317 Diiexerunt
2576 4263 2719 4318 enim
2748 4263 2973 4333 gloriam
3006 4265 3285 4322 hominum
3312 4267 3480 4337 magis
3506 4283 3668 4338 quam
3690 4268 3808 4339 glo-

2224 4354 2360 4409 riam
2388 4353 2503 4410 Dei.
2534 4353 2691 4411 Jesus
2717 4365 2896 4413 autem
2917 4358 3197 4427 clamavit,
3221 4368 3274 4414 et
3298 4358 3437 4415 dixit
3463 4374 3481 4416 :
3515 4359 3619 4427 Qui
3639 4359 3809 4415 credit

2224 4444 2281 4502 in
2303 4463 2410 4515 me,
2439 4462 2545 4502 non
2574 4447 2743 4504 credit
2773 4448 2825 4504 in
2857 4464 2981 4518 me,
3020 4451 3117 4505 sed
3145 4450 3200 4506 in
3228 4466 3348 4507 eum
3377 4452 3463 4521 qui
3509 4452 3659 4508 misit
3698 4468 3805 4509 me.

2225 4539 2293 4597 Et
2314 4541 2402 4611 qui
2434 4538 2577 4596 videt
2606 4556 2715 4611 me,
2744 4541 2887 4598 videt
2915 4557 3036 4598 eum
3067 4542 3157 4613 qui
3179 4542 3326 4599 misit
3355 4558 3462 4601 me.
3490 4543 3603 4614 Ego
3633 4544 3723 4599 lux
3751 4545 3807 4599 in

2232 4634 2488 4689 mundum
2521 4636 2667 4703 veni,
2702 4644 2761 4691 ut
2786 4640 2961 4693 omnis
2983 4639 3073 4709 qui
3098 4638 3271 4694 credit
3292 4638 3349 4694 in
3372 4653 3459 4694 me
3485 4638 3541 4694 in
3573 4638 3806 4695 tenebris

2227 4741 2335 4782 non
2378 4735 2611 4783 maneat.
2642 4727 2707 4782 Et
2738 4728 2784 4783 si
2814 4729 2934 4800 quis
2971 4729 3203 4785 audierit
3226 4730 3388 4786 verba
3417 4744 3539 4786 mea
3563 4772 3579 4799 ,
3610 4738 3668 4786 et
3700 4744 3809 4787 non

2226 4816 2568 4886 custodierit,
2597 4832 2696 4888 ego
2726 4834 2832 4875 non
2857 4819 3043 4891 judico
3072 4836 3195 4877 cum
3220 4838 3234 4875 z
3267 4837 3377 4878 non
3399 4822 3543 4878 enim
3586 4822 3710 4878 veni
3750 4830 3809 4877 ut

2223 4906 2461 4978 iudicem
2504 4911 2781 4980 mundum,
2834 4913 2929 4969 sed
2960 4921 3019 4969 ut
3055 4914 3351 4972 salviﬁcem
3388 4915 3675 4973 mundum.
3703 4914 3808 4983 Qui

2225 5000 2433 5071 spernit
2455 5018 2565 5071 me,
2596 5011 2651 5062 et
2674 5020 2781 5061 non
2804 5006 2998 5077 accipit
3018 5007 3181 5064 verba
3200 5023 3345 5075 mea,
3371 5008 3530 5063 habet
3551 5009 3642 5080 qui
3660 5008 3807 5078 iudi-

2225 5102 2313 5151 cet
2333 5109 2474 5151 cum.
2504 5095 2693 5155 Sermo
2714 5112 2872 5169 quem
2894 5098 3102 5157 locutus
3121 5114 3262 5168 sum,
3292 5100 3384 5157 ille
3399 5100 3658 5171 iudicabit
3682 5115 3807 5160 eum

2224 5184 2278 5241 in
2314 5188 2605 5244 novissimo
2626 5187 2715 5245 die
2749 5207 2761 5241 :
2795 5190 2920 5261 quia
2947 5205 3046 5262 ego
3074 5206 3140 5247 ex
3173 5207 3261 5248 me
3286 5192 3406 5263 ipso
3428 5207 3535 5248 non
3559 5206 3678 5272 5pm
3726 5191 3807 5249 lo-

2227 5288 2415 5349 cutus,
2448 5280 2542 5339 scd
2567 5282 2657 5353 qui
2682 5282 2826 5339 misit
2854 5298 2941 5339 me
2974 5280 3154 5350 Pater,
3186 5284 3301 5354 ipse
3338 5284 3471 5340 mihi
3497 5284 3805 5342 mandatum

2226 5370 2411 5444 dedit,
2459 5374 2585 5445 quid
2614 5372 2826 5441 dicam,
2854 5378 2872 5399 ‘
2917 5385 3010 5431 aut
3036 5376 3163 5447 quid
3199 5377 3413 5447 loquar.
3447 5378 3517 5434 Et
3539 5377 3655 5434 seio
3681 5378 3804 5448 quia

2224 5464 2533 5520 mandatum
2551 5463 2666 5535 eius
2688 5464 2793 5521 vita
2815 5473 3016 5522 aeterna
3044 5475 3146 5523 est.
3167 5467 3296 5535 Quae
3318 5482 3446 5539 ergo
3469 5483 3571 5539 ego
3590 5468 3804 5539 loquor,

2222 5556 2508 5614 sicutdixit
2538 5556 2667 5612 mihi
2698 5555 2877 5626 Pater,
2899 5558 2976 5615 sic
3000 5558 3212 5630 loquor.
3230 5558 3473 5616 -Jont.
3493 5574 3593 5629 xu,
3615 5561 3802 5618 36-“.

2223 5650 2352 5707 Hac
2378 5650 2586 5707 locutus
2616 5660 2701 5706 cst
2729 5651 2807 5707 cis
2848 5652 3026 5720 .lcsus,
3055 5662 3112 5711 et
3139 5653 3311 5722 abiit,
3334 5663 3389 5710 ct
3427 5654 3711 5712 abscondit
3745 5670 3804 5713 se

2222 5740 2290 5799 ab
2315 5741 2414 5798 eis.
2466 5740 2597 5796 Cum
2630 5752 2808 5799 autem
2838 5751 2984 5800 tanta
3032 5744 3182 5815 signa
3212 5744 3430 5802 fecisset
3466 5761 3651 5804 coram
3692 5748 3802 5819 eis,

2223 5847 2335 5889 non
2384 5831 2678 5889 credebant
2721 5833 2775 5889 in
2830 5849 2992 5905 eum,
3034 5846 3093 5893 ut
3126 5852 3307 5894 sermo
3333 5838 3485 5896 Isaiae
3531 5843 3804 5913 propheta

2200 5923 2555 6013 impleretur,
2577 5939 2736 5997 quem
2767 5924 2942 5984 dixit:
2973 5926 3225 6001 Domine,
3252 5929 3374 6001 quis
3399 5930 3628 5990 credidit
3653 5934 3804 5994 audi-
