4038 6356
241 380 346 446 353

1016 382 1597 446 EVANGELICARUM
1636 382 2143 450 HARMONIARUM
2181 388 2755 456 INTERPRETATIO.

3388 400 3499 464 554

243 497 322 553 tui
362 499 576 565 nostro,
607 505 663 553 et
709 498 983 556 brachium
1024 500 1236 558 Domini
1267 504 1349 558 cui
1395 502 1686 559 revelatum
1730 514 1815 562 est
1839 510 1896 572 Α
1921 506 2113 576 captivi
2156 507 2421 565 ducentur
2466 512 2519 567 in
2570 528 2759 571 omnes
2793 522 3023 587 gentes;
3070 522 3128 575 et
3162 517 3495 582 Hierusalem

245 586 379 658 (Isa.
411 604 522 654 LIII,
553 588 644 659 i)?
670 589 795 647 Haec
817 591 953 647 dixit
981 594 1177 664 isaias,
1206 595 1420 667 quando
1441 599 1572 656 vidit
1597 598 1824 668 gloriam

246 676 363 749 ejus
380 718 397 745 ,
424 687 480 735 et
508 679 717 736 locutus
740 692 827 738 est
851 681 920 739 de
948 698 1038 739 eo.

781 792 1009 850 CAPUT
1047 794 1274 853 CXLIV.

391 881 679 938 Ostendam
708 885 946 956 discipuli
972 886 1099 942 Iesu
1141 893 1675 964 structuramjeiitpti.

317 993 533 1049 illurn.
556 1004 704 1064 xxxv,
736 993 858 1062 1-2;
888 996 1057 1054 Mane.
1086 1013 1210 1066 xm,
1242 996 1365 1066 i-2;
1394 999 1524 1057 Luc.
1556 1014 1675 1068 χχι,
1702 1001 1816 1059 5-6.

246 1081 315 1138 Et
359 1097 478 1139 cum
508 1082 853 1155 egrederetur
890 1076 1049 1145 Iesus
1089 1086 1157 1145 de
1201 1092 1430 1161 templo,
1474 1101 1823 1149 accesserunt

245 1175 489 1248 discipuli
516 1177 662 1248 ejus,
696 1187 755 1235 ut
783 1180 1128 1239 oStenderent
1158 1181 1207 1239 ei
1236 1183 1642 1241 aediﬁcationem
1684 1193 1821 1242 tem-

245 1268 318 1339 pli
345 1310 361 1336 ,
416 1270 651 1327 dicentes
698 1290 712 1325 :
756 1270 1045 1344 Magister,
1075 1275 1256 1346 aspice
1294 1278 1478 1346 quales
1523 1276 1727 1347 lapides
1766 1285 1821 1335 et

244 1359 427 1429 quales
447 1369 752 1417 structurae.
785 1363 853 1418 Et
873 1364 1205 1433 respondens
1228 1364 1416 1436 Jesus,
1462 1367 1538 1428 ait
1568 1384 1583 1421 :
1613 1365 1820 1423 Videtis

241 1448 341 1505 bas
368 1464 555 1507 omnes
580 1452 991 1511 aediﬁcationes?
1016 1456 1186 1511 Amen
1217 1455 1335 1512 dico
1360 1457 1514 1525 vobis
1554 1471 1570 1512 :
1599 1460 1819 1514 venient

240 1537 358 1596 dies
383 1541 436 1597 in
474 1544 667 1613 quibus
695 1559 800 1601 non
826 1547 1157 1618 relinquetur
1185 1548 1272 1606 hic
1300 1550 1437 1621 lapis
1478 1562 1641 1613 supra
1680 1550 1816 1622 lapi-

240 1630 385 1703 dem,
418 1635 511 1705 qui
539 1650 647 1693 non
677 1637 1004 1695 destruatur.

790 1750 1016 1808 CAPUT
1053 1750 1258 1809 CXLV.

240 1834 465 1915 Sedente
497 1837 624 1915 {esu
645 1838 725 1915 in
743 1850 910 1894 monte
944 1840 1131 1915 Uliveti
1163 1843 1477 1915 interrogant
1507 1862 1620 1901 eum
1660 1846 1812 1902 disci-

311 1909 425 1977 puli
457 1924 476 1963 :
506 1908 654 1974 Quod
682 1911 885 1977 signum
929 1909 1025 1966 erit
1062 1914 1307 1968 adventus
1352 1908 1472 1970 tui?
1512 1918 1590 1972 vel
1634 1931 1810 1973 eorum

307 1994 426 2047 quae
451 1979 671 2035 dixisti?
713 1979 783 2033 Et
808 1983 1055 2051 prtcdicat
1082 1985 1147 2038 de
1187 1986 1441 2043 eversione
1479 1986 1812 2045 Hierusalem

308 2058 356 2103 et
380 2050 539 2118 signis
564 2062 611 2106 et
638 2052 905 2123 prodigiis.

312 2159 530 2216 hia-ml.
546 2177 695 2229 xxiv,
711 2164 835 2219 5-5!
854 2182 870 2231 ;
894 2164 1068 2222 Manu.
1086 2182 1198 2233 xm,
1212 2168 1341 2223 3-27
1356 2184 1372 2236 ;
1389 2168 1521 2227 Luc.
1541 2172 1807 2241 uin-28.

235 2250 451 2307 Etcum
478 2253 693 2310 sederet
718 2255 773 2311 in
814 2266 997 2313 monte
1020 2256 1296 2336 Olivarutn
1320 2271 1505 2318 contra
1527 2264 1804 2333 templum,

232 2354 580 2399 accesserunt
598 2345 845 2416 discipuli
862 2357 1091 2417 secreto,
1105 2359 1161 2407 et
1181 2352 1641 2424 interrogaverunt
1660 2369 1807 2425 eum,

234 2434 473 2493 dicentes
496 2452 511 2491 :
534 2436 855 2509 Praeceptor,
884 2441 973 2498 dic
992 2443 1146 2499 nobis
1167 2445 1381 2515 quando
1403 2446 1519 2503 huic
1538 2450 1729 2504 erunt?
1754 2458 1813 2505 et

235 2528 378 2600 quod
402 2530 612 2601 signum
635 2530 897 2589 adventus
926 2533 1023 2605 tui,
1049 2549 1173 2592 cum
1205 2537 1323 2595 haec
1343 2540 1525 2595 omnia
1553 2541 1812 2613 incipient

238 2623 633 2678 consummari?
683 2623 753 2679 Et
798 2625 872 2680 ait
908 2625 975 2681 ad
1016 2626 1311 2699 discipulos
1350 2648 1365 2686 :
1418 2632 1647 2689 Venient
1696 2633 1810 2691 dies

235 2712 452 2782 quando
478 2712 796 2772 desideratis
813 2716 1001 2773 videre
1026 2733 1193 2774 unum
1222 2720 1366 2777 diem
1394 2721 1519 2778 Filii
1548 2722 1807 2793 hominis,

236 2812 289 2860 ct
327 2818 436 2861 non
467 2806 738 2864 videbitis.
778 2808 972 2866 Videte
996 2825 1066 2868 ne
1092 2812 1215 2882 quis
1241 2824 1338 2869 vos
1381 2813 1621 2871 seducat.
1661 2815 1813 2873 Multi

236 2899 380 2955 enim
408 2900 627 2956 venient
677 2902 733 2958 in
776 2904 995 2960 nomine
1033 2918 1173 2971 meo,
1205 2906 1492 2964 dicentes:
1541 2908 1654 2980 Ego
1691 2925 1810 2966 sum

236 2989 481 3046 Christus
500 3029 517 3059 ,
550 2999 603 3047 ct
631 2993 825 3050 multos
852 2996 1129 3052 seducent.
1159 2997 1291 3053 Cum
1320 2998 1597 3056 audieritis
1627 3001 1812 3070 prailia

236 3090 285 3139 et
312 3085 599 3153 opiniones
626 3086 888 3143 bellorum
925 3097 979 3144 et
1008 3091 1301 3148 seditiones
1325 3135 1341 3161 ,
1382 3093 1551 3151 nolite
1578 3095 1768 3152 terreri
1795 3113 1810 3149 :

233 3183 447 3244 oportet
475 3176 619 3231 enim
650 3178 767 3233 inec
796 3177 943 3245 ﬁeri,
984 3180 1079 3236 sed
1108 3182 1343 3237 nondum
1371 3191 1456 3239 est
1499 3182 1642 3241 ﬁnis.
1670 3184 1813 3242 Con-

1924 594 2221 651 calcabitur
2268 612 2299 652 a
2343 601 2628 671 gentibus,
2671 604 2844 663 donec
2885 607 3206 679 impleantur
3251 620 3496 685 tempora

1922 685 2221 742 nationum.
2252 689 2413 746 Orate
2435 702 2635 763 autem,
2662 706 2721 752 ut
2748 713 2855 755 non
2876 699 2969 755 ﬁat
2998 701 3019 722 ¹¹
3043 698 3164 773 fuga
3193 701 3370 760 hieme
3410 705 3495 762 vel

1922 776 2164 834 sabbato.
2188 778 2307 835 Erit
2330 782 2473 839 enim
2504 794 2632 843 tunc
2655 788 2927 847 tribulatio
2956 805 3166 862 magna,
3187 795 3365 865 qualis
3388 812 3498 854 non

1921 867 2017 923 fuit
2046 869 2115 926 ab
2144 870 2292 927 initio
2311 875 2495 929 mundi
2518 892 2683 948 usque
2712 881 2894 949 modo,
2919 898 3094 953 neque
3116 883 3225 941 ﬁet.
3251 886 3317 942 Et
3335 896 3497 944 erunt

1918 958 2069 1029 signa
2097 960 2151 1015 in
2181 962 2319 1030 sole,
2346 973 2399 1019 et
2428 965 2579 1035 luna,
2607 980 2663 1026 et
2684 973 2884 1041 stellis,
2907 983 2965 1029 et
2988 975 3040 1032 in
3063 976 3217 1033 terris
3246 994 3495 1050 pressura

1920 1051 2160 1121 gentium
2190 1067 2301 1121 pra:
2333 1054 2646 1115 confusione
2674 1064 2878 1118 sonitus
2906 1066 3070 1121 maris
3113 1076 3166 1122 et
3207 1068 3498 1137 ﬂuctuum.

1919 1144 2285 1202 arescentibus
2310 1146 2614 1207 hominibus
2639 1168 2750 1221 pra)
2774 1156 2967 1213 timore
2993 1169 3049 1214 et
3071 1160 3497 1231 exspectatione,

1920 1246 2037 1303 qua:
2057 1237 2435 1305 supervenient
2458 1240 2710 1298 universo
2731 1245 2868 1299 orbi.
2898 1246 2963 1301 Et
2983 1248 3085 1303 nisi
3109 1242 3328 1307 breviati
3360 1252 3491 1308 fuis-

1919 1334 2040 1381 sent
2062 1327 2175 1383 dies
2191 1328 2292 1397 illi,
2313 1345 2417 1387 non
2444 1331 2593 1389 ﬁeret
2610 1336 2760 1391 salva
2782 1339 2958 1394 omnis
2978 1354 3138 1397 caro:
3163 1344 3255 1399 sed
3278 1357 3495 1415 propter

1919 1418 2123 1477 electos
2151 1420 2536 1482 breviabuntur
2564 1427 2682 1483 dies
2712 1429 2810 1484 illi.
2847 1460 2916 1472 —-
2963 1431 3097 1490 Luc.
3126 1450 3263 1503 xvn,
3302 1437 3491 1495 23-25.

1918 1507 2068 1567 Tunc
2100 1512 2145 1567 si
2178 1515 2300 1583 quis
2326 1517 2479 1572 vobis
2507 1516 2705 1574 dixerit
2735 1536 2749 1575 :
2781 1519 2924 1578 Ecce
2952 1520 3040 1577 hic
3081 1532 3167 1579 est
3212 1525 3497 1594 Christus,

1917 1600 2058 1658 Ecce
2078 1603 2218 1659 illic:
2241 1606 2406 1663 nolite
2427 1609 2667 1665 credere.
2691 1610 2923 1683 Surgent
2938 1612 3080 1670 enim
3102 1610 3497 1685 pseudochristi

1917 1699 1971 1746 et
1999 1694 2479 1765 pseudoprophetae
2505 1715 2518 1754 :
2541 1708 2597 1755 et
2617 1700 2814 1759 dabunt
2843 1704 2994 1774 signa
3022 1719 3213 1777 magna
3234 1717 3287 1763 et
3313 1706 3493 1777 prodi-

1916 1780 2024 1853 gia,
2056 1783 2127 1838 ita
2151 1793 2209 1839 ut
2237 1786 2290 1841 in
2318 1802 2555 1845 errorem
2583 1791 2865 1860 ducantur,
2893 1796 2937 1851 si
2959 1794 3073 1853 ﬁeri
3103 1806 3297 1868 potest,
3326 1799 3491 1856 etiam

1841 1871 2097 1965 Belecti.
2141 1876 2280 1932 Ecce
2322 1878 2543 1947 praedixi
2582 1881 2753 1937 vobis.
2790 1884 2846 1940 Si
2888 1899 3017 1957 ergo
3046 1887 3276 1945 dixerint
3304 1888 3487 1957 vobis,

1913 1978 2042 2021 ecce
2069 1963 2121 2019 in
2154 1967 2368 2023 deserto
2396 1979 2499 2038 est,
2530 1972 2698 2029 nolite
2723 1974 2870 2031 exire
2916 1993 2931 2029 :
2960 1990 3087 2033 ecce
3114 1979 3167 2034 in
3203 1981 3487 2050 penetrali-

1911 2054 2033 2122 bus,
2053 2056 2220 2114 nolite
2242 2059 2483 2117 crcdere.
2504 2060 2654 2118 Sicut
2674 2063 2814 2119 enim
2830 2064 3008 2137 fulgur
3028 2068 3136 2124 exit
3169 2069 3237 2125 ab
3257 2072 3491 2140 oriente,

1910 2157 1966 2204 et
1994 2158 2146 2219 paret
2170 2165 2340 2223 usque
2367 2154 2421 2207 in
2459 2154 2827 2225 occidentem,
2882 2156 2953 2214 ita
2992 2160 3097 2215 erit
3134 2168 3188 2216 et
3229 2162 3487 2222 adventus

1910 2239 2029 2296 Filii
2053 2241 2306 2299 hominis.
2326 2243 2515 2300 Statim
2535 2256 2711 2303 autem
2730 2258 2851 2318 post
2869 2249 3259 2308 tribulationem
3282 2254 3486 2312 dierum
3555 2264 3576 2283 '

1910 2331 2143 2400 illorum,
2177 2335 2256 2390 sol
2287 2335 2685 2408 obscurabitur,
2729 2349 2785 2395 et
2823 2341 2947 2397 luna
2984 2356 3092 2399 non
3120 2343 3270 2400 dabit
3307 2346 3489 2404 lumen

1908 2436 2090 2489 suum,
2115 2433 2170 2481 et
2198 2427 2368 2482 stellae
2394 2428 2586 2485 cadent
2610 2429 2677 2487 de
2706 2430 2867 2498 coelo,
2895 2441 2950 2489 et
2977 2432 3201 2491 virtutes
3228 2436 3487 2493 ctelorum
3590 2432 3599 2437 ‘

1908 2514 2287 2573 movebuntur.
2320 2517 2389 2574 Et
2412 2527 2537 2576 tunc
2560 2520 2766 2590 parebit
2787 2522 2995 2593 signum
3027 2524 3149 2581 Filii
3172 2524 3404 2585 hominis
3433 2530 3489 2587 in

1909 2608 2087 2677 coelo,
2113 2618 2167 2665 et
2215 2619 2339 2666 tunc
2370 2611 2621 2681 plangent
2649 2629 2709 2670 se
2750 2630 2938 2673 omnes
2981 2618 3151 2675 tribus
3197 2627 3374 2676 terrae.
3421 2620 3492 2679 Et

1911 2710 2038 2757 tunc
2065 2701 2325 2759 videbunt
2352 2704 2545 2762 Filium
2571 2706 2802 2766 hominis
2831 2712 3132 2769 venientem
3176 2713 3231 2770 in
3258 2706 3489 2773 nubibus

1910 2797 2032 2854 coeli
2059 2812 2178 2854 cum
2202 2798 2399 2856 virtute
2426 2801 2591 2858 multa
2618 2810 2674 2859 et
2702 2804 3001 2875 majestate.
3046 2807 3114 2864 Et
3145 2817 3271 2865 tunc
3312 2810 3488 2868 mittet

1910 2891 2129 2961 angelos
2150 2907 2276 2950 suos
2295 2910 2418 2951 cum
2442 2895 2569 2953 tuba
2601 2906 2653 2953 et
2683 2912 2815 2956 voce
2843 2915 3033 2973 magna
3055 2938 3073 2971 ,
3110 2911 3166 2959 et
3192 2917 3487 2977 congrega-

1910 2983 2045 3041 bunt
2074 2984 2275 3042 electos
2304 2986 2425 3057 ejus
2463 3002 2493 3041 a
2517 2998 2745 3059 quatuor
2768 2994 2975 3059 ventis,
3012 3009 3043 3049 a
3073 2994 3295 3052 summis
3321 2999 3489 3055 coelo-

1911 3091 2029 3132 rum
2059 3091 2230 3147 usque
2254 3078 2321 3134 ad
2353 3081 2609 3136 terminos
2641 3097 2847 3140 eorum.
2879 3085 2973 3140 His
2998 3095 3179 3143 autem
3210 3087 3323 3145 iieri
3350 3089 3488 3145 inci-

1912 3168 2183 3238 pientibus
2209 3210 2226 3236 ,
2268 3171 2522 3241 respicite
2568 3182 2621 3227 et
2661 3174 2837 3232 levate
2883 3179 3056 3248 capita
3098 3189 3313 3250 vestra,
3357 3196 3490 3253 quo-

234 3274 419 3336 surget
455 3268 599 3321 enim
626 3281 757 3339 gens
784 3268 836 3322 in
880 3277 1123 3338 gentem,
1155 3280 1210 3327 et
1234 3282 1455 3344 regnum
1499 3283 1687 3332 contra
1728 3292 1808 3332 re-

1916 3259 2060 3316 aiam
2088 3262 2107 3285 '
2136 3262 2582 3333 apprOpinquabit
2609 3265 2910 3336 redemptio
2937 3276 3136 3325 vestra.

232 3367 429 3427 gnum;
458 3366 515 3413 et
542 3368 701 3415 erunt
728 3359 1066 3430 pestilentiae,
1092 3372 1149 3419 et
1176 3364 1363 3435 fames,
1396 3375 1448 3423 et
1480 3375 1813 3430 terraemotus

234 3463 331 3519 per
378 3450 516 3520 loca,
548 3459 888 3525 terroresque
910 3455 979 3513 de
1000 3457 1169 3526 ctelo,
1198 3468 1253 3517 et
1273 3461 1423 3533 signa
1446 3476 1658 3535 magna.
1686 3463 1813 3525 Bais

231 3551 416 3598 autem
444 3544 626 3600 omnia
654 3545 804 3602 initia
841 3556 964 3603 sunt
1001 3548 1267 3607 dolorum.
1300 3552 1449 3611 Tunc
1480 3555 1691 3614 tradent
1716 3573 1813 3617 vos

232 3631 287 3690 in
316 3634 741 3704 tribulationem,
772 3645 826 3695 et
846 3639 1089 3697 occident
1108 3656 1204 3697 vos
1236 3660 1251 3699 :
1283 3651 1338 3700 et
1365 3646 1514 3702 eritis
1540 3645 1665 3704 odio
1696 3658 1812 3706 om-

233 3727 395 3783 nibus
416 3728 664 3799 gentibus
692 3740 909 3802 propter
936 3746 1131 3790 nomen
1159 3750 1358 3793 meum.
1386 3737 1456 3794 Et
1496 3740 1718 3812 capillus
1741 3742 1810 3801 de

230 3818 410 3890 capite
431 3830 607 3877 vestro
630 3836 736 3879 non
766 3823 978 3893 peribit.
1011 3825 1066 3881 In
1093 3826 1344 3896 patientia
1368 3838 1543 3888 vestra
1570 3832 1810 3903 posside-

230 3906 358 3967 bitis
391 3912 595 3968 animas
624 3920 845 3971 vestras.
876 3913 1065 3973 Ponite
1093 3933 1221 3989 ergo
1255 3919 1308 3975 in
1336 3921 1586 3979 cordibus
1614 3926 1809 3984 vestris

231 4010 339 4055 non
372 4002 732 4070 praemeditari
761 4004 1029 4074 quomodo
1053 4008 1425 4078 respondeatis
1461 4029 1473 4064 :
1506 4025 1605 4083 ego
1630 4022 1807 4071 autem

229 4090 377 4148 dabo
405 4094 561 4151 vobis
601 4109 662 4152 os
689 4106 745 4152 et
774 4096 1087 4167 sapientiam
1118 4100 1203 4157 cui
1245 4116 1352 4158 non
1382 4111 1630 4174 poterunt
1669 4107 1807 4163 resi-

227 4194 375 4242 stere
427 4198 481 4244 et
508 4190 875 4249 contradicere
904 4208 1094 4252 omnes
1114 4195 1403 4252 adversarii
1434 4198 1621 4255 vestri.
1659 4198 1809 4257 Tunc

228 4279 732 4340 scandalizabuntur
757 4286 934 4353 multi,
980 4295 1034 4343 et
1078 4287 1308 4345 invicem
1338 4290 1573 4359 tradent,
1600 4300 1657 4348 et
1683 4292 1806 4349 odio

227 4369 502 4429 habebunt
524 4374 776 4431 invicem.
800 4377 871 4431 Et
890 4377 1037 4432 multi
1059 4379 1539 4448 pseudoprophetae
1565 4392 1805 4452 surgent,

222 4472 283 4519 et
301 4464 564 4520 seducent
582 4465 798 4520 multos.
821 4467 886 4520 Et
906 4468 1161 4534 quoniam
1185 4472 1203 4492 ’
1226 4469 1517 4526 abundabit
1535 4470 1806 4541 iniquitas,

222 4552 541 4621 refrigescet
560 4553 796 4611 charitas
821 4555 1128 4613 multorum.
1157 4557 1257 4624 Qui
1287 4568 1464 4615 autem
1500 4574 1808 4630 persevera-

2452 3376 2681 3433 CAPUT
2717 3378 2945 3437 CXLVI.

2370 3466 2451 3523 De
2489 3469 2737 3540 parabole
2779 3471 3029 3539 ﬁculneis.

1982 3559 2202 3617 binm.
2236 3574 2385 3628 xxiv,
2413 3561 2615 3629 52-56;
2644 3563 2818 3619 Mane.
2850 3580 2963 3632 xm,
2984 3565 3186 3636 28-52;
3213 3565 3343 3627 Luc.
3375 3584 3488 3642 ut,

1912 3649 2105 3711 29-35.
2136 3654 2218 3710 Ab
2236 3654 2427 3711 arbore
2446 3665 2625 3712 autem
2653 3657 2738 3713 iici
2764 3658 2956 3716 discite
2980 3662 3290 3731 paraboiam
3322 3681 3338 3719 :
3365 3679 3490 3722 cum

1905 3746 2018 3818 jam
2040 3758 2226 3803 ramus
2246 3747 2364 3817 ejus
2391 3757 2541 3804 tener
2569 3748 2752 3816 fuerit,
2780 3761 2834 3807 et
2860 3750 2987 3809 folia
3012 3763 3134 3811 nata
3154 3799 3170 3825 ,
3221 3765 3276 3813 et
3300 3764 3491 3814 omnes

1909 3841 2133 3898 arbores
2181 3855 2302 3897 cum
2351 3840 2460 3913 jam
2491 3857 2555 3897 ex
2582 3857 2643 3898 se
2678 3844 2979 3914 producunt
3020 3846 3252 3905 fructum
3279 3888 3296 3916 ,
3340 3851 3490 3909 scitis

1910 3933 2163 4005 Quoniam
2194 3946 2363 4003 prope
2392 3942 2476 3989 est
2520 3945 2676 3991 cstas
2709 3953 2722 3992 :
2756 3937 2828 3993 ita
2861 3948 2917 3994 et
2962 3954 3057 3997 vos
3095 3957 3216 3997 cum
3244 3943 3491 4001 videritis

1910 4027 2026 4085 haec
2041 4032 2220 4087 omnia
2239 4030 2376 4098 ﬁeri,
2400 4033 2592 4089 scitote
2607 4034 2729 4105 quia
2744 4049 2913 4107 prope
2932 4045 3013 4093 est
3030 4038 3084 4093 in
3101 4037 3300 4109 jannis.
3318 4044 3490 4097 Amen

1910 4120 2032 4177 dico
2052 4123 2203 4178 vobis
2235 4140 2247 4177 :
2276 4124 2397 4194 quia
2425 4139 2530 4180 non
2554 4127 2847 4195 praeteribit
2866 4128 2979 4185 itare
3000 4134 3295 4200 generatio,
3317 4133 3492 4189 donec

1910 4213 2090 4268 omnia
2117 4212 2232 4270 haec
2275 4213 2424 4269 ﬁant.
2453 4212 2658 4271 Caelum
2691 4225 2746 4271 et
2772 4223 2915 4272 terra
2956 4220 3294 4284 transibunt,
3327 4221 3489 4276 verba

1910 4314 2041 4358 vero
2070 4317 2190 4358 mea
2214 4317 2321 4358 non
2345 4303 2669 4359 transibunt.
2693 4305 2965 4359 Attendite
2989 4314 3169 4361 autem
3199 4306 3381 4373 vobis,
3422 4323 3491 4362 ne

1912 4393 2058 4449 forte
2081 4402 2372 4465 graventur
2397 4394 2562 4448 corda
2584 4404 2764 4449 vestra
2786 4395 2839 4448 in
2866 4395 3103 4463 crapula,
3126 4405 3182 4452 et
3204 4395 3488 4464 ebrietate,

1912 4492 1967 4539 et
1992 4484 2134 4539 curis
2163 4484 2320 4553 hujus
2346 4482 2498 4549 vitat;
2550 4493 2605 4541 et
2632 4484 2814 4540 veniat
2856 4498 3019 4556 super
3057 4502 3156 4544 vos
3204 4492 3485 4559 repentina

1913 4574 2029 4631 dies
2085 4574 2197 4631 illa.
2256 4574 2529 4647 Tanquam
2577 4577 2799 4647 laqueus
2845 4578 2988 4634 enim
3039 4582 3381 4650 superveniet
3428 4582 3483 4639 in

227 4640 371 4698 verit
388 4654 558 4713 usque
577 4644 631 4699 in
658 4644 841 4711 iinem,
873 4647 959 4703 hic
979 4646 1156 4704 salvus
1182 4651 1302 4707 erit.
1335 4651 1405 4707 Et
1433 4653 1808 4724 praedicabitur

1914 4681 2103 4723 omnes
2125 4666 2215 4737 qui
2237 4640 2425 4724 sedent
2444 4682 2604 4738 super
2634 4640 2822 4726 faciem
2847 4672 3022 4727 omnis
3049 4640 3225 4729 terrae.
3260 4673 3486 4743 Vigilate

224 4732 334 4791 hoc
353 4734 697 4807 Evangelium
714 4739 861 4809 regni
880 4739 931 4794 in
952 4739 1202 4799 universo
1222 4743 1352 4801 orbe
1374 4744 1427 4800 in
1444 4746 1802 4807 testimonium

221 4826 477 4883 Omnibus
496 4828 778 4899 gentibus:
802 4840 858 4887 et
879 4840 1001 4888 tunc
1025 4834 1205 4893 veniet
1224 4840 1633 4895 consummatio.
1664 4841 1799 4900 Cum

223 4929 356 4988 ergo
384 4918 628 4975 videritis
654 4920 1107 4982 abominationcm
1137 4927 1484 4988 desolationis
1515 4948 1635 5004 qua:
1660 4935 1802 4993 dicta

225 5014 309 5062 est
332 5021 362 5062 a
391 5008 609 5067 Daniele
638 5014 929 5083 propheta,
960 5023 1189 5074 stantem
1220 5021 1272 5075 in
1304 5021 1424 5078 loco
1444 5034 1630 5081 sancto
1664 5043 1678 5081 :
1706 5026 1798 5098 qui

227 5095 355 5166 legit
384 5098 657 5171 intelligat.
686 5132 757 5146 -—
784 5104 913 5163 Luc.
937 5121 1051 5175 xxi,
1076 5108 1255 5165 εοιωι.
1285 5112 1419 5168 Cum
1447 5126 1623 5172 autem
1648 5095 1800 5173 vide-

228 5184 344 5243 ritis
363 5188 680 5248 circumdari
709 5195 776 5251 ab
801 5196 1038 5253 exercitu
1068 5198 1427 5272 Hierusalem,
1462 5214 1589 5262 tunc
1607 5208 1801 5266 scitote

230 5276 348 5369 quia
379 5279 399 5301 θ
433 5286 873 5356 appropinquabit
908 5289 1169 5347 desolatio
1214 5292 1354 5364 ejus.
1402 5296 1550 5355 Tunc
1594 5300 1685 5369 qui
1741 5301 1800 5359 in

228 5365 407 5427 iudcca
430 5384 574 5443 sunt,
603 5378 805 5447 fugiant
828 5379 882 5435 in
907 5392 1117 5441 montes
1140 5400 1156 5438 :
1179 5394 1234 5442 et
1261 5387 1351 5458 qui
1374 5387 1429 5445 in
1455 5365 1634 5447 medio
1658 5388 1797 5466 ejus,

229 5461 499 5521 discedant
529 5485 545 5522 :
575 5476 629 5524 et
656 5471 743 5541 qui
771 5471 823 5529 in
844 5475 1168 5547 regionibus,
1198 5494 1307 5536 non
1336 5480 1538 5540 intrent
1564 5484 1615 5542 in
1643 5461 1794 5556 eam;

227 5552 348 5620 quia
376 5554 488 5613 dies
514 5559 731 5618 ultionis
761 5561 813 5617 bi
843 5574 997 5635 sunt,
1029 5576 1085 5623 ut
1118 5569 1439 5641 impleantur
1468 5577 1647 5633 omnia
1676 5552 1795 5651 quas

228 5644 420 5715 scripta
448 5658 592 5706 sunt.
619 5651 709 5709 Vae
735 5662 912 5711 autem
935 5663 1329 5731 praegnantibus
1360 5673 1415 5721 et
1436 5644 1797 5728 nutrientibus

230 5731 282 5789 in
303 5734 407 5795 illis
435 5739 621 5799 diebus
652 5744 666 5799 Ξ
700 5747 803 5802 erit
830 5748 970 5805 enim
1000 5767 1249 5821 pressura
1279 5774 1468 5833 magna
1499 5776 1660 5833 supra
1688 5774 1797 5821 ter-

182 5836 369 5969 itum,
397 5840 453 5891 et
485 5835 561 5895 ira
598 5839 794 5913 populo
821 5842 964 5903 huic.
996 5846 1062 5906 Et
1095 5848 1288 5911 cadent
1316 5854 1370 5912 in
1399 5869 1495 5913 ore
1518 5856 1708 5930 gladii,
1740 5870 1796 5917 et

1913 4759 2091 4829 itaque
2136 4758 2573 4829 omnitempore,
2630 4770 2867 4829 orantes,
2898 4772 2956 4817 ut
3000 4764 3145 4835 digni
3182 4765 3483 4822 babeamini

1911 4850 2094 4922 fugere
2141 4851 2242 4907 ista
2285 4851 2463 4908 omnia
2508 4868 2625 4924 qua:
2666 4854 2839 4911 futura
2888 4865 3053 4924 sunt,
3083 4866 3137 4913 et
3179 4868 3321 4917 stare
3354 4871 3482 4919 ante

1909 4942 2104 4998 Filium
2134 4942 2389 5001 hominis.
2437 4945 2665 5003 Nescitis
2702 4948 2843 5004 enim
2881 4949 3097 5019 quando
3142 4961 3349 5023 tempus
3389 4953 3481 5009 sit.

1908 5033 1985 5090 De
2014 5034 2103 5091 die
2130 5043 2308 5091 autem
2337 5037 2428 5093 illo
2453 5047 2508 5094 et
2534 5038 2665 5095 hora
2695 5055 2852 5096 nemo
2879 5041 2982 5097 scit
3009 5057 3026 5098 :
3067 5056 3238 5114 neque
3278 5040 3445 5101 Filius
3463 5084 3480 5112 ,

1906 5141 2081 5197 neque
2100 5128 2274 5199 angeli
2296 5128 2351 5185 in
2375 5129 2544 5200 caelo,
2571 5132 2676 5188 nisi
2700 5132 2849 5189 solus
2871 5132 3046 5190 Pater.

2435 5242 2662 5301 CAPUT
2698 5244 2952 5302 CXLVII.

1900 5324 2049 5383 Iesus
2075 5328 2210 5386 diem
2230 5332 2421 5405 ἱειάὶρῇ
2448 5334 2757 5405 temporibus
2783 5335 2900 5391 Noe
2924 5344 2970 5392 et
2992 5335 3124 5390 Loth
3149 5336 3447 5395 ωιὶπιὲιαυὶε
3466 5379 3480 5396 .

2167 5409 2215 5457 et
2242 5404 2306 5457 de
2331 5402 2477 5473 ﬁdeli
2503 5402 2558 5460 et
2578 5406 2813 5471 prudenti
2840 5407 3209 5478 dispensatore.

1972 5512 2188 5569 Manu.
2214 5515 2545 5581 “mm-55
2568 5534 2582 5584 ;
2603 5517 2731 5576 Luc.
2761 5534 2889 5587 svu,
2919 5518 3110 5577 26.37.
3130 5520 3477 5582 Sicutautem

1899 5599 1956 5656 in
1981 5600 2169 5660 diebus
2207 5605 2342 5671 Noe,
2388 5608 2463 5664 ita
2492 5610 2593 5665 erit
2643 5617 2699 5666 et
2746 5610 3004 5668 adventus
3038 5612 3158 5671 Filii
3207 5616 3464 5679 hominis.

1900 5688 2051 5747 Sicut
2095 5695 2237 5749 enim
2293 5706 2448 5753 erant
2490 5698 2544 5753 in
2572 5696 2769 5755 diebus
2806 5709 2939 5760 ante
2968 5701 3253 5775 diluvium,
3283 5721 3469 5766 come-

1900 5779 2089 5839 dentes
2135 5793 2193 5841 et
2233 5786 2496 5856 bibentes,
2548 5789 2814 5849 nubentes
2850 5802 2909 5852 et
2955 5798 3147 5868 ηυρωὶ
3172 5800 3471 5868 tradentes,

1904 5884 2068 5943 uSquc
2096 5874 2161 5930 ad
2191 5890 2314 5933 eum
2344 5878 2487 5937 diem
2526 5894 2633 5952 quo
2676 5880 2893 5944 intravit
2918 5885 2974 5947 in
2998 5902 3176 5951 arcam
3221 5890 3362 5962 Noe;
3412 5903 3470 5955 et
