4038 6356
502 402 607 470 335

1640 396 1949 456 VICTORIS
1986 391 2291 454 EPISCOPI
2327 388 2628 451 CAPUANI

3657 386 3773 441 556

504 541 615 583 non
666 528 1032 594 cognoverunt
1087 518 1264 575 donec
1317 516 1575 573 diluvium
1628 517 1796 583 venit,
1851 524 1907 570 et
1958 514 2078 571 tulit
2107 511 2304 577 Aoleo
2348 516 2547 573 vestro,
2598 508 2721 578 quia
2772 503 3050 576 lampades
3089 513 3288 561 nostrae
3320 504 3771 575 exstinguuntur.

502 632 726 676 omnes:
758 616 831 671 ita
857 614 962 669 erit
986 622 1040 668 et
1059 612 1319 668 adventus
1346 610 1465 665 Filii
1522 609 1775 664 hominis.
1822 607 2080 665 Similiter

503 711 705 766 factum
750 711 834 763 est
880 706 936 759 in‘
982 703 1171 758 diebus
1197 701 1378 757 Loth:
1414 699 1643 755 edebant
1690 708 1744 754 et
1799 697 2079 764 bibebant,

505 802 757 858 emebant
808 805 862 852 et
912 794 1237 860 vendebant,
1265 792 1577 864 plantabant
1610 800 1665 848 et
1696 789 2031 846 :editlcabant
2064 804 2079 843 :

506 909 614 966 qua
638 892 723 949 die
752 899 930 945 autem
963 887 1093 943 exiit
1124 886 1259 942 Loth
1288 902 1317 942 a
1340 885 1609 950 Sodomis,
1652 883 1788 954 pluit
1826 882 2004 953 ignem
2030 887 2086 937 et

505 991 734 1060 sulphur
760 986 827 1041 de
850 982 1012 1047 cmlo,
1033 989 1089 1039 et
1118 996 1305 1037 omnes
1340 979 1571 1051 perdidit
1595 996 1608 1033 :
1649 976 1941 1035 secundum
1969 975 2086 1031 haec

509 1086 616 1144 erit
642 1084 742 1157 qua
782 1081 868 1135 die
898 1077 1065 1134 Filius
1108 1075 1340 1133 hominis
1380 1071 1719 1130 revelabitur.
1759 1100 1831 1113 —
1866 1069 2084 1124 MATTH.

511 1192 672 1246 xxxv,
693 1174 904 1245 16-18;
939 1168 1111 1224 Mane.
1145 1182 1261 1232 xui,
1291 1165 1479 1221 14-16.
1511 1164 1661 1219 Tunc
1687 1163 1775 1233 qui
1819 1162 1873 1217 in
1902 1160 2086 1217 Judtea

504 1282 654 1340 sunt,
684 1271 889 1343 fugiant
912 1267 980 1324 ad
1007 1272 1242 1327 montes,
1272 1267 1326 1317 et
1352 1259 1445 1328 qui
1482 1256 1538 1312 in
1566 1264 1710 1313 tecto
1734 1262 1836 1323 est,
1863 1268 1969 1309 non
1994 1252 2089 1309 de-

507 1362 731 1423 scendat
754 1362 947 1418 tollere
974 1352 1176 1424 aliquid
1206 1350 1274 1406 de
1298 1350 1459 1405 domo
1487 1362 1582 1404 sua
1605 1362 1621 1414 ;
1648 1354 1703 1404 et
1726 1345 1817 1417 qui
1847 1344 1903 1400 in
1932 1358 2087 1415 agro,

510 1472 622 1514 non
656 1462 961 1513 revertatur
1003 1446 1192 1505 tollere
1228 1443 1606 1500 vestimentum
1646 1454 1823 1498 suum.
1852 1468 1923 1480 —
1952 1437 2084 1495 Luc.

512 1563 649 1617 xvn,
679 1545 872 1601 ἰδὲ-57.
895 1542 1165 1598 Memores
1191 1543 1362 1592 estote
1403 1534 1585 1590 uxoris
1624 1532 1781 1588 Loth.
1805 1530 1956 1586 Tunc
1982 1530 2091 1585 duo

507 1649 668 1700 erunt
692 1641 747 1695 in
769 1651 898 1707 agro
933 1652 950 1694 :
980 1649 1119 1691 unus
1145 1636 1465 1695 assumetur,
1495 1637 1548 1685 et
1573 1626 1710 1682 alter
1732 1623 2088 1695 relinquetur.

509 1732 643 1788 Duae
672 1728 933 1786 molentes
954 1726 1009 1781 in
1026 1737 1186 1780 unum
1208 1740 1223 1776 :
1248 1734 1350 1777 una
1374 1725 1695 1783 assumetur,
1727 1722 1782 1772 et
1807 1721 1975 1769 altera
2003 1726 2091 1769 re-

513 1823 806 1894 linquetur.
830 1819 947 1875 Duo
968 1817 1023 1873 in
1043 1816 1185 1871 lecto
1206 1826 1340 1869 uno:
1364 1823 1503 1866 unus
1523 1816 1842 1883 assumetur,
1876 1814 1933 1862 et
1953 1805 2090 1862 alter

2186 599 2601 671 Responderunt
2624 596 2938 668 prudentes,
2962 597 3231 652 dicentes:
3256 595 3332 652 Ne
3349 595 3487 651 forte
3514 610 3623 650 non
3653 594 3789 650 suf-

2185 693 2330 749 ficiat
2362 690 2516 747 nobis
2570 699 2625 746 et
2680 689 2852 755 vobis,
2903 688 2977 743 ite
3026 688 3207 759 potius
3244 687 3312 743 ad
3360 687 3676 751 vendentes,
3710 693 3775 741 et

2190 782 2352 838 emite
2380 780 2551 837 vobis.
2579 780 2713 834 Dum
2734 787 2910 835 autem
2932 777 3074 834 irent
3093 792 3296 845 emere,
3320 778 3472 833 venit
3495 789 3732 847 sponsus
3753 794 3771 830 :

2191 880 2247 928 et
2274 886 2393 943 qua:
2407 880 2608 942 paratae
2634 876 2807 936 erant,
2824 869 3156 925 intraverunt
3183 883 3305 925 cum
3324 882 3391 925 eo
3418 868 3490 923 ad
3516 868 3739 939 nuptias
3766 885 3783 920 :

2186 970 2241 1018 et
2270 962 2452 1018 clausa
2494 969 2577 1018 cst
2598 960 2784 1032 janua.
2813 959 3111 1017 Novissime
3137 967 3318 1015 autem
3345 958 3571 1015 veniunt
3594 967 3650 1014 et
3679 974 3774 1013 τες

2186 1053 2349 1122 liqua:
2390 1054 2644 1124 virgines,
2704 1053 2943 1111 dicentes
2980 1071 2995 1107 :
3036 1052 3282 1119 Domine,
3332 1051 3582 1119 Domine,
3615 1050 3772 1121 aperi

2190 1146 2374 1203 nobis.
2407 1145 2476 1202 At
2506 1146 2599 1201 ille
2625 1144 2955 1215 respondens
2992 1146 3066 1201 ait
3094 1161 3107 1198 :
3133 1144 3304 1201 Amen
3330 1143 3451 1200 dico
3477 1143 3651 1211 vobis,
3675 1156 3774 1197 ne-

2187 1238 2301 1294 scio
2323 1250 2439 1294 vos.
2497 1236 2726 1308 Vigilate
2754 1236 2953 1307 itaque,
3003 1235 3129 1307 quia
3160 1235 3377 1292 nescitis
3404 1234 3550 1292 diem
3588 1246 3776 1304 neque

2190 1329 2400 1387 horam.

2721 1418 2946 1477 CAPUT
3001 1418 3232 1477 CXLIX.

2192 1509 2271 1568 De
2289 1526 2348 1569 eo
2376 1509 2463 1581 qui
2483 1526 2689 1583 peregre
2713 1511 3040 1635 proﬁcisgen‘s
3062 1512 3253 1567 talenta
3280 1510 3435 1568 servis
3459 1511 3566 1568 suis
3593 1511 3773 1568 distri-

2947 1597 2996 1635 m
3021 1621 3039 1635 .

2947 1590 3039 1635 uit.

2266 1699 2481 1757 Murri.
2505 1712 2637 1767 xxv,
2663 1696 2848 1755 11-50.
2877 1695 3025 1754 Sicut
3052 1696 3196 1753 enim
3224 1697 3387 1754 homo
3404 1709 3627 1771 peregre
3649 1712 3774 1773 pro-

2192 1793 2467 1863 ficiscens,
2517 1791 2727 1849 vocavit
2755 1806 2946 1849 servos
2979 1806 3129 1862 suos,
3161 1802 3216 1850 et
3245 1793 3461 1849 tradidit
3498 1793 3603 1849 illis
3631 1794 3776 1851 bona

511 1880 873 1983 relinquetur.
902 1906 1310 1977 Respondentes
1341 1902 1527 1958 dicunt
1548 1900 1661 1955 illi:
1687 1880 1812 1969 Ubi,
1831 1897 2092 1955 Domine?
2121 1888 2171 1950 B
2196 1899 2313 1983 εξιξο
2345 1884 2415 1940 El
2442 1884 2533 1940 ιιιιῘ
2555 1883 2703 1940 ded“
2727 1884 2964 1983 (Ιιξίυίξιιθ
2993 1883 3231 1983 talenta._
3264 1884 3357 1939 alii
3407 1891 3587 1983 autem
3641 1886 3773 1983 dua,

512 2006 618 2075 Qui
643 2004 773 2061 dicit
796 2000 913 2056 eis:
946 1998 1253 2053 --Mx'r'rn.
1289 2008 1432 2060 xxiv,
1460 1992 1552 2048 28.
1589 1991 1899 2060 Ubicunque
1930 1988 2092 2045 fuerit

511 2110 728 2166 corpus,
768 2091 875 2148 illic
913 2087 1377 2159 congregabuntur
1421 2092 1476 2140 et
1522 2082 1735 2153 aquilae.
1795 2107 1866 2124 --
1913 2081 2091 2137 Mane.

510 2197 634 2257 χιιι,
661 2184 859 2243 34-57.
904 2182 1056 2239 Sicut
1091 2179 1253 2235 homo
1300 2177 1391 2248 qui
1445 2190 1665 2246 peregre
1693 2173 1965 2247 profectus
1988 2178 2090 2239 est,

512 2277 739 2348 reliquit
767 2273 983 2331 domum
1006 2285 1179 2337 suam,
1223 2277 1278 2326 et
1311 2266 1458 2323 dedit
1507 2266 1677 2322 servis
1708 2266 1819 2322 suis
1860 2272 2095 2335 potesta-

514 2378 624 2426 tem
650 2368 910 2439 cujusque
938 2365 1140 2434 operis,
1164 2371 1219 2419 et
1244 2359 1459 2432 ianitori
1503 2357 1756 2429 praecepit
1803 2365 1861 2414 ut
1887 2356 2091 2428 vigilet.

514 2460 748 2531 Vigilate
776 2471 904 2529 ergo
949 2453 1194 2528 (nescitis
1218 2451 1363 2510 enim
1384 2449 1598 2521 quando
1621 2448 1871 2505 dominus
1899 2447 2092 2504 domus

513 2560 715 2627 veniat,
738 2571 861 2615 sero
892 2569 960 2611 an
989 2553 1165 2610 media
1192 2558 1369 2618 nocte,
1415 2561 1481 2601 an
1507 2544 1634 2617 galli
1662 2550 1842 2607 cantu,
1873 2555 1940 2595 an
1980 2553 2095 2595 ma-

514 2650 632 2721 ne),
674 2663 743 2706 ne
771 2663 893 2704 cum
918 2644 1130 2703 venerit
1158 2649 1402 2713 repente,
1429 2636 1663 2694 inveniat
1689 2648 1786 2689 vos
1817 2630 2093 2688 dormien-

514 2749 621 2799 tes.
650 2741 782 2799 lllud
812 2746 990 2796 autem
1035 2737 1252 2805 scitote,
1297 2732 1546 2803 quoniam
1576 2730 1621 2783 si
1662 2727 1825 2813 sciret
1865 2722 2096 2795 paterfa-

515 2835 694 2892 milias
718 2847 824 2905 qua
853 2832 986 2888 hora
1009 2830 1092 2885 fur
1123 2827 1354 2895 veniret,
1388 2822 1634 2893 vigilaret
1656 2818 1859 2888 utique,
1891 2823 1947 2871 et
1985 2828 2094 2870 non

513 2927 721 2984 sineret
749 2921 957 2996 perfodi
979 2918 1198 2976 domum
1228 2930 1401 2973 suam.
1446 2912 1679 2981 Ideoque
1707 2917 1761 2965 et
1792 2922 1888 2964 vos
1918 2912 2095 2963 estote

513 3019 712 3091 parati,
742 3017 866 3087 quia
886 3028 992 3085 qua
1020 3012 1153 3068 hora
1184 3008 1403 3066 nescitis
1436 3005 1605 3061 Filius
1645 3001 1875 3058 hominis
1903 3005 2095 3054 ventu-

514 3089 613 3169 rus
654 3116 759 3167 est.
782 3134 854 3151 —-
882 3106 1012 3163 Luc.
1061 3118 1165 3170 xu,
1214 3099 1408 3158 λιι-46.
1440 3099 1529 3154 Ait
1555 3104 1734 3152 autem
1780 3094 1832 3149 ei
1868 3089 2093 3146 Petrus:

516 3204 764 3273 Domine,
786 3202 852 3258 ad
884 3214 983 3257 nos
1009 3198 1145 3255 dicis
1170 3196 1306 3252 hanc
1325 3191 1660 3264 parabolam,
1687 3201 1757 3243 an
1781 3185 1849 3242 ad
1869 3178 2094 3273 omnes?

2196 1978 2289 2033 alii
2315 1991 2445 2034 vero
2488 1991 2684 2032 unum:
2710 1976 2995 2047 unicuique
3031 1975 3328 2043 secundum
3367 1977 3638 2047 propriam
3668 1978 3777 2032 vir—

2196 2077 2403 2136 tutem;
2434 2078 2487 2125 et
2505 2067 2779 2139 profectus
2800 2075 2885 2125 est
2904 2067 3109 2124 statim.
3135 2067 3281 2125 Abiit
3302 2076 3478 2124 autem
3509 2070 3599 2138 qui
3621 2069 3777 2139 quin-

2196 2175 2300 2231 que
2316 2161 2517 2216 talenta
2537 2167 2840 2231 acceperat,
2869 2168 2926 2215 et
2952 2168 3209 2230 operatus
3249 2168 3332 2216 est
3360 2160 3416 2215 in
3443 2163 3547 2229 eis,
3584 2171 3642 2219 et
3694 2163 3780 2218 lu-

2196 2261 2381 2310 cratus
2402 2260 2487 2309 est
2521 2253 2623 2308 alia
2666 2251 2924 2322 quinque.
2954 2250 3213 2308 Similiter
3235 2253 3249 2275 ⁶
3282 2251 3374 2321 qui
3417 2251 3525 2308 duo
3555 2267 3779 2325 accepe-

2196 2352 2300 2411 rat,
2325 2343 2562 2399 lucratus
2584 2350 2665 2398 est
2684 2341 2787 2397 alia
2810 2341 2939 2398 duo.
2966 2341 3068 2409 Qui
3088 2351 3267 2401 autem
3288 2359 3453 2401 unum
3474 2354 3777 2414 acceperat,

2196 2434 2381 2491 abiens
2407 2433 2542 2489 fodit
2568 2432 2634 2521 in
2642 2442 2861 2500 terram,
2883 2440 2939 2490 et
2958 2417 3240 2490 abscondit
3263 2436 3540 2505 pecuniam
3573 2436 3775 2492 domini

2196 2528 2300 2583 sui.
2334 2526 2463 2584 Post
2489 2526 2715 2583 multum
2745 2540 2874 2583 vero
2912 2526 3171 2597 temporis
3196 2526 3343 2583 venit
3381 2527 3631 2584 dominus
3663 2543 3780 2584 ser-

2197 2632 2387 2673 vorum
2418 2617 2653 2683 illorum,
2684 2626 2740 2673 et
2785 2617 2962 2687 posuit
3002 2616 3267 2673 rationem
3297 2630 3418 2674 cum
3443 2619 3543 2677 eis.
3584 2618 3655 2674 Et
3682 2632 3777 2674 ac-

2196 2706 2392 2763 cedens
2430 2707 2521 2777 qui
2568 2706 2803 2776 quinque
2854 2705 3049 2762 talenta
3093 2716 3395 2778 acceperat,
3445 2707 3633 2764 obtulit
3673 2708 3783 2763 alia

2197 2797 2432 2868 quinque
2478 2796 2714 2863 talenta,
2762 2795 2946 2853 dicens
2971 2814 2984 2853 :
3009 2796 3253 2867 Domine,
3300 2799 3531 2870 quinque
3580 2798 3783 2856 talenta

2197 2888 2328 2943 mihi
2358 2887 2622 2944 tradidisti
2648 2904 2661 2941 :
2688 2900 2815 2945 ecce
2839 2888 2943 2944 alia
2964 2889 3197 2961 quinque
3217 2891 3610 2960 superlucratus
3635 2907 3784 2948 sum.

2198 2980 2289 3034 Ait
2316 2978 2395 3034 illi
2426 2978 2674 3035 dominus
2697 2980 2852 3049 ejus:
2884 2978 3051 3051 Euge,
3100 2995 3254 3037 serve
3297 2980 3435 3038 bone
3479 2991 3535 3038 et
3561 2982 3779 3038 ﬁdelis:

2198 3069 2319 3139 quia
2347 3083 2511 3139 super
2540 3083 2709 3141 pauca
2750 3068 2897 3126 fuisti
2944 3070 3143 3140 fidelis,
3190 3084 3361 3142 supra,
3377 3073 3542 3128 multa
3568 3084 3619 3129 te
3650 3088 3789 3129 con-

2202 3162 2450 3218 stituam:
2482 3161 2618 3217 intra
2634 3162 2688 3217 in
2708 3161 2959 3233 gaudium
2984 3162 3187 3218 domini
3215 3163 3313 3219 tui.
3337 3163 3577 3221 Accessit
3594 3173 3789 3221 autem

517 3254 1047 3360 ζ
1069 3285 1222 3356 Quod
1253 3254 1430 3340 autem
1461 3280 1583 3337 dico
1617 3254 1792 3345 vobis,
1845 3272 2097 3332 omnibus
2124 3263 2172 3328 C
2201 3265 2273 3360 δι’
2307 3255 2398 3327 (ιιιί
2425 3254 3209 3360 ἀυονιξξιεξιιτι..εξοοθρειθιτοει
3239 3257 3314 3360 ait
3345 3274 3360 3311 :
3391 3257 3635 3360 Domine,
3668 3258 3787 3315 duo

517 3389 670 3445 dico:
704 3384 951 3457 Vigilate.
992 3380 1134 3437 Dixit
1160 3385 1338 3434 autem
1355 3373 1648 3430 Dominus:
1682 3367 1812 3437 Quis
1836 3373 1993 3437 putas
2015 3369 2098 3457 est

517 3480 696 3537 ﬁdelis
716 3454 904 3535 servus
934 3482 990 3531 et
1018 3471 1257 3542 prudens
1283 3469 1644 3539 dispensator,
1686 3475 1844 3532 quem
1893 3454 2098 3512 consti-

517 3573 625 3629 tuit‘
649 3569 898 3624 dominus
915 3577 1074 3633 supra
1104 3560 1356 3616 familiam
1385 3570 1559 3621 suam,
1591 3560 1651 3608 ut
1678 3551 1768 3607 det
1788 3548 1891 3604 illis
1917 3546 2098 3601 cibum

519 3663 577 3718 in
606 3656 893 3727 tempore?
923 3655 1117 3709 Beatus
1159 3650 1251 3705 ille
1278 3659 1469 3705 servus
1515 3657 1697 3714 quem,
1733 3652 1856 3695 cum
1890 3633 2101 3691 venerit

519 3751 768 3810 dominus
794 3748 933 3819 ejus,
966 3741 1233 3801 invenerit
1258 3740 1336 3795 sic
1356 3738 1662 3793 facientem.
1690 3731 1832 3788 Vere
1854 3730 1977 3786 dico
2006 3740 2099 3783 vo-

518 3846 625 3916 bis,
657 3842 909 3915 quoniam
938 3851 1101 3910 super
1129 3835 1307 3892 omnia
1334 3836 1474 3889 bona
1502 3844 1597 3886 sua
1622 3826 1917 3884 constituet
1951 3836 2097 3879 eum.

519 3938 581 3995 Si
621 3944 799 3992 autem
851 3930 1047 3988 dixerit
1074 3929 1244 3985 malus
1286 3925 1378 3982 ille
1406 3936 1591 3980 servus
1638 3920 1694 3975 in
1746 3916 1909 3974 corde
1951 3929 2093 3970 suo:

521 4030 724 4084 Moram
752 4023 879 4081 facit
905 4020 1159 4078 dominus
1183 4031 1337 4075 meus
1364 4014 1574 4079 venire;
1624 4019 1680 4067 et
1714 4007 1938 4079 coeperit
1976 4019 2099 4075 per-

518 4129 705 4178 cutere
724 4129 1014 4175 conservos
1043 4128 1192 4178 suos,
1225 4109 1508 4167 manducet
1529 4113 1703 4162 autem
1726 4111 1779 4159 et
1804 4101 1952 4156 bibat
1975 4110 2097 4153 cum

519 4211 714 4269 ebriis:
767 4209 944 4265 veniet
985 4205 1235 4263 dominus
1277 4202 1417 4260 servi
1465 4199 1609 4255 illius
1637 4198 1689 4251 in
1737 4194 1824 4249 die
1855 4206 1959 4263 qua
1989 4204 2097 4244 non

519 4314 721 4376 sperat,
754 4314 809 4359 et
833 4305 964 4358 hora
988 4315 1093 4371 qua
1119 4299 1347 4370 ignorat,
1372 4303 1427 4351 et
1466 4290 1666 4349 dividet
1691 4303 1834 4354 eum,
1865 4293 2102 4376 partem-

516 4374 624 4467 que
667 4395 785 4466 ejus
836 4400 999 4466 ponet
1045 4406 1169 4449 cum
1208 4386 1504 4462 hypocritis
1525 4393 1581 4442 et
1609 4378 1916 4439 infidelibus
1944 4394 1958 4431 :
1990 4374 2099 4433 illic

519 4486 625 4542 erit
647 4484 806 4540 fletus
832 4492 887 4539 et
914 4482 1115 4540 stridor
1145 4478 1403 4535 dentium.

1040 4593 1266 4650 CAPUT
1305 4588 1575 4646 CXLVIII.

990 4684 1069 4739 De
1104 4685 1276 4738 decem
1322 4680 1621 4750 virginibus.

594 4800 810 4857 Manu.
841 4811 970 4861 xxv,
1002 4794 1147 4849 1-15.
1180 4793 1332 4848 Tunc
1356 4788 1527 4848 simile
1554 4788 1657 4845 erit
1680 4800 1904 4860 regnum
1933 4783 2097 4841 ccelo-

519 4907 639 4949 rum
665 4891 850 4946 decem
890 4884 1204 4958 virginibus,
1241 4898 1360 4953 quae
1397 4882 1413 4903 ¹
1455 4879 1786 4951 accipiebant
1824 4876 2097 4946 lampades

519 4998 666 5049 suas,
696 4991 749 5039 ct
773 4981 1019 5037 exierunt
1044 4976 1256 5034 obviam
1298 4988 1495 5044 sponso
1526 4973 1543 4994 '
1574 4980 1629 5027 et
1668 4984 1900 5042 sponsa.
1930 4967 2099 5034 Quin-

517 5092 624 5148 que
649 5083 826 5131 autem
854 5089 919 5129 ex
951 5072 1030 5129 eis
1060 5078 1213 5127 erant
1244 5068 1423 5134 fallite,
1446 5075 1499 5122 et
1519 5064 1755 5136 quinque
1782 5061 2093 5131 prudentes.

518 5167 626 5223 Sed
657 5164 889 5235 quinque
911 5161 1086 5227 fatum,
1102 5158 1336 5229 acceptis
1358 5153 1714 5225 lampadibus,
1730 5165 1835 5206 non
1856 5161 2097 5217 sumpse-

516 5265 644 5313 runt
714 5254 892 5310 oleum
952 5265 1156 5307 secum.
1237 5247 1530 5304 Prudentes
1584 5255 1713 5298 vero
1778 5247 2103 5308 acceperunt

515 5348 694 5404 oleum
717 5345 771 5399 in
802 5342 945 5399 vasis
970 5340 1079 5397 suis
1126 5352 1249 5394 cum
1291 5334 1647 5405 lampadibus.
1678 5330 1878 5387 Moram
1921 5339 2099 5386 autem

514 5443 749 5500 faciente
797 5450 1018 5509 sponso,
1063 5433 1491 5490 dormitaverunt
1517 5439 1726 5493 omnes,
1767 5434 1823 5481 et
1869 5424 2102 5481 dormie-

517 5541 664 5593 runt.
693 5530 863 5588 Media
914 5537 1094 5586 autem
1144 5532 1301 5581 nocte
1347 5521 1551 5577 clamor
1599 5517 1770 5574 factus
1808 5525 1929 5575 est:
1963 5518 2100 5575 Ecce

517 5636 754 5695 sponsus
781 5623 960 5687 venit;
1005 5618 1151 5676 exite
1195 5613 1409 5671 obviam
1448 5611 1521 5667 ei.
1552 5610 1703 5667 Tunc
1744 5617 2099 5669 surrexerunt

518 5730 710 5776 omnes
756 5715 989 5787 virgines
1030 5711 1158 5777 illte,
1206 5714 1262 5765 et
1285 5712 1611 5764 ornaverunt
1636 5704 1911 5777 lampades
1948 5719 2093 5762 suas.

506 5804 705 5876 (Fatuae
742 5819 921 5874 autem
969 5801 1305 5879 sapientibus
1349 5798 1635 5858 dixerunt:
1664 5800 1796 5861 Date
1846 5800 2000 5861 nobis
2028 5802 2099 5861 de

1136 5924 1145 5933 ι
1190 5912 1237 5931 δικ
1275 5902 1321 5929 :I‘

2149 3370 2161 3380 -
2204 3347 2404 3404 talenta
2436 3345 2697 3403 tradidisti
2726 3346 2877 3413 mihi,
2908 3361 3034 3404 ecce
3072 3347 3175 3403 alia
3227 3349 3334 3405 duo
3378 3351 3788 3420 superlucratus

2200 3454 2337 3497 sum.
2365 3438 2456 3495 Ait
2480 3439 2556 3494 illi
2580 3437 2828 3494 dominus
2852 3438 3002 3509 ejus:
3026 3439 3193 3510 Euge,
3225 3454 3379 3498 serve
3402 3441 3541 3498 bone
3564 3452 3618 3498 et
3648 3443 3793 3500 ﬁde-

2202 3532 2305 3588 lis:
2337 3532 2462 3602 quia
2491 3545 2655 3602 super
2686 3546 2851 3602 pauca
2896 3531 3044 3588 fuisti
3092 3532 3288 3601 ﬁdelis,
3318 3548 3480 3604 supra
3510 3534 3676 3591 multa
3724 3546 3789 3593 te

2202 3623 2528 3679 constituam
2548 3663 2565 3692 ,
2596 3624 2734 3679 intra
2774 3623 2829 3678 in
2855 3625 3104 3694 gaudium
3145 3625 3349 3681 domini
3378 3627 3473 3682 tui.
3504 3627 3790 3688 Accedens

2201 3720 2379 3768 autem
2409 3714 2499 3783 qui
2530 3728 2694 3768 unum
2727 3712 2985 3769 talentum
3010 3724 3313 3784 acceperat,
3371 3717 3445 3773 ait
3478 3734 3491 3772 :
3526 3716 3787 3789 Domine,

2202 3805 2315 3861 scio
2340 3805 2465 3874 quia
2493 3804 2654 3860 homo
2672 3803 2839 3860 durus
2865 3819 2923 3861 es
2951 3823 2964 3857 :
3004 3806 3163 3863 metis
3200 3805 3297 3861 ubi
3328 3820 3432 3863 non
3478 3809 3789 3877 seminasti,

2202 3904 2257 3951 et
2288 3907 2584 3965 congregas
2640 3894 2730 3950 ubi
2782 3909 2888 3950 non
2938 3895 3226 3965 sparsisti;
3260 3903 3318 3951 et
3342 3900 3533 3954 timens
3561 3899 3693 3966 abii,
3725 3909 3793 3957 et

2202 3984 2455 4072 abscondi
2488 3986 2738 4040 talentum
2772 3993 2919 4041 tuum
2951 3986 3004 4039 in
3038 3994 3177 4041 terra
3209 4001 3372 4045 :ecce
3415 3988 3578 4045 habes
3631 3992 3789 4060 quod

2203 4086 2351 4135 tuum
2375 4086 2477 4135 est.
2502 4077 2851 4149 Respondens
2879 4088 3059 4136 autem
3088 4080 3335 4138 dominus
3362 4084 3495 4153 ejus,
3527 4084 3661 4140 dixit
3685 4087 3741 4141 ei
3766 4104 3787 4142 :

2205 4170 2371 4227 Serve
2396 4170 2534 4225 male
2566 4178 2619 4226 et
2648 4171 2817 4241 piger,
2850 4172 3063 4228 sciebas
3101 4173 3228 4241 quia
3266 4182 3410 4231 meto
3441 4175 3528 4231 ubi
3554 4191 3657 4233 non
3689 4191 3793 4233 se.

2202 4263 2369 4331 mino,
2397 4270 2450 4317 et
2485 4276 2753 4334 congrego
2780 4263 2869 4319 ubi
2913 4278 3020 4320 non
3048 4267 3221 4335 sparsi
3248 4284 3262 4320 :
3290 4269 3528 4338 oportuit
3551 4272 3569 4293 ·
3595 4278 3795 4327 autem

2203 4363 2258 4411 te
2285 4353 2626 4410 committere
2662 4356 2940 4424 pecuniam
2963 4371 3136 4414 meam
3164 4360 3565 4425 nummulariis;
3596 4369 3652 4416 et
3687 4376 3799 4418 ve-

2202 4449 2357 4505 niens
2386 4462 2485 4519 ego
2525 4449 2844 4517 recepissem
2890 4450 3072 4521 utique
3099 4452 3242 4521 quod
3288 4466 3466 4509 meum
3508 4461 3606 4518 est,
3657 4468 3798 4512 cum

2205 4555 2389 4595 usura.
2418 4539 2615 4594 Tollite
2642 4539 2821 4609 itaque
2851 4540 2917 4596 ab
2941 4555 3006 4596 eo
3031 4541 3310 4609 talentum,
3350 4549 3407 4599 et
3446 4543 3496 4598 ei
3543 4542 3664 4598 date
3691 4543 3804 4613 qui

2122 4642 2181 4704 Ῑ)
2208 4629 2369 4686 habet
2398 4630 2587 4687 decem
2619 4634 2836 4691 talenta.
2860 4635 3119 4692 ——Mxnc.
3147 4651 3220 4706 tv,
3250 4637 3320 4693 25
3344 4654 3358 4705 ;
3386 4636 3515 4693 Luc.
3554 4651 3665 4707 vui,
3692 4637 3801 4693 18.

2205 4722 2360 4777 Omni
2387 4723 2529 4777 enim
2559 4721 2777 4781 habenti
2806 4726 3037 4793 dabitur,
3082 4737 3137 4784 et
3170 4728 3494 4794 abundabit;
3528 4729 3579 4785 ei
3606 4736 3803 4785 autem

2207 4814 2299 4884 qui
2318 4828 2428 4869 non
2451 4813 2630 4881 habet,
2661 4825 2714 4872 et
2737 4818 2877 4886 quod
2912 4818 3124 4875 videtur
3154 4819 3377 4888 habere,
3409 4820 3678 4876 auferetur
3715 4820 3807 4875 ab

2206 4920 2291 4961 eo.
2324 4903 2651 4961 Etinutilem
2696 4922 2910 4965 servum
2958 4910 3137 4981 ejicite
3168 4911 3223 4967 in
3254 4913 3504 4970 tenebras
3550 4910 3801 4970 exterio-

2208 5011 2327 5052 res:
2358 4996 2468 5053 illic
2491 4998 2594 5055 erit
2620 4999 2777 5059 fletus
2802 5013 2855 5060 et
2874 5003 3072 5060 stridor
3095 5005 3358 5064 dentium.

2818 5136 3047 5195 CAPUT
3075 5139 3207 5196 CL.‘

2231 5224 2300 5282 Ut
2329 5224 2489 5282 lumbi
2516 5246 2714 5301 semper
2735 5232 2838 5287 sint
2866 5233 3147 5302 praecincti,
3177 5244 3226 5289 et
3256 5236 3477 5290 lucerna:
3504 5236 3774 5293 ardentes.

2280 5341 2411 5397 Luc.
2448 5359 2543 5410 χιι,
2586 5343 2772 5401 35-38.
2809 5346 2929 5402 Sint
2971 5346 3138 5403 lumbi
3188 5348 3353 5405 vestri
3400 5348 3695 5418 prtecincti,
3734 5355 3805 5405 et

2204 5434 2439 5491 lucerna:
2487 5437 2781 5493 ardentes’
2825 5448 2921 5493 :et
2946 5454 3041 5495 vos
3082 5442 3287 5496 similes
3335 5441 3645 5497 hominibus
3690 5454 3801 5497 ex-

2204 5527 2570 5597 epcctantibus
2616 5528 2890 5584 dominum
2929 5544 3107 5597 suum,
3150 5532 3364 5600 quando
3418 5538 3723 5587 revertatur
3764 5544 3802 5588 a

2205 5619 2441 5687 nuptiis:
2474 5627 2530 5674 ut
2585 5633 2706 5674 cum
2754 5623 2986 5689 venerit,
3040 5633 3094 5678 et
3146 5622 3456 5692 pulsaverit,
3508 5621 3799 5680 confestim

2204 5710 2449 5780 aperiant
2471 5711 2542 5765 ei.
2577 5712 2731 5767 Beati
2755 5713 2834 5768 illi
2862 5715 3005 5770 servi
3032 5729 3191 5784 quos,
3221 5730 3345 5771 cum
3373 5716 3590 5772 venerit
3614 5715 3801 5772 domi-

2205 5814 2326 5870 nus,
2356 5801 2624 5859 invenerit
2652 5803 2957 5873 vigilantes.
3018 5805 3191 5865 Amen
3239 5806 3361 5866 dico
3415 5807 3592 5881 vobis,
3641 5808 3801 5883 qu0d
