4038 6356
1505 314 1527 324 ι
1548 322 1567 323 η
1594 316 1657 325 σονς
1688 320 1803 332 κάη-σηιι

240 390 343 449 857

1000 402 1584 470 EVANGELICARUM
1621 410 2127 481 HARMONIARUM
2162 408 2751 497 INTERPRE'I‘A'I‘IO.‘

3388 459 3497 523 538

238 509 532 581 praecingat
558 522 638 581 se,
670 517 726 569 et
749 512 907 572 faciet
930 513 1054 573 illos
1080 518 1440 593 discumbere,
1464 532 1521 581 et
1547 527 1815 587 transiens
1839 532 1897 595 Α
1924 535 2156 602 quandiu
2205 540 2411 601 fecistis
2440 548 2533 603 uni
2584 563 2650 607 ex
2676 551 2760 610 his
2783 552 3031 618 fratribus
3060 564 3196 622 meis
3229 568 3494 645 minimis,

238 600 560 645 ministrabit
598 604 718 645 illic,
757 604 819 645 Rt
847 608 889 645 ci
924 609 1126 645 υοηηνῖο
1156 612 1208 645 :n
1255 615 1485 645 annnan
1519 618 1691 645 ..:..:|:..
1761 631 1815 645 ,ι
1915 621 2232 645 ...ειειμμμ
2324 633 2367 645 ...
2517 639 2553 645 --

237 600 561 659 ministrabit
597 604 722 660 illis.
756 604 823 661 Et
846 608 891 663 si
924 609 1129 667 venerit
1155 612 1208 667 in
1254 615 1487 670 secunda
1519 618 1716 689 vigilia,
1758 631 1815 679 et

233 694 281 749 si
308 693 362 749 in
409 696 564 751 tertia
614 698 791 769 vigilia
832 702 1057 771 venerit,
1097 711 1153 761 et
1184 704 1259 761 ita
1302 706 1591 779 invenerit,
1623 711 1812 771 beati‘

232 787 373 843 servi
395 788 491 842 illi.

829 908 1054 969 CAPUT
1082 913 1209 969 CLI.

230 990 308 1049 De
339 1012 397 1051 eo
423 997 524 1079 qui.
537 1013 743 1085 peregre
796 1002 921 1056 abiit
940 1008 1196 1085 _accipere_
1220 1007 1332 1085 sibi
1354 1025 1565 1085 regnum
1593 1027 1615 1069 :
1645 1016 1808 1085 proﬁ-

477 1067 670 1124 ciscens
690 1071 859 1128 decem
881 1075 1046 1131 minas
1066 1067 1222 1133 servis
1251 1081 1358 1135 suis
1391 1067 1551 1137 dedit.

300 1203 429 1258 ch.
458 1219 569 1273 xix,
604 1206 788 1261 12-27.
816 1208 958 1264 Dixit
980 1225 1108 1283 ergo
1134 1230 1147 1267 ε
1174 1214 1343 1273 Homo
1362 1218 1577 1287 quidam
1605 1222 1802 1282 nobilis

225 1296 354 1353 abiit
382 1298 435 1354 in
458 1301 728 1370 regionem
762 1303 1126 1376 longinquam,
1163 1312 1406 1382 accipere
1426 1314 1527 1371 sibi
1550 1331 1796 1389 regnum,

222 1397 276 1444 et
312 1392 529 1446 reverti.
563 1393 779 1449 Vocatis
806 1405 984 1452 autem
1031 1399 1218 1456 decem
1246 1404 1419 1459 servis
1466 1406 1600 1473 suis,
1654 1408 1801 1465 dedit

221 1479 328 1537 illis
354 1482 540 1540 decem
569 1485 762 1542 minas.
798 1488 865 1545 Et
885 1490 959 1545 ait
988 1491 1058 1548 ad
1085 1492 1206 1549 illos
1239 1510 1254 1548 :
1288 1495 1643 1565 Negotiamini
1672 1500 1796 1557 dum

221 1574 398 1629 venio.
429 1573 591 1633 Cives
614 1588 796 1636 autem
824 1582 944 1651 ejus
986 1594 1213 1641 onerant
1251 1586 1423 1649 illum).
1455 1597 1509 1645 et
1534 1591 1797 1649 miserunt

220 1665 537 1737 legationem
578 1684 698 1741 post
718 1673 874 1729 illum
916 1675 1194 1734 dicentes:
1234 1678 1495 1739 Nolumus
1536 1683 1679 1740 hunc
1706 1700 1796 1742 re-

217 1773 384 1828 gnare
403 1774 565 1831 super
593 1777 711 1820 nos.
737 1763 804 1819 Et
827 1764 1025 1822 factum
1054 1776 1139 1824 est
1162 1770 1180 1792 "
1202 1771 1326 1827 dum
1352 1773 1555 1831 rediret
1573 1787 1796 1848 accepto

216 1864 383 1921 regno
405 1870 420 1907 :
440 1861 493 1908 et
503 1851 530 1923 j
539 1854 670 1910 ussit
697 1858 877 1913 vocari
898 1872 1084 1917 servos
1096 1862 1288 1933 quibus
1316 1865 1463 1923 dedit
1484 1871 1788 1939 pecuniam,
1823 1908 1872 1971 Β

216 1950 271 1971 ιιι
318 1946 476 1971 nni..--
528 1957 773 1971 ----._4--._
824 1953 1034 1971 ..__9-,___
1232 1956 1266 1971 ,ο
1308 1966 1318 1971 -
1634 1961 1681 1971 .-
1754 1965 1767 1971 -

212 1950 273 1997 ut
317 1946 480 2001 sciret
524 1957 777 2018 quantum
818 1953 1041 2023 quisque
1086 1956 1388 2027 negotiatus
1428 1971 1590 2018 esset.
1634 1961 1793 2023 Venit

211 2044 394 2096 autem
440 2038 668 2109 primus,
721 2041 948 2099 dicens:
983 2045 1230 2117 Domine,
1280 2050 1425 2107 mina
1470 2060 1562 2109 tua
1602 2056 1790 2117 decem

211 2126 388 2182 minas
417 2130 713 2198 acquisivit.
765 2133 833 2189 Et
871 2136 944 2190 ait
965 2137 1043 2192 illi
1066 2154 1083 2192 :
1107 2138 1276 2210 Euge,
1305 2154 1460 2201 serve
1481 2146 1641 2215 bone,
1669 2151 1793 2221 quia

153 2214 157 2215 ⁷
210 2227 266 2268 ιιι
300 2217 511 2274 modico
529 2218 672 2278 fuisti
693 2222 887 2293 fidelis,
919 2228 1028 2283 eris
1058 2236 1378 2300 potestatem
1401 2235 1607 2294 habens
1627 2214 1790 2313 supra

207 2304 394 2363 decem
443 2311 705 2370 civitates.
760 2316 832 2374 Et
880 2318 1017 2376 alter
1046 2324 1214 2392 venit,
1263 2326 1500 2384 dicens:
1537 2331 1786 2405 Domine,

208 2395 351 2449 mina
378 2406 463 2453 tua
488 2399 614 2456 fecit
640 2405 874 2476 quinque
900 2410 1091 2467 minas.
1126 2414 1193 2469 Et
1222 2415 1345 2473 huic
1366 2420 1475 2477 ait:
1500 2422 1565 2477 Et
1592 2432 1649 2481 tu
1670 2395 1787 2485 esto

206 2498 365 2555 supra
394 2489 627 2562 quinque
652 2494 918 2554 civitates.
946 2500 1013 2557 Et
1053 2503 1190 2561 alter
1228 2510 1394 2578 venit,
1422 2511 1605 2570 dicens
1638 2534 1653 2571 :
1682 2517 1788 2575 Do-

212 2577 378 2645 mine,
409 2591 535 2636 ecce
556 2582 697 2639 mina
729 2593 818 2643 tua
846 2604 1006 2659 quam
1036 2592 1199 2652 habui
1225 2577 1513 2669 repositam
1542 2606 1597 2662 in
1620 2610 1782 2668 suda-

206 2666 287 2722 rio
320 2681 333 2719 :
368 2668 391 2691 ‘
423 2671 587 2727 timeo
616 2676 760 2731 enim
785 2685 859 2747 te,
883 2681 1008 2751 quia
1035 2684 1197 2743 homo
1228 2666 1473 2748 au‘sterus
1502 2709 1562 2751 es
1592 2713 1608 2752 :
1642 2666 1785 2758 tollis

205 2757 343 2826 quod
372 2773 480 2816 non
507 2765 749 2832 posuisti,
776 2777 833 2824 et
850 2774 1009 2829 metis
1031 2777 1173 2847 quod
1195 2794 1301 2836 non
1321 2784 1619 2844 seminasti.
1642 2790 1783 2849 Dicit

203 2848 401 2908 ei:De
434 2866 528 2909 ore
570 2865 663 2912 tuo
708 2867 758 2914 te
800 2862 1005 2935 judico,
1059 2882 1213 2928 serve
1263 2888 1515 2947 nequam.
1560 2878 1783 2942 Sciebas

202 2944 322 3013 quia
344 2958 448 3016 ego
476 2946 637 3005 homo
659 2960 907 3011 austeras
934 2970 1078 3028 sum,
1111 2960 1304 3022 tollens
1345 2944 1489 3038 quod
1536 2986 1643 3029 non
1686 2989 1783 3045 po-

200 3038 300 3106 sui,
334 3046 392 3095 et
417 3050 627 3099 metens
650 3046 791 3116 quod
815 3063 921 3105 non
944 3053 1203 3111 seminavi
1233 3066 1324 3114 :et
1348 3074 1515 3131 quare
1544 3080 1652 3121 non
1682 3067 1780 3125 de-

199 3129 324 3186 disti
356 3134 639 3202 pecuniam
662 3152 833 3196 meam
864 3142 932 3197 ad
958 3158 1198 3203 mensam
1224 3166 1237 3216 ;
1270 3151 1288 3172 ‘
1318 3129 1379 3208 et
1404 3169 1505 3225 ego
1532 3158 1776 3231 veniens,

200 3236 317 3279 cum
362 3225 541 3282 usuris
584 3230 765 3300 utique
805 3234 1104 3303 exegissem
1135 3238 1331 3297 illam?
1367 3242 1438 3299 Et
1485 3225 1780 3307 astantibus
1805 3273 1850 3337 ο

203 3313 335 3337 ,ιε-,2.
368 3331 383 3337 -
429 3314 623 3337 .__.__.-
935 3324 946 3335 .
1224 3330 1238 3337 -

200 3313 341 3369 dixit
368 3331 384 3369 :
416 3314 634 3375 Auferte
662 3322 730 3377 ab
753 3321 845 3378 illo
876 3324 1097 3394 minam,
1126 3338 1182 3385 et
1207 3330 1331 3389 date
1371 3334 1449 3391 illi
1478 3340 1568 3407 qui
1591 3338 1776 3398 decem

198 3408 372 3464 minas
400 3408 582 3469 habet.
621 3413 690 3469 Et
714 3415 964 3475 dixerunt
991 3421 1039 3476 ei
1074 3440 1086 3474 :
1118 3423 1365 3504 Domine,
1399 3427 1562 3487 habet
1588 3433 1776 3492 decem

198 3500 394 3557 minas.
426 3502 556 3559 Dico
585 3514 762 3563 autem
792 3509 944 3567 vobis
969 3529 983 3566 :
1016 3513 1140 3584 quia
1184 3500 1346 3574 om'ni
1375 3518 1593 3579 habenti
1624 3524 1777 3581 dabi—

197 3598 281 3648 tur
312 3598 358 3649 ‘.
400 3595 484 3650 Ab
526 3610 594 3653 eo
621 3606 799 3656 autem
830 3605 919 3672 qui
951 3618 1057 3660 non
1108 3606 1289 3677 habet,
1325 3617 1381 3665 et
1428 3613 1571 3683 quod
1614 3614 1777 3673 habet

197 3686 471 3743 auferetur
513 3689 583 3746 ab
628 3706 715 3747 eo.
768 3693 1147 3755 Verumtamen
1198 3700 1443 3759 inimicos
1495 3702 1655 3763 meos
1681 3708 1774 3778 qui

196 3775 483 3833 noluerunt
511 3794 598 3837 me
625 3796 852 3854 regnare
873 3799 1033 3856 super
1059 3803 1139 3857 se,
1181 3790 1430 3851 adducite
1454 3791 1582 3868 huc,
1611 3805 1666 3855 et
1687 3775 1773 3855 in-

196 3869 420 3927 terﬁcite
444 3882 569 3931 ante
603 3889 709 3932 me.

769 3989 997 4050 CAPUT
1029 3993 1181 4053 CLII.

260 4077 390 4133 Cum
406 4082 592 4135 uenerit
623 4082 790 4139 Filius
819 4088 1038 4143 hominis
1059 4089 1112 4144 in
1132 4091 1248 4146 sede
1269 4095 1551 4167 majestatis
1568 4113 1695 4155 sum.

258 4192 479 4249 Mum.
510 4211 633 4265 xxv,
660 4197 846 4255 31-41.
878 4199 1011 4257 Cum
1034 4212 1210 4261 autem
1240 4210 1448 4265 venerit
1477 4212 1644 4271 Filius
1671 4215 1771 4272 ho-

190 4282 348 4340 minis
379 4287 432 4340 in
461 4288 741 4356 majestate
767 4306 881 4358 sua,
907 4301 960 4348 et
975 4308 1164 4354 omnes
1194 4301 1508 4369 angelicum
1530 4320 1615 4373 eo,
1641 4316 1769 4365 tunc

187 4375 395 4431 scdchit
422 4392 582 4448 super
629 4382 810 4436 sedem
844 4386 1140 4453 majestatis
1182 4404 1336 4456 suae;
1374 4400 1431 4446 et
1474 4409 1771 4465 congrega-

186 4463 386 4522 buntur
415 4476 538 4523 ante
567 4484 691 4524 eum
720 4485 907 4527 omnes
933 4484 1117 4543 gentes
1143 4494 1157 4531 :
1180 4487 1235 4534 et
1265 4483 1536 4550 separabit
1577 4463 1669 4541 eos
1684 4463 1771 4543 ἀι)

184 4555 437 4622 invicem,
470 4558 607 4612 sicut
630 4570 810 4627 pastor
835 4574 1078 4633 segregat
1103 4581 1232 4624 oves
1251 4570 1319 4625 ab
1346 4571 1536 4630 hazdis.
1562 4575 1630 4633 Et
1650 4586 1761 4633 sta-

185 4654 304 4702 tuet
325 4660 454 4702 oves
473 4649 685 4720 quidem
727 4667 757 4707 a
788 4653 987 4711 dextris
1013 4658 1144 4727 suis,
1194 4660 1379 4719 haedos
1418 4675 1599 4725 autem
1631 4684 1664 4726 a
1691 4674 1766 4729 si-
1793 4640 1848 4701 D

184 4736 386 4794 nisti-is.
419 4738 567 4795 Tunc
587 4740 727 4797 dicet
755 4757 852 4799 rex
894 4745 978 4801 his
1000 4749 1089 4818 qui
1116 4765 1144 4804 a
1167 4750 1369 4810 dextris
1401 4755 1519 4828 ejus
1549 4771 1704 4818 erunt
1739 4780 1755 4818 :

187 4827 411 4899 Venite,
463 4830 728 4889 benedicti
774 4834 947 4892 Patris
1006 4839 1150 4909 mei,
1202 4827 1475 4913 possidete
1515 4862 1760 4921 paratum

187 4920 338 4977 vobis
363 4937 585 4994 regnum
615 4940 645 4979 a
664 4929 1047 4987 constitutione
1086 4936 1294 4993 mundi.
1353 4920 1565 4997 Esurivi
1590 4946 1760 5014 enim,

187 5017 241 5065 ct
263 5011 486 5069 dedistis
510 5014 643 5069 mihi
679 5018 1037 5088 manducare;
1061 5021 1223 5092 sitivi,
1268 5036 1329 5083 et
1374 5030 1603 5090 dedistis
1627 5011 1761 5093 mihi

189 5100 403 5172 bibere;
447 5107 645 5179 hospes
683 5125 855 5182 eram,
897 5124 951 5170 et
990 5116 1274 5187 collegistis
1302 5136 1431 5190 me;
1475 5127 1672 5199 nudus,
1707 5138 1765 5187 et

189 5200 532 5267 cooperuistis
564 5217 650 5260 me
671 5222 685 5271 ;
710 5206 973 5273 inﬁrmus,
1004 5219 1059 5265 et
1084 5210 1340 5269 visitastis
1386 5231 1506 5283 me;
1554 5221 1608 5275 in
1638 5235 1761 5277 ear-

193 5298 310 5343 cere
338 5304 507 5358 cram,
529 5302 583 5348 et
611 5296 837 5353 venistis
864 5299 929 5354 ad
953 5315 1059 5357 me.
1100 5302 1251 5359 Tunc
1282 5309 1682 5376 respondebunt
1712 5315 1763 5371 ei

191 5373 328 5445 iusti,
360 5381 600 5440 dicentes
630 5404 642 5439 :
668 5386 911 5456 Domine,
933 5393 1145 5461 quando
1177 5403 1229 5452 te
1264 5396 1493 5455 vidimus
1520 5403 1760 5460 esurien-

195 5475 311 5535 tem,
336 5482 389 5529 et
428 5478 668 5545 pavimus
704 5490 783 5550 te;
810 5483 1097 5555 sitientem,
1138 5497 1191 5543 et
1237 5490 1484 5549 dedimus
1524 5496 1619 5551 tibi
1667 5513 1761 5566 po-

195 5565 345 5619 tum?
373 5567 596 5633 Quando
618 5582 795 5630 autem
820 5585 873 5631 te
910 5578 1135 5634 vidimus
1166 5582 1449 5654 hospitem,
1472 5565 1759 5659 etcollegi-

195 5665 305 5709 mus
336 5666 416 5725 te;
446 5670 536 5716 aut
562 5663 784 5733 nudum,
811 5676 865 5723 et
889 5672 1265 5741 cooperuimus
1289 5678 1383 5732 te?
1416 5680 1522 5735 Aut
1546 5683 1760 5750 quando

198 5752 245 5801 te
270 5749 493 5809 vidimus
516 5756 808 5827 inﬁrmum,
856 5773 946 5818 aut
972 5764 1025 5819 in
1045 5779 1282 5837 carcere,
1314 5779 1369 5827 et
1395 5774 1640 5831 venimus
1689 5776 1759 5832 ad

198 5840 287 5896 te?
312 5840 377 5902 Et
405 5848 739 5920 respondens
760 5865 878 5924 rex,
900 5854 1041 5915 dicet
1064 5856 1167 5917 illis
1193 5875 1204 5915 :
1234 5861 1403 5920 Amen
1427 5862 1549 5922 dico
1579 5867 1752 5939 vobis,

1914 621 2047 679 mihi
2065 625 2283 686 fecistis.
2324 633 2473 691 Tunc
2501 639 2645 696 dicet
2669 650 2722 699 et
2751 645 2835 701 his
2859 650 2997 719 quia
3020 621 3482 723 sinistrisﬁerunt':l

1913 712 2178 773 Discedite
2224 734 2254 775 a
2295 738 2400 793 me,
2436 730 2725 802 maledicti,
2768 736 2821 792 in
2852 712 3027 809 ignem
3071 755 3352 821 aeternum,
3397 756 3493 825 qui

1911 818 2241 879 praeparatus
2266 825 2349 871 est
2376 818 2587 878 diabolo
2618 834 2674 881 et
2697 829 2899 899 angelis
2919 834 3053 905 ejus.
3079 838 3292 898 Esurivi
3317 818 3484 915 enim,

1908 903 1964 952 et
1988 912 2095 954 non
2118 902 2340 962 dedistis
2377 912 2507 965 mihi
2545 918 2901 992 manducare;
2931 902 3097 998 sitivi,
3141 939 3196 987 et
3240 949 3348 991 non
3393 902 3488 995 de:

1906 988 2061 1049 distis
2087 996 2217 1052 mihi
2248 1008 2465 1070 potum;
2499 1006 2695 1077 hospes
2723 988 2895 1087 eram,
2929 1028 2984 1076 et
3027 988 3137 1079 non
3188 1028 3483 1099 collegistis

1906 1097 2025 1151 me;
2049 1089 2241 1155 nudus,
2262 1098 2442 1149 etnon
2471 1101 2759 1167 operuistis
2782 1122 2867 1163 mc
2902 1126 2920 1177 ;
2952 1111 3217 1183 infirmus,
3248 1118 3264 1139 ‘
3305 1129 3485 1179 etnon

1903 1175 2157 1234 visitastis
2187 1196 2274 1237 me
2300 1200 2314 1249 ;
2344 1194 2397 1240 ct
2424 1186 2477 1241 in
2506 1202 2725 1249 carcere
2753 1175 2920 1265 eram,
2945 1210 2999 1256 et
3032 1218 3139 1260 non
3168 1208 3391 1268 venistis
3415 1212 3485 1269 ad

1912 1279 2023 1322 me.
2056 1268 2205 1327 Tunc
2226 1278 2625 1345 respondebunt
2645 1291 2699 1339 et
2722 1286 2859 1355 ipsi:
2892 1290 3140 1364 Domine,
3182 1302 3397 1368 quando
3424 1268 3479 1362 te

1901 1356 2133 1416 vidimus
2174 1367 2497 1426 esurientem
2532 1381 2583 1427 et
2614 1375 2906 1447 sitientem,
2941 1392 3033 1440 aut
3060 1386 3353 1462 hospitem,
3385 1403 3480 1451 aut

1899 1448 2122 1517 nudum,
2146 1463 2238 1509 aut
2282 1457 2575 1533 infirmum,
2604 1465 2691 1521 vel
2724 1468 2778 1524 in
2812 1484 3051 1546 carcere,
3086 1484 3140 1532 et
3170 1493 3278 1537 non
3321 1484 3481 1540 mini-

1897 1543 2190 1601 stravimus
2203 1547 2297 1605 tibi
2316 1550 2337 1603 ?
2362 1552 2509 1610 Tunc
2536 1561 2881 1628 respondebit
2895 1564 3022 1633 illis,
3036 1543 3275 1628 dicens:
3298 1574 3477 1635 Amen

1890 1628 2018 1688 dico
2036 1634 2210 1706 vobis,
2235 1642 2468 1707 quandiu
2490 1659 2595 1701 non
2614 1647 2814 1721 fecistis
2835 1655 2925 1710 uni
2949 1655 3017 1711 de
3037 1658 3336 1720 minoribus
3360 1664 3472 1736 his,

1899 1732 2001 1777 nec
2030 1725 2159 1780 mihi
2205 1727 2430 1787 fecistis.
2464 1735 2534 1791 Et
2568 1738 2721 1797 ibunt
2758 1743 2815 1799 hi
2854 1746 2910 1803 in
2956 1750 3273 1822 supplicium
3320 1725 3481 1825 teter:-

1895 1828 2051 1884 num,
2075 1815 2205 1888 justi
2233 1830 2412 1881 autem
2446 1827 2500 1883 in
2522 1831 2684 1888 vitam
2711 1843 2989 1897 aternam.

2459 1937 2686 1999 CAPUT
2740 1943 2913 2002 CLIII.

1896 2015 2098 2075 Iterum
2136 2022 2408 2083 consilium
2458 2028 2663 2156 facian;
2702 2036 2979 2108 principes.
3009 2037 3081 2098 Et
3120 2042 3291 2102 Iudas
3334 2048 3475 2105 vadit

2595 2118 2626 2156 a
2690 2120 2793 2156 £08.

2595 2118 2662 2157 aa
2690 2120 2793 2161 808.

1902 2215 1917 2296 'n
1965 2197 2182 2256 Mum.
2214 2218 2359 2296 xxvi,
2395 2207 2508 2274 1-5,
2536 2210 2723 2283 14-16,-
2746 2216 2929 2275 Mxnc.
2960 2235 3073 2290 xrv,
3110 2223 3235 2294 ιβ,
3264 2224 3469 2296 10,Η;

1890 2285 2023 2347 Luc.
2057 2306 2189 2361 χχιι,
2234 2295 2351 2350 1-6.
2397 2296 2468 2353 Et
2514 2299 2715 2359 factum
2757 2317 3008 2374 est,cum
3034 2285 3467 2376 consummasset
3566 2350 3569 2353 »

1889 2377 2045 2437 Jesus
2060 2396 2340 2443 sermones
2363 2387 2461 2445 hos
2487 2405 2700 2464 omnes,
2718 2396 2852 2455 dixit
2880 2401 3161 2474 discipulis
3181 2408 3325 2465 suis:
3349 2408 3471 2467 Sci-

1888 2468 1959 2525 tis
1979 2472 2104 2541 quia
2131 2485 2251 2544 post
2297 2477 2513 2536 biduum
2564 2486 2761 2554 pascha
2803 2488 2919 2557 lict,
2958 2468 3212 2553 et-Filius
3232 2499 3466 2558 hominis

1887 2563 2151 2635 tradetur,
2181 2576 2240 2624 ut
2256 2573 2617 2645 cruciflgatur.
2647 2578 2797 2638 Tunc
2820 2590 3128 2658 congregati
3156 2601 3282 2647 sunt
3308 2596 3462 2664 prin-

1885 2652 2034 2724 cipes
2062 2659 2425 2728 sacerdotum,
2449 2674 2506 2721 et
2534 2666 2776 2728 seniores
2802 2652 3003 2743 populi,
3024 2652 3085 2733 in
3109 2652 3465 2754 atrium-prin-

1882 2742 2018 2814 cipis
2039 2749 2377 2807 sacerdotum
2399 2755 2489 2824 qui
2513 2756 2791 2817 dicebatur
2812 2742 3043 2835 Caiphas
3068 2777 3152 2825 :et
3178 2742 3460 2832 consilium

1884 2831 2146 2905 fecerunt,
2176 2847 2235 2893 ut
2263 2839 2445 2898 Jesum
2475 2844 2599 2901 dolo
2626 2856 2890 2921 tenerent,
2911 2831 2972 2911 et
2998 2859 3325 2918 occiderent.
3363 2864 3461 2920 Di-

1882 2924 2076 2981 cebant
2100 2935 2279 2986 autem
2306 2948 2321 2989 :
2352 2932 2470 2990 Non
2501 2936 2555 2993 in
2589 2937 2678 2996 die
2707 2940 2875 3014 festo,
2930 2961 2999 3003 ne
3034 2947 3173 3007 forte
3200 2956 3461 3015 tumultus

1882 3016 2036 3075 ﬁeret
2061 3019 2115 3075 in
2138 3023 2356 3092 populo.
2381 3024 2533 3118 Tunc
2561 3030 2691 3087 abiit
2716 3049 2853 3092 unus
2894 3037 2962 3094 de
2991 3039 3294 3113 duodecim,
3323 3047 3416 3118 qui
3438 3051 3461 3073 ⁰

1880 3107 2076 3164 dicitur
2099 3110 2262 3168 Judas
2289 3117 2308 3139 ⁶
2338 3113 2549 3173 Scariot
2572 3136 2587 3172 ε
2607 3128 2662 3176 et
2695 3122 2909 3181 incultis
2952 3138 3034 3185 est
3085 3133 3151 3187 ad
3192 3107 3458 3206 principes

1885 3201 2225 3260 sacerdotum
2278 3213 2333 3261 et
2374 3209 2738 3281 magistratus,
2766 3225 2822 3270 et
2848 3218 2925 3272 ait
2952 3218 3059 3275 illis
3088 3238 3102 3274 :
3132 3201 3268 3289 Quid
3297 3201 3460 3284 vultis

1880 3289 2012 3345 mihi
2039 3291 2190 3360 dare,
2215 3302 2268 3350 et
2296 3308 2397 3366 ego
2420 3298 2575 3355 vobis
2602 3315 2723 3357 eum
2773 3306 3021 3363 tradam?
3048 3310 3152 3377 Qui
3177 3315 3458 3373 audientes

1878 3380 2048 3452 gavisi
2072 3391 2224 3450 sunt,
2256 3391 2314 3440 et
2336 3388 2729 3448 constituerunt
2749 3394 2800 3450 ei
2820 3396 3037 3468 triginta
3056 3412 3358 3469 argenteos.
3387 3407 3459 3463 Et

1876 3471 2072 3529 exinde
2101 3477 2394 3622 1quaerebat
2428 3484 2882 3551 opportunitatem
2941 3496 3000 3545 ut
3043 3504 3170 3549 eum
3217 3495 3455 3603 tradeget

1876 3564 1995 3622 sine
2014 3573 2100 3622 tur
2138 3566 2205 3622 is.
2807 3611 2811 3615 .

1876 3564 1995 3624 sine
2014 3565 2205 3624 turbis.
2807 3611 2811 3615 ν

2446 3682 2674 3745 CAPUT
2705 3690 2881 3750 CLIV.

2084 3767 2239 3828 Iesus
2281 3773 2407 3830 lavit
2438 3778 2590 3848 pedes
2610 3780 2977 3855 discipulorum
3007 3804 3240 3848 suorum.

1942 3883 2097 3940 Joxu.
2130 3901 2251 3956 xui,
2278 3888 2587 3950 i-20.Ante
2614 3895 2754 3953 diem
2780 3908 2955 3955 autem
2982 3904 3173 3962 festum
3205 3908 3452 3983 Paschae,

1872 3972 2054 4029 sciens
2082 3974 2239 4030 Jesus
2267 3977 2389 4046 quia
2416 3985 2563 4037 venit
2589 3983 2716 4040 hora
2741 3988 2855 4057 ejus
2884 3999 2945 4045 ut
2984 3999 3219 4053 transeat
3257 4014 3321 4055 ex
3350 3972 3455 4058 hoc

1870 4064 2071 4120 mundo
2104 4066 2171 4120 ad
2211 4066 2451 4136 Patrem,
2481 4087 2603 4128 cum
2630 4075 2910 4135 dilexisset
2935 4096 3063 4140 suos
3097 4086 3188 4156 qui
3216 4100 3370 4146 erant
3398 4094 3455 4149 in

1871 4154 2093 4221 Mundo,
2116 4155 2171 4208 in
2203 4155 2364 4211 linem
2392 4159 2581 4216 dilexit
2608 4179 2723 4220 eos.
2747 4167 2813 4222 Et
2838 4182 2991 4225 coena
3014 4154 3167 4240 facm,
3194 4191 3315 4233 cum
3338 4180 3456 4235 dia-

1869 4241 2024 4299 holus
2046 4244 2157 4313 jam
2189 4246 2428 4305 misisset
2453 4251 2507 4307 in
2527 4267 2641 4321 cor,
2666 4266 2723 4310 ut
2750 4259 2985 4315 traderet
3014 4277 3135 4316 eum
3166 4266 3332 4322 Iudas
3370 4270 3456 4324 Si-

1871 4335 2046 4389 monis
2077 4336 2098 4355 ⁴
2124 4336 2380 4395 Scariotis
2417 4358 2431 4394 :
2463 4344 2638 4399 sciens
2663 4347 2787 4414 quia
2816 4351 2995 4405 omnia
3039 4353 3185 4407 dedit
3210 4357 3261 4408 ei
3294 4357 3455 4413 Pater

1870 4423 1925 4477 in
1948 4439 2161 4491 manus,
2190 4434 2244 4480 et
2265 4428 2388 4496 quia
2415 4444 2444 4483 a
2477 4431 2587 4486 Deo
2624 4434 2814 4501 exivit,
2865 4445 2920 4492 et
2966 4440 3032 4494 ad
3058 4441 3223 4498 Deum
3251 4445 3398 4501 vadit
3433 4464 3449 4501 :

1868 4514 2041 4583 surgit
2065 4529 2095 4568 a
2119 4529 2294 4583 omna,
2327 4526 2384 4573 et
2410 4520 2560 4588 ponit
2600 4524 2921 4582 vestimenta
2964 4546 3079 4586 sua.
3110 4531 3325 4590 Etcum
3349 4551 3441 4592 ac-

1868 4605 2103 4673 cepisset
2134 4607 2356 4663 linteum
2393 4613 2671 4680 praecinxit
2699 4629 2787 4683 se;
2827 4618 3021 4678 deinde
3060 4624 3221 4681 mittit
3249 4642 3449 4699 aquam

1870 4694 1924 4748 in
1956 4695 2176 4765 pelvim,
2217 4706 2273 4753 et
2300 4700 2463 4769 coepit
2508 4701 2687 4760 lavare
2734 4707 2896 4775 pedes
2937 4694 3344 4783 discipulorum,
3396 4728 3449 4774 et

1869 4793 2147 4857 extergere
2184 4787 2351 4843 linteo
2377 4805 2482 4859 quo
2506 4803 2622 4847 erat
2650 4797 2989 4864 praecinctus.
3047 4801 3204 4859 Venit
3228 4821 3356 4877 ergo
3381 4808 3448 4863 ad

1866 4874 2139 4932 Simonem
2191 4878 2429 4936 Petrum.
2463 4882 2531 4937 Et
2556 4882 2687 4941 dicit
2736 4887 2785 4943 ei
2836 4888 3026 4947 Petrus
3071 4874 3359 4966 :Domine,
3391 4909 3447 4955 tu

1869 4968 2001 5023 mihi
2023 4969 2167 5025 lavas
2190 4972 2386 5041 pedes?
2409 4972 2703 5045 Respondit
2724 4980 2901 5053 Jesus,
2938 4994 2991 5039 et
3011 4983 3144 5041 dixit
3168 4988 3218 5043 ei
3249 5006 3265 5044 :
3292 4990 3444 5056 Quod

1866 5074 1967 5131 ego
1994 5060 2153 5129 facio,
2186 5071 2243 5118 tu
2273 5066 2449 5122 nescis
2474 5070 2673 5137 modo;
2710 5072 2845 5129 scies
2874 5084 3048 5130 autem
3082 5088 3286 5145 postea.
3307 5080 3445 5136 Dicit

1868 5151 1917 5207 ei
1976 5152 2199 5208 Petrus:
2234 5154 2349 5210 Non
2406 5157 2610 5215 lavabis
2662 5163 2793 5218 mihi
2842 5166 3006 5234 pedes
3060 5168 3114 5223 in
3159 5178 3441 5228 :eternutn.

1870 5244 2161 5316 IleSpondit
2187 5248 2362 5315 Jesus,
2396 5258 2451 5305 et
2495 5252 2627 5308 dixit
2665 5255 2716 5311 ei
2740 5273 2752 5311 :
2780 5256 2835 5313 Si
2865 5273 2975 5313 non
3003 5260 3190 5319 lavero
3228 5272 3299 5333 te,
3334 5278 3442 5320 non

1868 5335 2089 5393 habebis
2121 5350 2328 5409 partem
2358 5356 2590 5399 mecum.
2614 5346 2753 5402 Dicit
2777 5347 2825 5403 ei
2852 5349 3036 5405 Simon
3067 5353 3256 5409 Petrus
3294 5372 3310 5410 :
3336 5353 3443 5411 D0:

1864 5429 2028 5497 mine,
2058 5444 2166 5485 non
2195 5439 2397 5487 tantum
2430 5435 2591 5503 pedes
2624 5452 2794 5505 meos,
2821 5441 2915 5495 sed
2952 5452 3005 5496 ct
3029 5459 3239 5513 manus,
3261 5456 3317 5502 et
3342 5461 3434 5502 ca-

1864 5529 1977 5590 put.
2012 5520 2146 5576 Dicit
2170 5523 2219 5577 ci
2244 5522 2428 5579 Jesus:
2458 5525 2561 5593 Qui
2591 5527 2734 5584 lotus
2767 5540 2850 5585 est
2876 5545 2983 5587 non
3018 5533 3223 5606 indiget
3245 5537 3347 5595 nisi
3379 5548 3439 5596 ut

1866 5609 2032 5677 pedes
2058 5610 2221 5681 lavet,
2255 5614 2349 5673 sed
2404 5626 2481 5671 est
2530 5618 2759 5674 mundus
2801 5628 2964 5677 totus.
2995 5621 3065 5678 Et
3110 5639 3206 5682 vos
3251 5631 3438 5686 mundi

1862 5701 2013 5765 estis,
2042 5700 2134 5755 sed
2157 5716 2259 5757 non
2285 5718 2475 5761 omnes
2500 5722 2515 5761 :
2538 5708 2900 5766 sciebatenim
2928 5715 3172 5783 quisnam
3191 5724 3442 5791 essetqui

1863 5788 2097 5869 traderet
2149 5807 2310 5859 eum;
2347 5805 2630 5864 propterea
2677 5798 2811 5856 dixit
2852 5819 2865 5857 :
2907 5803 3024 5861 Non
3069 5809 3196 5865 estis
3254 5788 3437 5869 mundi

1860 5862 2084 5941 omnes.~
2100 5884 2388 5959 Postquam
2436 5862 2564 5961 ergo
2607 5890 2737 5952 lavit
2775 5897 2942 5968 pedes
2985 5914 3197 5971 eorum,
3230 5903 3438 5974 accepit
