4038 6356
529 404 631 477 339

1663 392 1971 453 VICTORIS
2008 391 2311 452 EPISCOPI
2348 393 2645 454 CAPUAN!

3677 389 3790 450 τ»ιο

529 519 849 583 vestimenta
893 532 984 575 sua
1014 533 1033 589 ς
1072 523 1129 576 et
1157 528 1279 574 eum
1323 511 1660 573 recubuisset
1699 510 1894 567 iterum
1917 550 1933 577 ,
1962 510 2100 568 dixit
2112 512 2183 595 δ
2199 509 2333 565 dicit
2355 509 2405 565 ei
2434 508 2628 583 Jesus‘:
2655 509 2790 565 Eme
2814 522 2875 565 ea
2906 522 3026 580 quas
3051 522 3184 579 opus
3210 514 3335 565 sunt
3365 506 3517 563 nobis
3538 507 3607 563 ad
3638 507 3789 565 diem

533 613 612 669 eis
638 630 649 665 :
685 611 844 671 Scitis
869 609 995 681 quid
1026 608 1245 666 fecerim
1273 604 1457 663 vobis?
1484 604 1593 660 Vos
1623 601 1828 659 vocatis
1859 615 1967 667 me,
1993 600 2105 658 Ma-

528 705 692 781 gister
717 713 771 761 et
796 703 1018 760 Domine
1049 718 1064 755 :
1096 710 1150 759 et
1198 699 1335 756 bene
1381 697 1557 753 dicitis
1598 708 1753 752 :sum
1799 694 2017 751 etenim.
2048 694 2104 750 Si

530 809 660 870 ergo
689 809 787 867 ego
808 794 909 849 lavi
934 791 1095 862 pedes
1116 798 1347 856 vestros,
1381 787 1634 845 Dominus
1660 796 1713 843 et
1740 786 2022 857 Magister:
2050 794 2107 843 et

528 903 627 943 vos
653 888 856 943 debetis
894 886 1033 942 alter
1061 884 1279 940 alterius
1327 882 1506 939 lavare
1554 880 1739 952 pedes.
1788 879 2104 950 Exemplum

530 982 675 1037 enim
704 981 825 1039 dedi
872 980 1043 1047 vobis,
1072 987 1129 1033 ut
1159 975 1609 1049 quemadmodum
1645 988 1745 1045 ego
1774 973 1878 1031 feci
1927 972 2102 1039 vobis,

532 1075 604 1129 ita
636 1082 690 1130 et
719 1086 813 1127 vos
837 1069 1063 1127 faciatis.
1101 1068 1293 1137 Amen,
1321 1083 1476 1125 amen
1512 1066 1632 1122 dico
1660 1066 1853 1123 vobis:
1889 1065 2002 1122 Non
2022 1074 2107 1123 est

537 1179 726 1221 servus
757 1162 927 1232 major
952 1161 1171 1218 domino
1213 1174 1331 1228 suo,
1364 1174 1537 1231 neque
1563 1158 1839 1229 apostolus
1882 1171 1948 1213 eo
1990 1171 2106 1213 ma-

524 1254 613 1325 jor
637 1253 724 1325 qui
757 1252 903 1307 misit
934 1251 1106 1307 illum.
1130 1249 1188 1309 Si
1218 1250 1332 1309 hzcc
1359 1251 1529 1317 scitis,
1556 1250 1700 1308 beati
1724 1248 1875 1307 eritis
1898 1249 1942 1305 si
1966 1248 2108 1307 fece-

528 1345 649 1402 ritis
678 1359 761 1401 ea.
792 1343 908 1401 Non
944 1344 1011 1399 de
1034 1343 1298 1399 'omnihus
1342 1342 1490 1399 vobis
1516 1342 1676 1399 dico:
1704 1355 1805 1412 ego
1831 1341 1945 1397 scio
1970 1353 2107 1409 quos

531 1438 808 1511 elegerim,
841 1437 938 1493 sed
960 1445 1017 1495 ut
1041 1436 1328 1508 impleatur
1357 1434 1670 1507 Scriptura:
1701 1435 1799 1503 Qui
1824 1432 2109 1490 manducet

532 1543 741 1584 mecum
763 1542 974 1599 panem,
1007 1527 1205 1587 levabit
1250 1535 1438 1583 contra
1484 1540 1570 1583 me
1597 1526 1911 1582 calcaneum
1952 1538 2111 1583 suum

535 1617 707 1690 (Psal.
736 1634 824 1689 xc,
858 1618 969 1690 10).
1000 1618 1208 1681 Amodo
1231 1617 1352 1677 dico
1374 1616 1525 1675 vobis
1548 1618 1857 1689 priusquam
1898 1616 2023 1673 ﬁat:
2054 1623 2112 1673 ut

530 1709 765 1766 credatis
791 1724 911 1766 cum
950 1708 1151 1769 factum
1205 1708 1391 1779 fuerit,
1422 1708 1545 1779 quia
1594 1723 1693 1779 ego
1740 1723 1880 1765 sum.
1915 1710 2109 1773 Amen,

535 1817 691 1857 amen
743 1801 864 1859 dico
907 1801 1226 1872 vobis:Qui
1270 1800 1463 1872 accipit
1506 1799 1551 1857 si
1578 1814 1735 1869 quem
1774 1800 1996 1869 misero,
2025 1813 2113 1860 tuo

2206 601 2399 660 festum
2430 618 2444 657 :
2474 609 2566 657 aut
2588 604 2770 673 egenis
2800 610 2857 656 ut
2892 600 3092 671 aliquid
3119 601 3291 656 daret.
3318 600 3668 670 Respondeas
3690 615 3794 655 am

2208 707 2317 755 tem
2366 696 2531 753 Judas
2581 697 2673 765 qui
2723 695 2941 750 tradidit
2989 710 3132 759 eum,
3181 693 3634 762 dixitzNunquid
3685 708 3791 763 ego

2208 802 2349 854 sum,
2384 787 2593 841 Rabhi?
2626 789 2714 841 Ait
2742 787 2818 841 illi
2850 786 2969 840 :Tu
2998 784 3205 841 dixiSti.
3231 786 3361 839 Cum
3392 800 3521 855 ergo
3550 786 3794 853 accepis-

2208 890 2293 936 set
2332 881 2421 935 ille
2448 880 2768 945 buccellam,
2798 879 2933 935 exiit
2978 878 3256 933 continuo.
3288 877 3415 931 Erat
3444 887 3620 930 autem
3658 892 3787 929 nor.

2208 970 2339 1027 Cum
2366 986 2493 1043 ergo
2523 972 2763 1039 exiisset,
2791 969 2920 1025 dicit
2945 971 3099 1027 Jesus
3130 988 3142 1022 :
3175 968 3321 1025 Nunc
3355 968 3678 1024 clariﬁcatus
3706 978 3795 1023 est

2209 1061 2376 1117 Filius
2396 1060 2643 1127 hominis,
2666 1070 2723 1117 et
2744 1060 2883 1116 Deus
2903 1060 3224 1116 clariﬁcatus
3251 1058 3406 1114 estin
3448 1072 3530 1111 eo.
3559 1058 3613 1113 Si
3650 1057 3791 1110 Deus

2160 1196 2173 1203 κ
2207 1154 2525 1211 clariﬁcatus
2551 1163 2633 1210 est
2658 1154 2710 1209 in
2741 1168 2829 1221 eo,
2848 1164 2901 1210 et
2927 1155 3099 1210 Deus'
3127 1152 3436 1210 clariﬁcavit
3462 1168 3583 1210 cum
3610 1152 3664 1207 in
3706 1166 3792 1205 se-

2208 1247 2457 1318 metipso,
2485 1255 2539 1303 et
2564 1247 2817 1303 continuo
2846 1246 3155 1303 clariﬁeabit
3189 1262 3331 1303 eum.

2774 1404 2998 1460 CAPUT
3035 1402 3212 1459 CLVI.

2208 1494 2360 1551 Iesus
2386 1496 2600 1550 tradidit
2628 1498 2892 1561 discipulis
2920 1504 3296 1551 sacramentum
3324 1508 3554 1562 €01'p0ﬂ8
3586 1501 3634 1547 et
3672 1508 3796 1547 san-

2280 1568 2451 1638 guinis
2469 1569 2569 1621 sui.
2604 1567 2670 1621 Et
2712 1569 2839 1622 dicit
2865 1570 2934 1621 ad
2974 1567 3189 1638 Petrum
3212 1582 3229 1621 :
3252 1565 3506 1638 Expctivit
3539 1563 3790 1638 Satanas,

2282 1634 2338 1760 ἒς
2366 1655 2457 1721 vos
2476 1640 2697 1695 ventilet.
2728 1637 2795 1692 Et
2823 1654 2841 1693 :
2872 1638 3058 1697 Omnes
3085 1637 3242 1695 hodie
3270 1634 3437 1695 inme
3461 1634 3793 1691 scandaliza-

2316 1724 2477 1762 tmmt.

2292 1819 2505 1876 Murri.
2531 1836 2676 1887 xxvr,
2705 1820 2867 1881 26—55
2892 1837 2908 1887 ;
2941 1819 3114 1876 Mane.
3143 1834 3256 1885 xw,
3277 1816 3435 1874 26-31
3459 1832 3474 1884 ;
3502 1814 3637 1875 LUC.
3660 1830 3796 1884 xm,

537 1892 729 1963 accipit
774 1908 788 1946 :
840 1891 929 1963 qui
969 1900 1146 1953 autem
1193 1906 1279 1955 me
1328 1890 1557 1967 accipit,
1606 1890 1801 1962 accipit
1851 1906 1974 1948 eum
2020 1892 2110 1963 qui

2220 1912 2402 1971 lii-20.
2444 1913 2792 1971 Ctenantibus
2818 1922 2993 1973 autem
3021 1914 3119 1980 eis,
3158 1910 3361 1983 accepit
3380 1910 3535 1966 Jesus
3578 1923 3797 1979 panem,

535 1984 679 2041 misit
711 1996 819 2041 me.

1109 2094 1336 2155 CAPUT
1368 2097 1524 2153 CLV.

536 2186 699 2257 Hittit
725 2190 1009 2265 disripnlos
1034 2208 1333 2265 preparare
1364 2193 1459 2265 sibi
1490 2191 1717 2251 Pascha.
1752 2190 1822 2249 Et
1844 2190 1968 2248 dicit
1996 2191 2067 2246 eis
2093 2205 2114 2245 :

881 2262 1015 2331 Quia
1035 2262 1178 2319 unus
1203 2280 1266 2317 ex
1297 2264 1433 2316 robis
1464 2264 1631 2318 tradet
1661 2278 1759 2317 me.

609 2372 828 2433 Ms'r'rn.
880 2389 1026 2441 xxvi,
1083 2372 1278 2439 17-24;
1340 2373 1515 2431 hunc.
1574 2388 1688 2440 xxv,
1737 2372 1939 2439 12-21;
1982 2372 2113 2437 Luc.

541 2482 674 2535 uti,
703 2466 855 2524 7-25.
887 2465 1066 2525 Prima
1092 2474 1274 2525 autem
1300 2464 1388 2523 die
1411 2478 1744 2536 azymorum,
1775 2472 2121 2521 accesserunt
2138 2484 2155 2495 ι

539 2556 788 2628 discipuli
817 2556 884 2611 ad
923 2555 1129 2627 Jesum,
1176 2555 1421 2613 dicentes
1448 2572 1460 2608 :
1488 2554 1591 2612 Ubi
1619 2554 1701 2610 vis
1740 2568 1987 2624 paremus
2022 2553 2123 2610 tibi

542 2646 828 2709 comedere
862 2646 1110 2707 Pascha?
1137 2645 1210 2707 At
1247 2646 1400 2709 Jesus
1426 2645 1602 2703 dixit:
1635 2645 1713 2705 ite
1752 2646 1808 2701 in
1848 2646 2119 2702 civitatem

542 2739 609 2801 ad
638 2738 923 2813 quemdam
958 2757 971 2793 :
1000 2746 1056 2799 et
1076 2738 1467 2799 introeuntibus
1490 2738 1664 2804 vobis,
1691 2746 1937 2795 occurret
1958 2738 2125 2795 homo

544 2831 859 2905 amphoram
890 2845 1042 2904 aqua:
1070 2838 1291 2906 portans
1321 2847 1334 2884 :
1359 2829 1645 2899 sequimini
1679 2843 1801 2886 eum
1826 2829 1880 2885 in
1902 2830 2122 2885 domum

545 2923 598 2981 in
629 2936 788 2995 quam
832 2922 1015 2992 intrat,
1063 2930 1117 2982 et
1146 2920 1336 2979 dicetis
1364 2918 1582 2977 domino
1611 2919 1802 2977 domus
1831 2938 1845 2975 :
1870 2919 2122 2991 Magister

544 3016 709 3077 dicit:
734 3016 966 3088 Tempus
986 3031 1164 3077 meum
1190 3030 1356 3087 prope
1375 3024 1488 3084 est;
1514 3015 1653 3087 apud
1682 3024 1734 3071 te
1761 3016 1899 3071 facio
1922 3015 2126 3071 Pascha

544 3121 668 3169 eum
695 3108 970 3179 discipulis
996 3109 1153 3171 meis.
1188 3109 1256 3166 Et
1278 3110 1394 3180 ipse
1423 3107 1815 3167 demonstrabit
1840 3107 1991 3163 vobis
2013 3122 2126 3163 coe-

547 3203 799 3261 naeulum
844 3203 1046 3274 grande
1092 3212 1338 3271 stratum,
1376 3213 1433 3260 et
1470 3203 1579 3259 illic
1612 3211 1799 3273 parate
1834 3201 2012 3257 nobis.
2057 3200 2126 3255 Et

545 3293 796 3359 abierunt
824 3294 1071 3367 discipuli
1098 3297 1236 3369 eius,
1268 3304 1324 3355 et
1351 3306 1615 3361 venerunt
1644 3298 1696 3351 in
1730 3295 2023 3360 civitatem,
2067 3301 2123 3349 et

546 3385 867 3465 invenerunt
886 3387 1026 3447 sicut
1051 3388 1194 3449 dixit
1219 3389 1320 3457 eis,
1336 3398 1391 3445 et
1412 3394 1739 3458 paraverunt
1761 3385 1984 3441 Pascha.
2012 3384 2113 3441 Ve.

545 3492 706 3555 spero
726 3486 909 3551 autem
934 3480 1099 3546 tacto,
1126 3480 1290 3545 venit,
1328 3487 1387 3538 et
1426 3477 1796 3535 discumbebat
1824 3492 1946 3533 cum
1985 3476 2123 3532 duo-

544 3568 721 3626 denm
768 3569 1045 3639 discipulis
1089 3571 1221 3625 suis.
1290 3569 1359 3624 Et
1401 3568 1677 3623 edentibus
1725 3567 1871 3634 illis,
1933 3567 2122 3623 dixit:

545 3662 829 3719 Desiderio
876 3661 1176 3717 desideravi
1216 3660 1319 3719 hoc
1349 3659 1555 3719 Pascha
1597 3658 1924 3724 manducare
1954 3659 2126 3713 vobis-

547 3767 694 3821 cum,
718 3759 1000 3823 antequam
1027 3751 1217 3821 patiar.
1245 3751 1377 3815 Dico
1403 3750 1544 3809 enim
1575 3749 1749 3818 vobis,
1779 3750 1904 3818 quia
1928 3764 1995 3804 ex
2023 3748 2124 3804 hoc

550 3856 661 3897 non
692 3840 1025 3896 manducabo
1052 3839 1205 3907 illud,
1238 3839 1411 3896 donec
1432 3840 1714 3911 impleatur
1732 3840 1787 3894 in
1812 3854 1978 3909 regno
2003 3839 2122 3895 Dei.

547 3933 792 3991 -—Jo.ut.
826 3948 944 3998 xm,
973 3932 1166 3989 21-32.
1198 3932 1331 3989 Cum
1363 3933 1477 3988 haec
1506 3931 1749 3999 dixisset,
1776 3931 2015 3988 turbatus
2044 3939 2126 3987 est

546 4023 761 4094 spiritu,
809 4032 863 4079 et
901 4030 1223 4094 protestatus
1273 4032 1376 4087 est,
1428 4031 1482 4079 et
1522 4022 1692 4078 dixit:
1722 4023 1914 4087 Amen,
1967 4036 2124 4079 amen

548 4115 672 4172 dico
691 4116 865 4184 vobis,
892 4114 1013 4187 quia
1038 4130 1176 4171 unus
1197 4130 1264 4172 ex
1292 4114 1440 4170 vobis
1470 4113 1642 4169 tradet
1671 4128 1776 4169 me.
1810 4113 1879 4168 At
1906 4112 1979 4166 illi
2007 4127 2123 4170 coe-

552 4217 748 4282 perupt
794 4208 1135 4278 contristari,
1174 4217 1228 4265 et
1266 4208 1446 4264 dicere
1493 4206 1798 4276 singuiatim
1830 4224 1842 4259 :
1878 4206 2124 4276 Nunquid

547 4316 648 4375 ego
689 4317 829 4369 sum,
867 4300 1127 4359 Domine?
1155 4301 1356 4370 Quibus
1384 4299 1457 4355 ait
1490 4316 1502 4353 :
1531 4299 1631 4369 Qui
1670 4297 1880 4368 intingit
1912 4312 2123 4353 mecum

549 4409 767 4452 manum
800 4394 854 4450 in
881 4394 1079 4462 catino,
1109 4393 1197 4450 hic
1238 4408 1326 4451 me
1356 4392 1551 4449 tradet.
1583 4391 1749 4455 Filius
1778 4389 1995 4461 quidem
2032 4389 2129 4445 ho-

547 4486 708 4543 minis
747 4485 913 4559 vadit,
957 4485 1097 4541 sicut
1143 4484 1403 4554 scriptum
1433 4492 1517 4541 est
1545 4484 1613 4543 de
1660 4483 1772 4539 illo.
1807 4482 1906 4538 Vae
1947 4490 2128 4541 autem

544 4576 750 4632 homini
778 4575 858 4630 illi
896 4588 992 4644 per
1020 4590 1184 4647 quem
1230 4574 1402 4633 Filius
1446 4574 1676 4629 hominis
1706 4574 1985 4630 tradetur!
2021 4573 2125 4629 Bo-

2216 2014 2270 2060 et
2298 2004 2592 2072 benedixit,
2634 2021 2697 2062 ac
2738 2004 2912 2076 fregit,
2944 2005 3195 2075 deditque
3241 2002 3517 2073 discipulis
3542 2001 3680 2070 suis,
3710 2001 3799 2055 di-

2216 2112 2343 2153 cens
2378 2098 2655 2170 :Aecipitc
2699 2107 2755 2154 et
2793 2098 3219 2157 comedite:boc
3256 2105 3339 2159 est
3377 2111 3574 2167 corpus
3618 2108 3799 2150 meum

2218 2190 2355 2263 quod
2386 2206 2482 2262 pro
2522 2192 2675 2248 vobis
2710 2192 2893 2251 datur.
2926 2191 2993 2247 Et
3022 2191 3289 2261 accipiens
3314 2188 3565 2252 calicem,
3599 2188 3800 2258 gratias

2219 2285 2347 2355 egit,
2379 2293 2433 2339 et
2459 2285 2751 2353 benedixit,
2784 2295 2839 2343 ct
2873 2284 3052 2355 fregit,
3073 2294 3128 2341 et
3152 2284 3299 2341 dedit
3329 2284 3430 2349 eis,
3465 2282 3651 2337 dicens
3676 2297 3691 2332 :
3716 2279 3804 2333 Bi-

2219 2374 2328 2431 bite
2359 2392 2426 2432 ex
2453 2378 2551 2432 hoc
2580 2391 2765 2431 omnes
2792 2394 2805 2430 :
2835 2376 2920 2431 hic
2960 2384 3043 2432 est
3068 2377 3210 2433 enim
3239 2375 3453 2444 sanguis
3483 2388 3635 2430 meus
3665 2369 3799 2426 Novi

2220 2467 2571 2536 Testamenti,
2594 2470 2686 2541 qui
2713 2482 2807 2539 pro
2829 2469 2981 2525 vobis
3005 2479 3059 2526 et
3086 2483 3182 2539 pro
3203 2468 3382 2525 multis
3408 2466 3715 2523 edundetur
3746 2465 3805 2520 in

2223 2560 2592 2617 remissionem
2650 2568 3014 2632 peccatorum.
3065 2561 3192 2616 Dico
3233 2568 3410 2617 autem
3457 2557 3607 2613 vobis
3640 2556 3802 2613 :Non

2222 2653 2401 2715 bibam
2431 2653 2622 2713 amodo
2664 2652 2730 2715 de
2769 2652 2873 2710 hoc
2896 2650 3167 2723 genimitte
3196 2650 3337 2719 vitis,
3370 2665 3539 2720 usque
3563 2650 3618 2705 in
3656 2648 3804 2703 diem

2223 2746 2372 2803 illum
2401 2759 2521 2800 cum
2544 2744 2671 2805 illud
2700 2743 2879 2801 bibam
2902 2743 3178 2803 vobiscum
3206 2755 3403 2799 novum
3431 2740 3485 2797 in
3512 2754 3680 2810 regno
3704 2738 3808 2794 Pa-

2224 2837 2324 2893 tris
2372 2837 2498 2895 mei.
2552 2835 2664 2893 lloc
2702 2837 2858 2892 tacite
2893 2836 2950 2892 in
3000 2848 3175 2891 meam
3216 2830 3805 2889 commemorationem.

2227 2926 2442 2982 —Luc.
2482 2942 2611 2997 χχιι,
2647 2928 2738 2995 51,
2774 2925 2864 2983 52.
2918 2926 3008 2982 Ait
3038 2934 3216 2983 autem
3253 2923 3510 2986 Daunus
3557 2921 3804 2979 Simoni:

2223 3019 2453 3088 Simon,‘
2477 3033 2604 3077 ecce
2631 3018 2853 3077 Satanas
2874 3018 3129 3089 expetivit
3156 3031 3276 3083 vos,
3305 3023 3362 3075 ut
3385 3014 3644 3071 crihraret
3665 3014 3810 3068 sicut

2229 3110 2465 3166 triticum
2496 3126 2509 3165 :
2542 3124 2640 3181 ego
2670 3118 2846 3167 autem
2881 3108 3067 3183 rogavi
3107 3122 3202 3179 pro
3231 3116 3304 3177 te,
3355 3116 3413 3169 ut
3457 3121 3563 3162 nou
3592 3101 3811 3165 deficiat

2226 3198 2358 3256 iides
2389 3209 2475 3255 tua
2502 3216 2515 3254 :
2543 3208 2596 3255 et
2640 3209 2702 3256 tu
2729 3198 3017 3271 aliquando
3043 3212 3354 3264 conversus,
3389 3196 3649 3261 conﬁrma
3694 3194 3805 3251 fra-

2150 3276 2196 3342 C
2229 3301 2337 3348 tres
2367 3301 2507 3350 tuos.
2534 3292 2778 3350 —JOAN.
2817 3308 2935 3361 xm,
2964 3292 3152 3353 53-58.
3188 3290 3383 3358 Filioli,
3414 3290 3586 3351 adhuc
3630 3286 3808 3343 modio

2225 3397 2346 3439 cum
2387 3392 2594 3455 tempus
2622 3383 2895 3443 vobiscum
2939 3396 3080 3438 sum.
3124 3382 3387 3451 Quaeretis
3424 3387 3627 3437 me:et
3668 3378 3810 3435 sicut

2227 3474 2337 3530 dixi
2368 3473 2601 3537 Judaeis:
2634 3475 2751 3542 Quo
2776 3489 2876 3548 ego
2900 3475 3058 3539 vado,
3082 3488 3178 3531 vos
3200 3489 3305 3538 non
3332 3474 3558 3544 potestis
3586 3472 3800 3528 venire:

2226 3574 2280 3621 et
2308 3565 2460 3621 vobis
2486 3565 2604 3622 dico
2644 3565 2826 3622 modo.
2859 3566 3164 3627 Mandatum
3195 3579 3391 3627 novum
3417 3563 3488 3627 do
3528 3562 3704 3626 vobis,
3745 3570 3807 3616 ut

2227 3657 2466 3729 diligatis
2498 3658 2722 3719 invicem
2754 3658 2894 3714 sicut
2919 3658 3081 3715 dilexi
3109 3670 3226 3722 vos,
3267 3665 3327 3712 ut
3365 3663 3420 3714 et
3446 3670 3540 3713 vos
3572 3652 3806 3723 diligatis

2229 3748 2475 3806 invicem.
2510 3747 2567 3809 in
2597 3748 2699 3805 hoc
2726 3757 3051 3821 cognoscent
3073 3762 3258 3806 omnes
3279 3748 3401 3819 quia
3437 3747 3541 3809 mei
3568 3746 3702 3803 estis
3725 3745 3806 3800 dio

2229 3840 2443 3909 scipuli,
2475 3841 2521 3896 si
2550 3841 2890 3897 dilectionem
2937 3842 3230 3897 habueritis
3260 3842 3327 3896 ad
3371 3840 3619 3899 invicem.
3668 3836 3807 3895 Dicit

2228 3933 2280 3988 ei
2307 3933 2490 3989 Simon
2522 3935 2746 3990 Petrus:
2780 3935 3021 4003 Domine,
3060 3949 3166 4005 quo
3202 3934 3386 3989 vadis?
3433 3930 3728 4001 Respondit
3750 3930 3802 3985 ei

2228 4023 2383 4081 Jesus
2406 4043 2419 4079 :
2444 4026 2560 4091 Quo
2586 4040 2683 4096 ego
2710 4026 2864 4092 vado,
2893 4042 2997 4083 non
3034 4036 3183 4095 potes
3209 4042 3299 4082 me
3323 4025 3480 4081 modo
3508 4025 3657 4096 sequi
3682 4041 3696 4082 :
3720 4038 3808 4078 se-

2229 4119 2409 4189 queris
2438 4130 2618 4175 autem
2647 4127 2850 4189 postea.
2894 4120 3044 4176 Tunc
3087 4118 3218 4175 dicit
3249 4119 3355 4175 illis
3392 4118 3545 4174 Jesus
3571 4134 3584 4172 :
3606 4118 3805 4172 Omnes

2234 4223 2330 4264 vos
2359 4210 2665 4265 scandalum
2698 4212 2967 4281 patiemini
2995 4213 3047 4266 in
3100 4226 3186 4266 me
3214 4212 3265 4265 in
3306 4210 3406 4266 ista
3438 4218 3614 4264 nocte.
3662 4207 3809 4263 Scri-

2232 4312 2378 4372 ptum
2407 4311 2490 4360 est
2517 4304 2659 4360 enim
2687 4321 2702 4359 :
2728 4304 3025 4361 Percutiam
3070 4312 3359 4373 pastorem,
3400 4310 3454 4356 et
3495 4300 3809 4371 dispergen-

2232 4402 2317 4449 tur
2352 4409 2479 4452 oves
2524 4397 2698 4467 gregis
2739 4396 2984 4468 (Zachar.
3029 4411 3141 4461 xui,
3171 4394 3243 4467 7).
3294 4394 3583 4471 Postquam
3623 4401 3804 4447 autem

2231 4500 2599 4556 resurrexero,
2650 4490 2948 4558 praecedam
2992 4503 3087 4544 vos
3121 4489 3175 4544 in
3218 4487 3508 4544 Galilaeam.
3562 4484 3809 4554 Respon—

2232 4575 2364 4634 deus
2402 4587 2578 4634 autent
2609 4579 2798 4635 Petrus
2827 4578 2960 4633 dixit
2988 4578 3065 4633 illi
3104 4596 3117 4631 :
3173 4578 3284 4633 Etsi
3311 4591 3497 4631 omnes
3543 4574 3809 4629 scandalio

545 4679 674 4722 num
701 4673 816 4720 erat
841 4664 891 4719 ei
920 4665 968 4721 si
993 4672 1151 4721 natus
1179 4680 1286 4722 non
1318 4664 1510 4721 fuisset
1540 4665 1701 4721 homo
1730 4664 1838 4719 ille.
1881 4665 2126 4735 Aspicie-
2151 4659 2202 4719 D
2227 4672 2331 4727 zeli
2358 4671 2554 4728 fuerint
2581 4672 2634 4727 in
2672 4680 2744 4739 te,
2776 4685 2877 4742 ego
2913 4684 3179 4741 nunquam
3210 4668 3651 4725 scandalizabor:
3683 4665 3807 4736 quia

546 4754 678 4811 bant
705 4761 885 4809 autem
913 4752 981 4809 ad
1006 4753 1235 4810 invicem
1274 4754 1542 4827 discipuli,
1574 4754 1883 4812 haesitantes
1923 4756 1989 4813 de
2015 4771 2122 4828 quo

544 4846 774 4903 diceret.
808 4847 876 4902 Et
903 4856 1208 4917 quaerentes
1237 4846 1379 4902 inter
1414 4860 1473 4903 se
1512 4846 1630 4916 quis
1657 4855 1801 4903 esset
1828 4862 1893 4904 ex
1931 4848 2009 4905 eis
2035 4850 2125 4920 qui

545 4938 651 4994 hoc
678 4936 917 4995 facturus
946 4946 1108 4996 esset.
1139 4938 1270 4994 Erat
1302 4946 1482 4995 autem
1526 4939 1842 4996 recumbens
1885 4956 2024 4999 unus
2056 4957 2123 4999 ex

544 5026 822 5100 discipulis
848 5028 965 5100 ejus
1014 5030 1066 5085 in
1097 5031 1217 5087 sinu
1262 5029 1411 5097 Jesu,
1455 5045 1613 5101 quem
1653 5029 1907 5101 diligebat
1935 5032 2115 5090 Jesus.

552 5118 733 5177 innuit
761 5137 889 5193 ergo
921 5122 1044 5177 huic
1073 5122 1258 5180 Simon
1279 5122 1489 5188 Petrus,
1515 5131 1569 5178 et
1598 5122 1735 5178 dixit
1763 5125 1813 5180 ei
1845 5142 1861 5181 :
1886 5126 2013 5195 Quis
2037 5134 2121 5183 est

542 5212 612 5271 de
643 5229 749 5285 quo
775 5214 942 5270 dicit?
970 5213 1154 5285 Itaque
1188 5229 1311 5283 cum
1339 5214 1673 5272 recubuisset
1703 5216 1790 5274 ille
1826 5231 1990 5289 supra
2022 5234 2120 5288 pe-

544 5316 661 5364 ctus
691 5307 838 5373 Jesu,
870 5306 998 5363 dicit
1019 5305 1069 5361 ei
1092 5323 1105 5361 :
1129 5306 1377 5375 Domine,
1425 5309 1545 5379 quis
1574 5310 1687 5369 est?
1715 5308 1813 5367 Cui
1845 5311 2120 5381 respondit

542 5398 701 5454 Jesus
731 5416 747 5454 :
782 5399 875 5453 Ille
901 5407 983 5453 est
1016 5398 1101 5454 cui
1131 5413 1231 5469 ego
1262 5399 1545 5457 intinctum
1572 5415 1767 5473 panem
1804 5416 2118 5472 porrexero.

545 5488 756 5545 Etcum
783 5491 1084 5546 intinxisset
1105 5505 1318 5563 panem,
1339 5493 1485 5551 dedit
1508 5493 1659 5549 Judae
1683 5494 1922 5551 Simonis
1941 5496 1958 5515 ‘
1987 5493 2121 5551 Sca-

546 5580 721 5639 riotis.
754 5583 820 5639 Et
854 5592 975 5655 post
997 5582 1287 5651 buccellam
1312 5586 1551 5645 introivit
1580 5588 1630 5641 in
1672 5588 1823 5642 illum
1868 5587 2117 5645 Satanas.

547 5671 756 5739 Etdicit
785 5673 833 5729 ei
864 5674 1021 5730 Jesus
1049 5691 1061 5728 :
1092 5676 1243 5745 Quod
1285 5679 1437 5749 lacis,
1475 5679 1561 5732 fac
1590 5677 1767 5733 citius.
1801 5676 1913 5734 Hoc
1938 5688 2116 5735 autem

548 5777 709 5825 nemo
737 5763 892 5820 scivit
929 5764 1378 5827 discumbentium
1402 5769 1467 5824 ad
1500 5768 1624 5839 quid
1669 5768 1861 5826 dixerit
1890 5770 1964 5826 ei.
1992 5771 2122 5839 Qui-

550 5854 671 5933 dam
694 5859 837 5922 enim
863 5862 1123 5937 putabant
1149 5862 1272 5938 quia
1297 5862 1500 5925 loculos
1521 5862 1751 5925 habebat
1776 5864 1963 5937 Judas,
1996 5867 2119 5939 quia

2231 4772 2405 4820 tecum
2448 4771 2661 4834 paratus
2707 4778 2845 4829 sum,
2876 4773 2934 4819 et
2970 4764 3026 4818 in
3055 4777 3348 4827 carcerem,
3392 4769 3449 4816 et
3493 4762 3546 4814 in
3574 4767 3807 4813 mortem

2229 4852 2330 4909 ire.
2362 4852 2610 4908 Animam
2657 4867 2827 4908 meam
2858 4867 2954 4923 pro
2981 4861 3031 4908 te
3068 4867 3282 4923 ponam.
3311 4848 3604 4920 Respondit
3632 4848 3685 4903 ei
3716 4848 3804 4902 Je-

2228 4945 2615 5003 sus:Animam
2645 4953 2786 5000 tuam
2816 4959 2915 5016 pro
2944 4960 3030 5000 me
3052 4945 3252 5014 pones?
3282 4944 3478 5010 Amen,
3503 4956 3662 4997 amen
3686 4939 3811 4995 dico

2228 5036 2340 5102 tibi,
2363 5038 2486 5106 quia
2514 5037 2615 5093 bac
2642 5046 2825 5109 nocte,
2857 5047 3139 5109 antequam
3179 5038 3348 5109 gallus
3374 5043 3575 5102 cantet,
3609 5044 3693 5090 ter
3723 5048 3811 5089 me

2226 5132 2465 5201 negabis.
2542 5133 2632 5188 Ait
2686 5133 2760 5189 illi
2812 5134 3000 5189 Petrus
3047 5132 3318 5187 :Etiamsi
3367 5128 3669 5201 oportuerit
3720 5140 3810 5182 me

2228 5223 2364 5278 mori
2392 5233 2586 5293 tecum,
2619 5239 2725 5283 non
2762 5234 2815 5283 te
2858 5224 3083 5297 negabo.
3121 5224 3378 5283 Similiter
3418 5233 3473 5280 et
3508 5235 3699 5279 omnes
3727 5220 3811 5278 di-

2226 5314 2414 5385 scipuli
2442 5316 2709 5373 dixerunt.

2774 5474 3002 5534 CAPUT
3038 5473 3241 5532 CLVII.

2228 5565 2483 5623 Hortatur
2512 5566 2792 5638 discipulos
2819 5584 2960 5636 suos,
3008 5578 3064 5623 ut
3107 5584 3211 5623 non
3236 5566 3459 5638 paveﬂat
3486 5578 3574 5619 cor
3601 5577 3804 5619 eorum.

2296 5680 2451 5737 10m.
2498 5699 2604 5753 xiv,
2639 5682 2785 5757 l-5l.
2825 5683 2940 5740 Non
2973 5682 3215 5737 turbetur
3255 5696 3351 5737 eor
3375 5689 3632 5736 vestrum.
3675 5676 3809 5733 Cre-

2228 5772 2352 5829 ditis
2382 5775 2434 5830 in
2458 5775 2643 5841 Deum,
2672 5784 2730 5831 et
2767 5777 2819 5830 in
2852 5791 2939 5832 me
2967 5776 3188 5831 credite.
3209 5774 3264 5829 In
3294 5773 3454 5829 domo
3486 5773 3661 5827 Patris
3703 5771 3806 5825 mei

2231 5866 2534 5933 mansiones
2579 5868 2761 5924 multa)
2806 5875 2951 5924 sunt.
2992 5867 3049 5926 Si
3076 5867 3381 5937 quominus,
3413 5863 3669 5920 dixissem
3715 5877 3808 5918 vo-
