  <div class='ocr_page' id='page_1' title='image "/cluster/home/n/w/nwhite01/storage/ocr_20150623/68/hvd.32044015469331/176.png"; bbox 0 0 4026 6458; ppageno 0'>
   <div class='ocr_carea' id='block_1_1' title="bbox 194 375 298 437">
    <p class='ocr_par' dir='ltr' id='par_1_1' title="bbox 194 375 298 437">
     <span class='ocr_line' id='line_1_1' title="bbox 194 375 298 437; baseline -0.019 0"><span class='ocrx_word' id='word_1_1' title='bbox 194 375 298 437; x_wconf 71' lang='lat' dir='ltr'><strong>3H</strong></span> 
     </span>
    </p>
   </div>
   <div class='ocr_carea' id='block_1_2' title="bbox 194 456 1860 586">
    <p class='ocr_par' dir='ltr' id='par_1_2' title="bbox 194 456 1860 586">
     <span class='ocr_line' id='line_1_2' title="bbox 194 456 1860 586; baseline -0.032 -11"><span class='ocrx_word' id='word_1_2' title='bbox 194 516 322 574; x_wconf 88' lang='lat' dir='ltr'><strong>bis:</strong></span> <span class='ocrx_word' id='word_1_3' title='bbox 355 511 477 586; x_wconf 84' lang='lat' dir='ltr'><strong>quia</strong></span> <span class='ocrx_word' id='word_1_4' title='bbox 500 504 637 565; x_wconf 89' lang='lat' dir='ltr'><strong>vado</strong></span> <span class='ocrx_word' id='word_1_5' title='bbox 666 509 856 574; x_wconf 86' lang='lat' dir='ltr'><strong>parare</strong></span> <span class='ocrx_word' id='word_1_6' title='bbox 880 492 1037 551; x_wconf 98' lang='lat' dir='ltr'><strong>vobis</strong></span> <span class='ocrx_word' id='word_1_7' title='bbox 1064 490 1263 547; x_wconf 89' lang='lat' dir='ltr'><strong>locum.</strong></span> <span class='ocrx_word' id='word_1_8' title='bbox 1301 483 1367 539; x_wconf 84' lang='lat' dir='ltr'><strong>Et</strong></span> <span class='ocrx_word' id='word_1_9' title='bbox 1411 479 1457 536; x_wconf 89' lang='lat' dir='ltr'><strong>si</strong></span> <span class='ocrx_word' id='word_1_10' title='bbox 1487 476 1691 581; x_wconf 70' lang='lat' dir='ltr'><strong>abiero=</strong></span> <span class='ocrx_word' id='word_1_11' title='bbox 1719 480 1779 530; x_wconf 84' lang='lat' dir='ltr'><strong>‘et</strong></span> <span class='ocrx_word' id='word_1_12' title='bbox 1805 456 1860 518; x_wconf 79' lang='grc' dir='ltr'><strong>Δ</strong></span> 
     </span>
    </p>
   </div>
   <div class='ocr_carea' id='block_1_3' title="bbox 200 567 1784 681">
    <p class='ocr_par' dir='ltr' id='par_1_3' title="bbox 200 567 1784 681">
     <span class='ocr_line' id='line_1_3' title="bbox 200 567 1784 681; baseline -0.031 -13"><span class='ocrx_word' id='word_1_13' title='bbox 200 567 577 681; x_wconf 69' lang='lat' dir='ltr'><strong>przeparavero</strong></span> <span class='ocrx_word' id='word_1_14' title='bbox 590 596 746 656; x_wconf 86' lang='lat' dir='ltr'><strong>vobis</strong></span> <span class='ocrx_word' id='word_1_15' title='bbox 770 592 971 655; x_wconf 90' lang='lat' dir='ltr'><strong>locum,</strong></span> <span class='ocrx_word' id='word_1_16' title='bbox 1001 586 1196 643; x_wconf 91' lang='lat' dir='ltr'><strong>iterum</strong></span> <span class='ocrx_word' id='word_1_17' title='bbox 1216 576 1428 634; x_wconf 77' lang='lat' dir='ltr'><strong>veniam</strong></span> <span class='ocrx_word' id='word_1_18' title='bbox 1450 580 1505 628; x_wconf 91' lang='lat' dir='ltr'><strong>et</strong></span> <span class='ocrx_word' id='word_1_19' title='bbox 1524 567 1784 638; x_wconf 85' lang='lat' dir='ltr'><strong>accipiam</strong></span> 
     </span>
     <span class='ocr_line' id='line_1_4' title="bbox 1257 660 1783 681; baseline -0.029 0"><span class='ocrx_word' id='word_1_20' title='bbox 1257 678 1268 681; x_wconf 93' lang='lat'>_</span> <span class='ocrx_word' id='word_1_21' title='bbox 1588 660 1653 681; x_wconf 64' lang='grc' dir='ltr'><strong>π,</strong></span> <span class='ocrx_word' id='word_1_22' title='bbox 1680 671 1783 681; x_wconf 82' lang='lat'><strong>____</strong></span> 
     </span>
    </p>
   </div>
   <div class='ocr_carea' id='block_1_4' title="bbox 202 660 1784 764">
    <p class='ocr_par' dir='ltr' id='par_1_4' title="bbox 202 660 1784 764">
     <span class='ocr_line' id='line_1_5' title="bbox 202 660 1784 764; baseline -0.032 -4"><span class='ocrx_word' id='word_1_23' title='bbox 202 660 395 758; x_wconf 47' lang='grc' dir='ltr'><strong>ξοςξά</strong></span> <span class='ocrx_word' id='word_1_24' title='bbox 407 709 496 753; x_wconf 91' lang='lat' dir='ltr'><strong>me</strong></span> <span class='ocrx_word' id='word_1_25' title='bbox 517 693 716 764; x_wconf 89' lang='lat' dir='ltr'><strong>ipsum,</strong></span> <span class='ocrx_word' id='word_1_26' title='bbox 742 682 916 742; x_wconf 87' lang='lat' dir='ltr'><strong>utubi</strong></span> <span class='ocrx_word' id='word_1_27' title='bbox 940 692 1056 735; x_wconf 94' lang='lat' dir='ltr'><strong>sum</strong></span> <span class='ocrx_word' id='word_1_28' title='bbox 1078 687 1198 745; x_wconf 89' lang='lat' dir='ltr'><strong>ego,</strong></span> <span class='ocrx_word' id='word_1_29' title='bbox 1219 678 1275 726; x_wconf 91' lang='lat' dir='ltr'><strong>et</strong></span> <span class='ocrx_word' id='word_1_30' title='bbox 1295 681 1393 723; x_wconf 90' lang='lat' dir='ltr'><strong>vos</strong></span> <span class='ocrx_word' id='word_1_31' title='bbox 1417 664 1556 721; x_wconf 91' lang='lat' dir='ltr'><strong>sitis.</strong></span> <span class='ocrx_word' id='word_1_32' title='bbox 1588 660 1658 715; x_wconf 85' lang='lat' dir='ltr'><strong>Et</strong></span> <span class='ocrx_word' id='word_1_33' title='bbox 1674 671 1784 729; x_wconf 85' lang='lat' dir='ltr'><strong>que</strong></span> 
     </span>
    </p>
   </div>
   <div class='ocr_carea' id='block_1_5' title="bbox 204 753 1786 865">
    <p class='ocr_par' dir='ltr' id='par_1_5' title="bbox 204 753 1786 865">
     <span class='ocr_line' id='line_1_6' title="bbox 204 753 1786 865; baseline -0.029 -13"><span class='ocrx_word' id='word_1_34' title='bbox 204 753 308 865; x_wconf 77' lang='lat' dir='ltr'><strong>ego</strong></span> <span class='ocrx_word' id='word_1_35' title='bbox 333 753 478 865; x_wconf 70' lang='lat' dir='ltr'><strong>vado</strong></span> <span class='ocrx_word' id='word_1_36' title='bbox 506 753 679 849; x_wconf 77' lang='lat' dir='ltr'><strong>scitis,</strong></span> <span class='ocrx_word' id='word_1_37' title='bbox 700 753 760 836; x_wconf 84' lang='lat' dir='ltr'><strong>et</strong></span> <span class='ocrx_word' id='word_1_38' title='bbox 788 778 926 833; x_wconf 89' lang='lat' dir='ltr'><strong>viam</strong></span> <span class='ocrx_word' id='word_1_39' title='bbox 957 772 1122 829; x_wconf 85' lang='lat' dir='ltr'><strong>scitis.</strong></span> <span class='ocrx_word' id='word_1_40' title='bbox 1154 763 1293 821; x_wconf 90' lang='lat' dir='ltr'><strong>Dicit</strong></span> <span class='ocrx_word' id='word_1_41' title='bbox 1311 762 1361 817; x_wconf 89' lang='lat' dir='ltr'><strong>ei</strong></span> <span class='ocrx_word' id='word_1_42' title='bbox 1391 753 1786 815; x_wconf 75' lang='lat' dir='ltr'><strong>Thomaszbo-</strong></span> 
     </span>
    </p>
   </div>
   <div class='ocr_carea' id='block_1_6' title="bbox 205 852 1788 953">
    <p class='ocr_par' dir='ltr' id='par_1_6' title="bbox 205 852 1788 953">
     <span class='ocr_line' id='line_1_7' title="bbox 205 852 1788 953; baseline -0.029 -7"><span class='ocrx_word' id='word_1_43' title='bbox 205 852 379 953; x_wconf 76' lang='lat' dir='ltr'><strong>mine,</strong></span> <span class='ocrx_word' id='word_1_44' title='bbox 402 862 693 939; x_wconf 85' lang='lat' dir='ltr'><strong>nescimus</strong></span> <span class='ocrx_word' id='word_1_45' title='bbox 730 886 836 945; x_wconf 90' lang='lat' dir='ltr'><strong>quo</strong></span> <span class='ocrx_word' id='word_1_46' title='bbox 883 867 1056 933; x_wconf 87' lang='lat' dir='ltr'><strong>vadis,</strong></span> <span class='ocrx_word' id='word_1_47' title='bbox 1100 868 1156 918; x_wconf 91' lang='lat' dir='ltr'><strong>et</strong></span> <span class='ocrx_word' id='word_1_48' title='bbox 1192 852 1462 929; x_wconf 89' lang='lat' dir='ltr'><strong>quomodo</strong></span> <span class='ocrx_word' id='word_1_49' title='bbox 1501 859 1788 922; x_wconf 79' lang='lat' dir='ltr'><strong>possumus</strong></span> 
     </span>
    </p>
   </div>
   <div class='ocr_carea' id='block_1_7' title="bbox 206 941 1789 1036">
    <p class='ocr_par' dir='ltr' id='par_1_7' title="bbox 206 941 1789 1036">
     <span class='ocr_line' id='line_1_8' title="bbox 206 941 1789 1036; baseline -0.028 1"><span class='ocrx_word' id='word_1_50' title='bbox 206 941 556 1036; x_wconf 44' lang='lat' dir='ltr'><strong>viam&#39;scire?</strong></span> <span class='ocrx_word' id='word_1_51' title='bbox 594 941 803 1025; x_wconf 74' lang='lat' dir='ltr'><strong>Dicitei</strong></span> <span class='ocrx_word' id='word_1_52' title='bbox 830 962 986 1018; x_wconf 83' lang='lat' dir='ltr'><strong>Jesus</strong></span> <span class='ocrx_word' id='word_1_53' title='bbox 1016 974 1032 1010; x_wconf 86' lang='lat'><strong>:</strong></span> <span class='ocrx_word' id='word_1_54' title='bbox 1060 954 1174 1025; x_wconf 83' lang='lat' dir='ltr'><strong>Ego</strong></span> <span class='ocrx_word' id='word_1_55' title='bbox 1204 964 1320 1007; x_wconf 88' lang='lat' dir='ltr'><strong>sum</strong></span> <span class='ocrx_word' id='word_1_56' title='bbox 1347 947 1455 1011; x_wconf 79' lang='lat' dir='ltr'><strong>via,</strong></span> <span class='ocrx_word' id='word_1_57' title='bbox 1486 951 1543 1001; x_wconf 91' lang='lat' dir='ltr'><strong>et</strong></span> <span class='ocrx_word' id='word_1_58' title='bbox 1564 941 1789 1006; x_wconf 87' lang='lat' dir='ltr'><strong>veritas,</strong></span> 
     </span>
    </p>
   </div>
   <div class='ocr_carea' id='block_1_8' title="bbox 208 1031 1787 1128">
    <p class='ocr_par' dir='ltr' id='par_1_8' title="bbox 208 1031 1787 1128">
     <span class='ocr_line' id='line_1_9' title="bbox 208 1031 1787 1128; baseline -0.028 0"><span class='ocrx_word' id='word_1_59' title='bbox 464 1065 633 1122; x_wconf 77' lang='lat' dir='ltr'><strong>Nemo</strong></span> <span class='ocrx_word' id='word_1_60' title='bbox 660 1057 807 1115; x_wconf 92' lang='lat' dir='ltr'><strong>venit</strong></span> <span class='ocrx_word' id='word_1_61' title='bbox 845 1052 913 1109; x_wconf 91' lang='lat' dir='ltr'><strong>ad</strong></span> <span class='ocrx_word' id='word_1_62' title='bbox 938 1051 1177 1113; x_wconf 87' lang='lat' dir='ltr'><strong>Patrem,</strong></span> <span class='ocrx_word' id='word_1_63' title='bbox 1212 1041 1314 1099; x_wconf 87' lang='lat' dir='ltr'><strong>nisi</strong></span> <span class='ocrx_word' id='word_1_64' title='bbox 1340 1053 1435 1110; x_wconf 90' lang='lat' dir='ltr'><strong>per</strong></span> <span class='ocrx_word' id='word_1_65' title='bbox 1467 1050 1577 1092; x_wconf 89' lang='lat' dir='ltr'><strong>me.</strong></span> <span class='ocrx_word' id='word_1_66' title='bbox 1690 1044 1787 1087; x_wconf 84' lang='lat' dir='ltr'><strong>co-</strong></span> 
     </span>
    </p>
   </div>
   <div class='ocr_carea' id='block_1_9' title="bbox 211 1219 1790 1313">
    <p class='ocr_par' dir='ltr' id='par_1_9' title="bbox 211 1219 1790 1313">
     <span class='ocr_line' id='line_1_10' title="bbox 211 1219 1790 1313; baseline -0.028 1"><span class='ocrx_word' id='word_1_67' title='bbox 211 1219 283 1313; x_wconf 67' lang='lat' dir='ltr'><strong>iis</strong></span> <span class='ocrx_word' id='word_1_68' title='bbox 308 1273 324 1311; x_wconf 90' lang='lat'><strong>:</strong></span> <span class='ocrx_word' id='word_1_69' title='bbox 351 1255 371 1276; x_wconf 79' lang='grc'>⁶</span> <span class='ocrx_word' id='word_1_70' title='bbox 399 1251 572 1309; x_wconf 88' lang='lat' dir='ltr'><strong>Etiam</strong></span> <span class='ocrx_word' id='word_1_71' title='bbox 598 1219 762 1303; x_wconf 87' lang='lat' dir='ltr'><strong>modo</strong></span> <span class='ocrx_word' id='word_1_72' title='bbox 789 1235 1125 1311; x_wconf 73' lang='lat' dir='ltr'><strong>cognoscetis</strong></span> <span class='ocrx_word' id='word_1_73' title='bbox 1150 1244 1295 1297; x_wconf 91' lang='lat' dir='ltr'><strong>eum,</strong></span> <span class='ocrx_word' id='word_1_74' title='bbox 1326 1233 1381 1282; x_wconf 88' lang='lat' dir='ltr'><strong>et</strong></span> <span class='ocrx_word' id='word_1_75' title='bbox 1409 1219 1615 1279; x_wconf 80' lang='lat' dir='ltr'><strong>vidistis</strong></span> <span class='ocrx_word' id='word_1_76' title='bbox 1645 1230 1790 1274; x_wconf 91' lang='lat' dir='ltr'><strong>eum.</strong></span> 
     </span>
    </p>
   </div>
   <div class='ocr_carea' id='block_1_10' title="bbox 212 1314 1792 1408">
    <p class='ocr_par' dir='ltr' id='par_1_10' title="bbox 212 1314 1792 1408">
     <span class='ocr_line' id='line_1_11' title="bbox 212 1314 1792 1408; baseline -0.025 -4"><span class='ocrx_word' id='word_1_77' title='bbox 212 1347 355 1403; x_wconf 87' lang='lat' dir='ltr'><strong>Dicit</strong></span> <span class='ocrx_word' id='word_1_78' title='bbox 393 1344 445 1400; x_wconf 92' lang='lat' dir='ltr'><strong>ei</strong></span> <span class='ocrx_word' id='word_1_79' title='bbox 486 1340 766 1408; x_wconf 77' lang='lat' dir='ltr'><strong>Philippus</strong></span> <span class='ocrx_word' id='word_1_80' title='bbox 789 1331 1067 1394; x_wconf 87' lang='lat' dir='ltr'><strong>:Domine,</strong></span> <span class='ocrx_word' id='word_1_81' title='bbox 1112 1322 1339 1380; x_wconf 85' lang='lat' dir='ltr'><strong>ostende</strong></span> <span class='ocrx_word' id='word_1_82' title='bbox 1370 1317 1523 1374; x_wconf 92' lang='lat' dir='ltr'><strong>nobis</strong></span> <span class='ocrx_word' id='word_1_83' title='bbox 1558 1314 1792 1376; x_wconf 83' lang='lat' dir='ltr'><strong>Patrem,</strong></span> 
     </span>
    </p>
   </div>
   <div class='ocr_carea' id='block_1_11' title="bbox 210 1416 1796 1496">
    <p class='ocr_par' dir='ltr' id='par_1_11' title="bbox 210 1416 1796 1496">
     <span class='ocr_line' id='line_1_12' title="bbox 210 1416 1796 1496; baseline -0.025 1"><span class='ocrx_word' id='word_1_84' title='bbox 210 1448 269 1496; x_wconf 93' lang='lat' dir='ltr'><strong>et</strong></span> <span class='ocrx_word' id='word_1_85' title='bbox 315 1437 519 1495; x_wconf 70' lang='lat' dir='ltr'><strong>sumsit</strong></span> <span class='ocrx_word' id='word_1_86' title='bbox 558 1432 735 1489; x_wconf 89' lang='lat' dir='ltr'><strong>nobis.</strong></span> <span class='ocrx_word' id='word_1_87' title='bbox 777 1426 916 1484; x_wconf 88' lang='lat' dir='ltr'><strong>Dicit</strong></span> <span class='ocrx_word' id='word_1_88' title='bbox 940 1423 992 1480; x_wconf 91' lang='lat' dir='ltr'><strong>ei</strong></span> <span class='ocrx_word' id='word_1_89' title='bbox 1014 1423 1210 1478; x_wconf 81' lang='lat' dir='ltr'><strong>Jesus:</strong></span> <span class='ocrx_word' id='word_1_90' title='bbox 1238 1416 1409 1471; x_wconf 84' lang='lat' dir='ltr'><strong>Tanto</strong></span> <span class='ocrx_word' id='word_1_91' title='bbox 1439 1420 1677 1479; x_wconf 87' lang='lat' dir='ltr'><strong>tempore</strong></span> <span class='ocrx_word' id='word_1_92' title='bbox 1706 1417 1796 1458; x_wconf 91' lang='lat' dir='ltr'><strong>vo-</strong></span> 
     </span>
    </p>
   </div>
   <div class='ocr_carea' id='block_1_12' title="bbox 211 1493 1797 1596">
    <p class='ocr_par' dir='ltr' id='par_1_12' title="bbox 211 1493 1797 1596">
     <span class='ocr_line' id='line_1_13' title="bbox 211 1493 1797 1596; baseline -0.027 -5"><span class='ocrx_word' id='word_1_93' title='bbox 211 1493 425 1590; x_wconf 84' lang='lat' dir='ltr'><strong>hiscum</strong></span> <span class='ocrx_word' id='word_1_94' title='bbox 454 1542 598 1596; x_wconf 88' lang='lat' dir='ltr'><strong>sum,</strong></span> <span class='ocrx_word' id='word_1_95' title='bbox 635 1532 692 1581; x_wconf 90' lang='lat' dir='ltr'><strong>et</strong></span> <span class='ocrx_word' id='word_1_96' title='bbox 719 1534 825 1578; x_wconf 90' lang='lat' dir='ltr'><strong>non</strong></span> <span class='ocrx_word' id='word_1_97' title='bbox 863 1512 1188 1588; x_wconf 86' lang='lat' dir='ltr'><strong>cognovistis</strong></span> <span class='ocrx_word' id='word_1_98' title='bbox 1213 1508 1335 1564; x_wconf 84' lang='lat' dir='ltr'><strong>me?</strong></span> <span class='ocrx_word' id='word_1_99' title='bbox 1368 1502 1634 1596; x_wconf 63' lang='lat' dir='ltr'><strong>Philippe,</strong></span> <span class='ocrx_word' id='word_1_100' title='bbox 1656 1502 1674 1520; x_wconf 83' lang='grc'><strong>·</strong></span> <span class='ocrx_word' id='word_1_101' title='bbox 1701 1493 1797 1596; x_wconf 79' lang='lat' dir='ltr'><strong>qui</strong></span> 
     </span>
    </p>
   </div>
   <div class='ocr_carea' id='block_1_13' title="bbox 211 1586 1798 1685">
    <p class='ocr_par' dir='ltr' id='par_1_13' title="bbox 211 1586 1798 1685">
     <span class='ocr_line' id='line_1_14' title="bbox 211 1586 1798 1685; baseline -0.026 -3"><span class='ocrx_word' id='word_1_102' title='bbox 211 1586 480 1685; x_wconf 91' lang='lat' dir='ltr'><strong>me,</strong></span> <span class='ocrx_word' id='word_1_103' title='bbox 500 1586 635 1674; x_wconf 80' lang='lat' dir='ltr'><strong>vidit</strong></span> <span class='ocrx_word' id='word_1_104' title='bbox 656 1626 707 1672; x_wconf 91' lang='lat' dir='ltr'><strong>et</strong></span> <span class='ocrx_word' id='word_1_105' title='bbox 734 1586 971 1669; x_wconf 78' lang='lat' dir='ltr'><strong>Patrem.</strong></span> <span class='ocrx_word' id='word_1_106' title='bbox 996 1601 1277 1674; x_wconf 78' lang='lat' dir='ltr'><strong>Quomodo</strong></span> <span class='ocrx_word' id='word_1_107' title='bbox 1302 1606 1360 1653; x_wconf 91' lang='lat' dir='ltr'><strong>tu</strong></span> <span class='ocrx_word' id='word_1_108' title='bbox 1385 1594 1545 1650; x_wconf 88' lang='lat' dir='ltr'><strong>dicis:</strong></span> <span class='ocrx_word' id='word_1_109' title='bbox 1563 1586 1798 1646; x_wconf 80' lang='lat' dir='ltr'><strong>Ostende</strong></span> 
     </span>
    </p>
   </div>
   <div class='ocr_carea' id='block_1_14' title="bbox 211 1686 1798 1776">
    <p class='ocr_par' dir='ltr' id='par_1_14' title="bbox 211 1686 1798 1776">
     <span class='ocr_line' id='line_1_15' title="bbox 211 1686 1798 1776; baseline -0.024 0"><span class='ocrx_word' id='word_1_110' title='bbox 211 1718 375 1776; x_wconf 89' lang='lat' dir='ltr'><strong>nobis</strong></span> <span class='ocrx_word' id='word_1_111' title='bbox 402 1712 653 1771; x_wconf 79' lang='lat' dir='ltr'><strong>Patrem?</strong></span> <span class='ocrx_word' id='word_1_112' title='bbox 681 1708 834 1766; x_wconf 76' lang='lat' dir='ltr'><strong>Nou‘</strong></span> <span class='ocrx_word' id='word_1_113' title='bbox 856 1702 1031 1762; x_wconf 86' lang='lat' dir='ltr'><strong>credis</strong></span> <span class='ocrx_word' id='word_1_114' title='bbox 1061 1700 1180 1770; x_wconf 92' lang='lat' dir='ltr'><strong>quia</strong></span> <span class='ocrx_word' id='word_1_115' title='bbox 1202 1708 1305 1766; x_wconf 93' lang='lat' dir='ltr'><strong>ego</strong></span> <span class='ocrx_word' id='word_1_116' title='bbox 1333 1693 1387 1748; x_wconf 91' lang='lat' dir='ltr'><strong>in</strong></span> <span class='ocrx_word' id='word_1_117' title='bbox 1409 1690 1589 1756; x_wconf 83' lang='lat' dir='ltr'><strong>Patre,</strong></span> <span class='ocrx_word' id='word_1_118' title='bbox 1616 1696 1670 1743; x_wconf 91' lang='lat' dir='ltr'><strong>et</strong></span> <span class='ocrx_word' id='word_1_119' title='bbox 1694 1686 1798 1741; x_wconf 85' lang='lat' dir='ltr'><strong>Pa-</strong></span> 
     </span>
    </p>
   </div>
   <div class='ocr_carea' id='block_1_15' title="bbox 213 1779 1800 1866">
    <p class='ocr_par' dir='ltr' id='par_1_15' title="bbox 213 1779 1800 1866">
     <span class='ocr_line' id='line_1_16' title="bbox 213 1779 1800 1866; baseline -0.024 0"><span class='ocrx_word' id='word_1_120' title='bbox 213 1818 303 1866; x_wconf 90' lang='lat' dir='ltr'><strong>ter</strong></span> <span class='ocrx_word' id='word_1_121' title='bbox 350 1809 406 1862; x_wconf 92' lang='lat' dir='ltr'><strong>in</strong></span> <span class='ocrx_word' id='word_1_122' title='bbox 434 1818 523 1861; x_wconf 88' lang='lat' dir='ltr'><strong>me</strong></span> <span class='ocrx_word' id='word_1_123' title='bbox 568 1800 688 1859; x_wconf 77' lang='lat' dir='ltr'><strong>est?</strong></span> <span class='ocrx_word' id='word_1_124' title='bbox 719 1797 893 1855; x_wconf 81' lang='lat' dir='ltr'><strong>Verba</strong></span> <span class='ocrx_word' id='word_1_125' title='bbox 938 1807 1057 1863; x_wconf 73' lang='lat' dir='ltr'><strong>quae</strong></span> <span class='ocrx_word' id='word_1_126' title='bbox 1092 1802 1193 1858; x_wconf 90' lang='lat' dir='ltr'><strong>ego</strong></span> <span class='ocrx_word' id='word_1_127' title='bbox 1230 1787 1421 1855; x_wconf 90' lang='lat' dir='ltr'><strong>loquor</strong></span> <span class='ocrx_word' id='word_1_128' title='bbox 1449 1779 1622 1845; x_wconf 85' lang='lat' dir='ltr'><strong>vobis,</strong></span> <span class='ocrx_word' id='word_1_129' title='bbox 1652 1792 1680 1831; x_wconf 92' lang='lat' dir='ltr'><strong>a</strong></span> <span class='ocrx_word' id='word_1_130' title='bbox 1713 1789 1800 1830; x_wconf 88' lang='lat' dir='ltr'><strong>me</strong></span> 
     </span>
    </p>
   </div>
   <div class='ocr_carea' id='block_1_16' title="bbox 212 1869 1801 1972">
    <p class='ocr_par' dir='ltr' id='par_1_16' title="bbox 212 1869 1801 1972">
     <span class='ocr_line' id='line_1_17' title="bbox 212 1869 1801 1972; baseline -0.024 -13"><span class='ocrx_word' id='word_1_131' title='bbox 212 1902 338 1972; x_wconf 86' lang='lat' dir='ltr'><strong>ipso</strong></span> <span class='ocrx_word' id='word_1_132' title='bbox 368 1912 474 1954; x_wconf 91' lang='lat' dir='ltr'><strong>non</strong></span> <span class='ocrx_word' id='word_1_133' title='bbox 502 1896 712 1966; x_wconf 88' lang='lat' dir='ltr'><strong>loquor.</strong></span> <span class='ocrx_word' id='word_1_134' title='bbox 764 1890 921 1946; x_wconf 87' lang='lat' dir='ltr'><strong>Pater</strong></span> <span class='ocrx_word' id='word_1_135' title='bbox 972 1893 1147 1939; x_wconf 89' lang='lat' dir='ltr'><strong>autem</strong></span> <span class='ocrx_word' id='word_1_136' title='bbox 1189 1880 1243 1934; x_wconf 90' lang='lat' dir='ltr'><strong>in</strong></span> <span class='ocrx_word' id='word_1_137' title='bbox 1274 1890 1360 1932; x_wconf 89' lang='lat' dir='ltr'><strong>me</strong></span> <span class='ocrx_word' id='word_1_138' title='bbox 1398 1884 1640 1937; x_wconf 87' lang='lat' dir='ltr'><strong>manens,</strong></span> <span class='ocrx_word' id='word_1_139' title='bbox 1685 1869 1801 1937; x_wconf 84' lang='lat' dir='ltr'><strong>ipse</strong></span> 
     </span>
    </p>
   </div>
   <div class='ocr_carea' id='block_1_17' title="bbox 216 1962 1800 2059">
    <p class='ocr_par' dir='ltr' id='par_1_17' title="bbox 216 1962 1800 2059">
     <span class='ocr_line' id='line_1_18' title="bbox 216 1962 1800 2059; baseline -0.023 -9"><span class='ocrx_word' id='word_1_140' title='bbox 216 1962 349 2049; x_wconf 72' lang='lat' dir='ltr'><strong>facit</strong></span> <span class='ocrx_word' id='word_1_141' title='bbox 384 1962 711 2059; x_wconf 37' lang='lat' dir='ltr'><strong>Opera.&#39;Non</strong></span> <span class='ocrx_word' id='word_1_142' title='bbox 739 1979 956 2038; x_wconf 83' lang='lat' dir='ltr'><strong>creditis</strong></span> <span class='ocrx_word' id='word_1_143' title='bbox 990 1976 1114 2047; x_wconf 86' lang='lat' dir='ltr'><strong>quia</strong></span> <span class='ocrx_word' id='word_1_144' title='bbox 1145 1986 1243 2043; x_wconf 90' lang='lat' dir='ltr'><strong>ego</strong></span> <span class='ocrx_word' id='word_1_145' title='bbox 1272 1968 1534 2047; x_wconf 80' lang='lat' dir='ltr'><strong>in_Patre,</strong></span> <span class='ocrx_word' id='word_1_146' title='bbox 1561 1971 1616 2020; x_wconf 90' lang='lat' dir='ltr'><strong>et</strong></span> <span class='ocrx_word' id='word_1_147' title='bbox 1640 1962 1800 2017; x_wconf 87' lang='lat' dir='ltr'><strong>Pater</strong></span> 
     </span>
    </p>
   </div>
   <div class='ocr_carea' id='block_1_18' title="bbox 216 2052 1799 2144">
    <p class='ocr_par' dir='ltr' id='par_1_18' title="bbox 216 2052 1799 2144">
     <span class='ocr_line' id='line_1_19' title="bbox 216 2052 1799 2144; baseline -0.022 -3"><span class='ocrx_word' id='word_1_148' title='bbox 216 2085 274 2141; x_wconf 88' lang='lat' dir='ltr'><strong>in</strong></span> <span class='ocrx_word' id='word_1_149' title='bbox 326 2052 586 2138; x_wconf 42' lang='lat' dir='ltr'><strong>me-eSt?</strong></span> <span class='ocrx_word' id='word_1_150' title='bbox 635 2073 886 2144; x_wconf 80' lang='lat' dir='ltr'><strong>Alioquin</strong></span> <span class='ocrx_word' id='word_1_151' title='bbox 926 2074 1146 2140; x_wconf 78' lang='lat' dir='ltr'><strong>propter</strong></span> <span class='ocrx_word' id='word_1_152' title='bbox 1192 2075 1354 2132; x_wconf 82' lang='lat' dir='ltr'><strong>opera</strong></span> <span class='ocrx_word' id='word_1_153' title='bbox 1408 2060 1523 2129; x_wconf 90' lang='lat' dir='ltr'><strong>ipsa</strong></span> <span class='ocrx_word' id='word_1_154' title='bbox 1575 2052 1799 2110; x_wconf 84' lang='lat' dir='ltr'><strong>credite.</strong></span> 
     </span>
    </p>
   </div>
   <div class='ocr_carea' id='block_1_19' title="bbox 220 2154 1803 2238">
    <p class='ocr_par' dir='ltr' id='par_1_19' title="bbox 220 2154 1803 2238">
     <span class='ocr_line' id='line_1_20' title="bbox 220 2154 1803 2238; baseline -0.022 -5"><span class='ocrx_word' id='word_1_155' title='bbox 220 2178 419 2238; x_wconf 79' lang='lat' dir='ltr'><strong>Amen,</strong></span> <span class='ocrx_word' id='word_1_156' title='bbox 448 2182 605 2225; x_wconf 89' lang='lat' dir='ltr'><strong>amen</strong></span> <span class='ocrx_word' id='word_1_157' title='bbox 630 2167 749 2222; x_wconf 85' lang='lat' dir='ltr'><strong>dico</strong></span> <span class='ocrx_word' id='word_1_158' title='bbox 771 2159 1067 2229; x_wconf 78' lang='lat' dir='ltr'><strong>vobiszQui</strong></span> <span class='ocrx_word' id='word_1_159' title='bbox 1090 2154 1259 2213; x_wconf 85' lang='lat' dir='ltr'><strong>credit</strong></span> <span class='ocrx_word' id='word_1_160' title='bbox 1281 2156 1332 2209; x_wconf 89' lang='lat' dir='ltr'><strong>in</strong></span> <span class='ocrx_word' id='word_1_161' title='bbox 1358 2166 1465 2215; x_wconf 89' lang='lat' dir='ltr'><strong>me,</strong></span> <span class='ocrx_word' id='word_1_162' title='bbox 1497 2161 1658 2219; x_wconf 85' lang='lat' dir='ltr'><strong>opera</strong></span> <span class='ocrx_word' id='word_1_163' title='bbox 1680 2158 1803 2215; x_wconf 67' lang='lat' dir='ltr'><strong>qua:</strong></span> 
     </span>
    </p>
   </div>
   <div class='ocr_carea' id='block_1_20' title="bbox 223 2236 1799 2338">
    <p class='ocr_par' dir='ltr' id='par_1_20' title="bbox 223 2236 1799 2338">
     <span class='ocr_line' id='line_1_21' title="bbox 223 2236 1799 2338; baseline -0.022 -15"><span class='ocrx_word' id='word_1_164' title='bbox 223 2282 325 2338; x_wconf 92' lang='lat' dir='ltr'><strong>ego</strong></span> <span class='ocrx_word' id='word_1_165' title='bbox 355 2236 514 2329; x_wconf 78' lang='lat' dir='ltr'><strong>facio,</strong></span> <span class='ocrx_word' id='word_1_166' title='bbox 560 2269 614 2317; x_wconf 92' lang='lat' dir='ltr'><strong>et</strong></span> <span class='ocrx_word' id='word_1_167' title='bbox 644 2259 759 2328; x_wconf 89' lang='lat' dir='ltr'><strong>ipse</strong></span> <span class='ocrx_word' id='word_1_168' title='bbox 800 2254 980 2320; x_wconf 85' lang='lat' dir='ltr'><strong>faciet,</strong></span> <span class='ocrx_word' id='word_1_169' title='bbox 1030 2260 1086 2306; x_wconf 91' lang='lat' dir='ltr'><strong>et</strong></span> <span class='ocrx_word' id='word_1_170' title='bbox 1128 2247 1328 2316; x_wconf 85' lang='lat' dir='ltr'><strong>majora</strong></span> <span class='ocrx_word' id='word_1_171' title='bbox 1373 2243 1563 2297; x_wconf 92' lang='lat' dir='ltr'><strong>horum</strong></span> <span class='ocrx_word' id='word_1_172' title='bbox 1595 2236 1799 2292; x_wconf 80' lang='lat' dir='ltr'><strong>faciet:</strong></span> 
     </span>
    </p>
   </div>
   <div class='ocr_carea' id='block_1_21' title="bbox 224 2325 1805 2429">
    <p class='ocr_par' dir='ltr' id='par_1_21' title="bbox 224 2325 1805 2429">
     <span class='ocr_line' id='line_1_22' title="bbox 224 2325 1805 2429; baseline -0.021 -16"><span class='ocrx_word' id='word_1_173' title='bbox 224 2325 351 2429; x_wconf 65' lang='lat' dir='ltr'><strong>quia</strong></span> <span class='ocrx_word' id='word_1_174' title='bbox 380 2367 479 2425; x_wconf 92' lang='lat' dir='ltr'><strong>ego</strong></span> <span class='ocrx_word' id='word_1_175' title='bbox 500 2325 575 2407; x_wconf 82' lang='lat' dir='ltr'><strong>ad</strong></span> <span class='ocrx_word' id='word_1_176' title='bbox 601 2325 815 2406; x_wconf 77' lang='lat' dir='ltr'><strong>Patrem</strong></span> <span class='ocrx_word' id='word_1_177' title='bbox 844 2344 1001 2399; x_wconf 87' lang='lat' dir='ltr'><strong>vado.</strong></span> <span class='ocrx_word' id='word_1_178' title='bbox 1041 2341 1111 2396; x_wconf 84' lang='lat' dir='ltr'><strong>Et</strong></span> <span class='ocrx_word' id='word_1_179' title='bbox 1146 2336 1503 2407; x_wconf 88' lang='lat' dir='ltr'><strong>quodcunque</strong></span> <span class='ocrx_word' id='word_1_180' title='bbox 1545 2325 1805 2399; x_wconf 86' lang='lat' dir='ltr'><strong>petieritis</strong></span> 
     </span>
    </p>
   </div>
   <div class='ocr_carea' id='block_1_22' title="bbox 224 2421 1808 2507">
    <p class='ocr_par' dir='ltr' id='par_1_22' title="bbox 224 2421 1808 2507">
     <span class='ocr_line' id='line_1_23' title="bbox 224 2421 1808 2507; baseline -0.022 0"><span class='ocrx_word' id='word_1_181' title='bbox 224 2421 442 2507; x_wconf 80' lang='lat' dir='ltr'><strong>Patrem</strong></span> <span class='ocrx_word' id='word_1_182' title='bbox 475 2447 530 2501; x_wconf 88' lang='lat' dir='ltr'><strong>in</strong></span> <span class='ocrx_word' id='word_1_183' title='bbox 556 2442 773 2499; x_wconf 90' lang='lat' dir='ltr'><strong>nomine</strong></span> <span class='ocrx_word' id='word_1_184' title='bbox 819 2450 962 2503; x_wconf 91' lang='lat' dir='ltr'><strong>meo,</strong></span> <span class='ocrx_word' id='word_1_185' title='bbox 1000 2434 1105 2489; x_wconf 89' lang='lat' dir='ltr'><strong>hoc</strong></span> <span class='ocrx_word' id='word_1_186' title='bbox 1133 2430 1347 2494; x_wconf 81' lang='lat' dir='ltr'><strong>faciam,</strong></span> <span class='ocrx_word' id='word_1_187' title='bbox 1382 2436 1442 2480; x_wconf 89' lang='lat' dir='ltr'><strong>ut</strong></span> <span class='ocrx_word' id='word_1_188' title='bbox 1479 2421 1808 2495; x_wconf 74' lang='lat' dir='ltr'><strong>glor‘ificetur</strong></span> 
     </span>
    </p>
   </div>
   <div class='ocr_carea' id='block_1_23' title="bbox 228 2514 1806 2600">
    <p class='ocr_par' dir='ltr' id='par_1_23' title="bbox 228 2514 1806 2600">
     <span class='ocr_line' id='line_1_24' title="bbox 228 2514 1806 2600; baseline -0.022 -3"><span class='ocrx_word' id='word_1_189' title='bbox 228 2542 389 2597; x_wconf 83' lang='lat' dir='ltr'><strong>Pater</strong></span> <span class='ocrx_word' id='word_1_190' title='bbox 416 2539 471 2593; x_wconf 89' lang='lat' dir='ltr'><strong>in</strong></span> <span class='ocrx_word' id='word_1_191' title='bbox 498 2535 655 2592; x_wconf 84' lang='lat' dir='ltr'><strong>Filio.</strong></span> <span class='ocrx_word' id='word_1_192' title='bbox 688 2531 746 2588; x_wconf 90' lang='lat' dir='ltr'><strong>Si</strong></span> <span class='ocrx_word' id='word_1_193' title='bbox 768 2527 898 2600; x_wconf 86' lang='lat' dir='ltr'><strong>quid</strong></span> <span class='ocrx_word' id='word_1_194' title='bbox 922 2522 1182 2598; x_wconf 85' lang='lat' dir='ltr'><strong>petieritis</strong></span> <span class='ocrx_word' id='word_1_195' title='bbox 1211 2535 1298 2575; x_wconf 89' lang='lat' dir='ltr'><strong>me</strong></span> <span class='ocrx_word' id='word_1_196' title='bbox 1327 2518 1381 2573; x_wconf 90' lang='lat' dir='ltr'><strong>in</strong></span> <span class='ocrx_word' id='word_1_197' title='bbox 1415 2514 1633 2570; x_wconf 88' lang='lat' dir='ltr'><strong>nomine</strong></span> <span class='ocrx_word' id='word_1_198' title='bbox 1660 2525 1806 2578; x_wconf 90' lang='lat' dir='ltr'><strong>meo,</strong></span> 
     </span>
    </p>
   </div>
   <div class='ocr_carea' id='block_1_24' title="bbox 229 2602 1812 2693">
    <p class='ocr_par' dir='ltr' id='par_1_24' title="bbox 229 2602 1812 2693">
     <span class='ocr_line' id='line_1_25' title="bbox 229 2602 1812 2693; baseline -0.02 -5"><span class='ocrx_word' id='word_1_199' title='bbox 229 2633 331 2688; x_wconf 88' lang='lat' dir='ltr'><strong>hoc</strong></span> <span class='ocrx_word' id='word_1_200' title='bbox 359 2626 570 2685; x_wconf 84' lang='lat' dir='ltr'><strong>faciam.</strong></span> <span class='ocrx_word' id='word_1_201' title='bbox 601 2625 659 2682; x_wconf 90' lang='lat' dir='ltr'><strong>Si</strong></span> <span class='ocrx_word' id='word_1_202' title='bbox 685 2622 903 2693; x_wconf 85' lang='lat' dir='ltr'><strong>diligitis</strong></span> <span class='ocrx_word' id='word_1_203' title='bbox 924 2634 1033 2685; x_wconf 90' lang='lat' dir='ltr'><strong>me,</strong></span> <span class='ocrx_word' id='word_1_204' title='bbox 1069 2613 1321 2671; x_wconf 89' lang='lat' dir='ltr'><strong>mandata</strong></span> <span class='ocrx_word' id='word_1_205' title='bbox 1342 2622 1461 2666; x_wconf 87' lang='lat' dir='ltr'><strong>mea</strong></span> <span class='ocrx_word' id='word_1_206' title='bbox 1484 2611 1712 2662; x_wconf 83' lang='lat' dir='ltr'><strong>servate.</strong></span> <span class='ocrx_word' id='word_1_207' title='bbox 1742 2602 1812 2658; x_wconf 86' lang='lat' dir='ltr'><strong>Et</strong></span> 
     </span>
    </p>
   </div>
   <div class='ocr_carea' id='block_1_25' title="bbox 230 2696 1811 2795">
    <p class='ocr_par' dir='ltr' id='par_1_25' title="bbox 230 2696 1811 2795">
     <span class='ocr_line' id='line_1_26' title="bbox 230 2696 1811 2795; baseline -0.022 -12"><span class='ocrx_word' id='word_1_208' title='bbox 230 2741 330 2795; x_wconf 86' lang='lat' dir='ltr'><strong>ego</strong></span> <span class='ocrx_word' id='word_1_209' title='bbox 353 2723 556 2795; x_wconf 79' lang='lat' dir='ltr'><strong>rogabo</strong></span> <span class='ocrx_word' id='word_1_210' title='bbox 578 2720 811 2783; x_wconf 81' lang='lat' dir='ltr'><strong>Patrem,</strong></span> <span class='ocrx_word' id='word_1_211' title='bbox 840 2723 894 2771; x_wconf 91' lang='lat' dir='ltr'><strong>et</strong></span> <span class='ocrx_word' id='word_1_212' title='bbox 915 2713 1078 2768; x_wconf 90' lang='lat' dir='ltr'><strong>alium</strong></span> <span class='ocrx_word' id='word_1_213' title='bbox 1108 2704 1441 2765; x_wconf 87' lang='lat' dir='ltr'><strong>Paracletum</strong></span> <span class='ocrx_word' id='word_1_214' title='bbox 1462 2699 1608 2755; x_wconf 85' lang='lat' dir='ltr'><strong>dabit</strong></span> <span class='ocrx_word' id='word_1_215' title='bbox 1633 2696 1811 2763; x_wconf 85' lang='lat' dir='ltr'><strong>vobis,</strong></span> 
     </span>
    </p>
   </div>
   <div class='ocr_carea' id='block_1_26' title="bbox 235 2785 1810 2874">
    <p class='ocr_par' dir='ltr' id='par_1_26' title="bbox 235 2785 1810 2874">
     <span class='ocr_line' id='line_1_27' title="bbox 235 2785 1810 2874; baseline -0.023 0"><span class='ocrx_word' id='word_1_216' title='bbox 235 2828 293 2874; x_wconf 91' lang='lat' dir='ltr'><strong>ut</strong></span> <span class='ocrx_word' id='word_1_217' title='bbox 321 2822 535 2872; x_wconf 88' lang='lat' dir='ltr'><strong>maneat</strong></span> <span class='ocrx_word' id='word_1_218' title='bbox 564 2810 839 2867; x_wconf 88' lang='lat' dir='ltr'><strong>vobiscum</strong></span> <span class='ocrx_word' id='word_1_219' title='bbox 868 2805 921 2860; x_wconf 92' lang='lat' dir='ltr'><strong>in</strong></span> <span class='ocrx_word' id='word_1_220' title='bbox 950 2809 1235 2863; x_wconf 84' lang='lat' dir='ltr'><strong>aeternum,</strong></span> <span class='ocrx_word' id='word_1_221' title='bbox 1263 2793 1516 2864; x_wconf 87' lang='lat' dir='ltr'><strong>Spiritum</strong></span> <span class='ocrx_word' id='word_1_222' title='bbox 1537 2785 1810 2851; x_wconf 83' lang='lat' dir='ltr'><strong>veritatis;</strong></span> 
     </span>
    </p>
   </div>
   <div class='ocr_carea' id='block_1_27' title="bbox 235 2876 1817 2983">
    <p class='ocr_par' dir='ltr' id='par_1_27' title="bbox 235 2876 1817 2983">
     <span class='ocr_line' id='line_1_28' title="bbox 235 2876 1817 2983; baseline -0.025 -15"><span class='ocrx_word' id='word_1_223' title='bbox 235 2926 395 2983; x_wconf 89' lang='lat' dir='ltr'><strong>quem</strong></span> <span class='ocrx_word' id='word_1_224' title='bbox 428 2904 657 2963; x_wconf 88' lang='lat' dir='ltr'><strong>mundus</strong></span> <span class='ocrx_word' id='word_1_225' title='bbox 692 2915 800 2956; x_wconf 92' lang='lat' dir='ltr'><strong>non</strong></span> <span class='ocrx_word' id='word_1_226' title='bbox 843 2904 1020 2968; x_wconf 86' lang='lat' dir='ltr'><strong>potest</strong></span> <span class='ocrx_word' id='word_1_227' title='bbox 1066 2891 1332 2959; x_wconf 84' lang='lat' dir='ltr'><strong>accipere,</strong></span> <span class='ocrx_word' id='word_1_228' title='bbox 1371 2885 1495 2955; x_wconf 86' lang='lat' dir='ltr'><strong>quia</strong></span> <span class='ocrx_word' id='word_1_229' title='bbox 1535 2895 1641 2936; x_wconf 87' lang='lat' dir='ltr'><strong>non</strong></span> <span class='ocrx_word' id='word_1_230' title='bbox 1666 2876 1817 2932; x_wconf 83' lang='lat' dir='ltr'><strong>videt</strong></span> 
     </span>
    </p>
   </div>
   <div class='ocr_carea' id='block_1_28' title="bbox 232 2968 1819 3068">
    <p class='ocr_par' dir='ltr' id='par_1_28' title="bbox 232 2968 1819 3068">
     <span class='ocr_line' id='line_1_29' title="bbox 232 2968 1819 3068; baseline -0.025 -8"><span class='ocrx_word' id='word_1_231' title='bbox 232 2968 380 3068; x_wconf 71' lang='lat' dir='ltr'><strong>eum,</strong></span> <span class='ocrx_word' id='word_1_232' title='bbox 409 3012 509 3055; x_wconf 90' lang='lat' dir='ltr'><strong>nec</strong></span> <span class='ocrx_word' id='word_1_233' title='bbox 530 2996 630 3052; x_wconf 88' lang='lat' dir='ltr'><strong>scit</strong></span> <span class='ocrx_word' id='word_1_234' title='bbox 654 3006 801 3049; x_wconf 91' lang='lat' dir='ltr'><strong>eum.</strong></span> <span class='ocrx_word' id='word_1_235' title='bbox 828 2989 930 3044; x_wconf 83' lang='lat' dir='ltr'><strong>Vos</strong></span> <span class='ocrx_word' id='word_1_236' title='bbox 952 2992 1129 3040; x_wconf 90' lang='lat' dir='ltr'><strong>autem</strong></span> <span class='ocrx_word' id='word_1_237' title='bbox 1150 2974 1488 3049; x_wconf 81' lang='lat' dir='ltr'><strong>cognoscetis</strong></span> <span class='ocrx_word' id='word_1_238' title='bbox 1515 2986 1661 3037; x_wconf 91' lang='lat' dir='ltr'><strong>eum,</strong></span> <span class='ocrx_word' id='word_1_239' title='bbox 1690 2968 1819 3038; x_wconf 82' lang='lat' dir='ltr'><strong>quia</strong></span> 
     </span>
    </p>
   </div>
   <div class='ocr_carea' id='block_1_29' title="bbox 234 3064 1815 3164">
    <p class='ocr_par' dir='ltr' id='par_1_29' title="bbox 234 3064 1815 3164">
     <span class='ocr_line' id='line_1_30' title="bbox 234 3064 1815 3164; baseline -0.023 -14"><span class='ocrx_word' id='word_1_240' title='bbox 234 3064 375 3164; x_wconf 88' lang='lat' dir='ltr'><strong>apud</strong></span> <span class='ocrx_word' id='word_1_241' title='bbox 406 3104 504 3147; x_wconf 83' lang='lat' dir='ltr'><strong>vos</strong></span> <span class='ocrx_word' id='word_1_242' title='bbox 549 3084 805 3149; x_wconf 86' lang='lat' dir='ltr'><strong>manebit,</strong></span> <span class='ocrx_word' id='word_1_243' title='bbox 840 3089 895 3137; x_wconf 91' lang='lat' dir='ltr'><strong>et</strong></span> <span class='ocrx_word' id='word_1_244' title='bbox 935 3078 988 3134; x_wconf 88' lang='lat' dir='ltr'><strong>in</strong></span> <span class='ocrx_word' id='word_1_245' title='bbox 1021 3075 1177 3131; x_wconf 85' lang='lat' dir='ltr'><strong>vobis</strong></span> <span class='ocrx_word' id='word_1_246' title='bbox 1219 3070 1339 3126; x_wconf 88' lang='lat' dir='ltr'><strong>erit.</strong></span> <span class='ocrx_word' id='word_1_247' title='bbox 1374 3065 1488 3122; x_wconf 73' lang='lat' dir='ltr'><strong>Non</strong></span> <span class='ocrx_word' id='word_1_248' title='bbox 1514 3064 1815 3131; x_wconf 84' lang='lat' dir='ltr'><strong>relinquam</strong></span> 
     </span>
    </p>
   </div>
   <div class='ocr_carea' id='block_1_30' title="bbox 234 3156 1819 3252">
    <p class='ocr_par' dir='ltr' id='par_1_30' title="bbox 234 3156 1819 3252">
     <span class='ocr_line' id='line_1_31' title="bbox 234 3156 1819 3252; baseline -0.022 -14"><span class='ocrx_word' id='word_1_249' title='bbox 234 3156 328 3240; x_wconf 81' lang='lat' dir='ltr'><strong>vos</strong></span> <span class='ocrx_word' id='word_1_250' title='bbox 376 3182 647 3252; x_wconf 86' lang='lat' dir='ltr'><strong>orpbauos</strong></span> <span class='ocrx_word' id='word_1_251' title='bbox 673 3194 686 3229; x_wconf 90' lang='lat'><strong>:</strong></span> <span class='ocrx_word' id='word_1_252' title='bbox 710 3173 919 3230; x_wconf 85' lang='lat' dir='ltr'><strong>veniam</strong></span> <span class='ocrx_word' id='word_1_253' title='bbox 948 3170 1011 3223; x_wconf 87' lang='lat' dir='ltr'><strong>ad</strong></span> <span class='ocrx_word' id='word_1_254' title='bbox 1042 3180 1161 3222; x_wconf 90' lang='lat' dir='ltr'><strong>vos.</strong></span> <span class='ocrx_word' id='word_1_255' title='bbox 1192 3162 1381 3217; x_wconf 81' lang='lat' dir='ltr'><strong>Adhuc</strong></span> <span class='ocrx_word' id='word_1_256' title='bbox 1422 3156 1689 3212; x_wconf 89' lang='lat' dir='ltr'><strong>modicum</strong></span> <span class='ocrx_word' id='word_1_257' title='bbox 1717 3170 1728 3204; x_wconf 90' lang='lat'>:</span> <span class='ocrx_word' id='word_1_258' title='bbox 1761 3158 1819 3205; x_wconf 86' lang='lat' dir='ltr'><strong>et</strong></span> 
     </span>
    </p>
   </div>
   <div class='ocr_carea' id='block_1_31' title="bbox 237 3238 1891 3343">
    <p class='ocr_par' dir='ltr' id='par_1_31' title="bbox 237 3238 1891 3343">
     <span class='ocr_line' id='line_1_32' title="bbox 237 3238 1891 3343; baseline -0.024 -10"><span class='ocrx_word' id='word_1_259' title='bbox 237 3238 467 3333; x_wconf 70' lang='lat' dir='ltr'><strong>mundus</strong></span> <span class='ocrx_word' id='word_1_260' title='bbox 494 3273 603 3343; x_wconf 88' lang='lat' dir='ltr'><strong>jam</strong></span> <span class='ocrx_word' id='word_1_261' title='bbox 638 3282 724 3324; x_wconf 88' lang='lat' dir='ltr'><strong>me</strong></span> <span class='ocrx_word' id='word_1_262' title='bbox 764 3278 869 3319; x_wconf 92' lang='lat' dir='ltr'><strong>non</strong></span> <span class='ocrx_word' id='word_1_263' title='bbox 907 3260 1073 3315; x_wconf 88' lang='lat' dir='ltr'><strong>videt.</strong></span> <span class='ocrx_word' id='word_1_264' title='bbox 1118 3256 1228 3310; x_wconf 82' lang='lat' dir='ltr'><strong>Vos</strong></span> <span class='ocrx_word' id='word_1_265' title='bbox 1257 3262 1434 3305; x_wconf 89' lang='lat' dir='ltr'><strong>autem</strong></span> <span class='ocrx_word' id='word_1_266' title='bbox 1476 3244 1670 3301; x_wconf 86' lang='lat' dir='ltr'><strong>videtis</strong></span> <span class='ocrx_word' id='word_1_267' title='bbox 1705 3255 1815 3307; x_wconf 89' lang='lat' dir='ltr'><strong>me,</strong></span> <span class='ocrx_word' id='word_1_268' title='bbox 1840 3238 1891 3303; x_wconf 78' lang='grc' dir='ltr'>ο</span> 
     </span>
    </p>
   </div>
   <div class='ocr_carea' id='block_1_32' title="bbox 234 3332 1819 3440">
    <p class='ocr_par' dir='ltr' id='par_1_32' title="bbox 234 3332 1819 3440">
     <span class='ocr_line' id='line_1_33' title="bbox 234 3332 1819 3440; baseline -0.025 -15"><span class='ocrx_word' id='word_1_269' title='bbox 234 3371 355 3440; x_wconf 89' lang='lat' dir='ltr'><strong>quia</strong></span> <span class='ocrx_word' id='word_1_270' title='bbox 390 3332 662 3437; x_wconf 47' lang='lat' dir='ltr'><strong>ego&#39;vivo,</strong></span> <span class='ocrx_word' id='word_1_271' title='bbox 694 3367 748 3414; x_wconf 91' lang='lat' dir='ltr'><strong>et</strong></span> <span class='ocrx_word' id='word_1_272' title='bbox 774 3370 868 3410; x_wconf 89' lang='lat' dir='ltr'><strong>vos</strong></span> <span class='ocrx_word' id='word_1_273' title='bbox 895 3350 1103 3408; x_wconf 89' lang='lat' dir='ltr'><strong>vivetis.</strong></span> <span class='ocrx_word' id='word_1_274' title='bbox 1140 3347 1197 3401; x_wconf 89' lang='lat' dir='ltr'><strong>In</strong></span> <span class='ocrx_word' id='word_1_275' title='bbox 1227 3344 1315 3398; x_wconf 90' lang='lat' dir='ltr'><strong>die</strong></span> <span class='ocrx_word' id='word_1_276' title='bbox 1351 3342 1443 3395; x_wconf 81' lang='lat' dir='ltr'><strong>illo</strong></span> <span class='ocrx_word' id='word_1_277' title='bbox 1480 3332 1819 3407; x_wconf 85' lang='lat' dir='ltr'><strong>cognoscetis</strong></span> 
     </span>
    </p>
   </div>
   <div class='ocr_carea' id='block_1_33' title="bbox 235 3424 1820 3532">
    <p class='ocr_par' dir='ltr' id='par_1_33' title="bbox 235 3424 1820 3532">
     <span class='ocr_line' id='line_1_34' title="bbox 235 3424 1820 3532; baseline -0.025 -15"><span class='ocrx_word' id='word_1_278' title='bbox 235 3424 358 3532; x_wconf 77' lang='lat' dir='ltr'><strong>quia</strong></span> <span class='ocrx_word' id='word_1_279' title='bbox 395 3424 497 3527; x_wconf 68' lang='lat' dir='ltr'><strong>ego</strong></span> <span class='ocrx_word' id='word_1_280' title='bbox 525 3468 642 3510; x_wconf 88' lang='lat' dir='ltr'><strong>sum</strong></span> <span class='ocrx_word' id='word_1_281' title='bbox 671 3452 723 3506; x_wconf 92' lang='lat' dir='ltr'><strong>in</strong></span> <span class='ocrx_word' id='word_1_282' title='bbox 752 3450 908 3504; x_wconf 87' lang='lat' dir='ltr'><strong>Patre</strong></span> <span class='ocrx_word' id='word_1_283' title='bbox 950 3454 1091 3506; x_wconf 91' lang='lat' dir='ltr'><strong>meo,</strong></span> <span class='ocrx_word' id='word_1_284' title='bbox 1120 3445 1175 3493; x_wconf 92' lang='lat' dir='ltr'><strong>et</strong></span> <span class='ocrx_word' id='word_1_285' title='bbox 1213 3450 1309 3491; x_wconf 86' lang='lat' dir='ltr'><strong>vos</strong></span> <span class='ocrx_word' id='word_1_286' title='bbox 1338 3434 1389 3487; x_wconf 89' lang='lat' dir='ltr'><strong>in</strong></span> <span class='ocrx_word' id='word_1_287' title='bbox 1422 3445 1528 3497; x_wconf 92' lang='lat' dir='ltr'><strong>me,</strong></span> <span class='ocrx_word' id='word_1_288' title='bbox 1560 3437 1613 3482; x_wconf 90' lang='lat' dir='ltr'><strong>et</strong></span> <span class='ocrx_word' id='word_1_289' title='bbox 1633 3439 1733 3496; x_wconf 90' lang='lat' dir='ltr'><strong>ego</strong></span> <span class='ocrx_word' id='word_1_290' title='bbox 1763 3424 1820 3478; x_wconf 84' lang='lat' dir='ltr'><strong>in</strong></span> 
     </span>
    </p>
   </div>
   <div class='ocr_carea' id='block_1_34' title="bbox 235 3519 1821 3615">
    <p class='ocr_par' dir='ltr' id='par_1_34' title="bbox 235 3519 1821 3615">
     <span class='ocr_line' id='line_1_35' title="bbox 235 3519 1821 3615; baseline -0.023 -7"><span class='ocrx_word' id='word_1_291' title='bbox 235 3519 548 3615; x_wconf 45' lang='lat' dir='ltr'><strong>vobis.qui</strong></span> <span class='ocrx_word' id='word_1_292' title='bbox 579 3543 740 3598; x_wconf 85' lang='lat' dir='ltr'><strong>habet</strong></span> <span class='ocrx_word' id='word_1_293' title='bbox 770 3535 1017 3595; x_wconf 85' lang='lat' dir='ltr'><strong>mandata</strong></span> <span class='ocrx_word' id='word_1_294' title='bbox 1042 3545 1181 3595; x_wconf 89' lang='lat' dir='ltr'><strong>mea,</strong></span> <span class='ocrx_word' id='word_1_295' title='bbox 1219 3536 1272 3584; x_wconf 91' lang='lat' dir='ltr'><strong>et</strong></span> <span class='ocrx_word' id='word_1_296' title='bbox 1300 3532 1478 3582; x_wconf 85' lang='lat' dir='ltr'><strong>servat</strong></span> <span class='ocrx_word' id='word_1_297' title='bbox 1501 3535 1587 3589; x_wconf 87' lang='lat' dir='ltr'><strong>ea,</strong></span> <span class='ocrx_word' id='word_1_298' title='bbox 1616 3519 1709 3575; x_wconf 88' lang='lat' dir='ltr'><strong>ille</strong></span> <span class='ocrx_word' id='word_1_299' title='bbox 1734 3523 1821 3572; x_wconf 88' lang='lat' dir='ltr'><strong>est</strong></span> 
     </span>
    </p>
   </div>
   <div class='ocr_carea' id='block_1_35' title="bbox 233 3608 1819 3713">
    <p class='ocr_par' dir='ltr' id='par_1_35' title="bbox 233 3608 1819 3713">
     <span class='ocr_line' id='line_1_36' title="bbox 233 3608 1819 3713; baseline -0.025 -14"><span class='ocrx_word' id='word_1_300' title='bbox 233 3645 322 3713; x_wconf 92' lang='lat' dir='ltr'><strong>qui</strong></span> <span class='ocrx_word' id='word_1_301' title='bbox 352 3608 531 3709; x_wconf 74' lang='lat' dir='ltr'><strong>diligit</strong></span> <span class='ocrx_word' id='word_1_302' title='bbox 566 3648 672 3691; x_wconf 90' lang='lat' dir='ltr'><strong>me.</strong></span> <span class='ocrx_word' id='word_1_303' title='bbox 701 3630 803 3700; x_wconf 86' lang='lat' dir='ltr'><strong>Qui</strong></span> <span class='ocrx_word' id='word_1_304' title='bbox 833 3637 1009 3682; x_wconf 87' lang='lat' dir='ltr'><strong>autem</strong></span> <span class='ocrx_word' id='word_1_305' title='bbox 1042 3619 1215 3690; x_wconf 86' lang='lat' dir='ltr'><strong>diligit</strong></span> <span class='ocrx_word' id='word_1_306' title='bbox 1248 3631 1355 3683; x_wconf 90' lang='lat' dir='ltr'><strong>mc,</strong></span> <span class='ocrx_word' id='word_1_307' title='bbox 1388 3614 1637 3682; x_wconf 85' lang='lat' dir='ltr'><strong>diligetur</strong></span> <span class='ocrx_word' id='word_1_308' title='bbox 1665 3624 1695 3663; x_wconf 93' lang='lat' dir='ltr'><strong>a</strong></span> <span class='ocrx_word' id='word_1_309' title='bbox 1726 3608 1819 3661; x_wconf 89' lang='lat' dir='ltr'><strong>Pa-</strong></span> 
     </span>
    </p>
   </div>
   <div class='ocr_carea' id='block_1_36' title="bbox 236 3701 1819 3793">
    <p class='ocr_par' dir='ltr' id='par_1_36' title="bbox 236 3701 1819 3793">
     <span class='ocr_line' id='line_1_37' title="bbox 236 3701 1819 3793; baseline -0.024 -3"><span class='ocrx_word' id='word_1_310' title='bbox 236 3701 314 3789; x_wconf 69' lang='lat' dir='ltr'><strong>tre</strong></span> <span class='ocrx_word' id='word_1_311' title='bbox 342 3701 510 3787; x_wconf 59' lang='lat' dir='ltr'><strong>meo:</strong></span> <span class='ocrx_word' id='word_1_312' title='bbox 541 3734 596 3783; x_wconf 90' lang='lat' dir='ltr'><strong>et</strong></span> <span class='ocrx_word' id='word_1_313' title='bbox 625 3737 727 3793; x_wconf 89' lang='lat' dir='ltr'><strong>ego</strong></span> <span class='ocrx_word' id='word_1_314' title='bbox 761 3720 980 3789; x_wconf 84' lang='lat' dir='ltr'><strong>diligam</strong></span> <span class='ocrx_word' id='word_1_315' title='bbox 1006 3728 1151 3779; x_wconf 90' lang='lat' dir='ltr'><strong>eum,</strong></span> <span class='ocrx_word' id='word_1_316' title='bbox 1184 3719 1240 3765; x_wconf 91' lang='lat' dir='ltr'><strong>et</strong></span> <span class='ocrx_word' id='word_1_317' title='bbox 1276 3702 1632 3765; x_wconf 79' lang='lat' dir='ltr'><strong>maniiestabo</strong></span> <span class='ocrx_word' id='word_1_318' title='bbox 1654 3701 1703 3755; x_wconf 90' lang='lat' dir='ltr'><strong>ei</strong></span> <span class='ocrx_word' id='word_1_319' title='bbox 1732 3712 1819 3754; x_wconf 87' lang='lat' dir='ltr'><strong>me</strong></span> 
     </span>
    </p>
   </div>
   <div class='ocr_carea' id='block_1_37' title="bbox 234 3795 1815 3896">
    <p class='ocr_par' dir='ltr' id='par_1_37' title="bbox 234 3795 1815 3896">
     <span class='ocr_line' id='line_1_38' title="bbox 234 3795 1815 3896; baseline -0.023 -13"><span class='ocrx_word' id='word_1_320' title='bbox 234 3827 439 3896; x_wconf 90' lang='lat' dir='ltr'><strong>ipsum.</strong></span> <span class='ocrx_word' id='word_1_321' title='bbox 470 3820 602 3876; x_wconf 86' lang='lat' dir='ltr'><strong>Dicit</strong></span> <span class='ocrx_word' id='word_1_322' title='bbox 626 3817 678 3873; x_wconf 89' lang='lat' dir='ltr'><strong>ei</strong></span> <span class='ocrx_word' id='word_1_323' title='bbox 708 3813 895 3879; x_wconf 84' lang='lat' dir='ltr'><strong>Judas,</strong></span> <span class='ocrx_word' id='word_1_324' title='bbox 922 3824 1031 3865; x_wconf 89' lang='lat' dir='ltr'><strong>non</strong></span> <span class='ocrx_word' id='word_1_325' title='bbox 1076 3806 1169 3863; x_wconf 90' lang='lat' dir='ltr'><strong>ille</strong></span> <span class='ocrx_word' id='word_1_326' title='bbox 1191 3806 1209 3828; x_wconf 75' lang='lat'><strong>‘</strong></span> <span class='ocrx_word' id='word_1_327' title='bbox 1240 3800 1497 3859; x_wconf 88' lang='lat' dir='ltr'><strong>Scariotis</strong></span> <span class='ocrx_word' id='word_1_328' title='bbox 1525 3817 1538 3854; x_wconf 91' lang='lat'><strong>:</strong></span> <span class='ocrx_word' id='word_1_329' title='bbox 1571 3795 1815 3861; x_wconf 89' lang='lat' dir='ltr'><strong>Domine,</strong></span> 
     </span>
    </p>
   </div>
   <div class='ocr_carea' id='block_1_38' title="bbox 234 3897 1820 3990">
    <p class='ocr_par' dir='ltr' id='par_1_38' title="bbox 234 3897 1820 3990">
     <span class='ocr_line' id='line_1_39' title="bbox 234 3897 1820 3990; baseline -0.02 -14"><span class='ocrx_word' id='word_1_330' title='bbox 234 3919 407 3990; x_wconf 71' lang='lat' dir='ltr'><strong>quid“</strong></span> <span class='ocrx_word' id='word_1_331' title='bbox 432 3916 667 3971; x_wconf 82' lang='lat' dir='ltr'><strong>facturus</strong></span> <span class='ocrx_word' id='word_1_332' title='bbox 706 3923 787 3975; x_wconf 91' lang='lat' dir='ltr'><strong>cs,</strong></span> <span class='ocrx_word' id='word_1_333' title='bbox 819 3906 939 3977; x_wconf 88' lang='lat' dir='ltr'><strong>quia</strong></span> <span class='ocrx_word' id='word_1_334' title='bbox 990 3901 1145 3958; x_wconf 88' lang='lat' dir='ltr'><strong>nobis</strong></span> <span class='ocrx_word' id='word_1_335' title='bbox 1191 3897 1624 3953; x_wconf 85' lang='lat' dir='ltr'><strong>manifestaturus</strong></span> <span class='ocrx_word' id='word_1_336' title='bbox 1662 3904 1720 3946; x_wconf 89' lang='lat' dir='ltr'><strong>es</strong></span> <span class='ocrx_word' id='word_1_337' title='bbox 1765 3899 1820 3945; x_wconf 89' lang='lat' dir='ltr'><strong>te</strong></span> 
     </span>
    </p>
   </div>
   <div class='ocr_carea' id='block_1_39' title="bbox 235 3982 1817 4082">
    <p class='ocr_par' dir='ltr' id='par_1_39' title="bbox 235 3982 1817 4082">
     <span class='ocr_line' id='line_1_40' title="bbox 235 3982 1817 4082; baseline -0.018 -16"><span class='ocrx_word' id='word_1_338' title='bbox 235 3982 440 4082; x_wconf 78' lang='lat' dir='ltr'><strong>ipsum,</strong></span> <span class='ocrx_word' id='word_1_339' title='bbox 480 4016 534 4063; x_wconf 88' lang='lat' dir='ltr'><strong>et</strong></span> <span class='ocrx_word' id='word_1_340' title='bbox 564 4019 668 4061; x_wconf 91' lang='lat' dir='ltr'><strong>non</strong></span> <span class='ocrx_word' id='word_1_341' title='bbox 692 3998 925 4057; x_wconf 89' lang='lat' dir='ltr'><strong>mundo?</strong></span> <span class='ocrx_word' id='word_1_342' title='bbox 952 3992 1250 4065; x_wconf 84' lang='lat' dir='ltr'><strong>Respondit</strong></span> <span class='ocrx_word' id='word_1_343' title='bbox 1278 3991 1458 4052; x_wconf 78' lang='lat' dir='ltr'><strong>Jesus,</strong></span> <span class='ocrx_word' id='word_1_344' title='bbox 1486 3994 1541 4043; x_wconf 87' lang='lat' dir='ltr'><strong>et</strong></span> <span class='ocrx_word' id='word_1_345' title='bbox 1568 3985 1704 4040; x_wconf 75' lang='lat' dir='ltr'><strong>dixit</strong></span> <span class='ocrx_word' id='word_1_346' title='bbox 1730 3982 1817 4038; x_wconf 88' lang='lat' dir='ltr'><strong>ei:</strong></span> 
     </span>
    </p>
   </div>
   <div class='ocr_carea' id='block_1_40' title="bbox 236 4074 1818 4175">
    <p class='ocr_par' dir='ltr' id='par_1_40' title="bbox 236 4074 1818 4175">
     <span class='ocr_line' id='line_1_41' title="bbox 236 4074 1818 4175; baseline -0.021 -15"><span class='ocrx_word' id='word_1_347' title='bbox 236 4074 291 4161; x_wconf 79' lang='lat' dir='ltr'><strong>Si</strong></span> <span class='ocrx_word' id='word_1_348' title='bbox 315 4101 445 4175; x_wconf 87' lang='lat' dir='ltr'><strong>quis</strong></span> <span class='ocrx_word' id='word_1_349' title='bbox 465 4097 633 4167; x_wconf 86' lang='lat' dir='ltr'><strong>diligit</strong></span> <span class='ocrx_word' id='word_1_350' title='bbox 656 4108 765 4160; x_wconf 90' lang='lat' dir='ltr'><strong>me,</strong></span> <span class='ocrx_word' id='word_1_351' title='bbox 798 4102 1101 4147; x_wconf 88' lang='lat' dir='ltr'><strong>sermonem</strong></span> <span class='ocrx_word' id='word_1_352' title='bbox 1133 4098 1310 4141; x_wconf 89' lang='lat' dir='ltr'><strong>meum</strong></span> <span class='ocrx_word' id='word_1_353' title='bbox 1347 4078 1601 4144; x_wconf 83' lang='lat' dir='ltr'><strong>servabit,</strong></span> <span class='ocrx_word' id='word_1_354' title='bbox 1627 4083 1682 4130; x_wconf 91' lang='lat' dir='ltr'><strong>et</strong></span> <span class='ocrx_word' id='word_1_355' title='bbox 1714 4074 1818 4129; x_wconf 87' lang='lat' dir='ltr'><strong>Pa-</strong></span> 
     </span>
    </p>
   </div>
   <div class='ocr_carea' id='block_1_41' title="bbox 237 4173 1862 4259">
    <p class='ocr_par' dir='ltr' id='par_1_41' title="bbox 237 4173 1862 4259">
     <span class='ocr_line' id='line_1_42' title="bbox 237 4173 1862 4259; baseline -0.018 -7"><span class='ocrx_word' id='word_1_356' title='bbox 237 4173 514 4251; x_wconf 16' lang='lat' dir='ltr'><strong>terimeus</strong></span> <span class='ocrx_word' id='word_1_357' title='bbox 543 4189 727 4259; x_wconf 83' lang='lat' dir='ltr'><strong>diliget</strong></span> <span class='ocrx_word' id='word_1_358' title='bbox 752 4192 904 4252; x_wconf 86' lang='lat' dir='ltr'><strong>eum;</strong></span> <span class='ocrx_word' id='word_1_359' title='bbox 936 4191 990 4238; x_wconf 87' lang='lat' dir='ltr'><strong>et</strong></span> <span class='ocrx_word' id='word_1_360' title='bbox 1019 4179 1085 4235; x_wconf 89' lang='lat' dir='ltr'><strong>ad</strong></span> <span class='ocrx_word' id='word_1_361' title='bbox 1116 4191 1237 4234; x_wconf 93' lang='lat' dir='ltr'><strong>eum</strong></span> <span class='ocrx_word' id='word_1_362' title='bbox 1267 4173 1564 4235; x_wconf 82' lang='lat' dir='ltr'><strong>veniemus,</strong></span> <span class='ocrx_word' id='word_1_363' title='bbox 1595 4178 1651 4225; x_wconf 91' lang='lat' dir='ltr'><strong>et</strong></span> <span class='ocrx_word' id='word_1_364' title='bbox 1672 4182 1819 4220; x_wconf 88' lang='lat' dir='ltr'><strong>man-</strong></span> <span class='ocrx_word' id='word_1_365' title='bbox 1856 4216 1862 4222; x_wconf 95' lang='lat'><strong>.</strong></span> 
     </span>
    </p>
   </div>
   <div class='ocr_carea' id='block_1_42' title="bbox 239 4267 1820 4354">
    <p class='ocr_par' dir='ltr' id='par_1_42' title="bbox 239 4267 1820 4354">
     <span class='ocr_line' id='line_1_43' title="bbox 239 4267 1820 4354; baseline -0.019 -10"><span class='ocrx_word' id='word_1_366' title='bbox 239 4289 450 4344; x_wconf 89' lang='lat' dir='ltr'><strong>sionem</strong></span> <span class='ocrx_word' id='word_1_367' title='bbox 474 4282 614 4354; x_wconf 88' lang='lat' dir='ltr'><strong>apud</strong></span> <span class='ocrx_word' id='word_1_368' title='bbox 637 4294 758 4339; x_wconf 90' lang='lat' dir='ltr'><strong>eum</strong></span> <span class='ocrx_word' id='word_1_369' title='bbox 791 4278 1068 4334; x_wconf 88' lang='lat' dir='ltr'><strong>faciemus.</strong></span> <span class='ocrx_word' id='word_1_370' title='bbox 1102 4273 1201 4339; x_wconf 85' lang='lat' dir='ltr'><strong>Qui</strong></span> <span class='ocrx_word' id='word_1_371' title='bbox 1232 4285 1338 4325; x_wconf 78' lang='lat' dir='ltr'><strong>non</strong></span> <span class='ocrx_word' id='word_1_372' title='bbox 1367 4267 1539 4337; x_wconf 85' lang='lat' dir='ltr'><strong>diligit</strong></span> <span class='ocrx_word' id='word_1_373' title='bbox 1566 4277 1670 4331; x_wconf 90' lang='lat' dir='ltr'><strong>me,</strong></span> <span class='ocrx_word' id='word_1_374' title='bbox 1700 4274 1820 4316; x_wconf 88' lang='lat' dir='ltr'><strong>ser-</strong></span> 
     </span>
    </p>
   </div>
   <div class='ocr_carea' id='block_1_43' title="bbox 240 4353 1822 4435">
    <p class='ocr_par' dir='ltr' id='par_1_43' title="bbox 240 4353 1822 4435">
     <span class='ocr_line' id='line_1_44' title="bbox 240 4353 1822 4435; baseline -0.019 0"><span class='ocrx_word' id='word_1_375' title='bbox 240 4384 437 4435; x_wconf 87' lang='lat' dir='ltr'><strong>mones</strong></span> <span class='ocrx_word' id='word_1_376' title='bbox 464 4353 614 4431; x_wconf 15' lang='lat' dir='ltr'><strong>mieos</strong></span> <span class='ocrx_word' id='word_1_377' title='bbox 655 4385 761 4427; x_wconf 91' lang='lat' dir='ltr'><strong>non</strong></span> <span class='ocrx_word' id='word_1_378' title='bbox 788 4376 988 4425; x_wconf 88' lang='lat' dir='ltr'><strong>servat.</strong></span> <span class='ocrx_word' id='word_1_379' title='bbox 1028 4366 1098 4418; x_wconf 86' lang='lat' dir='ltr'><strong>Et</strong></span> <span class='ocrx_word' id='word_1_380' title='bbox 1135 4374 1438 4418; x_wconf 87' lang='lat' dir='ltr'><strong>sermonem</strong></span> <span class='ocrx_word' id='word_1_381' title='bbox 1470 4371 1628 4424; x_wconf 86' lang='lat' dir='ltr'><strong>quem</strong></span> <span class='ocrx_word' id='word_1_382' title='bbox 1670 4353 1822 4406; x_wconf 78' lang='lat' dir='ltr'><strong>audi—</strong></span> 
     </span>
    </p>
   </div>
   <div class='ocr_carea' id='block_1_44' title="bbox 240 4443 1821 4534">
    <p class='ocr_par' dir='ltr' id='par_1_44' title="bbox 240 4443 1821 4534">
     <span class='ocr_line' id='line_1_45' title="bbox 240 4443 1821 4534; baseline -0.018 -9"><span class='ocrx_word' id='word_1_383' title='bbox 240 4470 367 4534; x_wconf 85' lang='lat' dir='ltr'><strong>stis,</strong></span> <span class='ocrx_word' id='word_1_384' title='bbox 411 4479 519 4521; x_wconf 87' lang='lat' dir='ltr'><strong>non</strong></span> <span class='ocrx_word' id='word_1_385' title='bbox 560 4471 643 4519; x_wconf 87' lang='lat' dir='ltr'><strong>cst</strong></span> <span class='ocrx_word' id='word_1_386' title='bbox 686 4473 856 4523; x_wconf 89' lang='lat' dir='ltr'><strong>meus,</strong></span> <span class='ocrx_word' id='word_1_387' title='bbox 902 4456 998 4511; x_wconf 83' lang='lat' dir='ltr'><strong>sed</strong></span> <span class='ocrx_word' id='word_1_388' title='bbox 1034 4452 1150 4517; x_wconf 89' lang='lat' dir='ltr'><strong>ejus</strong></span> <span class='ocrx_word' id='word_1_389' title='bbox 1178 4451 1269 4519; x_wconf 90' lang='lat' dir='ltr'><strong>qui</strong></span> <span class='ocrx_word' id='word_1_390' title='bbox 1320 4448 1467 4502; x_wconf 90' lang='lat' dir='ltr'><strong>misit</strong></span> <span class='ocrx_word' id='word_1_391' title='bbox 1508 4459 1593 4498; x_wconf 90' lang='lat' dir='ltr'><strong>me</strong></span> <span class='ocrx_word' id='word_1_392' title='bbox 1624 4443 1821 4498; x_wconf 85' lang='lat' dir='ltr'><strong>Patris.</strong></span> 
     </span>
    </p>
   </div>
   <div class='ocr_carea' id='block_1_45' title="bbox 243 4530 1822 4615">
    <p class='ocr_par' dir='ltr' id='par_1_45' title="bbox 243 4530 1822 4615">
     <span class='ocr_line' id='line_1_46' title="bbox 243 4530 1822 4615; baseline -0.019 0"><span class='ocrx_word' id='word_1_393' title='bbox 243 4555 608 4615; x_wconf 75' lang='lat' dir='ltr'><strong>Haeclocutus</strong></span> <span class='ocrx_word' id='word_1_394' title='bbox 637 4564 753 4606; x_wconf 89' lang='lat' dir='ltr'><strong>sum</strong></span> <span class='ocrx_word' id='word_1_395' title='bbox 794 4547 966 4610; x_wconf 77' lang='lat' dir='ltr'><strong>vobis,</strong></span> <span class='ocrx_word' id='word_1_396' title='bbox 998 4541 1135 4608; x_wconf 83' lang='lat' dir='ltr'><strong>apud</strong></span> <span class='ocrx_word' id='word_1_397' title='bbox 1164 4553 1257 4595; x_wconf 90' lang='lat' dir='ltr'><strong>vos</strong></span> <span class='ocrx_word' id='word_1_398' title='bbox 1285 4549 1528 4593; x_wconf 86' lang='lat' dir='ltr'><strong>manens.</strong></span> <span class='ocrx_word' id='word_1_399' title='bbox 1572 4530 1822 4586; x_wconf 83' lang='lat' dir='ltr'><strong>Paracle-</strong></span> 
     </span>
    </p>
   </div>
   <div class='ocr_carea' id='block_1_46' title="bbox 979 322 2715 411">
    <p class='ocr_par' dir='ltr' id='par_1_46' title="bbox 979 322 2715 411">
     <span class='ocr_line' id='line_1_47' title="bbox 979 322 2715 411; baseline -0.021 1"><span class='ocrx_word' id='word_1_400' title='bbox 979 337 1563 411; x_wconf 72' lang='lat' dir='ltr'><strong>EVANGELICARUM</strong></span> <span class='ocrx_word' id='word_1_401' title='bbox 1601 331 2103 391; x_wconf 74' lang='lat' dir='ltr'><strong>IIARMONIARUM</strong></span> <span class='ocrx_word' id='word_1_402' title='bbox 2140 322 2715 385; x_wconf 77' lang='lat' dir='ltr'><strong>INTERPRETATIO.</strong></span> 
     </span>
    </p>
   </div>
   <div class='ocr_carea' id='block_1_47' title="bbox 3363 312 3470 373">
    <p class='ocr_par' dir='ltr' id='par_1_47' title="bbox 3363 312 3470 373">
     <span class='ocr_line' id='line_1_48' title="bbox 3363 312 3470 373; baseline -0.019 1"><span class='ocrx_word' id='word_1_403' title='bbox 3363 312 3470 373; x_wconf 61' lang='grc' dir='ltr'><strong>διε</strong></span> 
     </span>
    </p>
   </div>
   <div class='ocr_carea' id='block_1_48' title="bbox 2424 436 2915 498">
    <p class='ocr_par' dir='ltr' id='par_1_48' title="bbox 2424 436 2915 498">
     <span class='ocr_line' id='line_1_49' title="bbox 2424 436 2915 498; baseline -0.01 0"><span class='ocrx_word' id='word_1_404' title='bbox 2424 438 2653 498; x_wconf 78' lang='lat' dir='ltr'><strong>CAPUT</strong></span> <span class='ocrx_word' id='word_1_405' title='bbox 2691 436 2915 496; x_wconf 73' lang='lat' dir='ltr'>CLVIII.</span> 
     </span>
    </p>
   </div>
   <div class='ocr_carea' id='block_1_49' title="bbox 2015 525 3350 607">
    <p class='ocr_par' dir='ltr' id='par_1_49' title="bbox 2015 525 3350 607">
     <span class='ocr_line' id='line_1_50' title="bbox 2015 525 3350 607; baseline -0.008 -14"><span class='ocrx_word' id='word_1_406' title='bbox 2015 538 2154 593; x_wconf 79' lang='lat' dir='ltr'><strong>Dicit</strong></span> <span class='ocrx_word' id='word_1_407' title='bbox 2183 533 2449 607; x_wconf 74' lang='lat' dir='ltr'><strong>discipulis</strong></span> <span class='ocrx_word' id='word_1_408' title='bbox 2480 532 2586 587; x_wconf 86' lang='lat' dir='ltr'><strong>suis</strong></span> <span class='ocrx_word' id='word_1_409' title='bbox 2618 547 2637 588; x_wconf 91' lang='lat'><strong><em>:</em></strong></span> <span class='ocrx_word' id='word_1_410' title='bbox 2665 530 2765 597; x_wconf 84' lang='lat' dir='ltr'><strong>Qui</strong></span> <span class='ocrx_word' id='word_1_411' title='bbox 2790 530 2912 603; x_wconf 84' lang='lat' dir='ltr'><strong>quid</strong></span> <span class='ocrx_word' id='word_1_412' title='bbox 2941 526 3108 595; x_wconf 79' lang='lat' dir='ltr'><strong>habet,</strong></span> <span class='ocrx_word' id='word_1_413' title='bbox 3134 525 3350 599; x_wconf 79' lang='lat' dir='ltr'><strong>bajttlet.</strong></span> 
     </span>
    </p>
   </div>
   <div class='ocr_carea' id='block_1_50' title="bbox 1958 614 3473 697">
    <p class='ocr_par' dir='ltr' id='par_1_50' title="bbox 1958 614 3473 697">
     <span class='ocr_line' id='line_1_51' title="bbox 1958 614 3473 697; baseline -0.011 -9"><span class='ocrx_word' id='word_1_414' title='bbox 1958 631 2091 688; x_wconf 85' lang='lat' dir='ltr'><strong>Luc.</strong></span> <span class='ocrx_word' id='word_1_415' title='bbox 2122 645 2252 697; x_wconf 82' lang='lat' dir='ltr'><strong>xxn,</strong></span> <span class='ocrx_word' id='word_1_416' title='bbox 2290 627 2475 685; x_wconf 72' lang='lat'><strong>55-58.</strong></span> <span class='ocrx_word' id='word_1_417' title='bbox 2518 624 2585 681; x_wconf 87' lang='lat' dir='ltr'><strong>Et</strong></span> <span class='ocrx_word' id='word_1_418' title='bbox 2627 623 2761 680; x_wconf 87' lang='lat' dir='ltr'><strong>dixit</strong></span> <span class='ocrx_word' id='word_1_419' title='bbox 2794 624 2875 679; x_wconf 90' lang='lat' dir='ltr'><strong>eis</strong></span> <span class='ocrx_word' id='word_1_420' title='bbox 2906 641 2921 679; x_wconf 87' lang='lat'><strong>:</strong></span> <span class='ocrx_word' id='word_1_421' title='bbox 2949 619 3173 691; x_wconf 85' lang='lat' dir='ltr'><strong>Quando</strong></span> <span class='ocrx_word' id='word_1_422' title='bbox 3213 614 3336 674; x_wconf 87' lang='lat' dir='ltr'><strong>misi</strong></span> <span class='ocrx_word' id='word_1_423' title='bbox 3372 626 3473 673; x_wconf 84' lang='lat' dir='ltr'><strong>vos</strong></span> 
     </span>
    </p>
   </div>
   <div class='ocr_carea' id='block_1_51' title="bbox 1889 708 3478 788">
    <p class='ocr_par' dir='ltr' id='par_1_51' title="bbox 1889 708 3478 788">
     <span class='ocr_line' id='line_1_52' title="bbox 1889 708 3478 788; baseline -0.013 -6"><span class='ocrx_word' id='word_1_424' title='bbox 1889 723 2006 782; x_wconf 90' lang='lat' dir='ltr'><strong>sine</strong></span> <span class='ocrx_word' id='word_1_425' title='bbox 2033 719 2245 778; x_wconf 88' lang='lat' dir='ltr'><strong>sacculo</strong></span> <span class='ocrx_word' id='word_1_426' title='bbox 2292 728 2346 776; x_wconf 90' lang='lat' dir='ltr'><strong>et</strong></span> <span class='ocrx_word' id='word_1_427' title='bbox 2377 731 2500 788; x_wconf 87' lang='lat' dir='ltr'><strong>pera</strong></span> <span class='ocrx_word' id='word_1_428' title='bbox 2551 722 2606 772; x_wconf 88' lang='lat' dir='ltr'><strong>et</strong></span> <span class='ocrx_word' id='word_1_429' title='bbox 2647 714 3046 780; x_wconf 88' lang='lat' dir='ltr'><strong>calceamentis,</strong></span> <span class='ocrx_word' id='word_1_430' title='bbox 3088 708 3333 781; x_wconf 89' lang='lat' dir='ltr'><strong>nunquid</strong></span> <span class='ocrx_word' id='word_1_431' title='bbox 3374 708 3478 763; x_wconf 90' lang='lat' dir='ltr'><strong>ali-</strong></span> 
     </span>
    </p>
   </div>
   <div class='ocr_carea' id='block_1_52' title="bbox 1890 800 3477 885">
    <p class='ocr_par' dir='ltr' id='par_1_52' title="bbox 1890 800 3477 885">
     <span class='ocr_line' id='line_1_53' title="bbox 1890 800 3477 885; baseline -0.011 -16"><span class='ocrx_word' id='word_1_432' title='bbox 1890 813 2018 885; x_wconf 80' lang='lat' dir='ltr'><strong>quid</strong></span> <span class='ocrx_word' id='word_1_433' title='bbox 2046 811 2215 868; x_wconf 80' lang='lat' dir='ltr'><strong>defuit</strong></span> <span class='ocrx_word' id='word_1_434' title='bbox 2234 808 2426 866; x_wconf 81' lang='lat' dir='ltr'><strong>vobis?</strong></span> <span class='ocrx_word' id='word_1_435' title='bbox 2461 806 2530 863; x_wconf 81' lang='lat' dir='ltr'><strong>At</strong></span> <span class='ocrx_word' id='word_1_436' title='bbox 2552 806 2628 862; x_wconf 88' lang='lat' dir='ltr'><strong>illi</strong></span> <span class='ocrx_word' id='word_1_437' title='bbox 2665 806 2917 863; x_wconf 83' lang='lat' dir='ltr'><strong>dixerunt</strong></span> <span class='ocrx_word' id='word_1_438' title='bbox 2941 820 2957 863; x_wconf 86' lang='lat'><strong>:</strong></span> <span class='ocrx_word' id='word_1_439' title='bbox 2980 802 3143 860; x_wconf 85' lang='lat' dir='ltr'><strong>Nihil.</strong></span> <span class='ocrx_word' id='word_1_440' title='bbox 3172 800 3321 857; x_wconf 82' lang='lat' dir='ltr'><strong>Dixit</strong></span> <span class='ocrx_word' id='word_1_441' title='bbox 3344 814 3477 870; x_wconf 86' lang='lat' dir='ltr'><strong>ergo</strong></span> 
     </span>
    </p>
   </div>
   <div class='ocr_carea' id='block_1_53' title="bbox 1892 889 3477 972">
    <p class='ocr_par' dir='ltr' id='par_1_53' title="bbox 1892 889 3477 972">
     <span class='ocr_line' id='line_1_54' title="bbox 1892 889 3477 972; baseline -0.013 -8"><span class='ocrx_word' id='word_1_442' title='bbox 1892 907 2010 965; x_wconf 91' lang='lat' dir='ltr'><strong>eis:</strong></span> <span class='ocrx_word' id='word_1_443' title='bbox 2042 904 2147 963; x_wconf 91' lang='lat' dir='ltr'><strong>Sed</strong></span> <span class='ocrx_word' id='word_1_444' title='bbox 2172 916 2313 958; x_wconf 91' lang='lat' dir='ltr'><strong>nunc</strong></span> <span class='ocrx_word' id='word_1_445' title='bbox 2343 900 2431 972; x_wconf 91' lang='lat' dir='ltr'><strong>qui</strong></span> <span class='ocrx_word' id='word_1_446' title='bbox 2479 897 2639 955; x_wconf 82' lang='lat' dir='ltr'><strong>habet</strong></span> <span class='ocrx_word' id='word_1_447' title='bbox 2676 898 2969 964; x_wconf 89' lang='lat' dir='ltr'><strong>sacculum,</strong></span> <span class='ocrx_word' id='word_1_448' title='bbox 3011 893 3194 960; x_wconf 85' lang='lat' dir='ltr'><strong>tollat;</strong></span> <span class='ocrx_word' id='word_1_449' title='bbox 3225 889 3477 948; x_wconf 86' lang='lat' dir='ltr'><strong>similiter</strong></span> 
     </span>
    </p>
   </div>
   <div class='ocr_carea' id='block_1_54' title="bbox 1892 985 3477 1070">
    <p class='ocr_par' dir='ltr' id='par_1_54' title="bbox 1892 985 3477 1070">
     <span class='ocr_line' id='line_1_55' title="bbox 1892 985 3477 1070; baseline -0.013 -14"><span class='ocrx_word' id='word_1_450' title='bbox 1892 1005 1948 1056; x_wconf 91' lang='lat' dir='ltr'><strong>et</strong></span> <span class='ocrx_word' id='word_1_451' title='bbox 1972 1011 2156 1070; x_wconf 89' lang='lat' dir='ltr'><strong>peram</strong></span> <span class='ocrx_word' id='word_1_452' title='bbox 2182 1012 2194 1047; x_wconf 92' lang='lat'>:</span> <span class='ocrx_word' id='word_1_453' title='bbox 2221 1000 2276 1048; x_wconf 88' lang='lat' dir='ltr'><strong>et</strong></span> <span class='ocrx_word' id='word_1_454' title='bbox 2317 992 2410 1063; x_wconf 91' lang='lat' dir='ltr'><strong>qui</strong></span> <span class='ocrx_word' id='word_1_455' title='bbox 2444 1004 2549 1046; x_wconf 92' lang='lat' dir='ltr'><strong>non</strong></span> <span class='ocrx_word' id='word_1_456' title='bbox 2578 989 2757 1056; x_wconf 85' lang='lat' dir='ltr'><strong>habet,</strong></span> <span class='ocrx_word' id='word_1_457' title='bbox 2784 988 2981 1045; x_wconf 84' lang='lat' dir='ltr'><strong>vendat</strong></span> <span class='ocrx_word' id='word_1_458' title='bbox 3018 985 3253 1040; x_wconf 86' lang='lat' dir='ltr'><strong>tunicam</strong></span> <span class='ocrx_word' id='word_1_459' title='bbox 3298 995 3477 1048; x_wconf 89' lang='lat' dir='ltr'><strong>suam,</strong></span> 
     </span>
    </p>
   </div>
   <div class='ocr_carea' id='block_1_55' title="bbox 1896 1073 3481 1157">
    <p class='ocr_par' dir='ltr' id='par_1_55' title="bbox 1896 1073 3481 1157">
     <span class='ocr_line' id='line_1_56' title="bbox 1896 1073 3481 1157; baseline -0.013 -9"><span class='ocrx_word' id='word_1_460' title='bbox 1896 1098 1952 1148; x_wconf 87' lang='lat' dir='ltr'><strong>et</strong></span> <span class='ocrx_word' id='word_1_461' title='bbox 1976 1096 2117 1146; x_wconf 89' lang='lat' dir='ltr'><strong>emat</strong></span> <span class='ocrx_word' id='word_1_462' title='bbox 2149 1083 2408 1157; x_wconf 85' lang='lat' dir='ltr'><strong>gladium.</strong></span> <span class='ocrx_word' id='word_1_463' title='bbox 2439 1081 2570 1137; x_wconf 91' lang='lat' dir='ltr'><strong>Dico</strong></span> <span class='ocrx_word' id='word_1_464' title='bbox 2590 1080 2611 1106; x_wconf 76' lang='lat'><strong><em>‘</em></strong></span> <span class='ocrx_word' id='word_1_465' title='bbox 2632 1089 2812 1137; x_wconf 88' lang='lat' dir='ltr'><strong>autem</strong></span> <span class='ocrx_word' id='word_1_466' title='bbox 2840 1080 2996 1136; x_wconf 91' lang='lat' dir='ltr'><strong>vobis</strong></span> <span class='ocrx_word' id='word_1_467' title='bbox 3017 1078 3267 1151; x_wconf 88' lang='lat' dir='ltr'><strong>quoniam</strong></span> <span class='ocrx_word' id='word_1_468' title='bbox 3301 1073 3481 1130; x_wconf 90' lang='lat' dir='ltr'><strong>adhuc</strong></span> 
     </span>
    </p>
   </div>
   <div class='ocr_carea' id='block_1_56' title="bbox 1896 1166 3481 1257">
    <p class='ocr_par' dir='ltr' id='par_1_56' title="bbox 1896 1166 3481 1257">
     <span class='ocr_line' id='line_1_57' title="bbox 1896 1166 3481 1257; baseline -0.011 -16"><span class='ocrx_word' id='word_1_469' title='bbox 1896 1182 2072 1257; x_wconf 81' lang='lat' dir='ltr'><strong>&#39;quod</strong></span> <span class='ocrx_word' id='word_1_470' title='bbox 2100 1181 2355 1250; x_wconf 84' lang='lat' dir='ltr'><strong>scriptum</strong></span> <span class='ocrx_word' id='word_1_471' title='bbox 2384 1185 2484 1244; x_wconf 85' lang='lat' dir='ltr'><strong>est,</strong></span> <span class='ocrx_word' id='word_1_472' title='bbox 2513 1185 2724 1247; x_wconf 87' lang='lat' dir='ltr'><strong>oportet</strong></span> <span class='ocrx_word' id='word_1_473' title='bbox 2745 1176 2955 1247; x_wconf 90' lang='lat' dir='ltr'><strong>impleri</strong></span> <span class='ocrx_word' id='word_1_474' title='bbox 2980 1175 3035 1230; x_wconf 89' lang='lat' dir='ltr'><strong>in</strong></span> <span class='ocrx_word' id='word_1_475' title='bbox 3063 1188 3182 1230; x_wconf 91' lang='lat' dir='ltr'><strong>me:</strong></span> <span class='ocrx_word' id='word_1_476' title='bbox 3205 1172 3307 1227; x_wconf 69' lang='lat' dir='ltr'><strong>Et“</strong></span> <span class='ocrx_word' id='word_1_477' title='bbox 3335 1166 3481 1241; x_wconf 87' lang='lat' dir='ltr'><strong>quod</strong></span> 
     </span>
    </p>
   </div>
   <div class='ocr_carea' id='block_1_57' title="bbox 1898 1262 3485 1345">
    <p class='ocr_par' dir='ltr' id='par_1_57' title="bbox 1898 1262 3485 1345">
     <span class='ocr_line' id='line_1_58' title="bbox 1898 1262 3485 1345; baseline -0.011 -11"><span class='ocrx_word' id='word_1_478' title='bbox 1898 1292 2021 1335; x_wconf 92' lang='lat' dir='ltr'><strong>cum</strong></span> <span class='ocrx_word' id='word_1_479' title='bbox 2047 1273 2258 1345; x_wconf 85' lang='lat' dir='ltr'><strong>injustis</strong></span> <span class='ocrx_word' id='word_1_480' title='bbox 2278 1271 2566 1343; x_wconf 87' lang='lat' dir='ltr'><strong>deputatus</strong></span> <span class='ocrx_word' id='word_1_481' title='bbox 2599 1275 2680 1325; x_wconf 90' lang='lat' dir='ltr'><strong>est</strong></span> <span class='ocrx_word' id='word_1_482' title='bbox 2698 1266 2835 1342; x_wconf 84' lang='lat' dir='ltr'><strong>(Isa.</strong></span> <span class='ocrx_word' id='word_1_483' title='bbox 2868 1282 2984 1333; x_wconf 84' lang='lat' dir='ltr'><strong>Llil,</strong></span> <span class='ocrx_word' id='word_1_484' title='bbox 3020 1266 3131 1337; x_wconf 75' lang='lat' dir='ltr'><strong>l2).</strong></span> <span class='ocrx_word' id='word_1_485' title='bbox 3166 1262 3375 1320; x_wconf 86' lang='lat' dir='ltr'><strong>Etenim</strong></span> <span class='ocrx_word' id='word_1_486' title='bbox 3415 1274 3485 1317; x_wconf 80' lang='lat' dir='ltr'><strong>ea</strong></span> 
     </span>
    </p>
   </div>
   <div class='ocr_carea' id='block_1_58' title="bbox 1898 1346 3478 1444">
    <p class='ocr_par' dir='ltr' id='par_1_58' title="bbox 1898 1346 3478 1444">
     <span class='ocr_line' id='line_1_59' title="bbox 1898 1346 3478 1444; baseline -0.011 -17"><span class='ocrx_word' id='word_1_487' title='bbox 1898 1386 2018 1444; x_wconf 75' lang='lat' dir='ltr'><strong>qua:</strong></span> <span class='ocrx_word' id='word_1_488' title='bbox 2044 1376 2168 1426; x_wconf 88' lang='lat' dir='ltr'><strong>sunt</strong></span> <span class='ocrx_word' id='word_1_489' title='bbox 2187 1367 2254 1423; x_wconf 91' lang='lat' dir='ltr'><strong>de</strong></span> <span class='ocrx_word' id='word_1_490' title='bbox 2275 1381 2378 1434; x_wconf 88' lang='lat' dir='ltr'><strong>me,</strong></span> <span class='ocrx_word' id='word_1_491' title='bbox 2405 1365 2565 1419; x_wconf 85' lang='lat' dir='ltr'><strong>ﬁnem</strong></span> <span class='ocrx_word' id='word_1_492' title='bbox 2603 1362 2821 1417; x_wconf 89' lang='lat' dir='ltr'><strong>habent.</strong></span> <span class='ocrx_word' id='word_1_493' title='bbox 2852 1359 2923 1417; x_wconf 77' lang='lat' dir='ltr'><strong>At</strong></span> <span class='ocrx_word' id='word_1_494' title='bbox 2946 1360 3021 1416; x_wconf 90' lang='lat' dir='ltr'><strong>illi</strong></span> <span class='ocrx_word' id='word_1_495' title='bbox 3052 1346 3305 1415; x_wconf 82' lang='lat' dir='ltr'><strong>dixerunt</strong></span> <span class='ocrx_word' id='word_1_496' title='bbox 3328 1374 3343 1410; x_wconf 86' lang='lat'><strong>:</strong></span> <span class='ocrx_word' id='word_1_497' title='bbox 3370 1350 3478 1411; x_wconf 86' lang='lat' dir='ltr'><strong>Do-</strong></span> 
     </span>
    </p>
   </div>
   <div class='ocr_carea' id='block_1_59' title="bbox 1900 1449 3480 1530">
    <p class='ocr_par' dir='ltr' id='par_1_59' title="bbox 1900 1449 3480 1530">
     <span class='ocr_line' id='line_1_60' title="bbox 1900 1449 3480 1530; baseline -0.011 -10"><span class='ocrx_word' id='word_1_498' title='bbox 1900 1452 2064 1528; x_wconf 74' lang='lat' dir='ltr'><strong>mibe,</strong></span> <span class='ocrx_word' id='word_1_499' title='bbox 2100 1475 2222 1516; x_wconf 90' lang='lat' dir='ltr'><strong>ecce</strong></span> <span class='ocrx_word' id='word_1_500' title='bbox 2252 1458 2355 1515; x_wconf 91' lang='lat' dir='ltr'><strong>duo</strong></span> <span class='ocrx_word' id='word_1_501' title='bbox 2378 1455 2538 1530; x_wconf 82' lang='lat' dir='ltr'><strong>gladii</strong></span> <span class='ocrx_word' id='word_1_502' title='bbox 2561 1453 2668 1510; x_wconf 90' lang='lat' dir='ltr'><strong>hic.</strong></span> <span class='ocrx_word' id='word_1_503' title='bbox 2694 1458 2764 1509; x_wconf 80' lang='lat' dir='ltr'><strong>At</strong></span> <span class='ocrx_word' id='word_1_504' title='bbox 2785 1451 3031 1508; x_wconf 36' lang='lat' dir='ltr'><strong>illexdixit</strong></span> <span class='ocrx_word' id='word_1_505' title='bbox 3064 1451 3143 1506; x_wconf 90' lang='lat' dir='ltr'><strong>eis</strong></span> <span class='ocrx_word' id='word_1_506' title='bbox 3168 1468 3181 1504; x_wconf 87' lang='lat'>:</span> <span class='ocrx_word' id='word_1_507' title='bbox 3208 1449 3354 1504; x_wconf 88' lang='lat' dir='ltr'><strong>Satis</strong></span> <span class='ocrx_word' id='word_1_508' title='bbox 3372 1454 3480 1503; x_wconf 89' lang='lat' dir='ltr'><strong>est.</strong></span> 
     </span>
    </p>
   </div>
   <div class='ocr_carea' id='block_1_60' title="bbox 1900 1538 3479 1617">
    <p class='ocr_par' dir='ltr' id='par_1_60' title="bbox 1900 1538 3479 1617">
     <span class='ocr_line' id='line_1_61' title="bbox 1900 1538 3479 1617; baseline -0.011 -5"><span class='ocrx_word' id='word_1_509' title='bbox 1900 1554 2146 1611; x_wconf 63' lang='lat' dir='ltr'><strong>—Joa.v.</strong></span> <span class='ocrx_word' id='word_1_510' title='bbox 2193 1567 2302 1617; x_wconf 80' lang='lat' dir='ltr'><strong>xw,</strong></span> <span class='ocrx_word' id='word_1_511' title='bbox 2339 1550 2428 1606; x_wconf 75' lang='grc'><strong>51.</strong></span> <span class='ocrx_word' id='word_1_512' title='bbox 2484 1544 2718 1617; x_wconf 88' lang='lat' dir='ltr'><strong>Surgite,</strong></span> <span class='ocrx_word' id='word_1_513' title='bbox 2755 1557 2942 1600; x_wconf 88' lang='lat' dir='ltr'><strong>eamus</strong></span> <span class='ocrx_word' id='word_1_514' title='bbox 2977 1541 3124 1597; x_wconf 89' lang='lat' dir='ltr'><strong>hinc.</strong></span> <span class='ocrx_word' id='word_1_515' title='bbox 3162 1568 3232 1581; x_wconf 89' lang='lat'><strong>-—</strong></span> <span class='ocrx_word' id='word_1_516' title='bbox 3264 1538 3479 1594; x_wconf 67' lang='lat' dir='ltr'><strong>Limn.</strong></span> 
     </span>
    </p>
   </div>
   <div class='ocr_carea' id='block_1_61' title="bbox 1902 1629 3484 1712">
    <p class='ocr_par' dir='ltr' id='par_1_61' title="bbox 1902 1629 3484 1712">
     <span class='ocr_line' id='line_1_62' title="bbox 1902 1629 3484 1712; baseline -0.012 -10"><span class='ocrx_word' id='word_1_517' title='bbox 1902 1662 2050 1712; x_wconf 78' lang='lat' dir='ltr'><strong>xxvr,</strong></span> <span class='ocrx_word' id='word_1_518' title='bbox 2082 1644 2183 1711; x_wconf 76' lang='lat'><strong>50;</strong></span> <span class='ocrx_word' id='word_1_519' title='bbox 2216 1640 2348 1698; x_wconf 86' lang='lat' dir='ltr'><strong>Luc.</strong></span> <span class='ocrx_word' id='word_1_520' title='bbox 2385 1655 2520 1707; x_wconf 66' lang='grc' dir='ltr'>χιιι,</span> <span class='ocrx_word' id='word_1_521' title='bbox 2558 1636 2649 1696; x_wconf 77' lang='lat'><strong>39.</strong></span> <span class='ocrx_word' id='word_1_522' title='bbox 2697 1634 2762 1692; x_wconf 83' lang='lat' dir='ltr'><strong>Et</strong></span> <span class='ocrx_word' id='word_1_523' title='bbox 2803 1639 3004 1705; x_wconf 86' lang='lat' dir='ltr'><strong>hymno</strong></span> <span class='ocrx_word' id='word_1_524' title='bbox 3034 1632 3199 1698; x_wconf 91' lang='lat' dir='ltr'><strong>dicto,</strong></span> <span class='ocrx_word' id='word_1_525' title='bbox 3236 1629 3484 1686; x_wconf 84' lang='lat' dir='ltr'><strong>exierunt</strong></span> 
     </span>
    </p>
   </div>
   <div class='ocr_carea' id='block_1_62' title="bbox 1903 1722 3487 1796">
    <p class='ocr_par' dir='ltr' id='par_1_62' title="bbox 1903 1722 3487 1796">
     <span class='ocr_line' id='line_1_63' title="bbox 1903 1722 3487 1796; baseline -0.012 0"><span class='ocrx_word' id='word_1_526' title='bbox 1903 1737 2196 1796; x_wconf 91' lang='lat' dir='ltr'><strong>secundum</strong></span> <span class='ocrx_word' id='word_1_527' title='bbox 2232 1732 2677 1790; x_wconf 89' lang='lat' dir='ltr'><strong>consuetudinem</strong></span> <span class='ocrx_word' id='word_1_528' title='bbox 2714 1729 2769 1786; x_wconf 87' lang='lat' dir='ltr'><strong>in</strong></span> <span class='ocrx_word' id='word_1_529' title='bbox 2799 1734 3037 1785; x_wconf 90' lang='lat' dir='ltr'><strong>montem</strong></span> <span class='ocrx_word' id='word_1_530' title='bbox 3075 1722 3288 1789; x_wconf 84' lang='lat' dir='ltr'><strong>Oliveti,</strong></span> <span class='ocrx_word' id='word_1_531' title='bbox 3327 1730 3382 1778; x_wconf 91' lang='lat' dir='ltr'><strong>et</strong></span> <span class='ocrx_word' id='word_1_532' title='bbox 3401 1732 3487 1777; x_wconf 83' lang='lat' dir='ltr'><strong>se-</strong></span> 
     </span>
    </p>
   </div>
   <div class='ocr_carea' id='block_1_63' title="bbox 1829 1821 2637 1907">
    <p class='ocr_par' dir='ltr' id='par_1_63' title="bbox 1829 1821 2637 1907">
     <span class='ocr_line' id='line_1_64' title="bbox 1829 1821 2637 1907; baseline -0.014 -20"><span class='ocrx_word' id='word_1_533' title='bbox 1829 1845 1878 1907; x_wconf 80' lang='grc' dir='ltr'><strong>Β</strong></span> <span class='ocrx_word' id='word_1_534' title='bbox 1903 1829 2011 1886; x_wconf 90' lang='lat' dir='ltr'><strong>cuti</strong></span> <span class='ocrx_word' id='word_1_535' title='bbox 2047 1835 2169 1885; x_wconf 90' lang='lat' dir='ltr'><strong>sunt</strong></span> <span class='ocrx_word' id='word_1_536' title='bbox 2194 1825 2341 1884; x_wconf 86' lang='lat' dir='ltr'><strong>illum</strong></span> <span class='ocrx_word' id='word_1_537' title='bbox 2365 1821 2637 1893; x_wconf 80' lang='lat' dir='ltr'><strong>discipuli.</strong></span> 
     </span>
    </p>
   </div>
   <div class='ocr_carea' id='block_1_64' title="bbox 2475 1958 2924 2019">
    <p class='ocr_par' dir='ltr' id='par_1_64' title="bbox 2475 1958 2924 2019">
     <span class='ocr_line' id='line_1_65' title="bbox 2475 1958 2924 2019; baseline -0.011 0"><span class='ocrx_word' id='word_1_538' title='bbox 2475 1960 2704 2019; x_wconf 85' lang='lat' dir='ltr'><strong>CAPUT</strong></span> <span class='ocrx_word' id='word_1_539' title='bbox 2743 1958 2924 2017; x_wconf 77' lang='lat' dir='ltr'><strong>CLIX.</strong></span> 
     </span>
    </p>
   </div>
   <div class='ocr_carea' id='block_1_65' title="bbox 2048 2044 3340 2129">
    <p class='ocr_par' dir='ltr' id='par_1_65' title="bbox 2048 2044 3340 2129">
     <span class='ocr_line' id='line_1_66' title="bbox 2048 2044 3340 2129; baseline -0.014 -14"><span class='ocrx_word' id='word_1_540' title='bbox 2048 2058 2201 2115; x_wconf 72' lang='lat' dir='ltr'><strong>Iesus</strong></span> <span class='ocrx_word' id='word_1_541' title='bbox 2241 2055 2405 2112; x_wconf 82' lang='lat' dir='ltr'><strong>dicit:</strong></span> <span class='ocrx_word' id='word_1_542' title='bbox 2430 2055 2545 2129; x_wconf 79' lang='lat' dir='ltr'><strong>Ego</strong></span> <span class='ocrx_word' id='word_1_543' title='bbox 2571 2072 2686 2111; x_wconf 69' lang='lat' dir='ltr'><strong>sum</strong></span> <span class='ocrx_word' id='word_1_544' title='bbox 2715 2053 2856 2119; x_wconf 74' lang='lat' dir='ltr'><strong>vitis,</strong></span> <span class='ocrx_word' id='word_1_545' title='bbox 2893 2060 2942 2107; x_wconf 84' lang='lat' dir='ltr'><strong>et</strong></span> <span class='ocrx_word' id='word_1_546' title='bbox 2973 2064 3061 2106; x_wconf 77' lang='lat' dir='ltr'><strong>vos</strong></span> <span class='ocrx_word' id='word_1_547' title='bbox 3083 2044 3340 2120; x_wconf 74' lang='lat' dir='ltr'><strong>palmites.</strong></span> 
     </span>
    </p>
   </div>
   <div class='ocr_carea' id='block_1_66' title="bbox 1976 2163 3490 2243">
    <p class='ocr_par' dir='ltr' id='par_1_66' title="bbox 1976 2163 3490 2243">
     <span class='ocr_line' id='line_1_67' title="bbox 1976 2163 3490 2243; baseline -0.013 -10"><span class='ocrx_word' id='word_1_548' title='bbox 1976 2176 2131 2233; x_wconf 63' lang='lat' dir='ltr'><strong>loss.</strong></span> <span class='ocrx_word' id='word_1_549' title='bbox 2157 2186 2251 2243; x_wconf 78' lang='lat' dir='ltr'><strong>xv,</strong></span> <span class='ocrx_word' id='word_1_550' title='bbox 2276 2174 2422 2229; x_wconf 69' lang='lat'><strong>1-27.</strong></span> <span class='ocrx_word' id='word_1_551' title='bbox 2467 2170 2605 2227; x_wconf 90' lang='lat' dir='ltr'><strong>Dicit</strong></span> <span class='ocrx_word' id='word_1_552' title='bbox 2633 2171 2746 2226; x_wconf 89' lang='lat' dir='ltr'><strong>cis:</strong></span> <span class='ocrx_word' id='word_1_553' title='bbox 2772 2170 2886 2239; x_wconf 84' lang='lat' dir='ltr'><strong>Ego</strong></span> <span class='ocrx_word' id='word_1_554' title='bbox 2924 2180 3042 2223; x_wconf 87' lang='lat' dir='ltr'><strong>sum</strong></span> <span class='ocrx_word' id='word_1_555' title='bbox 3078 2163 3203 2219; x_wconf 86' lang='lat' dir='ltr'><strong>vitis</strong></span> <span class='ocrx_word' id='word_1_556' title='bbox 3229 2175 3382 2227; x_wconf 88' lang='lat' dir='ltr'><strong>vera,</strong></span> <span class='ocrx_word' id='word_1_557' title='bbox 3426 2166 3490 2215; x_wconf 88' lang='lat' dir='ltr'><strong>et</strong></span> 
     </span>
    </p>
   </div>
   <div class='ocr_carea' id='block_1_67' title="bbox 1908 2256 3491 2335">
    <p class='ocr_par' dir='ltr' id='par_1_67' title="bbox 1908 2256 3491 2335">
     <span class='ocr_line' id='line_1_68' title="bbox 1908 2256 3491 2335; baseline -0.011 -13"><span class='ocrx_word' id='word_1_558' title='bbox 1908 2268 2067 2323; x_wconf 88' lang='lat' dir='ltr'><strong>Pater</strong></span> <span class='ocrx_word' id='word_1_559' title='bbox 2085 2276 2237 2321; x_wconf 87' lang='lat' dir='ltr'><strong>mens</strong></span> <span class='ocrx_word' id='word_1_560' title='bbox 2260 2262 2490 2335; x_wconf 86' lang='lat' dir='ltr'><strong>agricola</strong></span> <span class='ocrx_word' id='word_1_561' title='bbox 2511 2270 2614 2318; x_wconf 82' lang='lat' dir='ltr'><strong>est.</strong></span> <span class='ocrx_word' id='word_1_562' title='bbox 2644 2262 2870 2317; x_wconf 83' lang='lat' dir='ltr'><strong>Omnem</strong></span> <span class='ocrx_word' id='word_1_563' title='bbox 2896 2258 3170 2330; x_wconf 88' lang='lat' dir='ltr'><strong>palmitem</strong></span> <span class='ocrx_word' id='word_1_564' title='bbox 3194 2256 3247 2310; x_wconf 90' lang='lat' dir='ltr'><strong>in</strong></span> <span class='ocrx_word' id='word_1_565' title='bbox 3269 2267 3356 2308; x_wconf 90' lang='lat' dir='ltr'><strong>me</strong></span> <span class='ocrx_word' id='word_1_566' title='bbox 3379 2264 3491 2307; x_wconf 91' lang='lat' dir='ltr'><strong>non</strong></span> 
     </span>
    </p>
   </div>
   <div class='ocr_carea' id='block_1_68' title="bbox 1910 2341 3495 2419">
    <p class='ocr_par' dir='ltr' id='par_1_68' title="bbox 1910 2341 3495 2419">
     <span class='ocr_line' id='line_1_69' title="bbox 1910 2341 3495 2419; baseline -0.011 -8"><span class='ocrx_word' id='word_1_567' title='bbox 1910 2359 2169 2413; x_wconf 86' lang='lat' dir='ltr'><strong>ferentem</strong></span> <span class='ocrx_word' id='word_1_568' title='bbox 2217 2355 2471 2419; x_wconf 85' lang='lat' dir='ltr'><strong>fructum,</strong></span> <span class='ocrx_word' id='word_1_569' title='bbox 2513 2352 2668 2407; x_wconf 89' lang='lat' dir='ltr'><strong>tollet</strong></span> <span class='ocrx_word' id='word_1_570' title='bbox 2707 2365 2829 2406; x_wconf 89' lang='lat' dir='ltr'><strong>eum</strong></span> <span class='ocrx_word' id='word_1_571' title='bbox 2864 2358 2960 2405; x_wconf 88' lang='lat' dir='ltr'><strong>:ct</strong></span> <span class='ocrx_word' id='word_1_572' title='bbox 3000 2360 3212 2403; x_wconf 89' lang='lat' dir='ltr'><strong>omnem</strong></span> <span class='ocrx_word' id='word_1_573' title='bbox 3258 2344 3346 2411; x_wconf 91' lang='lat' dir='ltr'><strong>qui</strong></span> <span class='ocrx_word' id='word_1_574' title='bbox 3387 2341 3495 2395; x_wconf 88' lang='lat' dir='ltr'><strong>fert</strong></span> 
     </span>
    </p>
   </div>
   <div class='ocr_carea' id='block_1_69' title="bbox 1911 2434 3496 2517">
    <p class='ocr_par' dir='ltr' id='par_1_69' title="bbox 1911 2434 3496 2517">
     <span class='ocr_line' id='line_1_70' title="bbox 1911 2434 3496 2517; baseline -0.012 -14"><span class='ocrx_word' id='word_1_575' title='bbox 1911 2446 2164 2515; x_wconf 90' lang='lat' dir='ltr'><strong>fructum,</strong></span> <span class='ocrx_word' id='word_1_576' title='bbox 2193 2445 2443 2517; x_wconf 86' lang='lat' dir='ltr'><strong>purgabit</strong></span> <span class='ocrx_word' id='word_1_577' title='bbox 2462 2447 2504 2510; x_wconf 82' lang='lat'><strong>&#39;,</strong></span> <span class='ocrx_word' id='word_1_578' title='bbox 2535 2451 2591 2498; x_wconf 91' lang='lat' dir='ltr'><strong>ut</strong></span> <span class='ocrx_word' id='word_1_579' title='bbox 2621 2442 2849 2497; x_wconf 78' lang='lat' dir='ltr'><strong>fructum</strong></span> <span class='ocrx_word' id='word_1_580' title='bbox 2884 2441 3003 2510; x_wconf 85' lang='lat' dir='ltr'><strong>plus</strong></span> <span class='ocrx_word' id='word_1_581' title='bbox 3027 2437 3233 2493; x_wconf 69' lang='lat' dir='ltr'><strong>aderat.</strong></span> <span class='ocrx_word' id='word_1_582' title='bbox 3258 2434 3375 2490; x_wconf 80' lang='lat' dir='ltr'><strong>Jam</strong></span> <span class='ocrx_word' id='word_1_583' title='bbox 3397 2443 3496 2487; x_wconf 86' lang='lat' dir='ltr'><strong>vos</strong></span> 
     </span>
    </p>
   </div>
   <div class='ocr_carea' id='block_1_70' title="bbox 1911 2530 3498 2606">
    <p class='ocr_par' dir='ltr' id='par_1_70' title="bbox 1911 2530 3498 2606">
     <span class='ocr_line' id='line_1_71' title="bbox 1911 2530 3498 2606; baseline -0.01 -13"><span class='ocrx_word' id='word_1_584' title='bbox 1911 2537 2097 2594; x_wconf 88' lang='lat' dir='ltr'><strong>mundi</strong></span> <span class='ocrx_word' id='word_1_585' title='bbox 2121 2538 2251 2592; x_wconf 85' lang='lat' dir='ltr'><strong>estis</strong></span> <span class='ocrx_word' id='word_1_586' title='bbox 2272 2543 2490 2606; x_wconf 90' lang='lat' dir='ltr'><strong>propter</strong></span> <span class='ocrx_word' id='word_1_587' title='bbox 2518 2545 2823 2589; x_wconf 88' lang='lat' dir='ltr'><strong>sermonem</strong></span> <span class='ocrx_word' id='word_1_588' title='bbox 2848 2543 3008 2601; x_wconf 86' lang='lat' dir='ltr'><strong>quem</strong></span> <span class='ocrx_word' id='word_1_589' title='bbox 3030 2530 3238 2585; x_wconf 87' lang='lat' dir='ltr'><strong>locutus</strong></span> <span class='ocrx_word' id='word_1_590' title='bbox 3257 2539 3376 2582; x_wconf 89' lang='lat' dir='ltr'><strong>sum</strong></span> <span class='ocrx_word' id='word_1_591' title='bbox 3398 2537 3498 2577; x_wconf 89' lang='lat' dir='ltr'><strong>vo-</strong></span> 
     </span>
    </p>
   </div>
   <div class='ocr_carea' id='block_1_71' title="bbox 1914 2618 3501 2697">
    <p class='ocr_par' dir='ltr' id='par_1_71' title="bbox 1914 2618 3501 2697">
     <span class='ocr_line' id='line_1_72' title="bbox 1914 2618 3501 2697; baseline -0.009 -13"><span class='ocrx_word' id='word_1_592' title='bbox 1914 2628 2019 2684; x_wconf 88' lang='lat' dir='ltr'><strong>bis.</strong></span> <span class='ocrx_word' id='word_1_593' title='bbox 2049 2628 2257 2684; x_wconf 82' lang='lat' dir='ltr'><strong>Manete</strong></span> <span class='ocrx_word' id='word_1_594' title='bbox 2276 2626 2331 2682; x_wconf 90' lang='lat' dir='ltr'><strong>in</strong></span> <span class='ocrx_word' id='word_1_595' title='bbox 2359 2639 2467 2693; x_wconf 90' lang='lat' dir='ltr'><strong>me,</strong></span> <span class='ocrx_word' id='word_1_596' title='bbox 2503 2632 2558 2681; x_wconf 90' lang='lat' dir='ltr'><strong>et</strong></span> <span class='ocrx_word' id='word_1_597' title='bbox 2578 2632 2680 2697; x_wconf 84' lang='lat' dir='ltr'><strong>ego</strong></span> <span class='ocrx_word' id='word_1_598' title='bbox 2702 2624 2760 2679; x_wconf 91' lang='lat' dir='ltr'><strong>in</strong></span> <span class='ocrx_word' id='word_1_599' title='bbox 2790 2622 2965 2679; x_wconf 86' lang='lat' dir='ltr'><strong>vobis.</strong></span> <span class='ocrx_word' id='word_1_600' title='bbox 2989 2621 3138 2677; x_wconf 88' lang='lat' dir='ltr'><strong>Sicut</strong></span> <span class='ocrx_word' id='word_1_601' title='bbox 3158 2618 3362 2688; x_wconf 87' lang='lat' dir='ltr'><strong>palmes</strong></span> <span class='ocrx_word' id='word_1_602' title='bbox 3387 2627 3501 2669; x_wconf 87' lang='lat' dir='ltr'><strong>non</strong></span> 
     </span>
    </p>
   </div>
   <div class='ocr_carea' id='block_1_72' title="bbox 1916 2708 3501 2792">
    <p class='ocr_par' dir='ltr' id='par_1_72' title="bbox 1916 2708 3501 2792">
     <span class='ocr_line' id='line_1_73' title="bbox 1916 2708 3501 2792; baseline -0.01 -14"><span class='ocrx_word' id='word_1_603' title='bbox 1916 2728 2095 2792; x_wconf 88' lang='lat' dir='ltr'><strong>potest</strong></span> <span class='ocrx_word' id='word_1_604' title='bbox 2134 2721 2276 2777; x_wconf 81' lang='lat' dir='ltr'><strong>ferre</strong></span> <span class='ocrx_word' id='word_1_605' title='bbox 2302 2719 2530 2775; x_wconf 84' lang='lat' dir='ltr'><strong>fructum</strong></span> <span class='ocrx_word' id='word_1_606' title='bbox 2575 2734 2605 2773; x_wconf 86' lang='lat' dir='ltr'><strong>a</strong></span> <span class='ocrx_word' id='word_1_607' title='bbox 2646 2716 2958 2786; x_wconf 85' lang='lat' dir='ltr'><strong>semetipso,</strong></span> <span class='ocrx_word' id='word_1_608' title='bbox 2996 2713 3103 2769; x_wconf 82' lang='lat' dir='ltr'><strong>nisi</strong></span> <span class='ocrx_word' id='word_1_609' title='bbox 3144 2710 3401 2767; x_wconf 88' lang='lat' dir='ltr'><strong>manserit</strong></span> <span class='ocrx_word' id='word_1_610' title='bbox 3441 2708 3501 2763; x_wconf 85' lang='lat' dir='ltr'><strong>in</strong></span> 
     </span>
    </p>
   </div>
   <div class='ocr_carea' id='block_1_73' title="bbox 1915 2800 3504 2882">
    <p class='ocr_par' dir='ltr' id='par_1_73' title="bbox 1915 2800 3504 2882">
     <span class='ocr_line' id='line_1_74' title="bbox 1915 2800 3504 2882; baseline -0.009 -14"><span class='ocrx_word' id='word_1_611' title='bbox 1915 2814 2047 2882; x_wconf 84' lang='lat' dir='ltr'><strong>vite,</strong></span> <span class='ocrx_word' id='word_1_612' title='bbox 2088 2812 2167 2869; x_wconf 90' lang='lat' dir='ltr'><strong>sic</strong></span> <span class='ocrx_word' id='word_1_613' title='bbox 2193 2824 2292 2868; x_wconf 90' lang='lat' dir='ltr'><strong>nec</strong></span> <span class='ocrx_word' id='word_1_614' title='bbox 2317 2825 2434 2878; x_wconf 88' lang='lat' dir='ltr'><strong>vos,</strong></span> <span class='ocrx_word' id='word_1_615' title='bbox 2463 2809 2567 2866; x_wconf 88' lang='lat' dir='ltr'><strong>nisi</strong></span> <span class='ocrx_word' id='word_1_616' title='bbox 2586 2809 2641 2866; x_wconf 93' lang='lat' dir='ltr'><strong>in</strong></span> <span class='ocrx_word' id='word_1_617' title='bbox 2669 2822 2754 2864; x_wconf 92' lang='lat' dir='ltr'><strong>me</strong></span> <span class='ocrx_word' id='word_1_618' title='bbox 2782 2806 3107 2863; x_wconf 88' lang='lat' dir='ltr'><strong>manseritis.</strong></span> <span class='ocrx_word' id='word_1_619' title='bbox 3138 2804 3248 2874; x_wconf 85' lang='lat' dir='ltr'><strong>Ego</strong></span> <span class='ocrx_word' id='word_1_620' title='bbox 3271 2815 3392 2858; x_wconf 91' lang='lat' dir='ltr'><strong>sum</strong></span> <span class='ocrx_word' id='word_1_621' title='bbox 3420 2800 3504 2854; x_wconf 87' lang='lat' dir='ltr'><strong>vi-</strong></span> 
     </span>
    </p>
   </div>
   <div class='ocr_carea' id='block_1_74' title="bbox 1917 2890 3509 2975">
    <p class='ocr_par' dir='ltr' id='par_1_74' title="bbox 1917 2890 3509 2975">
     <span class='ocr_line' id='line_1_75' title="bbox 1917 2890 3509 2975; baseline -0.009 -14"><span class='ocrx_word' id='word_1_622' title='bbox 1917 2905 2009 2973; x_wconf 86' lang='lat' dir='ltr'><strong>tis,</strong></span> <span class='ocrx_word' id='word_1_623' title='bbox 2041 2919 2140 2961; x_wconf 88' lang='lat' dir='ltr'><strong>vos</strong></span> <span class='ocrx_word' id='word_1_624' title='bbox 2165 2905 2433 2975; x_wconf 88' lang='lat' dir='ltr'><strong>palmites.</strong></span> <span class='ocrx_word' id='word_1_625' title='bbox 2461 2902 2561 2970; x_wconf 85' lang='lat' dir='ltr'><strong>Qui</strong></span> <span class='ocrx_word' id='word_1_626' title='bbox 2589 2907 2770 2956; x_wconf 87' lang='lat' dir='ltr'><strong>manet</strong></span> <span class='ocrx_word' id='word_1_627' title='bbox 2799 2900 2855 2955; x_wconf 90' lang='lat' dir='ltr'><strong>in</strong></span> <span class='ocrx_word' id='word_1_628' title='bbox 2881 2910 2990 2965; x_wconf 88' lang='lat' dir='ltr'><strong>me,</strong></span> <span class='ocrx_word' id='word_1_629' title='bbox 3012 2906 3068 2952; x_wconf 90' lang='lat' dir='ltr'><strong>et</strong></span> <span class='ocrx_word' id='word_1_630' title='bbox 3091 2909 3193 2968; x_wconf 87' lang='lat' dir='ltr'><strong>ego</strong></span> <span class='ocrx_word' id='word_1_631' title='bbox 3220 2896 3274 2950; x_wconf 93' lang='lat' dir='ltr'><strong>in</strong></span> <span class='ocrx_word' id='word_1_632' title='bbox 3304 2906 3389 2955; x_wconf 90' lang='lat' dir='ltr'><strong>eo,</strong></span> <span class='ocrx_word' id='word_1_633' title='bbox 3413 2890 3509 2946; x_wconf 78' lang='lat' dir='ltr'><strong>hic</strong></span> 
     </span>
    </p>
   </div>
   <div class='ocr_carea' id='block_1_75' title="bbox 1917 2983 3503 3063">
    <p class='ocr_par' dir='ltr' id='par_1_75' title="bbox 1917 2983 3503 3063">
     <span class='ocr_line' id='line_1_76' title="bbox 1917 2983 3503 3063; baseline -0.009 -9"><span class='ocrx_word' id='word_1_634' title='bbox 1917 2998 2022 3054; x_wconf 77' lang='lat' dir='ltr'><strong>{ert</strong></span> <span class='ocrx_word' id='word_1_635' title='bbox 2048 2998 2279 3055; x_wconf 86' lang='lat' dir='ltr'><strong>fructum</strong></span> <span class='ocrx_word' id='word_1_636' title='bbox 2314 2999 2538 3053; x_wconf 87' lang='lat' dir='ltr'><strong>multum</strong></span> <span class='ocrx_word' id='word_1_637' title='bbox 2566 3011 2581 3051; x_wconf 87' lang='lat'><strong>:</strong></span> <span class='ocrx_word' id='word_1_638' title='bbox 2613 2994 2737 3063; x_wconf 83' lang='lat' dir='ltr'><strong>quia</strong></span> <span class='ocrx_word' id='word_1_639' title='bbox 2763 2994 2881 3049; x_wconf 85' lang='lat' dir='ltr'><strong>sine</strong></span> <span class='ocrx_word' id='word_1_640' title='bbox 2910 3002 2996 3047; x_wconf 88' lang='lat' dir='ltr'><strong>me</strong></span> <span class='ocrx_word' id='word_1_641' title='bbox 3022 2989 3155 3045; x_wconf 88' lang='lat' dir='ltr'><strong>nihil</strong></span> <span class='ocrx_word' id='word_1_642' title='bbox 3178 2986 3400 3060; x_wconf 83' lang='lat' dir='ltr'><strong>potestis</strong></span> <span class='ocrx_word' id='word_1_643' title='bbox 3421 2983 3503 3040; x_wconf 85' lang='lat' dir='ltr'><strong>t‘a-</strong></span> 
     </span>
    </p>
   </div>
   <div class='ocr_carea' id='block_1_76' title="bbox 1918 3079 3505 3159">
    <p class='ocr_par' dir='ltr' id='par_1_76' title="bbox 1918 3079 3505 3159">
     <span class='ocr_line' id='line_1_77' title="bbox 1918 3079 3505 3159; baseline -0.009 -13"><span class='ocrx_word' id='word_1_644' title='bbox 1918 3104 2063 3146; x_wconf 87' lang='lat' dir='ltr'><strong>cere.</strong></span> <span class='ocrx_word' id='word_1_645' title='bbox 2104 3091 2160 3147; x_wconf 88' lang='lat' dir='ltr'><strong>Si</strong></span> <span class='ocrx_word' id='word_1_646' title='bbox 2211 3089 2331 3159; x_wconf 89' lang='lat' dir='ltr'><strong>quis</strong></span> <span class='ocrx_word' id='word_1_647' title='bbox 2376 3091 2428 3143; x_wconf 90' lang='lat' dir='ltr'><strong>in</strong></span> <span class='ocrx_word' id='word_1_648' title='bbox 2474 3102 2560 3144; x_wconf 91' lang='lat' dir='ltr'><strong>me</strong></span> <span class='ocrx_word' id='word_1_649' title='bbox 2603 3096 2711 3140; x_wconf 89' lang='lat' dir='ltr'><strong>non</strong></span> <span class='ocrx_word' id='word_1_650' title='bbox 2757 3084 3035 3149; x_wconf 83' lang='lat' dir='ltr'><strong>manserit,</strong></span> <span class='ocrx_word' id='word_1_651' title='bbox 3084 3082 3327 3136; x_wconf 87' lang='lat' dir='ltr'><strong>mittetur</strong></span> <span class='ocrx_word' id='word_1_652' title='bbox 3354 3079 3505 3133; x_wconf 84' lang='lat' dir='ltr'><strong>foras</strong></span> 
     </span>
    </p>
   </div>
   <div class='ocr_carea' id='block_1_77' title="bbox 1920 3173 3502 3252">
    <p class='ocr_par' dir='ltr' id='par_1_77' title="bbox 1920 3173 3502 3252">
     <span class='ocr_line' id='line_1_78' title="bbox 1920 3173 3502 3252; baseline -0.009 -15"><span class='ocrx_word' id='word_1_653' title='bbox 1920 3183 2058 3237; x_wconf 87' lang='lat' dir='ltr'><strong>sicut</strong></span> <span class='ocrx_word' id='word_1_654' title='bbox 2101 3183 2328 3252; x_wconf 85' lang='lat' dir='ltr'><strong>palmes,</strong></span> <span class='ocrx_word' id='word_1_655' title='bbox 2380 3187 2434 3235; x_wconf 91' lang='lat' dir='ltr'><strong>et</strong></span> <span class='ocrx_word' id='word_1_656' title='bbox 2478 3187 2705 3243; x_wconf 85' lang='lat' dir='ltr'><strong>arescet,</strong></span> <span class='ocrx_word' id='word_1_657' title='bbox 2748 3186 2804 3233; x_wconf 91' lang='lat' dir='ltr'><strong>et</strong></span> <span class='ocrx_word' id='word_1_658' title='bbox 2849 3178 3103 3246; x_wconf 86' lang='lat' dir='ltr'><strong>colligent</strong></span> <span class='ocrx_word' id='word_1_659' title='bbox 3150 3189 3295 3239; x_wconf 90' lang='lat' dir='ltr'><strong>eum,</strong></span> <span class='ocrx_word' id='word_1_660' title='bbox 3346 3182 3403 3226; x_wconf 90' lang='lat' dir='ltr'><strong>et</strong></span> <span class='ocrx_word' id='word_1_661' title='bbox 3444 3173 3502 3223; x_wconf 91' lang='lat' dir='ltr'><strong>in</strong></span> 
     </span>
    </p>
   </div>
   <div class='ocr_carea' id='block_1_78' title="bbox 1921 3264 3507 3345">
    <p class='ocr_par' dir='ltr' id='par_1_78' title="bbox 1921 3264 3507 3345">
     <span class='ocr_line' id='line_1_79' title="bbox 1921 3264 3507 3345; baseline -0.011 -15"><span class='ocrx_word' id='word_1_662' title='bbox 1921 3275 2100 3345; x_wconf 88' lang='lat' dir='ltr'><strong>ignem</strong></span> <span class='ocrx_word' id='word_1_663' title='bbox 2142 3274 2377 3338; x_wconf 85' lang='lat' dir='ltr'><strong>mittent,</strong></span> <span class='ocrx_word' id='word_1_664' title='bbox 2407 3271 2501 3325; x_wconf 83' lang='lat' dir='ltr'><strong>et‘</strong></span> <span class='ocrx_word' id='word_1_665' title='bbox 2540 3268 2769 3325; x_wconf 88' lang='lat' dir='ltr'><strong>ardebit.</strong></span> <span class='ocrx_word' id='word_1_666' title='bbox 2799 3269 2856 3323; x_wconf 91' lang='lat' dir='ltr'><strong>Si</strong></span> <span class='ocrx_word' id='word_1_667' title='bbox 2894 3264 3202 3322; x_wconf 72' lang='lat' dir='ltr'><strong>manseriti‘s</strong></span> <span class='ocrx_word' id='word_1_668' title='bbox 3232 3264 3285 3318; x_wconf 89' lang='lat' dir='ltr'><strong>in</strong></span> <span class='ocrx_word' id='word_1_669' title='bbox 3316 3275 3420 3325; x_wconf 88' lang='lat' dir='ltr'><strong>me,</strong></span> <span class='ocrx_word' id='word_1_670' title='bbox 3448 3269 3507 3314; x_wconf 79' lang='lat' dir='ltr'><strong>et</strong></span> 
     </span>
    </p>
   </div>
   <div class='ocr_carea' id='block_1_79' title="bbox 1924 3351 3502 3429">
    <p class='ocr_par' dir='ltr' id='par_1_79' title="bbox 1924 3351 3502 3429">
     <span class='ocr_line' id='line_1_80' title="bbox 1924 3351 3502 3429; baseline -0.01 -8"><span class='ocrx_word' id='word_1_671' title='bbox 1924 3368 2084 3423; x_wconf 73' lang='lat' dir='ltr'><strong>verba</strong></span> <span class='ocrx_word' id='word_1_672' title='bbox 2115 3381 2233 3421; x_wconf 90' lang='lat' dir='ltr'><strong>mea</strong></span> <span class='ocrx_word' id='word_1_673' title='bbox 2261 3367 2313 3420; x_wconf 91' lang='lat' dir='ltr'><strong>in</strong></span> <span class='ocrx_word' id='word_1_674' title='bbox 2348 3362 2500 3419; x_wconf 86' lang='lat' dir='ltr'><strong>vobis</strong></span> <span class='ocrx_word' id='word_1_675' title='bbox 2538 3362 2851 3426; x_wconf 87' lang='lat' dir='ltr'><strong>manserint,</strong></span> <span class='ocrx_word' id='word_1_676' title='bbox 2880 3358 3234 3429; x_wconf 84' lang='lat' dir='ltr'><strong>quodcunque</strong></span> <span class='ocrx_word' id='word_1_677' title='bbox 3264 3351 3502 3411; x_wconf 78' lang='lat' dir='ltr'><strong>volueri-</strong></span> 
     </span>
    </p>
   </div>
   <div class='ocr_carea' id='block_1_80' title="bbox 1923 3444 3503 3528">
    <p class='ocr_par' dir='ltr' id='par_1_80' title="bbox 1923 3444 3503 3528">
     <span class='ocr_line' id='line_1_81' title="bbox 1923 3444 3503 3528; baseline -0.012 -14"><span class='ocrx_word' id='word_1_678' title='bbox 1923 3457 2014 3525; x_wconf 86' lang='lat' dir='ltr'><strong>tis,</strong></span> <span class='ocrx_word' id='word_1_679' title='bbox 2045 3456 2260 3528; x_wconf 89' lang='lat' dir='ltr'><strong>pctctis,</strong></span> <span class='ocrx_word' id='word_1_680' title='bbox 2290 3464 2344 3511; x_wconf 91' lang='lat' dir='ltr'><strong>et</strong></span> <span class='ocrx_word' id='word_1_681' title='bbox 2374 3455 2466 3509; x_wconf 87' lang='lat' dir='ltr'><strong>ilet</strong></span> <span class='ocrx_word' id='word_1_682' title='bbox 2502 3451 2676 3508; x_wconf 87' lang='lat' dir='ltr'><strong>vobis.</strong></span> <span class='ocrx_word' id='word_1_683' title='bbox 2714 3451 2768 3507; x_wconf 87' lang='lat' dir='ltr'><strong>in</strong></span> <span class='ocrx_word' id='word_1_684' title='bbox 2792 3452 2893 3506; x_wconf 91' lang='lat' dir='ltr'><strong>hoc</strong></span> <span class='ocrx_word' id='word_1_685' title='bbox 2931 3448 3253 3505; x_wconf 86' lang='lat' dir='ltr'><strong>clarificatus</strong></span> <span class='ocrx_word' id='word_1_686' title='bbox 3293 3453 3375 3499; x_wconf 86' lang='lat' dir='ltr'><strong>est</strong></span> <span class='ocrx_word' id='word_1_687' title='bbox 3401 3444 3503 3498; x_wconf 87' lang='lat' dir='ltr'><strong>Pa-</strong></span> 
     </span>
    </p>
   </div>
   <div class='ocr_carea' id='block_1_81' title="bbox 1923 3535 3505 3615">
    <p class='ocr_par' dir='ltr' id='par_1_81' title="bbox 1923 3535 3505 3615">
     <span class='ocr_line' id='line_1_82' title="bbox 1923 3535 3505 3615; baseline -0.013 -9"><span class='ocrx_word' id='word_1_688' title='bbox 1923 3558 2007 3606; x_wconf 92' lang='lat' dir='ltr'><strong>ter</strong></span> <span class='ocrx_word' id='word_1_689' title='bbox 2030 3558 2203 3615; x_wconf 89' lang='lat' dir='ltr'><strong>meus,</strong></span> <span class='ocrx_word' id='word_1_690' title='bbox 2244 3556 2304 3603; x_wconf 87' lang='lat' dir='ltr'><strong>ut</strong></span> <span class='ocrx_word' id='word_1_691' title='bbox 2335 3546 2562 3601; x_wconf 87' lang='lat' dir='ltr'><strong>fructum</strong></span> <span class='ocrx_word' id='word_1_692' title='bbox 2597 3542 2885 3614; x_wconf 82' lang='lat' dir='ltr'><strong>plurimum</strong></span> <span class='ocrx_word' id='word_1_693' title='bbox 2925 3539 3180 3601; x_wconf 72' lang='lat' dir='ltr'><strong>efferatis,</strong></span> <span class='ocrx_word' id='word_1_694' title='bbox 3219 3546 3275 3596; x_wconf 87' lang='lat' dir='ltr'><strong>et</strong></span> <span class='ocrx_word' id='word_1_695' title='bbox 3304 3535 3505 3591; x_wconf 84' lang='lat' dir='ltr'><strong>efiicia-</strong></span> 
     </span>
    </p>
   </div>
   <div class='ocr_carea' id='block_1_82' title="bbox 1922 3625 3509 3707">
    <p class='ocr_par' dir='ltr' id='par_1_82' title="bbox 1922 3625 3509 3707">
     <span class='ocr_line' id='line_1_83' title="bbox 1922 3625 3509 3707; baseline -0.011 -11"><span class='ocrx_word' id='word_1_696' title='bbox 1922 3640 2053 3696; x_wconf 91' lang='lat' dir='ltr'><strong>mini</strong></span> <span class='ocrx_word' id='word_1_697' title='bbox 2083 3640 2187 3695; x_wconf 87' lang='lat' dir='ltr'><strong>mei</strong></span> <span class='ocrx_word' id='word_1_698' title='bbox 2215 3634 2480 3707; x_wconf 87' lang='lat' dir='ltr'><strong>discipuli.</strong></span> <span class='ocrx_word' id='word_1_699' title='bbox 2509 3635 2658 3690; x_wconf 90' lang='lat' dir='ltr'><strong>Sicut</strong></span> <span class='ocrx_word' id='word_1_700' title='bbox 2684 3633 2871 3689; x_wconf 79' lang='lat' dir='ltr'><strong>dilexit</strong></span> <span class='ocrx_word' id='word_1_701' title='bbox 2897 3642 2987 3687; x_wconf 84' lang='lat' dir='ltr'><strong>me</strong></span> <span class='ocrx_word' id='word_1_702' title='bbox 3004 3630 3186 3695; x_wconf 87' lang='lat' dir='ltr'><strong>Pater,</strong></span> <span class='ocrx_word' id='word_1_703' title='bbox 3216 3636 3272 3681; x_wconf 86' lang='lat' dir='ltr'><strong>et</strong></span> <span class='ocrx_word' id='word_1_704' title='bbox 3298 3640 3398 3697; x_wconf 87' lang='lat' dir='ltr'><strong>ego</strong></span> <span class='ocrx_word' id='word_1_705' title='bbox 3413 3625 3509 3679; x_wconf 47' lang='lat' dir='ltr'><strong>did</strong></span> 
     </span>
    </p>
   </div>
   <div class='ocr_carea' id='block_1_83' title="bbox 1922 3720 3507 3791">
    <p class='ocr_par' dir='ltr' id='par_1_83' title="bbox 1922 3720 3507 3791">
     <span class='ocr_line' id='line_1_84' title="bbox 1922 3720 3507 3791; baseline -0.013 -2"><span class='ocrx_word' id='word_1_706' title='bbox 1922 3733 2029 3789; x_wconf 82' lang='lat' dir='ltr'><strong>lexi</strong></span> <span class='ocrx_word' id='word_1_707' title='bbox 2057 3744 2173 3785; x_wconf 89' lang='lat' dir='ltr'><strong>vos.</strong></span> <span class='ocrx_word' id='word_1_708' title='bbox 2203 3730 2420 3786; x_wconf 83' lang='lat' dir='ltr'><strong>Mancte</strong></span> <span class='ocrx_word' id='word_1_709' title='bbox 2446 3729 2498 3782; x_wconf 90' lang='lat' dir='ltr'><strong>in</strong></span> <span class='ocrx_word' id='word_1_710' title='bbox 2519 3724 2810 3782; x_wconf 87' lang='lat' dir='ltr'><strong>dilectione</strong></span> <span class='ocrx_word' id='word_1_711' title='bbox 2832 3737 2972 3779; x_wconf 85' lang='lat' dir='ltr'><strong>mea.</strong></span> <span class='ocrx_word' id='word_1_712' title='bbox 3005 3720 3067 3776; x_wconf 87' lang='lat' dir='ltr'><strong>Si</strong></span> <span class='ocrx_word' id='word_1_713' title='bbox 3086 3726 3355 3791; x_wconf 72' lang='lat' dir='ltr'><strong>praecepta</strong></span> <span class='ocrx_word' id='word_1_714' title='bbox 3381 3726 3507 3770; x_wconf 79' lang='lat' dir='ltr'><strong>mea</strong></span> 
     </span>
    </p>
   </div>
   <div class='ocr_carea' id='block_1_84' title="bbox 1921 3809 3513 3891">
    <p class='ocr_par' dir='ltr' id='par_1_84' title="bbox 1921 3809 3513 3891">
     <span class='ocr_line' id='line_1_85' title="bbox 1921 3809 3513 3891; baseline -0.012 -12"><span class='ocrx_word' id='word_1_715' title='bbox 1921 3822 2290 3891; x_wconf 88' lang='lat' dir='ltr'><strong>servaveritis,</strong></span> <span class='ocrx_word' id='word_1_716' title='bbox 2337 3819 2620 3875; x_wconf 86' lang='lat' dir='ltr'><strong>manebitis</strong></span> <span class='ocrx_word' id='word_1_717' title='bbox 2668 3818 2721 3872; x_wconf 92' lang='lat' dir='ltr'><strong>in</strong></span> <span class='ocrx_word' id='word_1_718' title='bbox 2763 3814 3053 3871; x_wconf 82' lang='lat' dir='ltr'><strong>dilectione</strong></span> <span class='ocrx_word' id='word_1_719' title='bbox 3083 3825 3201 3867; x_wconf 89' lang='lat' dir='ltr'><strong>mea</strong></span> <span class='ocrx_word' id='word_1_720' title='bbox 3232 3809 3411 3864; x_wconf 88' lang='lat' dir='ltr'><strong>:sicut</strong></span> <span class='ocrx_word' id='word_1_721' title='bbox 3452 3814 3513 3861; x_wconf 76' lang='lat' dir='ltr'><strong>et</strong></span> 
     </span>
    </p>
   </div>
   <div class='ocr_carea' id='block_1_85' title="bbox 1920 3897 3510 3986">
    <p class='ocr_par' dir='ltr' id='par_1_85' title="bbox 1920 3897 3510 3986">
     <span class='ocr_line' id='line_1_86' title="bbox 1920 3897 3510 3986; baseline -0.014 -14"><span class='ocrx_word' id='word_1_722' title='bbox 1920 3930 2021 3986; x_wconf 88' lang='lat' dir='ltr'><strong>ego</strong></span> <span class='ocrx_word' id='word_1_723' title='bbox 2045 3923 2311 3984; x_wconf 63' lang='lat' dir='ltr'><strong>praecepta</strong></span> <span class='ocrx_word' id='word_1_724' title='bbox 2356 3911 2528 3966; x_wconf 87' lang='lat' dir='ltr'><strong>Patris</strong></span> <span class='ocrx_word' id='word_1_725' title='bbox 2562 3909 2666 3964; x_wconf 90' lang='lat' dir='ltr'><strong>mei</strong></span> <span class='ocrx_word' id='word_1_726' title='bbox 2706 3905 2941 3973; x_wconf 83' lang='lat' dir='ltr'><strong>servavi,</strong></span> <span class='ocrx_word' id='word_1_727' title='bbox 2981 3912 3037 3959; x_wconf 87' lang='lat' dir='ltr'><strong>et</strong></span> <span class='ocrx_word' id='word_1_728' title='bbox 3074 3914 3270 3957; x_wconf 85' lang='lat' dir='ltr'><strong>maneo</strong></span> <span class='ocrx_word' id='word_1_729' title='bbox 3300 3900 3353 3953; x_wconf 86' lang='lat' dir='ltr'><strong>iu</strong></span> <span class='ocrx_word' id='word_1_730' title='bbox 3388 3897 3510 3967; x_wconf 79' lang='lat' dir='ltr'><strong>ejus</strong></span> 
     </span>
    </p>
   </div>
   <div class='ocr_carea' id='block_1_86' title="bbox 1921 3992 3511 4064">
    <p class='ocr_par' dir='ltr' id='par_1_86' title="bbox 1921 3992 3511 4064">
     <span class='ocr_line' id='line_1_87' title="bbox 1921 3992 3511 4064; baseline -0.013 -3"><span class='ocrx_word' id='word_1_731' title='bbox 1921 4005 2229 4062; x_wconf 89' lang='lat' dir='ltr'><strong>dilectione.</strong></span> <span class='ocrx_word' id='word_1_732' title='bbox 2254 4003 2381 4059; x_wconf 69' lang='lat' dir='ltr'><strong>ilmc</strong></span> <span class='ocrx_word' id='word_1_733' title='bbox 2405 4002 2613 4057; x_wconf 87' lang='lat' dir='ltr'><strong>locutus</strong></span> <span class='ocrx_word' id='word_1_734' title='bbox 2639 3997 2947 4064; x_wconf 60' lang='lat' dir='ltr'><strong>sumvobis,</strong></span> <span class='ocrx_word' id='word_1_735' title='bbox 2969 4003 3029 4049; x_wconf 90' lang='lat' dir='ltr'><strong>ut</strong></span> <span class='ocrx_word' id='word_1_736' title='bbox 3050 3992 3297 4063; x_wconf 81' lang='lat' dir='ltr'><strong>gaudium</strong></span> <span class='ocrx_word' id='word_1_737' title='bbox 3325 4001 3511 4043; x_wconf 82' lang='lat' dir='ltr'><strong>meum</strong></span> 
     </span>
    </p>
   </div>
   <div class='ocr_carea' id='block_1_87' title="bbox 1923 4080 3515 4162">
    <p class='ocr_par' dir='ltr' id='par_1_87' title="bbox 1923 4080 3515 4162">
     <span class='ocr_line' id='line_1_88' title="bbox 1923 4080 3515 4162; baseline -0.014 -10"><span class='ocrx_word' id='word_1_738' title='bbox 1923 4096 1978 4152; x_wconf 88' lang='lat' dir='ltr'><strong>in</strong></span> <span class='ocrx_word' id='word_1_739' title='bbox 2008 4095 2158 4151; x_wconf 83' lang='lat' dir='ltr'><strong>vobis</strong></span> <span class='ocrx_word' id='word_1_740' title='bbox 2184 4094 2273 4157; x_wconf 85' lang='lat' dir='ltr'><strong>sit,</strong></span> <span class='ocrx_word' id='word_1_741' title='bbox 2297 4101 2351 4147; x_wconf 91' lang='lat' dir='ltr'><strong>et</strong></span> <span class='ocrx_word' id='word_1_742' title='bbox 2389 4091 2639 4162; x_wconf 83' lang='lat' dir='ltr'><strong>gaudium</strong></span> <span class='ocrx_word' id='word_1_743' title='bbox 2664 4097 2909 4145; x_wconf 82' lang='lat' dir='ltr'><strong>vestrum</strong></span> <span class='ocrx_word' id='word_1_744' title='bbox 2930 4085 3237 4154; x_wconf 81' lang='lat' dir='ltr'><strong>impleatur.</strong></span> <span class='ocrx_word' id='word_1_745' title='bbox 3280 4080 3391 4135; x_wconf 85' lang='lat' dir='ltr'><strong>Hoc</strong></span> <span class='ocrx_word' id='word_1_746' title='bbox 3422 4082 3515 4133; x_wconf 77' lang='lat' dir='ltr'><strong>est</strong></span> 
     </span>
    </p>
   </div>
   <div class='ocr_carea' id='block_1_88' title="bbox 1922 4168 3507 4257">
    <p class='ocr_par' dir='ltr' id='par_1_88' title="bbox 1922 4168 3507 4257">
     <span class='ocr_line' id='line_1_89' title="bbox 1922 4168 3507 4257; baseline -0.013 -15"><span class='ocrx_word' id='word_1_747' title='bbox 1922 4192 2249 4257; x_wconf 65' lang='lat' dir='ltr'><strong>praeceptum</strong></span> <span class='ocrx_word' id='word_1_748' title='bbox 2262 4190 2460 4247; x_wconf 84' lang='lat' dir='ltr'><strong>meum,</strong></span> <span class='ocrx_word' id='word_1_749' title='bbox 2474 4190 2532 4236; x_wconf 93' lang='lat' dir='ltr'><strong>ut</strong></span> <span class='ocrx_word' id='word_1_750' title='bbox 2545 4180 2781 4250; x_wconf 84' lang='lat' dir='ltr'><strong>diligatis</strong></span> <span class='ocrx_word' id='word_1_751' title='bbox 2794 4178 3042 4240; x_wconf 83' lang='lat' dir='ltr'><strong>invicem,</strong></span> <span class='ocrx_word' id='word_1_752' title='bbox 3060 4174 3200 4230; x_wconf 85' lang='lat' dir='ltr'><strong>sicut</strong></span> <span class='ocrx_word' id='word_1_753' title='bbox 3210 4168 3507 4227; x_wconf 80' lang='lat' dir='ltr'><strong>dilexivos.</strong></span> 
     </span>
    </p>
   </div>
   <div class='ocr_carea' id='block_1_89' title="bbox 1923 4260 3511 4346">
    <p class='ocr_par' dir='ltr' id='par_1_89' title="bbox 1923 4260 3511 4346">
     <span class='ocr_line' id='line_1_90' title="bbox 1923 4260 3511 4346; baseline -0.014 -14"><span class='ocrx_word' id='word_1_754' title='bbox 1923 4276 2179 4346; x_wconf 73' lang='lat' dir='ltr'><strong>Maiorem</strong></span> <span class='ocrx_word' id='word_1_755' title='bbox 2221 4274 2322 4327; x_wconf 86' lang='lat' dir='ltr'><strong>hac</strong></span> <span class='ocrx_word' id='word_1_756' title='bbox 2350 4271 2694 4327; x_wconf 84' lang='lat' dir='ltr'><strong>dilectionem</strong></span> <span class='ocrx_word' id='word_1_757' title='bbox 2734 4282 2897 4325; x_wconf 89' lang='lat' dir='ltr'><strong>nemo</strong></span> <span class='ocrx_word' id='word_1_758' title='bbox 2937 4266 3127 4331; x_wconf 84' lang='lat' dir='ltr'><strong>habet,</strong></span> <span class='ocrx_word' id='word_1_759' title='bbox 3172 4272 3231 4316; x_wconf 87' lang='lat' dir='ltr'><strong>ut</strong></span> <span class='ocrx_word' id='word_1_760' title='bbox 3267 4260 3511 4314; x_wconf 78' lang='lat' dir='ltr'><strong>animans</strong></span> 
     </span>
    </p>
   </div>
   <div class='ocr_carea' id='block_1_90' title="bbox 1924 4347 3513 4437">
    <p class='ocr_par' dir='ltr' id='par_1_90' title="bbox 1924 4347 3513 4437">
     <span class='ocr_line' id='line_1_91' title="bbox 1924 4347 3513 4437; baseline -0.016 -14"><span class='ocrx_word' id='word_1_761' title='bbox 1924 4380 2074 4423; x_wconf 85' lang='lat' dir='ltr'><strong>suam</strong></span> <span class='ocrx_word' id='word_1_762' title='bbox 2093 4374 2254 4437; x_wconf 89' lang='lat' dir='ltr'><strong>ponat</strong></span> <span class='ocrx_word' id='word_1_763' title='bbox 2275 4362 2395 4433; x_wconf 84' lang='lat' dir='ltr'><strong>quis</strong></span> <span class='ocrx_word' id='word_1_764' title='bbox 2422 4376 2520 4431; x_wconf 86' lang='lat' dir='ltr'><strong>pro</strong></span> <span class='ocrx_word' id='word_1_765' title='bbox 2539 4361 2731 4415; x_wconf 88' lang='lat' dir='ltr'><strong>amicis</strong></span> <span class='ocrx_word' id='word_1_766' title='bbox 2751 4360 2883 4413; x_wconf 83' lang='lat' dir='ltr'><strong>suis.</strong></span> <span class='ocrx_word' id='word_1_767' title='bbox 2909 4357 3018 4410; x_wconf 76' lang='lat' dir='ltr'><strong>Vos</strong></span> <span class='ocrx_word' id='word_1_768' title='bbox 3040 4354 3195 4407; x_wconf 86' lang='lat' dir='ltr'><strong>amici</strong></span> <span class='ocrx_word' id='word_1_769' title='bbox 3222 4349 3330 4403; x_wconf 91' lang='lat' dir='ltr'><strong>mei</strong></span> <span class='ocrx_word' id='word_1_770' title='bbox 3349 4347 3513 4411; x_wconf 71' lang='lat' dir='ltr'><strong>estis,</strong></span> 
     </span>
    </p>
   </div>
   <div class='ocr_carea' id='block_1_91' title="bbox 1923 4438 3511 4522">
    <p class='ocr_par' dir='ltr' id='par_1_91' title="bbox 1923 4438 3511 4522">
     <span class='ocr_line' id='line_1_92' title="bbox 1923 4438 3511 4522; baseline -0.012 -10"><span class='ocrx_word' id='word_1_771' title='bbox 1923 4459 1968 4512; x_wconf 88' lang='lat' dir='ltr'><strong>si</strong></span> <span class='ocrx_word' id='word_1_772' title='bbox 1992 4456 2224 4512; x_wconf 81' lang='lat' dir='ltr'><strong>feceritis</strong></span> <span class='ocrx_word' id='word_1_773' title='bbox 2236 4464 2357 4522; x_wconf 77' lang='lat' dir='ltr'><strong>qua:</strong></span> <span class='ocrx_word' id='word_1_774' title='bbox 2376 4465 2478 4521; x_wconf 86' lang='lat' dir='ltr'><strong>ego</strong></span> <span class='ocrx_word' id='word_1_775' title='bbox 2494 4447 2937 4521; x_wconf 79' lang='lat' dir='ltr'><strong>praecipiovobis.</strong></span> <span class='ocrx_word' id='word_1_776' title='bbox 2953 4444 3077 4500; x_wconf 70' lang='lat' dir='ltr'><strong>lam</strong></span> <span class='ocrx_word' id='word_1_777' title='bbox 3090 4454 3198 4497; x_wconf 86' lang='lat' dir='ltr'><strong>non</strong></span> <span class='ocrx_word' id='word_1_778' title='bbox 3220 4438 3399 4494; x_wconf 79' lang='lat' dir='ltr'><strong>dicam</strong></span> <span class='ocrx_word' id='word_1_779' title='bbox 3408 4449 3511 4493; x_wconf 77' lang='lat' dir='ltr'><strong>vos</strong></span> 
     </span>
    </p>
   </div>
   <div class='ocr_carea' id='block_1_92' title="bbox 1925 4530 3507 4615">
    <p class='ocr_par' dir='ltr' id='par_1_92' title="bbox 1925 4530 3507 4615">
     <span class='ocr_line' id='line_1_93' title="bbox 1925 4530 3507 4615; baseline -0.011 -12"><span class='ocrx_word' id='word_1_780' title='bbox 1925 4554 2131 4612; x_wconf 88' lang='lat' dir='ltr'><strong>servos,</strong></span> <span class='ocrx_word' id='word_1_781' title='bbox 2163 4544 2285 4615; x_wconf 89' lang='lat' dir='ltr'><strong>quia</strong></span> <span class='ocrx_word' id='word_1_782' title='bbox 2312 4552 2501 4599; x_wconf 82' lang='lat' dir='ltr'><strong>servus</strong></span> <span class='ocrx_word' id='word_1_783' title='bbox 2527 4540 2699 4597; x_wconf 82' lang='lat' dir='ltr'><strong>nescit</strong></span> <span class='ocrx_word' id='word_1_784' title='bbox 2726 4539 2856 4612; x_wconf 83' lang='lat' dir='ltr'><strong>quid</strong></span> <span class='ocrx_word' id='word_1_785' title='bbox 2891 4534 3051 4594; x_wconf 77' lang='lat' dir='ltr'><strong>faciat</strong></span> <span class='ocrx_word' id='word_1_786' title='bbox 3077 4533 3330 4592; x_wconf 80' lang='lat' dir='ltr'><strong>dominus</strong></span> <span class='ocrx_word' id='word_1_787' title='bbox 3362 4530 3507 4602; x_wconf 85' lang='lat' dir='ltr'><strong>ejus.</strong></span> 
     </span>
    </p>
   </div>
   <div class='ocr_carea' id='block_1_93' title="bbox 247 4611 3515 4710">
    <p class='ocr_par' dir='ltr' id='par_1_93' title="bbox 247 4611 3515 4710">
     <span class='ocr_line' id='line_1_94' title="bbox 247 4611 3515 4710; baseline -0.016 -8"><span class='ocrx_word' id='word_1_788' title='bbox 247 4652 336 4702; x_wconf 89' lang='lat' dir='ltr'><strong>tus</strong></span> <span class='ocrx_word' id='word_1_789' title='bbox 366 4650 542 4697; x_wconf 88' lang='lat' dir='ltr'><strong>autem</strong></span> <span class='ocrx_word' id='word_1_790' title='bbox 585 4637 819 4710; x_wconf 87' lang='lat' dir='ltr'><strong>Spiritus</strong></span> <span class='ocrx_word' id='word_1_791' title='bbox 862 4640 1100 4699; x_wconf 86' lang='lat' dir='ltr'><strong>sanctus,</strong></span> <span class='ocrx_word' id='word_1_792' title='bbox 1140 4642 1300 4699; x_wconf 90' lang='lat' dir='ltr'><strong>quem</strong></span> <span class='ocrx_word' id='word_1_793' title='bbox 1347 4625 1521 4682; x_wconf 90' lang='lat' dir='ltr'><strong>mittet</strong></span> <span class='ocrx_word' id='word_1_794' title='bbox 1567 4623 1726 4677; x_wconf 77' lang='lat' dir='ltr'><strong>Pater</strong></span> <span class='ocrx_word' id='word_1_795' title='bbox 1769 4622 1821 4676; x_wconf 92' lang='lat' dir='ltr'><strong>in</strong></span> <span class='ocrx_word' id='word_1_796' title='bbox 1848 4611 1902 4673; x_wconf 75' lang='grc' dir='ltr'>Β</span> <span class='ocrx_word' id='word_1_797' title='bbox 1930 4636 2037 4693; x_wconf 62' lang='grc' dir='ltr'><strong>νο,</strong></span> <span class='ocrx_word' id='word_1_798' title='bbox 2076 4611 2255 4691; x_wconf 54' lang='lat' dir='ltr'><strong>amém</strong></span> <span class='ocrx_word' id='word_1_799' title='bbox 2280 4632 2389 4689; x_wconf 68' lang='lat' dir='ltr'><strong>dm</strong></span> <span class='ocrx_word' id='word_1_800' title='bbox 2433 4630 2659 4701; x_wconf 57' lang='lat' dir='ltr'><strong>amicos,</strong></span> <span class='ocrx_word' id='word_1_801' title='bbox 2690 4611 2814 4702; x_wconf 46' lang='lat' dir='ltr'><strong>qd“,</strong></span> <span class='ocrx_word' id='word_1_802' title='bbox 2842 4628 3383 4698; x_wconf 44' lang='lat' dir='ltr'><strong>mum,”</strong></span> <span class='ocrx_word' id='word_1_803' title='bbox 3411 4632 3515 4677; x_wconf 51' lang='grc' dir='ltr'><strong>σε.</strong></span> 
     </span>
    </p>
   </div>
   <div class='ocr_carea' id='block_1_94' title="bbox 243 4720 1829 4799">
    <p class='ocr_par' dir='ltr' id='par_1_94' title="bbox 243 4720 1829 4799">
     <span class='ocr_line' id='line_1_95' title="bbox 243 4720 1829 4799; baseline -0.018 -4"><span class='ocrx_word' id='word_1_804' title='bbox 243 4733 467 4796; x_wconf 86' lang='lat' dir='ltr'><strong>nomine</strong></span> <span class='ocrx_word' id='word_1_805' title='bbox 493 4745 637 4799; x_wconf 84' lang='lat' dir='ltr'><strong>meo,</strong></span> <span class='ocrx_word' id='word_1_806' title='bbox 664 4729 755 4786; x_wconf 90' lang='lat' dir='ltr'><strong>ille</strong></span> <span class='ocrx_word' id='word_1_807' title='bbox 780 4742 875 4784; x_wconf 89' lang='lat' dir='ltr'><strong>vos</strong></span> <span class='ocrx_word' id='word_1_808' title='bbox 900 4722 1113 4782; x_wconf 87' lang='lat' dir='ltr'><strong>docebit</strong></span> <span class='ocrx_word' id='word_1_809' title='bbox 1145 4720 1347 4789; x_wconf 89' lang='lat' dir='ltr'><strong>omnia,</strong></span> <span class='ocrx_word' id='word_1_810' title='bbox 1376 4727 1432 4774; x_wconf 92' lang='lat' dir='ltr'><strong>et</strong></span> <span class='ocrx_word' id='word_1_811' title='bbox 1454 4720 1705 4788; x_wconf 89' lang='lat' dir='ltr'><strong>suggeret</strong></span> <span class='ocrx_word' id='word_1_812' title='bbox 1731 4728 1829 4769; x_wconf 83' lang='lat' dir='ltr'><strong>vo-</strong></span> 
     </span>
    </p>
   </div>
   <div class='ocr_carea' id='block_1_95' title="bbox 243 4804 1827 4896">
    <p class='ocr_par' dir='ltr' id='par_1_95' title="bbox 243 4804 1827 4896">
     <span class='ocr_line' id='line_1_96' title="bbox 243 4804 1827 4896; baseline -0.016 -10"><span class='ocrx_word' id='word_1_813' title='bbox 243 4830 329 4886; x_wconf 87' lang='lat' dir='ltr'><strong>bis</strong></span> <span class='ocrx_word' id='word_1_814' title='bbox 356 4828 531 4885; x_wconf 88' lang='lat' dir='ltr'><strong>omnia</strong></span> <span class='ocrx_word' id='word_1_815' title='bbox 562 4833 894 4896; x_wconf 62' lang='lat' dir='ltr'><strong>quaecunque</strong></span> <span class='ocrx_word' id='word_1_816' title='bbox 931 4818 1117 4872; x_wconf 82' lang='lat' dir='ltr'><strong>dixero</strong></span> <span class='ocrx_word' id='word_1_817' title='bbox 1154 4812 1323 4870; x_wconf 88' lang='lat' dir='ltr'><strong>vobis.</strong></span> <span class='ocrx_word' id='word_1_818' title='bbox 1358 4811 1549 4866; x_wconf 86' lang='lat' dir='ltr'><strong>Pacem</strong></span> <span class='ocrx_word' id='word_1_819' title='bbox 1583 4804 1827 4876; x_wconf 88' lang='lat' dir='ltr'><strong>relinquo</strong></span> 
     </span>
    </p>
   </div>
   <div class='ocr_carea' id='block_1_96' title="bbox 243 4900 1829 4991">
    <p class='ocr_par' dir='ltr' id='par_1_96' title="bbox 243 4900 1829 4991">
     <span class='ocr_line' id='line_1_97' title="bbox 243 4900 1829 4991; baseline -0.015 -13"><span class='ocrx_word' id='word_1_820' title='bbox 243 4923 422 4987; x_wconf 87' lang='lat' dir='ltr'><strong>vobis,</strong></span> <span class='ocrx_word' id='word_1_821' title='bbox 458 4934 641 4991; x_wconf 77' lang='lat' dir='ltr'><strong>pacem</strong></span> <span class='ocrx_word' id='word_1_822' title='bbox 683 4927 856 4973; x_wconf 86' lang='lat' dir='ltr'><strong>meam</strong></span> <span class='ocrx_word' id='word_1_823' title='bbox 899 4910 967 4967; x_wconf 89' lang='lat' dir='ltr'><strong>do</strong></span> <span class='ocrx_word' id='word_1_824' title='bbox 1006 4908 1201 4965; x_wconf 91' lang='lat' dir='ltr'><strong>vobis:</strong></span> <span class='ocrx_word' id='word_1_825' title='bbox 1229 4920 1337 4962; x_wconf 89' lang='lat' dir='ltr'><strong>non</strong></span> <span class='ocrx_word' id='word_1_826' title='bbox 1382 4900 1651 4973; x_wconf 90' lang='lat' dir='ltr'><strong>quomodo</strong></span> <span class='ocrx_word' id='word_1_827' title='bbox 1679 4914 1829 4954; x_wconf 84' lang='lat' dir='ltr'><strong>mun-</strong></span> 
     </span>
    </p>
   </div>
   <div class='ocr_carea' id='block_1_97' title="bbox 247 4998 1827 5081">
    <p class='ocr_par' dir='ltr' id='par_1_97' title="bbox 247 4998 1827 5081">
     <span class='ocr_line' id='line_1_98' title="bbox 247 4998 1827 5081; baseline -0.017 -12"><span class='ocrx_word' id='word_1_828' title='bbox 247 5014 348 5068; x_wconf 87' lang='lat' dir='ltr'><strong>dus</strong></span> <span class='ocrx_word' id='word_1_829' title='bbox 376 5012 485 5077; x_wconf 89' lang='lat' dir='ltr'><strong>dat,</strong></span> <span class='ocrx_word' id='word_1_830' title='bbox 520 5026 619 5081; x_wconf 86' lang='lat' dir='ltr'><strong>ego</strong></span> <span class='ocrx_word' id='word_1_831' title='bbox 666 5007 736 5064; x_wconf 92' lang='lat' dir='ltr'><strong>do</strong></span> <span class='ocrx_word' id='word_1_832' title='bbox 778 5004 950 5061; x_wconf 85' lang='lat' dir='ltr'><strong>vobis.</strong></span> <span class='ocrx_word' id='word_1_833' title='bbox 1000 5001 1117 5055; x_wconf 82' lang='lat' dir='ltr'><strong>Non</strong></span> <span class='ocrx_word' id='word_1_834' title='bbox 1166 4998 1409 5053; x_wconf 91' lang='lat' dir='ltr'><strong>turbetur</strong></span> <span class='ocrx_word' id='word_1_835' title='bbox 1451 5009 1543 5049; x_wconf 91' lang='lat' dir='ltr'><strong>cor</strong></span> <span class='ocrx_word' id='word_1_836' title='bbox 1565 5000 1827 5055; x_wconf 86' lang='lat' dir='ltr'><strong>vestrum,</strong></span> 
     </span>
    </p>
   </div>
   <div class='ocr_carea' id='block_1_98' title="bbox 250 5082 1829 5174">
    <p class='ocr_par' dir='ltr' id='par_1_98' title="bbox 250 5082 1829 5174">
     <span class='ocr_line' id='line_1_99' title="bbox 250 5082 1829 5174; baseline -0.014 -16"><span class='ocrx_word' id='word_1_837' title='bbox 250 5118 425 5174; x_wconf 87' lang='lat' dir='ltr'><strong>neque</strong></span> <span class='ocrx_word' id='word_1_838' title='bbox 453 5100 725 5157; x_wconf 88' lang='lat' dir='ltr'><strong>formidet.</strong></span> <span class='ocrx_word' id='word_1_839' title='bbox 762 5093 1001 5153; x_wconf 81' lang='lat' dir='ltr'><strong>Audistis</strong></span> <span class='ocrx_word' id='word_1_840' title='bbox 1025 5091 1152 5163; x_wconf 88' lang='lat' dir='ltr'><strong>quia</strong></span> <span class='ocrx_word' id='word_1_841' title='bbox 1181 5102 1282 5159; x_wconf 90' lang='lat' dir='ltr'><strong>ego</strong></span> <span class='ocrx_word' id='word_1_842' title='bbox 1307 5085 1418 5142; x_wconf 79' lang='lat' dir='ltr'><strong>dixi</strong></span> <span class='ocrx_word' id='word_1_843' title='bbox 1438 5084 1587 5140; x_wconf 88' lang='lat' dir='ltr'><strong>vobis</strong></span> <span class='ocrx_word' id='word_1_844' title='bbox 1617 5082 1829 5149; x_wconf 73' lang='lat' dir='ltr'><strong>:Vado,</strong></span> 
     </span>
    </p>
   </div>
   <div class='ocr_carea' id='block_1_99' title="bbox 251 5177 1828 5257">
    <p class='ocr_par' dir='ltr' id='par_1_99' title="bbox 251 5177 1828 5257">
     <span class='ocr_line' id='line_1_100' title="bbox 251 5177 1828 5257; baseline -0.014 -5"><span class='ocrx_word' id='word_1_845' title='bbox 251 5206 307 5252; x_wconf 91' lang='lat' dir='ltr'><strong>et</strong></span> <span class='ocrx_word' id='word_1_846' title='bbox 338 5196 498 5252; x_wconf 90' lang='lat' dir='ltr'><strong>venio</strong></span> <span class='ocrx_word' id='word_1_847' title='bbox 528 5194 593 5248; x_wconf 88' lang='lat' dir='ltr'><strong>ad</strong></span> <span class='ocrx_word' id='word_1_848' title='bbox 635 5206 751 5247; x_wconf 89' lang='lat' dir='ltr'><strong>vos.</strong></span> <span class='ocrx_word' id='word_1_849' title='bbox 799 5185 1136 5257; x_wconf 80' lang='lat' dir='ltr'><strong>Si‘diligitis</strong></span> <span class='ocrx_word' id='word_1_850' title='bbox 1187 5196 1297 5247; x_wconf 87' lang='lat' dir='ltr'><strong>me,</strong></span> <span class='ocrx_word' id='word_1_851' title='bbox 1334 5180 1578 5252; x_wconf 88' lang='lat' dir='ltr'><strong>gaudetis</strong></span> <span class='ocrx_word' id='word_1_852' title='bbox 1621 5177 1828 5247; x_wconf 90' lang='lat' dir='ltr'><strong>utique,</strong></span> 
     </span>
    </p>
   </div>
   <div class='ocr_carea' id='block_1_100' title="bbox 254 5271 1843 5358">
    <p class='ocr_par' dir='ltr' id='par_1_100' title="bbox 254 5271 1843 5358">
     <span class='ocr_line' id='line_1_101' title="bbox 254 5271 1843 5358; baseline -0.013 -13"><span class='ocrx_word' id='word_1_853' title='bbox 254 5291 376 5358; x_wconf 88' lang='lat' dir='ltr'><strong>quia</strong></span> <span class='ocrx_word' id='word_1_854' title='bbox 404 5287 542 5344; x_wconf 90' lang='lat' dir='ltr'><strong>vado</strong></span> <span class='ocrx_word' id='word_1_855' title='bbox 565 5285 631 5341; x_wconf 88' lang='lat' dir='ltr'><strong>ad</strong></span> <span class='ocrx_word' id='word_1_856' title='bbox 660 5285 873 5341; x_wconf 85' lang='lat' dir='ltr'><strong>Patrem</strong></span> <span class='ocrx_word' id='word_1_857' title='bbox 900 5298 914 5336; x_wconf 88' lang='lat'><strong>:</strong></span> <span class='ocrx_word' id='word_1_858' title='bbox 944 5280 1067 5352; x_wconf 86' lang='lat' dir='ltr'><strong>quia</strong></span> <span class='ocrx_word' id='word_1_859' title='bbox 1110 5280 1268 5333; x_wconf 85' lang='lat' dir='ltr'><strong>Pater</strong></span> <span class='ocrx_word' id='word_1_860' title='bbox 1307 5273 1478 5344; x_wconf 87' lang='lat' dir='ltr'><strong>major</strong></span> <span class='ocrx_word' id='word_1_861' title='bbox 1504 5288 1591 5328; x_wconf 87' lang='lat' dir='ltr'><strong>me</strong></span> <span class='ocrx_word' id='word_1_862' title='bbox 1629 5280 1733 5327; x_wconf 91' lang='lat' dir='ltr'><strong>est.</strong></span> <span class='ocrx_word' id='word_1_863' title='bbox 1765 5271 1843 5325; x_wconf 72' lang='lat' dir='ltr'><strong>Et</strong></span> 
     </span>
    </p>
   </div>
   <div class='ocr_carea' id='block_1_101' title="bbox 256 5367 1828 5450">
    <p class='ocr_par' dir='ltr' id='par_1_101' title="bbox 256 5367 1828 5450">
     <span class='ocr_line' id='line_1_102' title="bbox 256 5367 1828 5450; baseline -0.011 -12"><span class='ocrx_word' id='word_1_864' title='bbox 256 5397 399 5438; x_wconf 88' lang='lat' dir='ltr'><strong>nunc</strong></span> <span class='ocrx_word' id='word_1_865' title='bbox 426 5381 535 5436; x_wconf 77' lang='lat' dir='ltr'><strong>dixi</strong></span> <span class='ocrx_word' id='word_1_866' title='bbox 561 5379 712 5435; x_wconf 88' lang='lat' dir='ltr'><strong>vobis</strong></span> <span class='ocrx_word' id='word_1_867' title='bbox 732 5380 1037 5450; x_wconf 87' lang='lat' dir='ltr'><strong>priusquam</strong></span> <span class='ocrx_word' id='word_1_868' title='bbox 1061 5375 1174 5444; x_wconf 82' lang='lat' dir='ltr'><strong>ﬁat,</strong></span> <span class='ocrx_word' id='word_1_869' title='bbox 1197 5382 1255 5428; x_wconf 90' lang='lat' dir='ltr'><strong>ut</strong></span> <span class='ocrx_word' id='word_1_870' title='bbox 1273 5386 1394 5427; x_wconf 89' lang='lat' dir='ltr'><strong>cum</strong></span> <span class='ocrx_word' id='word_1_871' title='bbox 1418 5370 1615 5425; x_wconf 84' lang='lat' dir='ltr'><strong>factum</strong></span> <span class='ocrx_word' id='word_1_872' title='bbox 1646 5367 1828 5440; x_wconf 83' lang='lat' dir='ltr'><strong>fuerit,</strong></span> 
     </span>
    </p>
   </div>
   <div class='ocr_carea' id='block_1_102' title="bbox 257 5462 1831 5539">
    <p class='ocr_par' dir='ltr' id='par_1_102' title="bbox 257 5462 1831 5539">
     <span class='ocr_line' id='line_1_103' title="bbox 257 5462 1831 5539; baseline -0.008 -10"><span class='ocrx_word' id='word_1_873' title='bbox 257 5474 507 5530; x_wconf 87' lang='lat' dir='ltr'><strong>credatis.</strong></span> <span class='ocrx_word' id='word_1_874' title='bbox 560 5473 677 5529; x_wconf 88' lang='lat' dir='ltr'><strong>Jam</strong></span> <span class='ocrx_word' id='word_1_875' title='bbox 730 5487 837 5527; x_wconf 86' lang='lat' dir='ltr'><strong>non</strong></span> <span class='ocrx_word' id='word_1_876' title='bbox 880 5470 1041 5525; x_wconf 88' lang='lat' dir='ltr'><strong>multa</strong></span> <span class='ocrx_word' id='word_1_877' title='bbox 1090 5468 1276 5539; x_wconf 88' lang='lat' dir='ltr'><strong>loquar</strong></span> <span class='ocrx_word' id='word_1_878' title='bbox 1323 5464 1595 5521; x_wconf 86' lang='lat' dir='ltr'><strong>vobiscum</strong></span> <span class='ocrx_word' id='word_1_879' title='bbox 1641 5462 1831 5518; x_wconf 88' lang='lat' dir='ltr'><strong>:venit</strong></span> 
     </span>
    </p>
   </div>
   <div class='ocr_carea' id='block_1_103' title="bbox 258 5555 1827 5635">
    <p class='ocr_par' dir='ltr' id='par_1_103' title="bbox 258 5555 1827 5635">
     <span class='ocr_line' id='line_1_104' title="bbox 258 5555 1827 5635; baseline -0.006 -14"><span class='ocrx_word' id='word_1_880' title='bbox 258 5568 401 5621; x_wconf 90' lang='lat' dir='ltr'><strong>enim</strong></span> <span class='ocrx_word' id='word_1_881' title='bbox 450 5567 695 5635; x_wconf 87' lang='lat' dir='ltr'><strong>princeps</strong></span> <span class='ocrx_word' id='word_1_882' title='bbox 746 5561 903 5634; x_wconf 83' lang='lat' dir='ltr'><strong>hujus</strong></span> <span class='ocrx_word' id='word_1_883' title='bbox 938 5561 1144 5628; x_wconf 90' lang='lat' dir='ltr'><strong>mundi,</strong></span> <span class='ocrx_word' id='word_1_884' title='bbox 1190 5569 1244 5616; x_wconf 91' lang='lat' dir='ltr'><strong>et</strong></span> <span class='ocrx_word' id='word_1_885' title='bbox 1284 5560 1339 5613; x_wconf 92' lang='lat' dir='ltr'><strong>in</strong></span> <span class='ocrx_word' id='word_1_886' title='bbox 1382 5570 1468 5613; x_wconf 89' lang='lat' dir='ltr'><strong>me</strong></span> <span class='ocrx_word' id='word_1_887' title='bbox 1516 5571 1624 5611; x_wconf 91' lang='lat' dir='ltr'><strong>non</strong></span> <span class='ocrx_word' id='word_1_888' title='bbox 1667 5555 1827 5611; x_wconf 87' lang='lat' dir='ltr'><strong>habet</strong></span> 
     </span>
    </p>
   </div>
   <div class='ocr_carea' id='block_1_104' title="bbox 259 5648 1830 5728">
    <p class='ocr_par' dir='ltr' id='par_1_104' title="bbox 259 5648 1830 5728">
     <span class='ocr_line' id='line_1_105' title="bbox 259 5648 1830 5728; baseline -0.007 -15"><span class='ocrx_word' id='word_1_889' title='bbox 259 5657 546 5728; x_wconf 86' lang='lat' dir='ltr'><strong>quidquam</strong></span> <span class='ocrx_word' id='word_1_890' title='bbox 590 5674 604 5712; x_wconf 93' lang='lat'>:</span> <span class='ocrx_word' id='word_1_891' title='bbox 644 5656 739 5713; x_wconf 87' lang='lat' dir='ltr'><strong>sed</strong></span> <span class='ocrx_word' id='word_1_892' title='bbox 781 5664 841 5711; x_wconf 90' lang='lat' dir='ltr'><strong>ut</strong></span> <span class='ocrx_word' id='word_1_893' title='bbox 886 5663 1173 5725; x_wconf 87' lang='lat' dir='ltr'><strong>cognoscat</strong></span> <span class='ocrx_word' id='word_1_894' title='bbox 1218 5650 1450 5708; x_wconf 86' lang='lat' dir='ltr'><strong>mundus</strong></span> <span class='ocrx_word' id='word_1_895' title='bbox 1495 5650 1616 5721; x_wconf 86' lang='lat' dir='ltr'><strong>quia</strong></span> <span class='ocrx_word' id='word_1_896' title='bbox 1658 5648 1830 5718; x_wconf 88' lang='lat' dir='ltr'><strong>diligo</strong></span> 
     </span>
    </p>
   </div>
   <div class='ocr_carea' id='block_1_105' title="bbox 259 5740 1833 5822">
    <p class='ocr_par' dir='ltr' id='par_1_105' title="bbox 259 5740 1833 5822">
     <span class='ocr_line' id='line_1_106' title="bbox 259 5740 1833 5822; baseline -0.003 -18"><span class='ocrx_word' id='word_1_897' title='bbox 259 5752 496 5822; x_wconf 78' lang='lat' dir='ltr'><strong>Patrem,</strong></span> <span class='ocrx_word' id='word_1_898' title='bbox 538 5761 592 5810; x_wconf 91' lang='lat' dir='ltr'><strong>et</strong></span> <span class='ocrx_word' id='word_1_899' title='bbox 634 5752 773 5809; x_wconf 89' lang='lat' dir='ltr'><strong>sicut</strong></span> <span class='ocrx_word' id='word_1_900' title='bbox 813 5748 1121 5808; x_wconf 88' lang='lat' dir='ltr'><strong>mandatum</strong></span> <span class='ocrx_word' id='word_1_901' title='bbox 1160 5747 1312 5805; x_wconf 85' lang='lat' dir='ltr'><strong>dedit</strong></span> <span class='ocrx_word' id='word_1_902' title='bbox 1348 5744 1478 5805; x_wconf 90' lang='lat' dir='ltr'><strong>mihi</strong></span> <span class='ocrx_word' id='word_1_903' title='bbox 1523 5743 1700 5813; x_wconf 87' lang='lat' dir='ltr'><strong>Pater,</strong></span> <span class='ocrx_word' id='word_1_904' title='bbox 1751 5740 1833 5800; x_wconf 86' lang='lat' dir='ltr'><strong>sic</strong></span> 
     </span>
    </p>
   </div>
   <div class='ocr_carea' id='block_1_106' title="bbox 263 5842 460 5902">
    <p class='ocr_par' dir='ltr' id='par_1_106' title="bbox 263 5842 460 5902">
     <span class='ocr_line' id='line_1_107' title="bbox 263 5842 460 5902; baseline 0.02 -4"><span class='ocrx_word' id='word_1_905' title='bbox 263 5842 416 5902; x_wconf 84' lang='lat' dir='ltr'><strong>facio.</strong></span> <span class='ocrx_word' id='word_1_906' title='bbox 455 5872 460 5878; x_wconf 86' lang='lat'><strong>-</strong></span> 
     </span>
    </p>
   </div>
   <div class='ocr_carea' id='block_1_107' title="bbox 1926 4712 3514 4791">
    <p class='ocr_par' dir='ltr' id='par_1_107' title="bbox 1926 4712 3514 4791">
     <span class='ocr_line' id='line_1_108' title="bbox 1926 4712 3514 4791; baseline -0.01 -7"><span class='ocrx_word' id='word_1_907' title='bbox 1926 4726 2033 4785; x_wconf 91' lang='lat' dir='ltr'><strong>divi</strong></span> <span class='ocrx_word' id='word_1_908' title='bbox 2060 4740 2091 4784; x_wconf 86' lang='lat' dir='ltr'><strong>a</strong></span> <span class='ocrx_word' id='word_1_909' title='bbox 2118 4726 2276 4782; x_wconf 88' lang='lat' dir='ltr'><strong>Patre</strong></span> <span class='ocrx_word' id='word_1_910' title='bbox 2304 4734 2447 4791; x_wconf 86' lang='lat' dir='ltr'><strong>meo,</strong></span> <span class='ocrx_word' id='word_1_911' title='bbox 2476 4731 2603 4779; x_wconf 84' lang='lat' dir='ltr'><strong>nota</strong></span> <span class='ocrx_word' id='word_1_912' title='bbox 2629 4721 2731 4781; x_wconf 75' lang='lat' dir='ltr'><strong>feci</strong></span> <span class='ocrx_word' id='word_1_913' title='bbox 2768 4720 2940 4778; x_wconf 83' lang='lat' dir='ltr'><strong>vobis.</strong></span> <span class='ocrx_word' id='word_1_914' title='bbox 2966 4719 3084 4776; x_wconf 84' lang='lat' dir='ltr'><strong>Non</strong></span> <span class='ocrx_word' id='word_1_915' title='bbox 3107 4729 3213 4773; x_wconf 69' lang='lat' dir='ltr'><strong>vos</strong></span> <span class='ocrx_word' id='word_1_916' title='bbox 3233 4729 3323 4771; x_wconf 81' lang='lat' dir='ltr'><strong>me</strong></span> <span class='ocrx_word' id='word_1_917' title='bbox 3342 4712 3514 4783; x_wconf 81' lang='lat' dir='ltr'><strong>elegi-</strong></span> 
     </span>
    </p>
   </div>
   <div class='ocr_carea' id='block_1_108' title="bbox 1928 4805 3515 4889">
    <p class='ocr_par' dir='ltr' id='par_1_108' title="bbox 1928 4805 3515 4889">
     <span class='ocr_line' id='line_1_109' title="bbox 1928 4805 3515 4889; baseline -0.011 -12"><span class='ocrx_word' id='word_1_918' title='bbox 1928 4820 2047 4888; x_wconf 87' lang='lat' dir='ltr'><strong>stis,</strong></span> <span class='ocrx_word' id='word_1_919' title='bbox 2082 4818 2175 4876; x_wconf 87' lang='lat' dir='ltr'><strong>sed</strong></span> <span class='ocrx_word' id='word_1_920' title='bbox 2220 4830 2321 4889; x_wconf 89' lang='lat' dir='ltr'><strong>ego</strong></span> <span class='ocrx_word' id='word_1_921' title='bbox 2360 4816 2496 4889; x_wconf 88' lang='lat' dir='ltr'><strong>elegi</strong></span> <span class='ocrx_word' id='word_1_922' title='bbox 2523 4828 2657 4883; x_wconf 87' lang='lat' dir='ltr'><strong>vos;</strong></span> <span class='ocrx_word' id='word_1_923' title='bbox 2724 4821 2781 4871; x_wconf 88' lang='lat' dir='ltr'><strong>et</strong></span> <span class='ocrx_word' id='word_1_924' title='bbox 2809 4812 2965 4885; x_wconf 78' lang='lat' dir='ltr'><strong>posui</strong></span> <span class='ocrx_word' id='word_1_925' title='bbox 2987 4822 3106 4878; x_wconf 83' lang='lat' dir='ltr'><strong>vos,</strong></span> <span class='ocrx_word' id='word_1_926' title='bbox 3161 4817 3219 4864; x_wconf 90' lang='lat' dir='ltr'><strong>ut</strong></span> <span class='ocrx_word' id='word_1_927' title='bbox 3255 4805 3412 4870; x_wconf 77' lang='lat' dir='ltr'><strong>eatis,</strong></span> <span class='ocrx_word' id='word_1_928' title='bbox 3452 4812 3515 4859; x_wconf 81' lang='lat' dir='ltr'><strong>es</strong></span> 
     </span>
    </p>
   </div>
   <div class='ocr_carea' id='block_1_109' title="bbox 1928 4898 3511 4976">
    <p class='ocr_par' dir='ltr' id='par_1_109' title="bbox 1928 4898 3511 4976">
     <span class='ocr_line' id='line_1_110' title="bbox 1928 4898 3511 4976; baseline -0.011 -7"><span class='ocrx_word' id='word_1_929' title='bbox 1928 4914 2160 4969; x_wconf 79' lang='lat' dir='ltr'><strong>fructum</strong></span> <span class='ocrx_word' id='word_1_930' title='bbox 2212 4909 2486 4976; x_wconf 73' lang='lat' dir='ltr'><strong>efferatis,</strong></span> <span class='ocrx_word' id='word_1_931' title='bbox 2551 4917 2607 4966; x_wconf 89' lang='lat' dir='ltr'><strong>et</strong></span> <span class='ocrx_word' id='word_1_932' title='bbox 2654 4908 2855 4964; x_wconf 82' lang='lat' dir='ltr'><strong>fructus</strong></span> <span class='ocrx_word' id='word_1_933' title='bbox 2906 4914 3091 4963; x_wconf 73' lang='lat' dir='ltr'><strong>vester</strong></span> <span class='ocrx_word' id='word_1_934' title='bbox 3141 4898 3357 4957; x_wconf 69' lang='lat' dir='ltr'><strong>maneat</strong></span> <span class='ocrx_word' id='word_1_935' title='bbox 3402 4906 3511 4957; x_wconf 73' lang='grc' dir='ltr'><strong>ειη</strong></span> 
     </span>
    </p>
   </div>
   <div class='ocr_carea' id='block_1_110' title="bbox 1931 4992 3517 5076">
    <p class='ocr_par' dir='ltr' id='par_1_110' title="bbox 1931 4992 3517 5076">
     <span class='ocr_line' id='line_1_111' title="bbox 1931 4992 3517 5076; baseline -0.008 -17"><span class='ocrx_word' id='word_1_936' title='bbox 1931 5003 2285 5076; x_wconf 88' lang='lat' dir='ltr'><strong>quodcunque</strong></span> <span class='ocrx_word' id='word_1_937' title='bbox 2313 5002 2578 5072; x_wconf 86' lang='lat' dir='ltr'><strong>petieritis</strong></span> <span class='ocrx_word' id='word_1_938' title='bbox 2623 5000 2833 5057; x_wconf 87' lang='lat' dir='ltr'><strong>Patrem</strong></span> <span class='ocrx_word' id='word_1_939' title='bbox 2858 5000 2913 5054; x_wconf 88' lang='lat' dir='ltr'><strong>in</strong></span> <span class='ocrx_word' id='word_1_940' title='bbox 2956 4996 3177 5054; x_wconf 81' lang='lat' dir='ltr'><strong>nomine</strong></span> <span class='ocrx_word' id='word_1_941' title='bbox 3221 5009 3377 5060; x_wconf 87' lang='lat' dir='ltr'><strong>meo,</strong></span> <span class='ocrx_word' id='word_1_942' title='bbox 3420 4992 3517 5047; x_wconf 73' lang='lat' dir='ltr'><strong>det</strong></span> 
     </span>
    </p>
   </div>
   <div class='ocr_carea' id='block_1_111' title="bbox 1935 5084 3513 5161">
    <p class='ocr_par' dir='ltr' id='par_1_111' title="bbox 1935 5084 3513 5161">
     <span class='ocr_line' id='line_1_112' title="bbox 1935 5084 3513 5161; baseline -0.008 -10"><span class='ocrx_word' id='word_1_943' title='bbox 1935 5097 2108 5153; x_wconf 88' lang='lat' dir='ltr'><strong>vobis.</strong></span> <span class='ocrx_word' id='word_1_944' title='bbox 2143 5096 2269 5151; x_wconf 67' lang='lat' dir='ltr'><strong>Herc</strong></span> <span class='ocrx_word' id='word_1_945' title='bbox 2314 5094 2512 5149; x_wconf 91' lang='lat' dir='ltr'><strong>mando</strong></span> <span class='ocrx_word' id='word_1_946' title='bbox 2553 5093 2740 5161; x_wconf 85' lang='lat' dir='ltr'><strong>vobis,</strong></span> <span class='ocrx_word' id='word_1_947' title='bbox 2783 5100 2842 5147; x_wconf 90' lang='lat' dir='ltr'><strong>ut</strong></span> <span class='ocrx_word' id='word_1_948' title='bbox 2879 5090 3117 5161; x_wconf 82' lang='lat' dir='ltr'><strong>diligatis</strong></span> <span class='ocrx_word' id='word_1_949' title='bbox 3164 5088 3415 5143; x_wconf 89' lang='lat' dir='ltr'><strong>invicem.</strong></span> <span class='ocrx_word' id='word_1_950' title='bbox 3454 5084 3513 5139; x_wconf 84' lang='lat' dir='ltr'><strong>Si</strong></span> 
     </span>
    </p>
   </div>
   <div class='ocr_carea' id='block_1_112' title="bbox 1940 5174 3516 5259">
    <p class='ocr_par' dir='ltr' id='par_1_112' title="bbox 1940 5174 3516 5259">
     <span class='ocr_line' id='line_1_113' title="bbox 1940 5174 3516 5259; baseline -0.013 -10"><span class='ocrx_word' id='word_1_951' title='bbox 1940 5190 2170 5249; x_wconf 89' lang='lat' dir='ltr'><strong>mundus</strong></span> <span class='ocrx_word' id='word_1_952' title='bbox 2196 5202 2293 5247; x_wconf 90' lang='lat' dir='ltr'><strong>vos</strong></span> <span class='ocrx_word' id='word_1_953' title='bbox 2321 5190 2464 5256; x_wconf 86' lang='lat' dir='ltr'><strong>odit,</strong></span> <span class='ocrx_word' id='word_1_954' title='bbox 2493 5189 2685 5245; x_wconf 89' lang='lat' dir='ltr'><strong>scitote</strong></span> <span class='ocrx_word' id='word_1_955' title='bbox 2700 5187 2823 5259; x_wconf 89' lang='lat' dir='ltr'><strong>quia</strong></span> <span class='ocrx_word' id='word_1_956' title='bbox 2844 5200 2931 5242; x_wconf 89' lang='lat' dir='ltr'><strong>me</strong></span> <span class='ocrx_word' id='word_1_957' title='bbox 2952 5182 3187 5257; x_wconf 85' lang='lat' dir='ltr'><strong>priorem</strong></span> <span class='ocrx_word' id='word_1_958' title='bbox 3213 5179 3365 5236; x_wconf 90' lang='lat' dir='ltr'><strong>vobis</strong></span> <span class='ocrx_word' id='word_1_959' title='bbox 3386 5174 3516 5229; x_wconf 73' lang='lat' dir='ltr'><strong>odio</strong></span> 
     </span>
    </p>
   </div>
   <div class='ocr_carea' id='block_1_113' title="bbox 1936 5270 3516 5349">
    <p class='ocr_par' dir='ltr' id='par_1_113' title="bbox 1936 5270 3516 5349">
     <span class='ocr_line' id='line_1_114' title="bbox 1936 5270 3516 5349; baseline -0.013 -7"><span class='ocrx_word' id='word_1_960' title='bbox 1936 5284 2141 5342; x_wconf 82' lang='lat' dir='ltr'><strong>habuit.</strong></span> <span class='ocrx_word' id='word_1_961' title='bbox 2183 5283 2242 5341; x_wconf 89' lang='lat' dir='ltr'><strong>Si</strong></span> <span class='ocrx_word' id='word_1_962' title='bbox 2285 5283 2354 5339; x_wconf 88' lang='lat' dir='ltr'><strong>de</strong></span> <span class='ocrx_word' id='word_1_963' title='bbox 2397 5281 2597 5337; x_wconf 88' lang='lat' dir='ltr'><strong>mundo</strong></span> <span class='ocrx_word' id='word_1_964' title='bbox 2637 5280 2895 5349; x_wconf 85' lang='lat' dir='ltr'><strong>fuissetis,</strong></span> <span class='ocrx_word' id='word_1_965' title='bbox 2926 5276 3159 5336; x_wconf 89' lang='lat' dir='ltr'><strong>mundus</strong></span> <span class='ocrx_word' id='word_1_966' title='bbox 3185 5270 3329 5343; x_wconf 80' lang='lat' dir='ltr'><strong>quod</strong></span> <span class='ocrx_word' id='word_1_967' title='bbox 3356 5281 3516 5324; x_wconf 85' lang='lat' dir='ltr'><strong>suum</strong></span> 
     </span>
    </p>
   </div>
   <div class='ocr_carea' id='block_1_114' title="bbox 1935 5358 3517 5446">
    <p class='ocr_par' dir='ltr' id='par_1_114' title="bbox 1935 5358 3517 5446">
     <span class='ocr_line' id='line_1_115' title="bbox 1935 5358 3517 5446; baseline -0.013 -13"><span class='ocrx_word' id='word_1_968' title='bbox 1935 5386 2069 5445; x_wconf 80' lang='lat' dir='ltr'><strong>erat,</strong></span> <span class='ocrx_word' id='word_1_969' title='bbox 2102 5372 2384 5446; x_wconf 86' lang='lat' dir='ltr'><strong>diligeret:</strong></span> <span class='ocrx_word' id='word_1_970' title='bbox 2413 5373 2540 5443; x_wconf 86' lang='lat' dir='ltr'><strong>quia</strong></span> <span class='ocrx_word' id='word_1_971' title='bbox 2569 5386 2701 5429; x_wconf 90' lang='lat' dir='ltr'><strong>vero</strong></span> <span class='ocrx_word' id='word_1_972' title='bbox 2726 5372 2797 5427; x_wconf 83' lang='lat' dir='ltr'><strong>de</strong></span> <span class='ocrx_word' id='word_1_973' title='bbox 2822 5369 3027 5427; x_wconf 87' lang='lat' dir='ltr'><strong>mundo</strong></span> <span class='ocrx_word' id='word_1_974' title='bbox 3074 5381 3181 5424; x_wconf 90' lang='lat' dir='ltr'><strong>non</strong></span> <span class='ocrx_word' id='word_1_975' title='bbox 3225 5363 3389 5426; x_wconf 85' lang='lat' dir='ltr'><strong>estis,</strong></span> <span class='ocrx_word' id='word_1_976' title='bbox 3420 5358 3517 5414; x_wconf 81' lang='lat' dir='ltr'><strong>sed</strong></span> 
     </span>
    </p>
   </div>
   <div class='ocr_carea' id='block_1_115' title="bbox 1937 5451 3515 5540">
    <p class='ocr_par' dir='ltr' id='par_1_115' title="bbox 1937 5451 3515 5540">
     <span class='ocr_line' id='line_1_116' title="bbox 1937 5451 3515 5540; baseline -0.013 -13"><span class='ocrx_word' id='word_1_977' title='bbox 1937 5481 2038 5540; x_wconf 86' lang='lat' dir='ltr'><strong>ego</strong></span> <span class='ocrx_word' id='word_1_978' title='bbox 2066 5467 2202 5537; x_wconf 90' lang='lat' dir='ltr'><strong>elegi</strong></span> <span class='ocrx_word' id='word_1_979' title='bbox 2233 5478 2329 5521; x_wconf 89' lang='lat' dir='ltr'><strong>vos</strong></span> <span class='ocrx_word' id='word_1_980' title='bbox 2354 5465 2425 5521; x_wconf 89' lang='lat' dir='ltr'><strong>de</strong></span> <span class='ocrx_word' id='word_1_981' title='bbox 2446 5463 2672 5530; x_wconf 89' lang='lat' dir='ltr'><strong>mundo,</strong></span> <span class='ocrx_word' id='word_1_982' title='bbox 2698 5470 2982 5534; x_wconf 84' lang='lat' dir='ltr'><strong>propterea</strong></span> <span class='ocrx_word' id='word_1_983' title='bbox 3004 5459 3120 5515; x_wconf 93' lang='lat' dir='ltr'><strong>odit</strong></span> <span class='ocrx_word' id='word_1_984' title='bbox 3144 5470 3240 5513; x_wconf 90' lang='lat' dir='ltr'><strong>vos</strong></span> <span class='ocrx_word' id='word_1_985' title='bbox 3258 5451 3515 5509; x_wconf 82' lang='lat' dir='ltr'><strong>mundus.</strong></span> 
     </span>
    </p>
   </div>
   <div class='ocr_carea' id='block_1_116' title="bbox 1939 5545 3516 5628">
    <p class='ocr_par' dir='ltr' id='par_1_116' title="bbox 1939 5545 3516 5628">
     <span class='ocr_line' id='line_1_117' title="bbox 1939 5545 3516 5628; baseline -0.011 -10"><span class='ocrx_word' id='word_1_986' title='bbox 1939 5562 2260 5618; x_wconf 79' lang='lat' dir='ltr'><strong>Mementote</strong></span> <span class='ocrx_word' id='word_1_987' title='bbox 2278 5558 2545 5615; x_wconf 90' lang='lat' dir='ltr'><strong>sermonis</strong></span> <span class='ocrx_word' id='word_1_988' title='bbox 2577 5557 2704 5625; x_wconf 90' lang='lat' dir='ltr'><strong>mei,</strong></span> <span class='ocrx_word' id='word_1_989' title='bbox 2735 5571 2893 5628; x_wconf 88' lang='lat' dir='ltr'><strong>quem</strong></span> <span class='ocrx_word' id='word_1_990' title='bbox 2915 5568 3016 5627; x_wconf 82' lang='lat' dir='ltr'><strong>ego</strong></span> <span class='ocrx_word' id='word_1_991' title='bbox 3042 5553 3151 5610; x_wconf 77' lang='lat' dir='ltr'><strong>disi</strong></span> <span class='ocrx_word' id='word_1_992' title='bbox 3179 5550 3368 5606; x_wconf 81' lang='lat' dir='ltr'><strong>vobis:</strong></span> <span class='ocrx_word' id='word_1_993' title='bbox 3394 5545 3516 5601; x_wconf 72' lang='lat' dir='ltr'><strong>Non</strong></span> 
     </span>
    </p>
   </div>
   <div class='ocr_carea' id='block_1_117' title="bbox 1936 5646 3514 5722">
    <p class='ocr_par' dir='ltr' id='par_1_117' title="bbox 1936 5646 3514 5722">
     <span class='ocr_line' id='line_1_118' title="bbox 1936 5646 3514 5722; baseline -0.01 -11"><span class='ocrx_word' id='word_1_994' title='bbox 1936 5665 2021 5712; x_wconf 89' lang='lat' dir='ltr'><strong>est</strong></span> <span class='ocrx_word' id='word_1_995' title='bbox 2046 5667 2235 5711; x_wconf 89' lang='lat' dir='ltr'><strong>servus</strong></span> <span class='ocrx_word' id='word_1_996' title='bbox 2262 5650 2436 5722; x_wconf 87' lang='lat' dir='ltr'><strong>major</strong></span> <span class='ocrx_word' id='word_1_997' title='bbox 2465 5649 2685 5707; x_wconf 88' lang='lat' dir='ltr'><strong>domino</strong></span> <span class='ocrx_word' id='word_1_998' title='bbox 2710 5661 2829 5707; x_wconf 81' lang='lat' dir='ltr'><strong>suo.</strong></span> <span class='ocrx_word' id='word_1_999' title='bbox 2861 5648 2918 5705; x_wconf 85' lang='lat' dir='ltr'><strong>Si</strong></span> <span class='ocrx_word' id='word_1_1000' title='bbox 2948 5660 3035 5704; x_wconf 83' lang='lat' dir='ltr'><strong>me</strong></span> <span class='ocrx_word' id='word_1_1001' title='bbox 3058 5646 3324 5718; x_wconf 68' lang='lat' dir='ltr'><strong>persecuti</strong></span> <span class='ocrx_word' id='word_1_1002' title='bbox 3364 5648 3514 5709; x_wconf 74' lang='lat' dir='ltr'><strong>ml,</strong></span> 
     </span>
    </p>
   </div>
   <div class='ocr_carea' id='block_1_118' title="bbox 1938 5743 3514 5817">
    <p class='ocr_par' dir='ltr' id='par_1_118' title="bbox 1938 5743 3514 5817">
     <span class='ocr_line' id='line_1_119' title="bbox 1938 5743 3514 5817; baseline -0.008 -13"><span class='ocrx_word' id='word_1_1003' title='bbox 1938 5757 1996 5804; x_wconf 88' lang='lat' dir='ltr'><strong>et</strong></span> <span class='ocrx_word' id='word_1_1004' title='bbox 2025 5759 2122 5802; x_wconf 88' lang='lat' dir='ltr'><strong>vos</strong></span> <span class='ocrx_word' id='word_1_1005' title='bbox 2152 5752 2565 5817; x_wconf 86' lang='lat' dir='ltr'><strong>persequentur:</strong></span> <span class='ocrx_word' id='word_1_1006' title='bbox 2614 5743 2662 5799; x_wconf 87' lang='lat' dir='ltr'><strong>si</strong></span> <span class='ocrx_word' id='word_1_1007' title='bbox 2709 5756 3015 5800; x_wconf 75' lang='lat' dir='ltr'><strong>sermonem</strong></span> <span class='ocrx_word' id='word_1_1008' title='bbox 3058 5755 3235 5799; x_wconf 86' lang='lat' dir='ltr'><strong>meum</strong></span> <span class='ocrx_word' id='word_1_1009' title='bbox 3264 5751 3514 5797; x_wconf 76' lang='lat' dir='ltr'><strong>servave-</strong></span> 
     </span>
    </p>
   </div>
   <div class='ocr_carea' id='block_1_119' title="bbox 1945 5834 3517 5910">
    <p class='ocr_par' dir='ltr' id='par_1_119' title="bbox 1945 5834 3517 5910">
     <span class='ocr_line' id='line_1_120' title="bbox 1945 5834 3517 5910; baseline -0.004 -9"><span class='ocrx_word' id='word_1_1010' title='bbox 1945 5847 2095 5910; x_wconf 90' lang='lat' dir='ltr'><strong>runt,</strong></span> <span class='ocrx_word' id='word_1_1011' title='bbox 2117 5849 2176 5898; x_wconf 84' lang='lat' dir='ltr'><strong>et</strong></span> <span class='ocrx_word' id='word_1_1012' title='bbox 2199 5846 2439 5898; x_wconf 85' lang='lat' dir='ltr'><strong>vestrum</strong></span> <span class='ocrx_word' id='word_1_1013' title='bbox 2468 5835 2778 5900; x_wconf 78' lang='lat' dir='ltr'><strong>servabunt.</strong></span> <span class='ocrx_word' id='word_1_1014' title='bbox 2806 5836 2914 5899; x_wconf 77' lang='lat' dir='ltr'><strong>Sed</strong></span> <span class='ocrx_word' id='word_1_1015' title='bbox 2960 5838 3077 5900; x_wconf 68' lang='grc' dir='ltr'><strong>Ιιωο</strong></span> <span class='ocrx_word' id='word_1_1016' title='bbox 3112 5835 3293 5898; x_wconf 68' lang='lat' dir='ltr'><strong>omnis</strong></span> <span class='ocrx_word' id='word_1_1017' title='bbox 3316 5834 3517 5895; x_wconf 64' lang='lat' dir='ltr'><strong>facient</strong></span> 
     </span>
    </p>
   </div>
  </div>
