4038 6356
517 341 624 401 3ιὸ

1651 337 1965 398 VICTORIS
2001 341 2307 404 EPISCOPI
2345 339 2640 399 CAPUANl

3676 347 3790 402 544

506 430 674 515 ιπνοιῆς
714 465 937 529 propter
959 452 1388 513 nomen-meum:
1421 454 1544 525 quia
1589 454 1834 510 nesciunt
1862 470 1984 511 eum
2005 454 2094 524 qui
2121 457 2178 517 Α
2199 453 2346 509 dabit
2372 455 2543 509 vobis.
2575 453 2756 524 Usque
2791 453 2950 509 modo
2982 451 3108 510 non'
3136 453 3372 523 petiistis
3403 453 3693 526 quidquam
3732 460 3797 516 in

519 550 671 608 misit
697 564 803 605 me.
843 550 901 605 Si
937 564 1044 604 non
1073 549 1362 613 venissem,
1408 554 1466 602 et
1506 547 1716 602 locutus
1746 547 1962 604 fuissem
1987 548 2095 615 eis,

522 653 802 714 peccatum
842 659 949 699 non
988 643 1278 698 haberent:
1309 656 1448 696 nunc
1487 648 1664 695 autem
1693 642 2098 697 excusationem

520 753 628 791 non
663 736 858 792 habent
886 737 951 789 de
983 744 1200 803 peccato
1228 748 1346 787 suo.
1381 732 1479 799 Qui
1510 748 1596 788 me
1626 734 1770 800 odit,
1803 741 1857 789 et
1886 732 2099 789 Patrem

525 846 702 887 meum
730 829 859 883 odit.
894 827 948 881 Si
979 843 1140 895 opera
1183 841 1288 880 non
1315 825 1560 881 fecissem
1587 826 1640 880 in
1665 826 1745 881 eis
1774 840 1891 893 qua:
1941 839 2102 880 nemo

523 924 660 978 alius
707 922 850 990 fecit,
904 928 1178 989 peccatum
1213 934 1319 972 non
1348 918 1642 974 baberent:
1673 934 1813 974 nunc
1840 926 2018 973 autem
2045 926 2098 972 et

523 1015 806 1080 viderunt,
839 1020 893 1067 et
919 1013 1151 1067 oderunt
1197 1023 1250 1066 et
1292 1027 1379 1066 me
1429 1021 1484 1066 et
1513 1012 1723 1067 Patrem
1763 1026 1961 1067 meum.
1991 1010 2099 1067 Sed

520 1119 578 1163 ut
609 1108 892 1176 impleatur
924 1120 1104 1160 sermo
1151 1106 1239 1176 qui
1282 1106 1334 1160 in
1365 1106 1480 1176 lege
1508 1120 1692 1161 eorum
1723 1104 1952 1174 scriptus
1975 1113 2095 1159 est:

517 1199 651 1267 Quia
681 1199 802 1252 odio
827 1198 1128 1253 habuerunt
1158 1213 1243 1252 me
1264 1198 1430 1268 gratis
1461 1196 1633 1267 (Psal.
1656 1212 1796 1262 xxxv,
1820 1195 1932 1265 19).
1963 1194 2097 1250 Cum

517 1300 695 1347 autem
728 1291 935 1346 venerit
964 1291 1294 1356 Paraclelus,
1327 1304 1483 1360 quem
1524 1304 1624 1360 ego
1653 1289 1858 1344 mittam
1888 1288 2042 1344 vobis
2065 1301 2098 1343 a

516 1384 700 1450 Patre,
734 1383 990 1454 Spiritum
1042 1383 1282 1438 veritatis
1329 1383 1420 1452 qui
1457 1397 1486 1436 a
1529 1382 1684 1438 Patre
1714 1380 1976 1451 procedit,
2009 1381 2097 1447 ille

516 1475 882 1531 testimonium
917 1473 1218 1542 perhibebit
1244 1472 1312 1528 de
1364 1488 1450 1528 me
1484 1491 1495 1527 :
1536 1481 1589 1527 et
1618 1487 1713 1527 vos
1738 1470 2098 1528 testimonium

514 1571 868 1642 perhibebitis
885 1610 902 1637 ,
930 1569 1052 1640 quia
1074 1569 1141 1624 ah
1163 1568 1311 1624 initio
1333 1584 1540 1626 mecum
1561 1570 1952 1625 estis—loss.
1977 1585 2062 1625 xv1
2083 1607 2099 1636 ,

502 1665 692 1730 1-33.
716 1663 842 1718 llaec
864 1663 1073 1719 locutus
1098 1676 1214 1718 sum
1240 1664 1412 1731 vobis,
1439 1672 1494 1719 ut
1514 1679 1621 1719 non
1648 1663 2102 1719 scandalizemini.

503 1775 508 1786 ε
525 1758 746 1826 Absque
759 1758 1042 1827 synagogis
1061 1757 1256 1812 facient
1275 1771 1388 1812 vos.
1405 1756 1509 1813 Sed
1529 1756 1672 1812 venit
1688 1757 1839 1822 hora,
1857 1765 1913 1810 ut
1930 1757 2103 1811 omnis

2209 545 2425 601 nomine
2451 561 2593 602 meo.
2628 545 2795 602 Petito
2824 557 2880 602 et
2898 547 3193 617 accipietis,
3213 549 3532 619 utgaudium
3550 562 3793 608 vestrum

2207 639 2423 708 plenum
2455 639 2546 694 sit.
2575 639 2702 695 Haec
2747 640 2800 694 in
2850 641 3145 710 proverbiis
3188 641 3394 698 locutus
3443 659 3562 700 sum
3612 648 3794 705 vobis.

2208 729 2369 786 Venit
2395 732 2527 787 hora
2557 746 2678 786 cum
2705 731 2817 802 jam
2844 747 2952 789 non
2982 734 3034 788 in
3064 735 3362 805 proverbiis
3391 737 3577 806 loquar
3605 742 3792 810 vobis,

2205 821 2302 876 sed
2329 821 2502 891 palam
2533 823 2600 878 de
2631 823 2788 880 Patre
2812 825 3140 881 annuntiabo
3171 827 3346 881 vobis.
3378 827 3475 883 lllo
3503 829 3592 886 die
3617 832 3668 886 in
3695 849 3790 887 no-

2206 915 2349 970 mine
2373 931 2494 970 meo
2521 918 2732 986 petetis.
2763 917 2831 972 Et
2858 933 2964 974 non
2988 920 3108 974 dico
3135 919 3284 976 vobis
3305 921 3430 992 quia
3470 939 3569 993 ego
3592 926 3794 995 rogabo

2205 1009 2419 1065 Patrem
2442 1009 2510 1064 de
2531 1010 2684 1065 vobis
2709 1027 2722 1064 :
2757 1012 2871 1079 ipse
2899 1011 3038 1065 enim
3061 1011 3222 1068 Pater
3246 1023 3390 1067 amat
3411 1028 3525 1080 vos,
3555 1017 3679 1084 quia
3698 1031 3796 1070 vos

2207 1117 2295 1160 me
2343 1103 2581 1168 amastis,
2634 1112 2687 1158 et
2732 1103 3040 1158 credidistis
3087 1104 3212 1172 quia
3265 1119 3365 1172 ego
3402 1118 3434 1158 a
3473 1105 3584 1160 Deo
3625 1106 3791 1160 exivi.

2209 1194 2356 1254 Exivi
2383 1208 2412 1247 a
2441 1194 2619 1262 Patre,
2652 1204 2706 1248 et
2735 1195 2856 1251 veni
2883 1195 2939 1248 in
2975 1194 3231 1249 mundum
3260 1214 3272 1248 :
3306 1197 3495 1252 iterum
3549 1191 3794 1266 relinquo

2205 1287 2483 1354 mundum,
2522 1296 2578 1343 et
2607 1287 2742 1342 vado
2796 1287 2863 1343 ad
2917 1288 3149 1344 Patrem.
3203 1291 3396 1346 Dicunt
3419 1293 3470 1346 ei
3500 1291 3792 1361 discipuli:

2204 1379 2349 1437 Ecce
2391 1394 2532 1435 nunc
2581 1379 2754 1448 palam
2797 1380 3054 1450 loqueris,
3097 1390 3154 1437 et
3197 1384 3537 1452 proverbium
3584 1386 3790 1441 nullum

2209 1469 2364 1527 dicis.
2397 1471 2549 1526 Nunc
2571 1471 2770 1528 scimus
2799 1472 2926 1542 quia
2952 1472 3058 1528 scis
3086 1477 3286 1541 omnia,
3320 1485 3375 1531 et
3408 1492 3514 1532 non
3545 1489 3631 1534 est
3659 1493 3792 1548 opus

2207 1562 2326 1630 tibi,
2357 1570 2416 1618 ut
2458 1563 2578 1632 quis
2623 1571 2675 1618 te
2703 1564 3026 1635 interroget:
3056 1567 3112 1621 in
3143 1567 3246 1622 hoc
3274 1568 3544 1624 credimus
3567 1611 3582 1636 ,
3609 1570 3728 1640 quia
3757 1587 3790 1626 a

2208 1655 2319 1712 Deo
2348 1657 2544 1713 exiisti.
2565 1657 2859 1728 Respondit
2883 1660 2962 1716 eis
2985 1659 3138 1717 Jesus
3164 1680 3176 1714 :
3202 1662 3358 1718 Modo
3377 1665 3633 1721 creditis?
3654 1666 3789 1722 Ecce

2208 1749 2354 1804 venit
2376 1749 2527 1817 hora,
2551 1759 2605 1805 et
2623 1751 2731 1820 jam
2751 1751 2917 1820 venit,
2937 1761 2996 1808 ut
3015 1753 3398 1824 dispergamini
3420 1757 3787 1826 unusquisque

519 1849 612 1918 qui
641 1849 889 1902 interficit
911 1864 1008 1905 vos
1029 1891 1043 1914 ,
1089 1850 1379 1905 arbitretur
1406 1849 1723 1920 obsequium
1750 1864 1811 1906 se
1845 1858 2100 1918 prmstare
2129 1839 2178 1900 B
2205 1841 2257 1898 in
2288 1844 2498 1914 propria
2519 1885 2532 1910 ,
2578 1853 2634 1899 et
2663 1859 2750 1900 me
2800 1846 2980 1902 solum
3027 1848 3354 1918 relinquatis
3384 1865 3396 1902 :
3432 1858 3488 1904 et
3530 1864 3637 1904 non
3671 1865 3786 1906 sum

523 1939 660 1994 Deo.
686 1938 752 1993 Et
777 1940 892 1995 haec
917 1939 1111 1996 facient
1133 1941 1302 2007 vobis,
1323 1943 1446 2011 quia
1465 1957 1571 1996 non
1591 1941 2096 2008 noveruntPatrem,

525 2046 701 2100 neque
719 2046 824 2087 me.
844 2032 948 2087 Sed
966 2034 1079 2088 haec
1107 2033 1316 2089 loeutus
1343 2048 1460 2089 sum
1482 2033 1656 2098 vobis,
1679 2041 1869 2088 utcum
1893 2033 2101 2089 venerit

518 2124 680 2192 hora,
698 2139 882 2179 eorum
906 2125 1343 2193 reminiscamini,
1379 2127 1499 2196 quia
1521 2140 1620 2196 ego
1637 2125 1743 2180 dixi
1771 2124 1942 2180 vobis.
1974 2125 2100 2181 llaec

519 2225 700 2270 autem
728 2215 879 2270 vobis
910 2216 978 2272 ab
1008 2216 1160 2272 initio
1188 2232 1294 2272 non
1323 2217 1463 2284 dixi,
1487 2218 1612 2287 quia
1628 2217 1901 2272 vobiscum
1927 2230 2095 2271 eram.

519 2309 634 2362 'At
683 2322 822 2362 nunc
871 2308 1009 2364 vado
1052 2308 1120 2363 ad
1157 2323 1280 2364 eum
1311 2309 1401 2379 qui
1429 2324 1516 2364 me
1561 2309 1740 2364 misit:
1776 2317 1830 2365 et
1856 2324 2012 2365 nemo
2032 2322 2099 2365 ex

513 2397 673 2452 vobis
693 2398 984 2468 interrogat
1011 2413 1121 2468 me,
1143 2398 1259 2467 Quo
1280 2399 1464 2455 vadis?
1488 2399 1593 2455 Sed
1610 2401 1731 2470 quia
1753 2400 1867 2455 haae
1889 2400 2098 2455 locutus

519 2502 644 2542 sum
677 2488 863 2556 vobis,
894 2489 1104 2544 tristitia
1152 2490 1395 2560 implevit
1422 2505 1516 2546 cor
1562 2501 1816 2547 vestrum.
1856 2491 1961 2546 Sed
1997 2505 2098 2562 ego

516 2580 802 2634 veritatem
833 2581 952 2636 dico
983 2581 1162 2649 vobis,
1191 2582 1408 2653 expedit
1434 2583 1585 2640 vobis
1640 2594 1699 2639 ut
1749 2599 1848 2654 ego
1884 2584 2098 2640 vadam.

514 2668 579 2725 Si
608 2670 752 2724 enim
783 2685 890 2725 non
921 2671 1126 2738 abiero,
1168 2672 1480 2730 Paracletus
1525 2687 1630 2729 non
1661 2674 1839 2730 veniet
1868 2673 1934 2728 ad
1966 2686 2095 2731 vos:

511 2760 560 2814 si
589 2768 762 2820 autem
794 2761 1012 2830 abiero,
1048 2763 1255 2819 mittam
1280 2779 1400 2820 eum
1423 2763 1489 2820 ad
1517 2778 1632 2820 vos.
1660 2764 1724 2820 Et
1749 2779 1870 2820 cum
1894 2765 2102 2820 venerit

513 2853 647 2922 ille,
695 2864 881 2926 arguet
925 2857 1182 2912 mundum
1211 2859 1278 2914 de
1306 2868 1558 2929 peccato,
1599 2867 1653 2914 et
1690 2859 1758 2914 de
1791 2859 2018 2928 justitia,
2045 2866 2099 2913 et

511 2942 582 2998 de
605 2943 830 3013 judicio.
864 2947 942 3002 De
1004 2956 1225 3017 peccato
1274 2950 1513 3019 quidem,
1561 2950 1685 3019 quia
1743 2965 1850 3004 non
1882 2950 1899 2969 “
1929 2949 2101 3004 credit

514 3037 573 3093 in
602 3054 716 3095 me:
750 3040 816 3094 de
840 3040 1044 3110 juStitia
1073 3057 1222 3110 vero,
1245 3043 1367 3112 quia
1395 3042 1462 3097 ad
1489 3042 1700 3098 Patrem
1725 3042 1863 3097 vado
1883 3083 1896 3110 ,
1922 3051 1974 3097 et
1986 3041 2097 3112 jam

509 3143 620 3184 non
666 3131 908 3186 videbitis
941 3147 1054 3198 me;
1091 3134 1159 3189 de
1200 3133 1401 3204 judicio
1429 3137 1466 3199 ',
1492 3134 1613 3204 quia
1663 3133 1909 3204 princeps
1940 3132 2097 3204 hujus

2201 1935 2376 2004 solus,
2399 1938 2520 2007 quia
2548 1937 2708 1993 Pater
2727 1953 2938 1994 mecum
2960 1948 3062 1994 est.
3081 1940 3209 1996 Haec
3235 1941 3442 1996 locutus
3467 1955 3587 1996 sum
3611 1942 3786 2009 vobis,

2201 2036 2259 2083 ut
2316 2029 2369 2083 in
2419 2043 2508 2084 me
2559 2043 2748 2098 pacem
2802 2029 3065 2088 habeatis.
3112 2032 3171 2086 ln
3228 2033 3429 2088 mundo
3478 2047 3784 2102 pressuram

2201 2117 2468 2175 habebitis
2494 2136 2508 2173 :
2538 2119 2633 2174 sed
2662 2119 2917 2174 conﬁdite
2937 2137 2952 2176 :
2975 2133 3074 2189 ego
3105 2121 3209 2176 vici
3240 2121 3612 2177 mundum.—
3631 2122 3785 2178 Jour.

2199 2225 2332 2276 xvn,
2363 2213 2390 2266 1
2409 2211 2537 2266 -26.
2574 2211 2699 2266 Haec
2728 2211 2937 2266 locutus
2967 2221 3050 2268 est
3093 2213 3279 2279 Jesus,
3313 2224 3368 2269 et
3406 2214 3702 2271 sublevatis
3731 2217 3784 2271 in

2200 2304 2396 2359 malum
2416 2303 2608 2370 oculis,
2627 2303 2793 2358 dixit:
2810 2303 2990 2373 Pater,
3006 2306 3153 2361 venit
3172 2306 3326 2374 hora,
3341 2305 3576 2362 clariﬁca
3595 2308 3786 2363 Filium

2201 2403 2384 2462 tuum,
2432 2405 2490 2451 ut
2533 2395 2702 2452 Filius
2735 2403 2854 2450 tuus
2902 2397 3160 2453 clarificet
3209 2406 3298 2452 te:
3347 2399 3483 2453 sicut
3512 2399 3710 2454 dedisti
3737 2401 3785 2456 ei

2199 2495 2519 2559 potestatem
2563 2488 2739 2544 omnis
2769 2489 2968 2555 carnis,
3004 2497 3063 2544 ut
3103 2504 3264 2545 omne
3293 2491 3434 2559 quod
3465 2490 3662 2546 dedisti
3701 2493 3784 2559 ei,

2200 2579 2292 2634 det
2328 2579 2406 2635 eis
2435 2579 2598 2635 vitam
2627 2588 2906 2634 mternam.
2946 2580 3072 2636 llmc
3098 2590 3176 2637 est
3207 2590 3386 2636 autem
3415 2582 3520 2637 vita
3549 2592 3751 2638 interna
3771 2625 3788 2651 ,

2203 2679 2259 2725 ut
2288 2678 2617 2739 cognoscant
2643 2679 2695 2725 te
2721 2670 2894 2726 solum
2920 2671 3088 2727 Deum
3117 2681 3396 2738 verum,et
3415 2688 3572 2742 quem
3596 2673 3790 2730 misisti

2201 2761 2382 2818 Jesum
2402 2760 2698 2818 Christum.
2713 2763 2826 2833 Ego
2848 2771 2900 2818 te
2918 2763 3202 2820 clariﬁcavi
3225 2779 3386 2834 super
3405 2775 3599 2832 terram
3622 2784 3634 2818 :
3655 2781 3789 2836 opus

2201 2855 2569 2912 consummavi
2615 2856 2760 2927 quod
2807 2855 3002 2911 dedisti
3032 2855 3166 2911 mibi
3211 2865 3270 2912 ut
3306 2857 3517 2914 faciam.
3553 2858 3618 2913 Et
3645 2873 3789 2916 nunc

2201 2945 2442 3001 clariﬁca
2479 2961 2584 3014 me,
2629 2956 2683 3001 tu
2730 2946 2908 3015 Pater,
2952 2948 3091 3018 apud
3136 2949 3498 3020 temetipsum,
3541 2951 3788 3008 claritate

2202 3053 2362 3110 quam
2406 3040 2564 3097 habui
2592 3042 2900 3113 priusquam
2929 3045 3162 3101 mundus
3190 3054 3356 3114 esset,
3385 3045 3526 3116 apud
3557 3055 3630 3103 te.
3663 3046 3780 3102 Ma-

2203 3133 2450 3190 nifestavi
2483 3151 2678 3192 nomen
2731 3146 2876 3193 tuum
2907 3137 3233 3205 hominibus,
3266 3154 3401 3210 quos
3427 3140 3622 3196 dedisti
3653 3139 3786 3195 mihi

511 3223 699 3278 mundi
727 3227 743 3246 "
769 3223 1040 3294 judicatus
1066 3237 1167 3281 εει.
1201 3225 1392 3282 Adhuc
1422 3225 1584 3282 multa
1627 3225 1799 3281 habeo
1829 3225 1981 3281 vobis
2007 3226 2089 3279 di-
2124 3210 2171 3276 C
2200 3225 2267 3282 de
2288 3227 2510 3283 mundo.
2539 3227 2639 3283 'l‘ui
2666 3237 2842 3297 erant,
2869 3241 2924 3286 et
2950 3231 3082 3286 mihi
3103 3246 3197 3286 eos
3217 3231 3448 3288 dedisti:
3480 3241 3534 3288 et
3575 3246 3786 3288 sermo-

507 3329 638 3372 cere
671 3335 683 3369 :
714 3317 810 3373 sed
848 3333 955 3374 non
1011 3321 1232 3388 potestis
1278 3329 1494 3389 portare
1535 3319 1714 3375 modo.
1741 3319 1870 3375 Cum
1916 3328 2093 3374 autem

509 3406 722 3461 venerit
760 3407 992 3477 Spiritus
1036 3409 1128 3463 ille
1175 3408 1436 3476 veritatis,
1485 3409 1696 3465 docebit
1737 3423 1830 3464 vos
1882 3423 2094 3464 omnem

509 3497 813 3553 veritatem.
838 3498 954 3554 Non
984 3499 1128 3554 enim
1156 3499 1405 3568 loquetur
1429 3515 1460 3555 a
1481 3500 1806 3570 semetipso;
1831 3500 1926 3555 sed
1952 3515 2097 3570 qum-

512 3603 733 3657 cunque
769 3589 954 3645 audiet
979 3590 1247 3659 loquetur,
1279 3601 1332 3646 et
1355 3605 1474 3658 qua:
1496 3599 1719 3645 ventura
1746 3599 2097 3645 suntannun-

509 3679 668 3733 tiabit
693 3679 866 3734 vobis.
895 3679 990 3734 llle
1021 3695 1106 3735 me
1125 3680 1457 3748 clarificabit,
1487 3681 1604 3750 quia
1624 3680 1690 3736 de
1708 3695 1828 3735 meo
1847 3682 2093 3750 accipiet,

510 3779 568 3825 et
588 3771 925 3826 annuntiabit
945 3772 1118 3828 vobis.
1159 3773 1349 3828 Omnia
1377 3788 1705 3844 quaecunque
1728 3774 1889 3829 habet
1915 3773 2092 3843 Pater,

509 3875 634 3918 mea
671 3872 816 3919 sunt.
856 3865 1146 3933 Propterea
1175 3865 1326 3921 dixi:
1357 3867 1478 3936 quia
1509 3867 1576 3922 de
1607 3881 1727 3921 meo
1759 3867 2013 3938 accipiet,
2042 3877 2096 3923 et

511 3951 854 4009 annuntiabit
878 3954 1050 4010 vobis.
1083 3955 1370 4024 Modicum,
1398 3966 1452 4011 et
1465 3957 1573 4026 jam
1599 3971 1703 4011 non
1723 3957 1967 4012 videbitis
1987 3972 2091 4023 me;

509 4051 567 4096 et
615 4043 806 4098 iterum
855 4043 1155 4115 modicum,
1187 4057 1242 4102 et
1271 4047 1518 4102 videbitis
1556 4061 1679 4102 me:
1711 4047 1833 4117 quia
1863 4047 1999 4103 vado
2028 4047 2094 4103 ad

509 4131 748 4190 Patrem.
765 4135 1162 4209 Dixeruntergo
1177 4139 1421 4210 discipuli
1443 4139 1554 4209 ejus
1581 4138 1890 4195 adinvicem
1919 4157 1931 4192 :
1957 4139 2093 4206 Quid

508 4234 595 4282 est
621 4226 743 4296 hoc,
773 4229 918 4298 quod
939 4229 1071 4284 dicit
1100 4231 1291 4287 nobis:
1327 4230 1614 4300 Modicum,
1645 4241 1697 4286 ct
1720 4247 1825 4286 non
1847 4232 2094 4287 videbitis

504 4335 624 4388 me,
671 4332 724 4377 et
774 4324 967 4379 iterum
1016 4326 1314 4393 modicum,
1365 4335 1417 4381 et
1470 4325 1716 4381 videbitis
1771 4340 1889 4391 me,
1921 4328 1937 4347 ‘
1969 4326 2093 4396 quia

504 4415 649 4469 vado
686 4415 751 4470 ad
783 4416 1028 4473 Patrem?
1059 4419 1315 4474 Dicebant
1343 4434 1496 4489 ergo:
1524 4419 1662 4487 Quid
1690 4427 1773 4474 est
1799 4418 1920 4488 hoc,
1949 4418 2093 4487 quod

504 4503 658 4571 dicit,
706 4506 1320 4565 Modicum‘tNescimus
1368 4510 1496 4580 quid
1544 4510 1799 4578 l0quitur.
1833 4510 2094 4579 Cognovit

2200 3334 2325 3374 nem
2356 3329 2500 3375 tuum
2531 3330 2902 3377 servaverunt.
2929 3322 3080 3378 Nune
3108 3333 3476 3394 cognoverunt
3503 3324 3626 3394 quia
3674 3339 3789 3380 om-

2200 3410 2288 3463 nia
2317 3425 2437 3479 quas
2475 3410 2674 3466 dedisti
2728 3411 2857 3467 mihi
2900 3413 2996 3468 abs
3039 3421 3090 3469 te
3133 3422 3291 3468 sunt:
3323 3414 3445 3483 quia
3473 3414 3638 3470 verba
3668 3429 3787 3486 qua

2199 3497 2392 3554 dedisti
2424 3501 2585 3565 mihi,
2617 3501 2741 3558 dedi
2769 3502 2847 3558 eis
2876 3519 2890 3557 :
2922 3511 2976 3558 et
3002 3503 3104 3572 ipsi
3130 3513 3480 3575 acceperunt,
3507 3514 3565 3560 et
3586 3519 3787 3576 cogno-

2197 3601 2390 3646 verunt
2415 3607 2541 3648 vere
2570 3593 2694 3663 quia
2721 3607 2750 3648 a
2803 3602 2853 3650 te
2900 3595 3040 3650 exivi
3069 3613 3081 3650 :
3115 3604 3168 3651 et
3201 3596 3549 3652 crediderunt
3579 3597 3699 3668 quia
3728 3607 3782 3653 tu

2197 3698 2286 3739 me
2312 3686 2524 3741 misisti.
2555 3686 2668 3769 Ego
2696 3703 2794 3757 pro
2821 3688 2901 3744 eis
2929 3704 3090 3760 rogo,
3120 3704 3227 3746 non
3257 3705 3354 3762 pro
3379 3691 3580 3747 mundo
3599 3695 3648 3749 ’ς
3683 3691 3778 3747 sed

2199 3791 2297 3845 pro
2347 3776 2431 3832 his
2473 3793 2608 3848 quos
2648 3779 2841 3835 dedisti
2892 3780 3057 3850 mihi,
3113 3782 3237 3852 quia
3271 3783 3344 3837 lui
3375 3792 3518 3838 sunt.
3570 3783 3636 3839 Et
3663 3797 3781 3839 mea

2198 3869 2375 3924 omnia
2411 3878 2496 3925 tua
2527 3881 2672 3939 sunt,
2702 3880 2758 3928 et
2781 3883 2867 3928 tua
2893 3888 3010 3929 mea
3041 3885 3203 3930 sunt:
3236 3885 3289 3931 et
3317 3875 3639 3931 clariﬁcatus
3659 3891 3779 3931 sum

2197 3959 2251 4015 in
2281 3963 2380 4018 eis.
2413 3963 2478 4018 Et
2505 3962 2613 4032 jam
2645 3978 2750 4020 non
2782 3980 2899 4020 sum
2925 3966 2981 4020 in
3011 3967 3232 4035 mundo,
3275 3977 3328 4024 et
3379 3967 3434 4022 hi
3481 3969 3536 4023 in
3577 3969 3778 4023 mundo

2196 4061 2342 4117 sunt,
2375 4062 2429 4108 et
2454 4069 2552 4124 ego
2582 4055 2648 4110 ad
2679 4065 2730 4112 te
2764 4058 2938 4114 venio.
2973 4058 3133 4114 Pater
3162 4068 3379 4126 sancte,
3411 4074 3562 4114 serva
3605 4073 3700 4114 eos
3729 4060 3781 4114 in

2196 4141 2416 4198 nomine
2445 4152 2536 4199 tuo
2570 4161 2704 4215 quos
2734 4146 2931 4204 dedisti
2970 4148 3100 4202 mihi
3135 4165 3149 4203 :
3182 4157 3239 4203 ut
3287 4149 3396 4204 sint
3425 4164 3614 4214 unum,
3643 4149 3784 4204 sicut

2196 4239 2250 4285 et
2292 4247 2391 4288 nos
2414 4236 2429 4256 ‘
2459 4249 2622 4289 unum
2650 4250 2856 4292 sumus.
2886 4236 3018 4293 Cum
3049 4253 3224 4295 essem
3255 4253 3376 4294 cum
3407 4239 3514 4305 eis,
3548 4253 3649 4309 ego
3669 4253 3784 4294 ser—

2195 4323 2384 4378 vabam
2425 4340 2519 4381 eos
2563 4327 2619 4382 in
2645 4329 2860 4384 nomine
2887 4339 2998 4384 tuo.
3024 4330 3170 4398 Quos
3200 4329 3395 4385 dedisti
3419 4328 3578 4393 mihi,
3605 4338 3783 4384 custoo

2197 4417 2326 4483 divi,
2359 4427 2412 4474 et
2433 4434 2592 4475 nemo
2623 4435 2688 4475 ex
2721 4420 2806 4476 bis
2834 4421 3016 4491 periit,
3050 4421 3151 4475 nisi
3185 4421 3327 4477 filius
3357 4420 3696 4490 perditionis,
3723 4428 3782 4474 ut

2193 4507 2466 4578 Scriptura
2498 4511 2672 4581 (l’sal.
2703 4527 2849 4579 cvm,
2877 4513 2934 4583 8)
2965 4513 3268 4583 impleatur.
3320 4511 3472 4568 Nunc
3492 4520 3670 4566 autem
3714 4509 3780 4565 ad

503 4601 686 4648 autem
715 4594 870 4650 Jesus
901 4598 1026 4664 quia
1051 4601 1307 4655 volebant
1330 4615 1454 4655 eum
1480 4602 1836 4670 interrogare,
1869 4611 1924 4655 et
1954 4600 2092 4654 dixit
2116 4604 2248 4667 Dte
2292 4603 2481 4657 venio:
2515 4611 2568 4658 et
2599 4603 2713 4658 hinc
2743 4605 2935 4675 loquor
2964 4604 3018 4659 in
3051 4604 3275 4671 mundo,
3308 4613 3367 4659 ut
3394 4603 3628 4658 habeant
3650 4617 3783 4672 gau-

505 4683 618 4738 eis:
648 4682 725 4737 De
745 4682 848 4738 hoc
870 4687 1110 4752 quaeritis
1136 4689 1278 4744 inter
1301 4703 1429 4755 vos,
1455 4690 1595 4758 quod
1622 4690 1768 4745 dixi:
1797 4689 2084 4756 Modicum,

503 4782 562 4829 et
589 4789 696 4829 non
721 4773 969 4830 videbitis
999 4789 1085 4832 me
1104 4817 1120 4842 ,
1143 4787 1197 4833 et
1220 4779 1413 4834 iterum
1436 4780 1706 4834 modicum
1723 4819 1741 4848 ,
1769 4779 2086 4837 etvidebitis

501 4882 615 4922 me.
648 4868 844 4937 Amen,
878 4881 1035 4924 amen
1067 4868 1189 4926 dico
1221 4871 1407 4928 vobis:
1440 4873 1564 4941 quia
1603 4872 1878 4942 plorabitis
1912 4882 1965 4928 et
1994 4873 2090 4928 fle-

501 4959 630 5014 bitis
661 4972 790 5025 vos,
825 4960 1054 5016 mundus
1099 4969 1276 5017 autem
1316 4961 1600 5031 gaudebit;
1634 4977 1728 5020 vos
1752 4972 1932 5020 autem
1959 4979 2090 5021 con-

502 5050 864 5120 tristabimini,
895 5053 988 5108 sed
1017 5052 1235 5109 tristitia
1263 5061 1437 5108 vestra
1461 5062 1698 5110 vertetur
1723 5056 1777 5110 in
1807 5057 2084 5126 gaudium.

503 5143 694 5199 Mulier
721 5159 841 5200 cum
888 5147 1059 5215 parit,
1092 5146 1358 5200 tristitiam
1391 5145 1568 5214 habet,
1603 5149 1724 5219 quia
1764 5149 1910 5205 venit
1953 5150 2086 5205 liora

500 5237 619 5304 ejus
644 5256 656 5290 :
689 5252 810 5292 cum
840 5245 1016 5294 autem
1037 5238 1055 5258 ¹
1081 5239 1288 5308 peperit
1314 5254 1540 5309 puerum
1561 5280 1576 5305 ,
1617 5240 1728 5310 jam
1761 5257 1867 5296 non
1899 5242 2086 5296 memi-

498 5331 584 5386 nit
624 5346 922 5400 pressuras,
955 5341 1172 5403 propter
1201 5333 1449 5405 gaudium
1481 5335 1605 5405 quia
1635 5343 1793 5389 natus
1817 5342 1901 5388 est
1925 5335 2085 5390 homo

497 5423 554 5480 in
590 5427 865 5483 mundum.
904 5427 973 5483 Et
1001 5443 1094 5485 vos
1115 5428 1274 5498 igitur
1295 5443 1435 5484 nunc
1456 5430 1670 5499 quidem
1692 5428 1962 5485 tristitiam
1987 5430 2084 5485 ha-

497 5519 671 5576 betis:
696 5522 887 5577 iterum
931 5532 1107 5578 autem
1135 5523 1328 5580 videbo
1355 5537 1474 5590 vos,
1507 5531 1557 5576 et
1589 5521 1838 5592 gaudebit
1875 5536 1969 5577 cor
1997 5538 2086 5579 vc-

497 5622 670 5668 strutn
691 5630 706 5669 :
727 5623 782 5668 et
801 5616 1049 5684 gaudium
1070 5626 1307 5674 vestrum
1335 5632 1493 5672 nemo
1521 5617 1674 5672 tollet
1698 5631 1726 5670 a
1742 5615 1910 5672 vobis.
1937 5617 2003 5672 Et
2027 5619 2083 5674 in

498 5708 597 5766 illo
624 5707 712 5764 die
739 5725 826 5765 me
871 5727 977 5768 non
1023 5713 1280 5785 r0gahitis
1323 5713 1632 5783 quidquam.
1675 5713 1883 5779 Amen,
1924 5729 2081 5772 amen

501 5801 624 5860 dico
651 5804 837 5864 vobis:
865 5807 909 5867 si
931 5807 1057 5878 quid
1087 5807 1350 5878 petieritis
1372 5805 1584 5865 Patrem
1611 5807 1664 5864 in
1697 5808 1911 5867 nomine
1935 5823 2077 5880 meo,

2192 4693 2339 4749 dium
2381 4709 2558 4750 meum
2606 4693 2881 4765 impletum
2924 4695 2978 4751 in
3021 4696 3347 4766 semetipsis.
3380 4693 3492 4764 Ego
3533 4691 3655 4748 dedi
3701 4693 3780 4748 eis

2191 4799 2497 4842 sermonem
2529 4794 2700 4852 tuum,
2731 4797 2784 4844 et
2812 4788 3042 4844 mundus
3073 4788 3197 4844 odio
3228 4801 3322 4845 eos
3372 4787 3558 4842 habuit
3588 4805 3601 4838 :
3655 4785 3782 4856 quia

2191 4901 2301 4944 non
2322 4896 2444 4943 sunt
2470 4888 2536 4942 de
2567 4889 2766 4944 mundo
2781 4931 2798 4956 ,
2824 4889 2964 4946 sicut
2987 4899 3044 4945 et
3065 4903 3166 4961 ego
3188 4905 3293 4945 non
3321 4903 3438 4944 sum
3459 4888 3529 4944 de
3551 4886 3779 4944 mundo.

2189 4977 2307 5035 Non
2348 4994 2477 5050 rogo
2509 4987 2566 5035 ut
2588 4979 2743 5035 tollas
2766 4995 2859 5037 eos
2888 4982 2956 5037 de
2983 4981 3182 5037 mundo
3203 5025 3217 5049 ,
3249 4981 3345 5036 sed
3376 4988 3434 5034 ut
3458 4994 3643 5035 serves
3676 4995 3773 5036 eos

2191 5083 2223 5124 a
2255 5069 2420 5124 malo.
2452 5069 2527 5125 De
2580 5072 2781 5127 mundo
2808 5087 2915 5127 non
2953 5082 3100 5139 sunt,
3148 5073 3287 5128 sicut
3312 5081 3366 5127 et
3393 5086 3493 5141 ego
3522 5085 3630 5126 non
3660 5085 3779 5125 sum

2191 5161 2259 5218 de
2287 5163 2510 5218 mundo.
2557 5164 2840 5222 Sanctifica
2870 5182 2963 5222 eos
3005 5168 3059 5221 in
3116 5167 3362 5222 veritate.
3411 5166 3604 5221 Sermo
3658 5177 3784 5221 tuus

2189 5255 2388 5310 veritas
2417 5265 2519 5311 est.
2568 5257 2720 5314 Sicut
2749 5266 2805 5312 tu
2849 5273 2937 5313 me
2968 5257 3162 5314 misisti
3202 5259 3256 5314 in
3301 5257 3580 5322 mundum,
3617 5257 3688 5311 ita
3732 5266 3785 5312 et

2190 5361 2290 5416 ego
2318 5349 2438 5404 misi
2469 5365 2564 5406 eos
2614 5350 2669 5405 in
2716 5351 2994 5420 mundum,
3029 5360 3084 5407 et
3133 5366 3229 5421 pro
3276 5351 3356 5406 eis
3384 5350 3662 5406 sanctifieo
3696 5365 3785 5404 me

2190 5441 2400 5512 ipsum,
2431 5452 2490 5498 ut
2539 5443 2648 5499 sint
2693 5453 2749 5500 et
2801 5444 2902 5514 ipsi
2932 5444 3262 5516 sanctificati.
3287 5444 3339 5499 in
3382 5442 3629 5500 veritate.
3663 5443 3780 5497 Non
3817 5453 3822 5458 ·

2191 5549 2288 5605 pro
2326 5535 2408 5592 his
2439 5551 2570 5608 rogo
2601 5545 2807 5591 tantum
2833 5576 2846 5601 ,
2886 5535 2981 5592 sed
3015 5535 3113 5606 (et)
3148 5551 3244 5605 pro
3274 5535 3352 5590 eis
3392 5535 3483 5602 qui
3513 5533 3780 5590 credituri

2189 5635 2317 5681 sunt
2346 5641 2440 5696 per
2468 5628 2687 5684 verbum
2719 5642 2900 5682 eorum
2926 5627 2977 5681 in
3007 5643 3126 5683 me:
3159 5635 3214 5683 ut
3235 5641 3424 5682 omnes
3446 5642 3611 5682 unum
3641 5627 3772 5691 sint,

2188 5718 2327 5772 sicut
2361 5726 2438 5781 tu,
2464 5717 2638 5783 Pater,
2667 5719 2717 5772 in
2748 5734 2857 5784 me,
2881 5727 2934 5774 et
2959 5733 3058 5788 ego
3081 5719 3132 5774 in
3156 5727 3230 5786 te,
3261 5727 3318 5772 ut
3342 5725 3397 5773 et
3423 5717 3524 5787 ipsi
3545 5717 3597 5770 in
3623 5716 3778 5771 nobis

2189 5824 2350 5888 unum
2384 5809 2526 5865 sint:
2565 5819 2620 5865 ut
2649 5810 2875 5867 mundus
2929 5810 3112 5872 credat
3145 5810 3268 5884 quia
3301 5820 3358 5868 tu
3413 5823 3502 5867 me
3550 5809 3771 5877 misisti.
