4038 6356
203 379 317 439 345

994 366 1573 434 EVANGELICARUM
1606 364 2114 426 HARMONIARUM
2155 353 2723 427 ΙΝΤΕΗΡΒΕΤΑΤΙΟ.

3361 369 3464 427 546

204 502 278 560 Et
305 511 404 570 ego
432 496 731 554 claritatem
761 505 919 565 quam
948 494 1147 552 dedisti
1190 493 1344 561 mihi,
1396 491 1519 549 dedi
1568 491 1647 547 eis
1672 506 1684 542 :
1730 497 1786 544 ut
1810 486 1867 550 Α
1888 485 2194 555 duodecim,
2221 499 2347 542 cum
2377 485 2673 556 accepisset
2700 482 2975 541 cohortem
2995 522 3009 550 ,
3055 482 3230 550 venit,
3261 489 3316 540 et
3341 496 3463 541 cum

202 594 317 650 sint
345 605 511 648 unum
532 630 547 657 ,
594 588 733 645 sicut
775 597 834 645 et
881 602 979 644 nos
1007 602 1171 643 unum
1198 598 1404 643 sumus.
1436 583 1551 655 Ego
1580 584 1635 638 in
1660 582 1739 638 eis
1761 623 1779 651 ,

201 696 257 742 et
283 696 339 740 tu
363 684 415 739 in
449 698 553 750 me,
586 690 645 738 ut
668 683 776 739 sint
802 680 1155 737 consummati
1184 679 1237 735 in
1265 693 1461 733 unum:
1486 685 1540 734 et
1579 690 1780 747 cogno-

198 786 319 833 scat
340 776 568 831 mundus
600 775 723 845 quia
745 776 763 798 ⁴
796 788 881 829 me
906 772 1132 841 misisti,
1159 781 1213 827 et
1235 771 1467 827 dilexisti
1498 785 1619 838 eos,
1647 772 1783 827 sicut

194 878 253 924 et
280 883 367 923 me
396 866 654 923 dilexisti.
678 864 857 932 Pater,
889 877 1026 934 quos
1051 862 1247 920 dedisti
1274 861 1427 928 mihi,
1464 861 1586 917 volo
1615 869 1673 917 ut
1692 861 1781 919 ubi

195 975 300 1030 ego
327 974 465 1025 sum,
497 956 656 1013 etilli
686 956 795 1012 sint
824 969 1067 1023 mecum;
1119 963 1179 1011 ut
1222 953 1438 1010 videant
1484 954 1782 1010 claritatem

194 1066 376 1107 meam
423 1065 583 1120 quam
635 1049 833 1106 dedisti
868 1048 1040 1105 mihi:
1081 1047 1205 1119 quia
1255 1047 1487 1103 dilexisti
1529 1061 1616 1103 me
1658 1056 1782 1104 ante

191 1144 633 1200 constitutionem
662 1142 869 1199 mundi.
918 1142 1078 1199 Pater
1118 1143 1293 1213 juste,
1332 1141 1563 1197 mundus
1592 1149 1647 1197 te
1673 1156 1781 1197 non

192 1237 478 1307 cognovit;
511 1253 611 1308 ego
640 1244 820 1293 autem
849 1244 902 1293 te
931 1236 1158 1306 cognovi
1186 1254 1199 1291 :
1234 1245 1288 1292 et
1315 1236 1372 1292 hi
1416 1242 1783 1306 cognoverunt

192 1334 321 1404 quia
353 1342 409 1389 tu
440 1349 527 1390 me
555 1333 771 1391 misisti.
800 1333 867 1389 Et
910 1339 1096 1389 notum
1136 1331 1240 1388 feci
1268 1332 1346 1388 eis
1374 1346 1567 1388 nomen
1609 1341 1777 1401 tuum,

188 1435 249 1482 ct
265 1435 452 1483 notum
471 1427 660 1484 faciam
688 1444 703 1484 :
728 1434 791 1482 ut
811 1425 1032 1484 dilectio
1051 1439 1157 1491 qua
1183 1424 1417 1483 dilexisti
1439 1439 1547 1495 me,
1577 1424 1628 1481 in
1650 1424 1781 1495 ipsis

188 1516 285 1589 sit,
312 1528 369 1575 et
394 1532 495 1590 ego
523 1519 576 1575 in
605 1518 756 1590 ipsis.

192 1722 348 1782 Venit
369 1725 523 1783 Iesus
547 1727 602 1783 in
624 1728 974 1791 Gethsemani,
1003 1736 1049 1781 et
1070 1734 1183 1781 orat
1201 1725 1412 1781 Patrem
1432 1733 1490 1781 ut
1511 1725 1784 1796 transferat

687 1798 901 1854 calicem
932 1799 1065 1852 hunc
1091 1799 1154 1853 ab
1176 1814 1259 1853 eo.
1514 1852 1517 1855 λ

254 1911 478 1969 Mum.
501 1926 647 1979 xxvi,
668 1911 874 1969 ’ὅθ-46.
899 1913 1053 1969 Manu
1072 1953 1090 1981 ,
1111 1926 1223 1980 xiv,
1253 1910 1451 1968 52-42.
1479 1911 1610 1969 Luc.

178 1998 380 2058 39-46.
410 2001 560 2058 Tunc
585 2002 730 2058 venit
771 2002 926 2059 Jesus
952 2016 1076 2058 cum
1106 2001 1211 2057 illis
1240 2001 1294 2057 in
1323 2000 1506 2057 villam
1534 2016 1655 2072 qua:
1692 2001 1775 2057 di-

176 2092 329 2148 citur
363 2092 730 2160 Gethsemani,
760 2123 832 2135 —
859 2092 1014 2149 .lom.
1043 2108 1194 2162 xvm,
1224 2092 1354 2163 1-9.,
1388 2101 1534 2148 trans
1561 2101 1770 2149 torren-

177 2192 298 2240 tem
342 2185 573 2253 Cedron,
618 2186 709 2240 ubi
737 2195 851 2241 erat
878 2186 1065 2245 hortus
1093 2185 1144 2239 in
1174 2199 1335 2255 quem
1389 2185 1630 2241 introivit
1657 2186 1772 2255 ipse

178 2281 239 2329 et
264 2271 517 2342 discipuli
546 2274 684 2343 ejus.
712 2274 927 2331 Sciebat
952 2282 1131 2330 autem
1151 2284 1206 2330 et
1224 2273 1389 2329 Iudas
1411 2274 1499 2343 qui
1530 2274 1774 2330 tradebat

180 2378 334 2430 eum,
368 2365 567 2434 locum,
600 2366 723 2434 quia
756 2365 1066 2436 frequenter
1091 2366 1247 2422 Jesus
1292 2374 1620 2422 convenerat
1646 2366 1773 2423 illuc

181 2468 310 2512 cum
358 2454 634 2525 discipulis
681 2456 811 2511 suis.
845 2457 916 2512 Et
957 2472 1081 2512 cum
1111 2458 1448 2528 pervenisset
1475 2458 1542 2514 ad
1569 2458 1771 2526 locum,

183 2546 323 2603 dixit
348 2546 632 2617 discipulis
661 2548 813 2604 suis:
845 2548 1039 2605 Sedete
1071 2548 1187 2618 hic,
1235 2558 1291 2605 et
1339 2558 1517 2618 orate,
1560 2559 1620 2605 ut
1665 2564 1773 2605 non

182 2638 400 2695 intretis
432 2638 484 2694 in
512 2639 885 2708 tentationem,
917 2640 1089 2697 donec
1119 2640 1311 2696 vadam
1340 2641 1490 2709 illuc,
1516 2649 1571 2696 et
1595 2655 1771 2697 orem.

185 2728 253 2785 Et
278 2736 556 2800 assumpto
585 2731 746 2786 Petro
789 2739 844 2786 et
882 2731 1092 2787 duobus
1112 2732 1238 2787 ﬁliis
1264 2731 1534 2802 Zebedaei,
1567 2732 1770 2788 Jacobo

184 2827 241 2876 et
276 2819 510 2888 Joanne,
544 2821 709 2892 coepit
739 2822 1050 2877 contristari
1080 2833 1135 2879 et
1185 2833 1411 2880 moestus
1443 2838 1586 2880 esse.
1625 2824 1775 2881 Tunc

184 2909 261 2966 ait
287 2910 397 2967 illis
427 2929 439 2964 :
473 2910 664 2968 Tristis
713 2922 798 2968 est
837 2914 1015 2969 anima
1062 2929 1182 2971 mea
1211 2930 1379 2986 nsque
1408 2916 1474 2971 ad
1502 2926 1771 2973 mortem:

186 3002 449 3057 sustinete
478 3002 585 3068 hic,
619 3010 675 3057 ct
699 3004 915 3073 vigilate
942 3019 1176 3061 mecum.
1214 3006 1280 3061 Et
1318 3006 1433 3075 ipse
1458 3021 1772 3078 progressus

187 3100 272 3149 est
294 3094 366 3150 ab
397 3096 476 3151 eis
518 3107 777 3166 quantum
807 3099 980 3167 jactus
1006 3106 1089 3153 est
1117 3097 1335 3168 lapidis.
1367 3099 1435 3154 Et
1464 3100 1652 3170 positis
1679 3114 1775 3168 ge-

186 3185 339 3241 nibus
362 3186 595 3256 procidit
623 3187 678 3242 iu
699 3186 889 3243 faciem
915 3202 1089 3255 suam,
1118 3197 1173 3244 et
1201 3189 1408 3258 orabat,
1436 3198 1516 3255 ut,
1563 3192 1608 3245 si
1658 3190 1774 3246 ﬁeri

183 3284 394 3345 posset,
426 3279 679 3334 transiret
705 3279 773 3334 ab
801 3293 867 3335 eo
905 3279 1061 3349 hora,
1112 3280 1331 3337 dicens:
1362 3282 1540 3351 Pater,
1574 3284 1620 3338 si
1649 3296 1778 3352 pos-

186 3368 340 3425 sibile
367 3380 488 3427 est:
520 3370 672 3427 Abba
695 3371 875 3437 Pater,
899 3373 1078 3428 omnia
1099 3373 1194 3428 tibi
1218 3373 1491 3443 possibilia
1517 3381 1680 3430 sunt:
1707 3373 1778 3429 Mi

185 3456 370 3527 Pater,
402 3460 447 3515 si
475 3461 736 3533 possibile
764 3472 869 3530 est,
897 3463 1129 3519 transfer
1154 3463 1378 3519 calicem
1409 3463 1550 3520 hunc
1577 3479 1607 3519 a
1652 3477 1774 3519 me:

188 3561 558 3612 verumtamen
588 3569 696 3612 non
732 3556 874 3627 quod
899 3571 998 3628 ego
1022 3556 1163 3625 volo,
1189 3557 1283 3613 sed
1308 3556 1449 3628 quod
1474 3565 1551 3612 tu.
1575 3557 1778 3615 Etcum

187 3643 510 3702 surrexisset
533 3645 602 3702 ab
638 3647 909 3714 oratione,
944 3648 1091 3703 venit
1125 3648 1191 3702 ad
1234 3646 1526 3718 discipulos
1552 3662 1700 3715 suos,
1723 3656 1780 3705 et

188 3737 399 3795 invenit
421 3751 515 3795 eos
541 3737 891 3795 dormientes.
929 3737 999 3793 Et
1041 3739 1117 3794 ait
1145 3740 1251 3796 illis
1281 3755 1297 3793 :
1329 3740 1467 3807 Quid
1497 3740 1781 3796 dormitis?

185 3827 277 3886 Sic
317 3842 434 3885 non
476 3829 724 3900 potuistis
754 3844 857 3886 una
882 3828 1015 3885 hora
1036 3830 1259 3901 vigilare
1287 3832 1535 3888 mecum?
1556 3833 1781 3904 Vigilate

187 3926 244 3975 et
267 3927 444 3989 orate,
473 3930 659 3978 utnon
681 3920 897 3978 intretis
927 3920 982 3978 in
1008 3922 1377 3980 tentationem.
1402 3922 1635 3995 Spiritus
1661 3925 1779 3996 qui-

190 4011 312 4068 dem
362 4022 644 4084 promptus
686 4021 792 4084 est,
822 4028 950 4070 caro
980 4022 1157 4070 autem
1190 4015 1423 4071 inﬁrma.
1453 4016 1651 4072 lterum
1695 4030 1783 4072 se-

194 4106 375 4163 cundo
404 4106 554 4173 abiit,
582 4113 638 4163 et
681 4108 871 4163 oravit.
889 4138 957 4148 —
975 4106 1105 4164 Luc.
1125 4123 1259 4175 xxtt,
1288 4107 1495 4163 45-45.
1524 4108 1783 4178 Apparuit

191 4207 372 4255 autem
403 4200 481 4255 illi
507 4199 729 4270 angelus
754 4199 824 4257 de
850 4199 1027 4269 cmlo,
1059 4202 1371 4256 confortans
1408 4214 1553 4256 eum.
1585 4199 1783 4255 Factus

192 4302 275 4348 est
304 4293 361 4348 in
387 4294 598 4364 agonia,
630 4304 687 4349 et
715 4293 975 4363 prolixius
1000 4293 1211 4361 orabat,
1240 4292 1458 4349 dicens:
1485 4293 1645 4348 Pater
1667 4293 1780 4362 mi,

191 4383 241 4440 si
270 4400 380 4440 non
408 4394 581 4456 potest
606 4385 744 4440 calix
776 4384 865 4439 hic
895 4385 1125 4439 transire
1156 4384 1260 4437 nisi
1287 4383 1464 4438 bibam
1492 4384 1670 4449 illam,
1693 4382 1785 4436 ﬁat

193 4477 445 4533 voluntas
494 4486 602 4532 tua.
642 4476 710 4530 Et
747 4475 918 4529 factus
961 4481 1044 4529 est
1093 4473 1259 4528 sudor
1287 4473 1407 4541 ejus
1445 4473 1584 4527 sicut
1619 4481 1786 4541 guttae

1884 592 1950 633 eo
1981 578 2134 633 turba
2163 579 2329 635 multa
2378 592 2500 635 cum
2552 576 2776 634 laternis
2819 585 2875 633 et
2918 576 3120 632 facibus
3148 585 3202 631 et
3224 575 3389 632 armis
3411 584 3467 633 et

1885 667 2075 739 gladiis
2106 676 2162 723 et
2188 666 2414 724 fustibus
2430 708 2445 734 ,
2477 668 2625 724 missi
2648 683 2678 723 a
2703 667 3030 738 principibus
3050 667 3389 724 sacerdotum
3410 676 3467 723 et

1883 759 2077 815 scribis
2092 768 2147 815 et
2162 759 2466 816 senioribus
2490 759 2691 829 populi.
2714 760 2812 826 Qui
2831 770 3010 815 autem
3045 758 3263 814 tradidit
3290 758 3461 830 (eum)

1886 852 2113 909 dederat
2139 852 2243 907 illis
2271 853 2504 923 signum,
2536 852 2758 908 dicens:
2782 852 3168 920 Quemcunque
3190 850 3463 906 osculatus

1883 943 2035 999 fuero
2054 984 2069 1009 ,
2103 943 2219 1012 ipse
2246 950 2327 998 est
2352 959 2367 998 :
2394 950 2573 998 tenete
2591 956 2737 1010 eum,
2760 950 2816 999 et
2839 942 3018 998 ducite
3042 952 3214 998 caute.
3248 942 3464 998 Etcon-

1883 1033 2064 1091 t'estim
2117 1032 2378 1090 accedens
2422 1033 2487 1088 ad
2536 1032 2740 1101 Jesum,
2772 1034 2943 1090 dixit:
2980 1036 3123 1103 Ave,
3156 1034 3364 1090 Rabbi:
3411 1045 3467 1090 et

1885 1123 2490 1195 appropinquavitJesu,
2510 1131 2568 1178 ut
2588 1124 2917 1180 oscularetur
2941 1140 3085 1181 eum.
3109 1125 3266 1181 Jesus
3285 1134 3464 1183 autem

1885 1213 2021 1270 dixit
2048 1215 2095 1269 ei
2117 1214 2309 1280 :Juda,
2340 1213 2528 1269 osculo
2552 1212 2747 1269 Filium
2770 1214 3006 1270 hominis
3033 1217 3230 1271 tradis?
3255 1217 3465 1281 Amice,

1884 1304 1951 1360 ad
1966 1304 2094 1374 quid
2108 1303 2337 1360 venisti?
2356 1302 2421 1358 Et
2443 1302 2714 1359 osculatus
2730 1312 2811 1359 cst
2826 1318 3047 1359 eum.—
3066 1306 3219 1360 ἄθλιε.
3244 1322 3391 1373 xvm,
3404 1307 3466 1360 4-

1885 1400 1982 1458 9.1
1994 1414 2118 1457 esus
2135 1402 2315 1471 itaque
2332 1401 2509 1456 sciens
2534 1399 2710 1456 omnia
2742 1415 2859 1471 qua:
2880 1408 3101 1455 ventura
3126 1410 3279 1457 erant
3303 1416 3465 1470 super

1885 1506 2029 1560 eum,
2060 1493 2323 1563 processit
2351 1502 2406 1548 et
2427 1492 2559 1547 dixit
2584 1492 2662 1548 eis
2688 1510 2701 1545 :
2733 1492 2903 1559 Quem
2924 1491 3196 1562 quaeritis?
3226 1493 3467 1563 Respon-

1885 1586 2080 1642 derunt
2100 1587 2151 1642 ei
2175 1603 2190 1641 :
2217 1585 2398 1642 .lesum
2425 1586 2775 1642 Nazarenam.
2800 1584 3171 1641 Dicit'Jesus:
3197 1585 3308 1655 Ego
3322 1600 3463 1641 sum.

1886 1676 2077 1734 Stabat
2105 1688 2281 1733 autem
2311 1687 2367 1734 et
2408 1678 2572 1733 ludas
2601 1678 2690 1748 qui
2721 1678 2965 1734 tradebat
2988 1691 3135 1743 eum,
3167 1691 3287 1733 cum
3310 1677 3462 1746 ipsis.

1886 1769 1960 1827 Ut
1986 1784 2117 1841 ergo
2140 1770 2276 1824 dixit
2316 1770 2427 1825 eis:
2461 1769 2572 1839 Ego
2594 1784 2709 1823 sum
2731 1810 2747 1835 ,
2779 1769 3026 1824 abierunt
3053 1778 3345 1825 retrorsum
3368 1810 3386 1838 ,
3412 1777 3469 1826 et

1805 1868 1856 1929 B
1885 1860 2203 1917 ceciderunt
2233 1860 2285 1914 in
2320 1867 2541 1915 terram.
2574 1861 2769 1915 lterum
2802 1875 2929 1932 ergo
2955 1875 3050 1916 eos
3078 1860 3461 1930 interrogavit:

1633 1927 1771 2025 ,"ﬂ’
1877 1954 2051 2021 Quem
2075 1953 2353 2025 quaeritis?
2382 1951 2461 2007 llli
2482 1959 2665 2007 autem
2696 1951 2983 2007 dixerunt:
3014 1952 3197 2008 Jesum
3221 1927 3461 2008 Nazare-

1882 2060 2038 2102 num.
2066 2042 2366 2113 Respondit
2387 2042 2574 2098 Jesus:
2606 2040 2725 2095 Dixi
2756 2042 2938 2108 vobis,
2964 2042 3088 2110 quia
3111 2056 3211 2111 ego
3234 2054 3355 2097 sum
3380 2058 3394 2095 :
3417 2040 3466 2097 si

1880 2154 2011 2210 ergo
2063 2152 2151 2194 me
2199 2136 2442 2207 quaeritis
2464 2176 2481 2203 ,
2529 2135 2689 2190 sinite
2720 2134 2818 2189 hos
2849 2133 3020 2188 abire.
3059 2130 3123 2189 Ut
3155 2133 3469 2202 impleretur

1875 2247 2059 2290 sermo
2088 2245 2242 2301 quem
2267 2229 2436 2284 dixit:
2467 2228 2591 2298 quia
2621 2242 2754 2296 quos
2785 2226 2981 2282 dedisti
3012 2226 3180 2293 mihi,
3211 2239 3316 2281 non
3342 2238 3468 2294 per-

1871 2319 1983 2377 didi
2005 2336 2075 2379 ex
2098 2321 2228 2390 ipsis
2249 2332 2573 2390 quemquam
2600 2316 2776 2388 (Joan.
2805 2332 2934 2384 xvn,
2966 2316 3079 2386 12).
3106 2316 3257 2371 Tunc
3286 2329 3467 2372 acces-

1873 2423 2084 2481 serunt,
2110 2422 2165 2468 et
2191 2426 2385 2467 manus
2415 2409 2721 2481 injecerunt
2776 2409 2831 2463 in
2861 2407 3064 2472 Jesum,
3097 2413 3153 2462 et
3180 2413 3469 2461 tenuerunt

1874 2520 2019 2562 cum.
2052 2503 2313 2561 Videntes
2342 2511 2525 2558 autem
2559 2501 2611 2555 hi
2637 2500 2727 2570 qui
2750 2499 2893 2555 circa
2920 2499 3093 2567 ipsum
3115 2505 3294 2565 erant,
3321 2496 3467 2566 quod

1875 2597 2112 2654 futurum
2160 2602 2305 2661 erat,
2346 2594 2600 2650 dixerunt
2622 2591 2709 2648 ei:
2740 2590 2965 2647 Domine
2986 2628 3004 2655 ,
3035 2588 3082 2644 si
3131 2587 3463 2657 percutimus

1874 2689 1930 2747 in
1960 2687 2173 2759 gladio?
2194 2715 2265 2727 —
2285 2686 2441 2742 Joxu.
2472 2699 2624 2751 xvm,
2656 2684 2745 2750 10,
2779 2682 2868 2737 Η.
2900 2681 3087 2737 Simon
3117 2694 3246 2751 ergo
3274 2678 3468 2734 Petrus

1876 2783 2083 2841 habens
2102 2780 2354 2852 gladium,
2386 2778 2574 2834 eduxit
2619 2791 2765 2843 eum,
2806 2782 2863 2830 et
2903 2772 3166 2844 percussit
3193 2770 3467 2842 pontiﬁcis

1875 2890 2116 2943 servum,
2143 2882 2198 2929 et
2225 2872 2527 2943 amputavit
2551 2869 2846 2926 auriculam
2869 2867 2989 2937 ejus
3009 2868 3311 2924 dexteram.
3338 2866 3469 2922 Erat

1878 2977 2061 3024 autem
2090 2980 2285 3022 nomen
2314 2978 2508 3031 servo,
2536 2962 2793 3019 Malchus.
2818 2961 2968 3017 Tunc
2992 2960 3065 3016 ait
3087 2959 3243 3015 .lesus
3271 2958 3467 3015 Petro:

1878 3059 2118 3114 Calicem
2149 3070 2308 3126 quem
2338 3054 2488 3110 dedit
2530 3050 2664 3107 mihi
2691 3051 2871 3118 Pater,
2904 3063 3011 3106 non
3057 3048 3237 3104 bibam
3274 3046 3465 3102 illum?

1883 3152 2037 3207 Mitte
2065 3149 2303 3220 gladium
2334 3147 2391 3201 in
2420 3145 2693 3216 vaginam.
2720 3144 2919 3199 Omnes
2948 3142 3097 3197 enim
3125 3141 3215 3209 qui
3244 3152 3471 3208 accepe-

1804 3231 1850 3294 C
1879 3241 1990 3297 rint
2036 3239 2305 3309 gladium,
2354 3237 2535 3307 gladio
2585 3234 2855 3304 peribunt.
2901 3234 2985 3287 An
3034 3239 3192 3300 putas
3224 3230 3345 3298 quia
3362 3242 3469 3283 non

1878 3345 2105 3403 possum
2158 3342 2352 3399 rogare
2406 3326 2623 3383 Patrem
2677 3337 2889 3389 meum,
2921 3332 2977 3379 et
3020 3320 3295 3377 exhibebit
3338 3319 3470 3374 mihi

1879 3421 2001 3493 plus
2040 3434 2203 3491 quam
2230 3416 2509 3474 duodecim
2539 3416 2779 3486 legiones
2817 3412 3160 3483 angelorum?
3187 3409 3468 3477 Quomodo

1881 3526 2012 3583 ergo
2039 3510 2404 3580 implebantur
2425 3508 2740 3578 Scriptum,
2785 3505 2913 3577 quia
2956 3503 3036 3559 sic
3063 3510 3276 3573 oportet
3308 3501 3469 3556 ﬁeri?

1881 3603 2056 3661 Sinite
2083 3616 2253 3673 usque
2282 3603 2408 3659 huc.
2434 3602 2505 3658 Et
2544 3614 2666 3656 cum
2694 3600 2955 3669 tetigisset
2980 3596 3275 3653 auriculam
3319 3594 3471 3665 ejus,

1881 3695 2093 3752 sanavit
2118 3708 2263 3750 eum.
2285 3692 2345 3749 In
2374 3692 2466 3748 illa
2487 3692 2621 3748 hora
2642 3690 2777 3746 dixit
2798 3688 2953 3745 Jesus
2975 3686 3175 3743 turbis:
3194 3685 3471 3755 Tanquam

1882 3787 1951 3844 ad
1974 3788 2240 3843 latronem
2268 3784 2482 3842 exiistis
2523 3798 2647 3840 cum
2700 3781 2897 3853 gladiis
2940 3788 2998 3835 et
3042 3776 3274 3834 fustibus
3323 3789 3473 3832 com-
3552 3772 3555 3773 ⁷

1883 3878 2223 3950 prehendere
2260 3890 2371 3933 me.
2394 3875 2646 3943 Quotidie
2683 3872 2824 3944 apud
2857 3885 2950 3929 vos
2978 3883 3146 3939 eram,
3179 3868 3375 3925 docens
3416 3866 3472 3922 in

1884 3968 2106 4039 templo,
2131 3978 2186 4025 et
2206 3981 2312 4024 non
2337 3982 2426 4023 me
2447 3965 2717 4023 tenuistis.
2737 3963 2841 4021 Sed
2868 3962 2983 4018 haec
3009 3969 3093 4017 est
3119 3959 3250 4015 hora
3271 3966 3472 4026 vestra,

1884 4070 1941 4117 et
1969 4069 2213 4131 potestas
2242 4058 2609 4116 tenebrarum.
2662 4056 2776 4112 Hoc
2830 4065 3009 4110 autem
3061 4060 3231 4108 totum
3280 4051 3475 4105 factum

1893 4160 2007 4218 est,
2060 4161 2118 4206 ut
2163 4150 2517 4219 implerentur
2561 4146 2857 4217 Scripturae
2890 4142 3296 4215 prophetarum.
3326 4140 3477 4195 Tunc

1886 4240 2137 4310 discipuli
2170 4253 2361 4295 omnes
2381 4279 2397 4305 ,
2429 4239 2621 4294 relicto
2662 4250 2753 4301 eo,
2783 4230 3304 4302 tugerunt.~—Jom.
3325 4243 3476 4294 xvm,

1888 4331 2095 4386 12-”.
2123 4329 2334 4385 Cohors
2361 4338 2538 4382 autem
2568 4335 2624 4382 et
2645 4324 2910 4387 tribunus,
2937 4331 2992 4376 et
3013 4319 3241 4374 ministri
3266 4316 3479 4372 Judaeo—

1888 4434 2009 4474 rum
2038 4416 2569 4485 comprehenderunt
2595 4414 2806 4477 Jesum,
2837 4419 2892 4466 et
2922 4410 3229 4479 ligaverunt
3249 4419 3395 4472 eum,
3424 4412 3479 4460 et

1890 4508 2229 4564 adduxerunt
2273 4519 2398 4561 eum
2453 4504 2521 4559 ad
2572 4506 2781 4558 Annam
2814 4501 3084 4572 primum:
3118 4500 3273 4555 erat‘
3302 4503 3479 4551 autem

190 4567 475 4668 “mm?”
502 4565 839 4668 decurrsniis
871 4564 927 4618 in
960 4572 1179 4668 mira?
1202 4564 1424 4668 {cum
1456 4563 1788 4668 δυττίῗξίθδθί
1812 4599 1870 4661 1)
1892 4563 2050 4657 socer
2079 4597 2319 4668 Caiphtc,
2375 4597 2465 4667 qui
2511 4604 2630 4652 erat
2676 4563 2920 4665 pontifex
2971 4592 3096 4647 anni
3123 4590 3315 4646 illius.
3348 4588 3481 4645 Erat

191 4660 267 4716 ab
293 4657 567 4726 oratione,
596 4658 743 4714 venit
763 4658 956 4713 iterum
985 4657 1053 4712 ad
1082 4657 1373 4728 discipulos
1399 4666 1620 4725 suos,et
1641 4656 1787 4713 inve-

196 4752 281 4808 nit
318 4765 414 4808 eos
458 4747 791 4831 dormientes
834 4766 947 4821 pra:
992 4751 1221 4806 tristitia.
1252 4750 1519 4807 --MARC.
1550 4765 1660 4820 xrv,
1690 4748 1781 4808 40.

199 4844 368 4900 Erant
401 4842 545 4898 enim
588 4842 730 4898 oculi
757 4856 942 4899 eorum
971 4842 1200 4911 gravati,
1232 4850 1286 4896 et
1313 4841 1630 4912 ignorabant
1657 4840 1784 4912 quid

201 4931 591 5003 responderent
605 4931 677 4988 ei.
701 4932 769 4987 Et
792 4932 991 4987 relictis
1009 4932 1133 5000 illis,
1154 4933 1351 4989 iterum
1370 4933 1524 5000 abiit,
1542 4941 1597 4989 et
1612 4934 1786 4989 oravit

204 5026 363 5082 tertio
391 5025 638 5083 eumdem
665 5039 969 5081 sermonem
998 5025 1203 5081 dicens.
1234 5012 1385 5082 Tunc
1415 5026 1563 5083 venit
1598 5027 1663 5082 ad
1706 5028 1788 5084 di-

204 5116 436 5187 scipulos
461 5130 614 5181 suos,
640 5122 695 5171 ct
712 5116 788 5171 ait
810 5115 940 5170 illis:
969 5115 1205 5170 Dormite
1214 5114 1347 5186 jam,
1373 5124 1426 5171 et
1442 5117 1781 5186 requiescite.

201 5206 342 5265 Ecce
369 5208 816 5280 apprOpinquavit
841 5208 1009 5264 hora:
1039 5216 1094 5263 et
1112 5207 1280 5264 Filius
1299 5207 1531 5264 hominis
1550 5208 1786 5265 tradetur

201 5296 252 5353 in
289 5314 477 5355 manus
507 5306 867 5369 peccatorum.
902 5299 1137 5371 Surgite,
1169 5312 1386 5356 camus:
1419 5298 1562 5356 Ecce
1586 5314 1786 5371 appro-

214 5391 482 5463 pinquavit
510 5392 599 5463 qui
622 5406 707 5449 me
734 5392 927 5449 tradet.

771 5507 999 5565 CAPUT
1037 5509 1213 5565 CLXI.

347 5601 512 5657 ludas
534 5604 666 5657 venit
687 5620 801 5657 cum
827 5604 983 5659 turbis
998 5604 1420 5675 comprehendere
1444 5602 1642 5659 Iesum.

280 5717 491 5773 Mn'ru.
523 5733 670 5787 xxvx,
702 5717 911 5786 "-56;
944 5719 1115 5775 Manu.
1144 5734 1251 5783 xlv,
1278 5718 1625 5785 45-50;Luc.
1657 5729 1787 5784 χχιι,

236 5806 418 5868 47-54.
455 5810 518 5867 Et
545 5808 718 5866 adhuc
749 5812 863 5881 ipso
902 5811 1172 5883 loquente,
1209 5827 1332 5869 ecce
1361 5810 1522 5868 Judas
1546 5819 1683 5864 unus
1723 5803 1793 5863 de

1890 4700 2071 4748 autem
2102 4688 2333 4760 Caiphas
2377 4689 2470 4760 qui
2497 4685 2786 4745 consilium
2819 4684 3040 4742 dederat
3082 4683 3312 4740 iudicis:
3342 4680 3478 4765 Quia

1889 4785 2108 4857 expedit
2141 4798 2305 4841 unum
2339 4783 2610 4841 hominem
2643 4780 2780 4836 mori
2810 4794 2907 4850 pro
2930 4778 3148 4850 p0pulo.

2456 4929 2685 4989 CAPUT
2723 4927 2929 4986 CLXII.

1896 5027 2204 5085 Adolescens
2230 5026 2440 5096 quidam
2468 5025 2683 5080 indutus
2715 5021 2932 5077 sindone
2958 5019 3261 5088 sequebatur
3279 5016 3478 5071 Jesum.

1965 5163 2137 5220 MARC.
2182 5178 2293 5233 xtv,
2326 5164 2417 5229 51,
2442 5162 2534 5218 52.
2566 5160 2896 5218 Adolescens
2923 5166 3101 5212 autem
3146 5152 3363 5224 quidam
3396 5163 3483 5204 sc-

1896 5256 2159 5325 quebatur
2179 5269 2324 5322 eum,
2344 5254 2573 5309 amictus
2594 5251 2819 5307 sindone
2846 5263 3012 5319 super
3031 5245 3204 5309 nudo;
3228 5250 3282 5297 et
3304 5252 3482 5296 tenue-

1900 5358 2026 5405 runt
2050 5350 2280 5405 eum.At
2307 5347 2422 5410 ille,
2449 5346 2651 5416 rejecta
2682 5344 2929 5409 sindone,
2960 5340 3135 5396 nudus
3165 5333 3395 5407 profugit
3416 5335 3483 5389 ab

1894 5443 1996 5499 eis.
2026 5473 2095 5483 —
2122 5441 2278 5497 10m.
2318 5455 2473 5506 xvm,
2510 5436 2695 5501 1548;
2730 5436 2946 5491 Manu.
2989 5445 3134 5498 xxvt,
3176 5426 3361 5494 58-69,
3380 5426 3478 5489 70;

1894 5535 2069 5591 Muta.
2101 5550 2209 5601 xiv,
2238 5533 2341 5598 54;
2376 5533 2507 5587 Luc.
2533 5545 2663 5597 χχιι,
2694 5528 2889 5583 54-57.
2924 5523 3259 5594 Sequebatur
3298 5528 3477 5573 autem

1893 5627 2075 5684 Jesum
2101 5628 2285 5685 Simon
2342 5626 2536 5682 Petrus
2579 5623 2827 5692 alonge,
2862 5628 2917 5676 et
2963 5617 3103 5674 alius
3150 5613 3477 5685 discipulus,

1895 5733 2062 5787 usque
2085 5720 2138 5773 in
2168 5719 2365 5774 atrium
2389 5714 2643 5785 principis
2672 5712 3033 5769 sacerdotum.
3066 5708 3479 5775 Discipulusau-

1895 5816 2004 5867 tem
2034 5810 2124 5868 ille
2153 5820 2309 5868 notus
2336 5817 2455 5866 crat
2485 5803 2747 5877 pontiﬁci,
2773 5812 2827 5861 et
2855 5803 3100 5862 introivit
3127 5815 3248 5859 cum
3276 5798 3402 5856 Jesu
3426 5794 3482 5851 in
