4026 6458
497 355 597 417 547

1632 327 1947 391 VICTORIS
1984 323 2292 384 EPISCO‘PI
2330 319 2631 381 CAPUANI

3653 318 3770 380 548

497 470 691 530 atrium
717 464 1003 537 pontificis.
1037 462 1227 519 Petrus
1256 464 1435 514 autem
1464 452 1639 511 stabat
1677 450 1745 507 ad
1774 448 1968 505 ostium
1996 446 2073 501 fo-
2102 443 2158 505 A
2178 441 2361 497 Jesum
2390 440 2574 496 dicens
2606 456 2618 491 :
2651 436 2791 493 Nihil
2818 435 3111 507 respondes
3133 437 3198 493 ad
3222 451 3283 493 ea
3310 451 3429 508 qua:
3458 437 3547 493 isti
3576 437 3770 494 adver-

499 565 594 620 ris.
627 561 806 618 Exivit
836 575 961 628 ergo
992 556 1284 625 discipulus
1313 551 1449 606 alius
1480 547 1569 619 qui
1602 554 1717 601 erat
1752 551 1910 598 notus
1939 554 2074 609 pon-

500 657 649 725 tilici,
696 665 749 711 et
774 652 915 710 dixit
940 649 1199 712 ostiarize,
1230 652 1286 700 et
1314 640 1609 698 introduxit
1640 640 1875 694 Petrum.
1907 633 2077 700 Quem

499 763 620 807 cum
654 747 875 802 vidisset
918 742 1105 798 ancllla
1130 737 1346 794 ostiaria
1381 734 1659 790 sedentem
1691 730 1757 785 ad
1788 730 1992 795 lumen,
2026 732 2079 780 et

500 857 620 903 cum
644 840 831 896 fuisset
850 837 1056 902 intuita,
1076 832 1208 888 dixit
1232 848 1245 885 :
1271 826 1522 899 Nunquid
1550 834 1603 883 ct
1635 834 1687 880 tu
1712 839 1776 879 ex
1803 818 2078 889 discipulis

501 947 563 989 es
593 930 827 989 hominis
848 926 1034 983 istius?
1057 922 1193 978 Dicit
1214 922 1345 978 ille:
1380 919 1592 987 Mulier,
1622 930 1727 971 non
1753 914 1876 969 novi
1903 911 2073 977 illum,

502 1036 677 1092 neque
700 1020 813 1076 seio
831 1016 958 1088 quid
976 1015 1141 1071 dicas.
1166 1011 1390 1069 Stabant
1411 1018 1589 1065 autem
1614 1004 1752 1061 servi
1778 1014 1832 1060 et
1849 998 2077 1057 ministri

501 1111 568 1167 ad
602 1121 819 1180 prunas,
848 1104 969 1176 quia
996 1104 1162 1174 frigus
1184 1111 1325 1168 erat,
1354 1109 1408 1157 et
1436 1097 1821 1155 calefaciebant
1848 1108 1927 1149 se.
1952 1092 2079 1146 Erat

502 1211 678 1257 autem
700 1213 820 1256 cum
850 1197 928 1254 eis
957 1197 1152 1253 Petrus
1182 1202 1333 1250 stans
1361 1201 1415 1249 et
1444 1190 1765 1248 calefaciens
1804 1200 1884 1252 se,
1918 1193 1973 1239 ut
2002 1184 2080 1238 vi-

500 1293 650 1350 deret
680 1290 865 1346 tinem.

1046 1400 1279 1459 CAPUT
1314 1397 1538 1457 CLXIII.

505 1496 801 1569 Interrogat
825 1497 1063 1569 princeps
1096 1497 1420 1569 sacerdotum
1454 1491 1632 1547 Jesum
1658 1490 1723 1550 de
1744 1488 2011 1559 discipulis
2035 1494 2083 1542 et

1095 1568 1329 1622 doctrina
1352 1568 1483 1637 ejus.

579 1680 737 1737 Iesu.
779 1694 943 1747 svnt,
981 1678 1176 1744 19-27;
1206 1678 1419 1735 Mum.
1463 1689 1627 1739 xxvi,
1668 1672 1861 1739 71-75;
1904 1672 2080 1727 Mane.

2177 547 2271 589 sus
2301 541 2353 589 te
2385 530 2956 589 testiﬁcanturlJesus
2985 539 3159 585 autem
3186 530 3321 586 nihil
3346 530 3650 602 respondit.

2735 641 2961 700 CAPUT
2997 641 3203 701 CLXV.

2216 746 2469 815 Princeps
2494 743 2817 815 sacerdotum
2838 745 3047 815 adjurnt
3072 741 3249 815 Jesum
3276 740 3447 796 dicens
3468 756 3488 795 :
3512 742 3573 797 Si
3598 748 3653 794 tu
3674 757 3729 795 es

2676 814 2909 870 Christus
2930 856 2943 879 ,
2974 814 3057 866 dic
3094 814 3259 867 nobis.

2251 909 2466 965 Mum.
2497 924 2641 976 xxvi,
2667 907 2864 972 03.68;
2896 907 3071 961 Mane.
3103 920 3210 967 τιν,
3239 902 3434 970 61ο65;
3466 902 3598 958 Luc.
3629 917 3767 971 xm,

2183 1000 2371 1058 66-71.
2406 1000 2474 1055 Et
2501 1013 2713 1055 rursum
2744 1010 2986 1053 summus
3032 994 3283 1050 sacerdos
3311 991 3384 1048 ait
3413 991 3531 1048 illi:
3560 991 3774 1061 Adiuro

2179 1102 2232 1148 te
2258 1107 2351 1163 per
2379 1092 2544 1147 Deum
2573 1092 2773 1155 vivum,
2807 1096 2864 1144 ut
2891 1088 3038 1143 dicas
3067 1085 3221 1141 nobis
3265 1085 3311 1141 si
3346 1092 3402 1140 tu
3431 1097 3490 1140 es
3517 1081 3773 1138 Christus

2182 1183 2353 1239 Filius
2398 1183 2491 1239 Dei
2534 1180 2828 1238 benediCti.
2864 1179 3005 1235 Dicit
3038 1178 3117 1233 illi
3142 1178 3300 1234 Jesus
3323 1193 3337 1230 :
3359 1176 3442 1233 Tu
3469 1175 3679 1231 dixisﬁ.
3703 1174 3776 1229 Et

2182 1278 2257 1331 ait
2279 1277 2384 1332 illis
2410 1294 2423 1329 :
2448 1275 2503 1331 Si
2524 1274 2675 1331 vobis
2699 1274 2906 1341 dixero,
2934 1287 3039 1329 non
3063 1270 3295 1327 credetis
3316 1268 3449 1325 mihi
3471 1284 3488 1335 ;
3519 1270 3562 1323 si
3586 1276 3775 1321 autem

2183 1379 2234 1425 ct
2267 1370 2689 1438 interrogavere,
2722 1378 2830 1420 non
2858 1362 3260 1435 respondebitis
3300 1360 3455 1425 mihi,
3482 1373 3662 1429 neque
3691 1358 3779 1411 di-

2184 1463 2433 1520 mittetis.
2472 1460 2850 1516 Verumtamen
2898 1458 3018 1513 dico
3038 1456 3240 1513 vobis:
3272 1454 3479 1510 Amodo
3519 1451 3776 1507 videbitis

2184 1553 2379 1610 Filium
2425 1552 2659 1607 hominis
2689 1550 2971 1606 sedentem
2998 1564 3043 1603 a'
3062 1546 3271 1603 dextris
3316 1545 3532 1600 virtutis
3570 1542 3693 1609 Dei,
3721 1548 3778 1599 et

2185 1647 2495 1704 venientem
2524 1644 2577 1699 in
2607 1643 2840 1699 nubibus
2862 1642 3005 1697 ewli.
3036 1640 3188 1695 Tunc
3231 1639 3477 1708 princeps
3515 1634 3775 1691 sacerdo-

509 1788 599 1830 stv
618 1815 634 1842 ,
662 1773 860 1840 66-72;
889 1773 1017 1829 Luc.
1048 1788 1178 1838 χιιι,
1206 1772 1407 1828 55-62.
1437 1768 1681 1826 Pontifex
1702 1782 1829 1837 ergo
1855 1767 2085 1823 interro-

2205 1752 2299 1792 .um
2327 1735 2492 1792 scidit
2537 1734 2860 1789 vestimenta
2912 1746 3040 1795 sua,
3073 1730 3260 1785 dicens
3292 1745 3307 1783 :
3350 1726 3776 1797 Blasphemavit.

2205 1829 2230 1842 ιιι
2275 1830 2285 1839 -
2308 1830 2324 1842 ι
2398 1828 2432 1842 ιι
2506 1841 2514 1842 ,
2630 1840 2637 1842 Α
2665 1840 2692 1842 ,κ
2712 1839 2767 1842 ,,_
2793 1822 3051 1842 .--.θι.---ι
3076 1822 3212 1842 Is---
3245 1835 3383 1842 __-..-
3410 1819 3633 1842 ---A:-.!-
3667 1817 3747 1842 LL.

512 1868 656 1938 gavit
681 1868 862 1924 Jesum
894 1867 961 1923 de
998 1866 1277 1936 discipulis
1306 1866 1418 1920 suis
1460 1872 1515 1920 et
1556 1864 1625 1920 de
1651 1863 1898 1919 doctrina
1944 1860 2082 1931 ejus.

512 1956 810 2028 Respondit
834 1958 884 2013 ei
913 1957 1104 2015 Jesus:
1135 1958 1246 2027 Ego
1273 1958 1447 2027 palam
1477 1956 1688 2011 locutus
1707 1970 1829 2011 sum
1851 1953 2083 2011 mundo:

514 2062 614 2119 ego
635 2062 849 2118 semper
875 2048 1031 2103 docui
1060 2048 1112 2102 in
1140 2061 1407 2118 synagoga
1428 2054 1482 2103 et
1508 2048 1561 2102 in
1586 2046 1805 2115 templo,
1836 2061 1941 2117 quo
1967 2059 2088 2102 om-

513 2155 609 2197 nes
637 2139 806 2195 Judazi
852 2139 1200 2205 conveniunt,
1253 2146 1308 2194 et
1354 2138 1407 2192 in
1456 2138 1668 2193 occulto
1725 2137 1934 2194 locutus
1968 2151 2087 2194 sum

515 2231 669 2287 nihil.
699 2232 837 2297 Quid
876 2246 966 2289 me
993 2231 1334 2300 interrogas?
1364 2230 1631 2298 interroga
1676 2243 1771 2286 eos
1796 2229 1887 2299 qui
1908 2230 2091 2286 audie-

514 2331 635 2377 runt
664 2322 788 2392 quid
816 2323 1024 2378 locutus
1052 2323 1149 2377 sim
1174 2321 1337 2389 ipsis:
1367 2334 1494 2376 ecce
1520 2320 1573 2374 hi
1600 2322 1776 2377 sciunt
1800 2334 1919 2390 qua:
1948 2320 2093 2377 dixe-

515 2413 619 2469 rim
667 2428 789 2485 ego.
827 2414 954 2470 lItec
993 2422 1170 2470 autem
1201 2428 1322 2468 eum
1352 2414 1595 2478 dixisset,
1647 2428 1784 2469 unus
1832 2413 2092 2470 assistens

518 2506 883 2561 ministrorum
907 2506 1052 2562 dedit
1079 2506 1294 2575 alapam
1325 2506 1475 2569 Iesu,
1505 2505 1726 2561 dicens:
1760 2504 1848 2560 Sic
1869 2518 2093 2574 respon-

518 2595 615 2653 des
654 2597 943 2667 pontitici‘l
985 2596 1280 2667 Respondit
1309 2597 1357 2651 ei
1387 2595 1543 2652 Iesus
1569 2613 1583 2652 :
1610 2595 1667 2651 Si
1706 2596 1845 2652 male
1884 2597 2093 2651 locutus

516 2701 655 2756 sum,
684 2688 1047 2744 testimonium
1079 2687 1301 2757 perhibe
1338 2688 1407 2743 de
1436 2687 1577 2744 malo
1603 2705 1615 2751 ;
1652 2688 1694 2743 si
1724 2696 1902 2742 autem
1932 2687 2091 2754 bene,

522 2783 653 2855 quid
680 2798 767 2840 me
793 2784 954 2839 caedis
976 2784 998 2837 ?
1022 2783 1087 2838 Et
1115 2783 1261 2837 misit
1282 2797 1404 2838 eum
1433 2785 1616 2837 Annas
1638 2780 1852 2851 ligatum
1883 2780 1949 2835 ad
1974 2781 2096 2836 Cai-

529 2871 688 2940 pham
726 2871 1053 2940 pontificem.
1086 2870 1211 2926 Erat
1235 2879 1412 2925 autem
1444 2869 1629 2924 Simon
1666 2868 1859 2925 Petrus
1890 2866 2017 2923 foris
2041 2867 2097 2921 in

523 2962 663 3017 atrio
687 2970 857 3028 stans,
900 2970 956 3016 et
991 2961 1312 3017 calefaciens
1350 2975 1430 3016 se.
1472 2960 1702 3019 Rursum
1748 2967 1925 3013 autem
1965 2957 2099 3012 vidit

522 3065 645 3107 eum
676 3050 778 3107 alia
807 3051 1024 3117 ancilla,
1051 3060 1106 3107 et
1144 3051 1215 3107 ait
1244 3051 1745 3108 circumstantibus:
1774 3051 1839 3105 Et
1866 3049 1954 3104 hic
1983 3056 2100 3106 erat

524 3153 646 3196 cum
671 3139 797 3195 Jesu
835 3140 1133 3198 Nazareno.
1166 3142 1526 3198 Accesserunt
1553 3142 1643 3209 qui
1671 3139 1905 3207 stabant,
1930 3148 1985 3196 et
2012 3138 2098 3194 di-

530 3239 726 3286 xerunt
747 3231 944 3287 Petro:
971 3232 1107 3287 Vere
1137 3240 1191 3289 et
1217 3240 1275 3289 tu
1300 3246 1365 3287 ex
1394 3232 1503 3289 illis
1532 3246 1629 3288 es:
1663 3247 1784 3289 nam
1815 3231 2101 3303 etloquela

524 3328 611 3377 tua
642 3331 692 3376 te
714 3321 1050 3379 manifestum
1082 3323 1205 3379 facit
1231 3323 1377 3393 quod
1399 3323 1474 3379 sis
1504 3324 1775 3380 Galilzeus.
1808 3323 1876 3379 Et
1904 3323 2100 3378 iterum

527 3415 738 3485 negavit
762 3430 882 3472 cum
902 3417 1209 3485 juramento
1232 3435 1245 3472 :
1272 3418 1403 3484 Quia
1430 3434 1534 3473 non
1559 3417 1682 3473 novi
1714 3418 2008 3472 hominem.
2037 3416 2104 3472 Et

526 3517 649 3578 post
674 3511 923 3577 pusillum
947 3512 1103 3579 quasi
1128 3511 1275 3566 horae
1324 3511 1501 3575 unius,
1530 3510 1660 3564 dicit
1686 3522 1823 3565 unus
1845 3523 1908 3565 ex
1931 3508 2104 3564 servis

528 3602 814 3671 pontiﬁcis,
842 3612 1102 3671 cognatus
1145 3604 1265 3669 ejus
1291 3600 1441 3669 Cujus
1480 3600 1707 3655 abscidit
1745 3600 1934 3655 Petrus
1960 3598 2107 3653 auri.

528 3693 737 3749 cuiam:
768 3692 906 3749 Vere
926 3700 980 3746 et
1005 3693 1091 3746 hic
1116 3707 1239 3747 cum
1267 3692 1360 3747 illo
1382 3700 1524 3747 erat:
1556 3706 1676 3747 nam
1705 3691 1957 3749 Galilccus
1984 3699 2101 3748 est:

533 3781 721 3837 Nonne
741 3797 842 3851 ego
863 3791 916 3837 te
943 3782 1051 3837 vidi
1075 3783 1129 3836 in
1160 3782 1315 3847 horto
1338 3797 1457 3837 cum
1488 3783 1616 3838 illo?
1645 3783 1793 3839 Tunc
1813 3783 1977 3851 ccepit
2004 3782 2107 3839 ἀοι

535 3874 719 3928 testari
743 3881 796 3928 et
808 3873 1013 3943 jurare,
1034 3884 1089 3929 et
1106 3873 1587 3931 anathematizare:
1607 3874 1791 3944 Neque
1814 3874 1938 3931 novi
1959 3888 2104 3942 eum,

531 3979 706 4034 neque
732 3966 847 4031 scio
862 3966 990 4035 quid
1012 3966 1173 4021 dicis:
1200 3980 1304 4023 non
1322 3967 1445 4022 novi
1472 3965 1740 4023 hominem
1760 3965 1921 4022 istum
1949 3980 2108 4037 quem

530 4052 735 4111 dicitis.
766 4054 829 4111 Et
857 4056 1036 4112 statim
1075 4056 1248 4126 gallus
1284 4057 1537 4113 cantavit.
1571 4056 1635 4112 Et
1672 4070 1963 4113 conversus
2006 4057 2111 4111 Do-

533 4146 750 4214 minus,
789 4149 1027 4218 respexit
1063 4147 1299 4204 Petrum.
1344 4148 1413 4203 Et
1447 4148 1761 4204 recordatus
1799 4156 1882 4203 est
1918 4148 2109 4203 Petrus

530 4236 683 4295 verbi
723 4238 933 4294 Domini
962 4238 993 4274 ἰ
1033 4239 1176 4308 quod
1215 4238 1425 4295 dixerat
1460 4240 1509 4294 ei
1543 4255 1556 4293 :
1589 4238 1904 4309 Priusquam
1941 4238 2113 4307 gallus

531 4340 744 4400 cantet,
787 4340 869 4389 ter
906 4347 993 4389 me
1040 4331 1284 4406 negabis.
1325 4331 1393 4388 Et
1440 4346 1689 4403 egressus
1738 4333 1926 4400 foras,
1966 4329 2115 4391 ﬂevit

534 4441 740 4483 amare.

1062 4539 1289 4595 CAPUT
1327 4535 1557 4593 CLXIV.

715 4632 1084 4697 Qumebantur
1112 4634 1235 4703 falsi
1271 4640 1418 4687 testes
1454 4632 1695 4686 adversus
1733 4628 1931 4685 Jesum.

606 4744 820 4802 MATTII.
860 4759 1027 4821 xxvii,
1056 4744 1116 4809 ις
1150 4759 1292 4809 xxvi,
1326 4741 1527 4806 59-65;
1562 4739 1735 4795 Mane.
1764 4752 1879 4804 xlv,
1923 4736 2110 4793 55.61.

538 4839 695 4896 Mane
722 4848 899 4894 autem
931 4838 1089 4900 facto,
1119 4842 1488 4893 convenerunt
1517 4848 1702 4889 omnes
1740 4833 2011 4903 principes
2038 4850 2117 4888 sa-

539 4933 838 5001 cerdotum,
854 4947 975 4988 cum
998 4931 1304 4988 senioribus
1326 4929 1495 5001 plebis
1516 4937 1570 4985 et
1596 4928 1807 4992 scribis,
1828 4927 2114 4984 concilium

541 5027 820 5083 facientes.
847 5027 1170 5094 Quatrebant
1196 5024 1388 5080 falsum
1419 5024 1785 5080 testimonium
1814 5033 1999 5079 contra
2029 5023 2121 5078 Je-

537 5132 683 5186 sum,
702 5129 756 5173 ut
777 5132 898 5173 eum
924 5117 1079 5172 morti
1104 5116 1408 5172 traderent:
1432 5123 1607 5169 etnon
1634 5115 1973 5183 invenerunt,
2002 5125 2122 5166 eum

541 5210 698 5267 multi
728 5210 849 5266 falsi
881 5219 1043 5266 testes
1082 5209 1470 5272 accessissent;
1505 5219 1605 5261 nec
1651 5205 1993 5260 inveniebant
2026 5220 2039 5257 :
2072 5209 2127 5254 et

542 5303 915 5359 convenientia
938 5302 1146 5358 illorum
1173 5300 1475 5357 testimonia
1502 5314 1607 5355 non
1630 5306 1801 5353 erant.
1828 5293 2125 5349 Novissime

546 5407 726 5452 autem
754 5405 1016 5452 venerunt
1064 5394 1170 5449 duo
1200 5393 1317 5449 falsi
1376 5400 1563 5456 testes,
1616 5398 1670 5445 et
1699 5388 1949 5442 dixerunt
1976 5400 1989 5437 :
2018 5381 2127 5436 Nos

547 5494 850 5550 audivimus
890 5508 1010 5549 eum
1042 5493 1310 5548 dicentem
1344 5506 1360 5546 :
1392 5490 1619 5545 Possum
1665 5485 1940 5539 destruere
1993 5485 2125 5532 tem-

548 5583 693 5653 plum
721 5585 815 5641 Dei
843 5585 943 5640 hoc
964 5584 1349 5651 manufaCtum,
1374 5591 1428 5637 ct
1450 5587 1568 5650 post
1590 5576 1821 5632 triduum
1855 5570 1995 5625 aliud
2021 5583 2129 5624 non

554 5674 918 5732 manufactum
949 5676 1234 5731 aedificare.
1269 5675 1423 5730 Jesus
1446 5679 1622 5726 autem
1654 5664 1887 5721 tacebat.
1921 5663 1985 5716 Et
2013 5675 2128 5716 sur.

553 5781 684 5840 gens
723 5768 973 5842 princeps
1021 5768 1360 5829 sacerdotum
1391 5768 1446 5825 in
1475 5761 1734 5828 medium,
1785 5753 2133 5827 interrogavit

2115 1820 2165 1883 B
2189 1829 2327 1897 Quid
2350 1828 2524 1883 adhuc
2552 1839 2770 1897 egemus
2792 1822 3051 1880 testibus?
3075 1822 3217 1878 Ecce
3244 1835 3385 1876 nunc
3408 1819 3636 1874 audistis
3665 1817 3779 1871 bla-

2192 1920 2493 1992 sphemiam
2520 1919 2591 1975 de
2617 1932 2712 1974 ore
2738 1918 2877 1987 ejus.
2931 1916 3071 1985 Quid
3120 1916 3277 1973 vobis
3314 1913 3569 1969 videtur?
3599 1912 3674 1967 At
3700 1909 3780 1966 illi

2191 2016 2601 2086 respondentes,
2628 2012 2919 2068 dixerunt:
2950 2011 3097 2067 Reus
3125 2018 3209 2065 est
3251 2010 3461 2064 mortis.
3498 2005 3660 2061 Tunc
3684 2018 3782 2059 ex-

2191 2115 2453 2180 epuerunt
2478 2107 2533 2161 in
2565 2106 2753 2161 faciem
2776 2103 2895 2175 ejus
2920 2121 2934 2155 :
2969 2112 3024 2159 et
3054 2103 3143 2173 qui
3171 2101 3562 2157 teuebanteum
3592 2094 3783 2153 illude-

2193 2200 2321 2257 haut
2341 2200 2413 2267 ei,
2439 2206 2496 2254 et
2522 2196 2839 2253 velaverunt
2866 2193 3058 2250 faciem
3098 2192 3236 2263 ejus,
3266 2200 3323 2247 et
3347 2190 3594 2260 colaphis
3639 2186 3786 2241 ceci-

2193 2295 2391 2352 derunt
2434 2306 2579 2349 eum.
2610 2290 2713 2346 Alii
2742 2299 2921 2345 autem
2951 2286 3157 2357 palmas
3204 2286 3258 2341 in
3296 2284 3488 2341 faciem
3514 2286 3568 2340 ei
3614 2284 3783 2340 dede-

2194 2398 2352 2457 runt,
2383 2388 2660 2444 dicentes:
2690 2383 3007 2454 Prophetisa
3050 2380 3234 2446 nobis,
3278 2378 3520 2447 Christe,
3548 2376 3673 2448 quis
3700 2384 3784 2433 est

2196 2482 2287 2553 qui
2336 2488 2390 2536 te
2421 2477 2727 2549 percussit?
2756 2477 2826 2531 Et
2850 2474 2956 2531 alia
2982 2473 3151 2529 multa
3182 2470 3617 2541 blasphemantes
3640 2468 3785 2525 diee-

2197 2573 2326 2629 bant
2354 2572 2406 2629 in
2438 2586 2587 2628 eum.

2741 2679 2970 2738 CAPUT
3004 2674 3239 2735 CLXVI.

2379 2779 2631 2837 Traditur
2659 2775 2835 2833 Pilato
2870 2774 3061 2830 Iesus:
3088 2782 3137 2829 et
3164 2772 3369 2843 praenitet
3406 2769 3600 2825 Iudas.

2272 2896 2489 2952 Mum.
2521 2907 2693 2957 xxvn,
2724 2890 2882 2953 2-10;
2917 2886 3089 2942 Mane.
3142 2899 3239 2952 xv,
3281 2882 3340 2949 I;
3369 2882 3499 2938 Luc.
3541 2894 3697 2945 mn,
3731 2880 3782 2934 1.

2205 2988 2273 3045 Et
2300 2986 2646 3043 adduxerunt
2673 2997 2794 3036 eum
2819 2980 3054 3033 vinctum
3082 2978 3135 3032 in
3166 2973 3501 3046 praetorium,
3532 2981 3590 3028 et
3619 2972 3788 3026 tradi-

2204 3083 2397 3138 derunt
2426 3077 2615 3132 Pontio
2648 3073 2819 3129 Pilato
2857 3071 3092 3142 praesidi.
3134 3099 3203 3111 --
3231 3069 3385 3126 Iona.
3418 3075 3570 3131 XVIII,
3598 3064 3687 3121 28.
3723 3063 3789 3117 Et

2129 3200 2177 3267 ο
2207 3172 2308 3243 ipsi
2337 3184 2443 3225 non
2468 3166 2791 3223 introierunt
2814 3164 2866 3217 in
2892 3160 3228 3232 prmtorium,
3252 3166 3313 3213 ut
3339 3172 3443 3212 non
3465 3154 3790 3211 contamina-

2524 3259 2537 3267 .
2610 3266 2615 3267 ,
2792 3256 2806 3267 1
3020 3262 3029 3267 .
3064 3252 3101 3267 n
3199 3252 3211 3267 ι
3242 3263 3257 3267 -
3313 3248 3458 3267 ηιμ--
3484 3246 3670 3267 __!.l-_-
3706 3243 3763 3267 1..

2207 3272 2413 3329 rentur,
2444 3259 2538 3316 sed
2566 3266 2624 3313 ut
2645 3256 3037 3312 manducarent
3064 3252 3289 3307 Pascha.
3313 3248 3463 3303 Tunc
3484 3246 3673 3301 videns
3698 3243 3792 3299 Ju-

2205 3358 2301 3413 des
2329 3356 2419 3424 qui
2450 3369 2569 3408 cum
2604 3348 2821 3406 tradidit
2858 3346 2999 3418 quod
3050 3346 3337 3401 damnatus
3384 3351 3552 3408 esset,
3598 3339 3792 3395 ductus

2206 3446 2545 3517 poenitentia,
2576 3440 2761 3498 retulit
2792 3438 3006 3508 triginta
3040 3446 3324 3507 argenteos
3348 3431 3682 3504 principibus
3715 3444 3794 3483 sa-

2208 3540 2486 3598 cerdttum
2522 3545 2577 3592 et
2614 3532 2940 3598 senioribus,
2988 3531 3174 3586 dicens
3210 3545 3223 3581 :
3275 3527 3521 3593 Peccavi,
3572 3524 3793 3581 tradens

2209 3635 2519 3706 sanguinem
2540 3632 2765 3701 justum.
2793 3628 2860 3683 At
2892 3627 2968 3682 illi
3000 3626 3250 3681 dixerunt
3280 3642 3291 3676 :
3323 3621 3457 3690 Quid
3482 3620 3549 3675 ad
3571 3619 3707 3675 nos?
3738 3628 3792 3672 tu

2210 3728 2428 3783 videris.
2451 3728 2514 3781 Et
2543 3722 2796 3795 projectis
2826 3719 3095 3791 argenteis
3119 3718 3172 3773 in
3204 3716 3429 3787 templo,
3460 3712 3713 3771 recessit:
3740 3719 3797 3766 et

2211 3819 2418 3883 abiens,
2450 3817 2641 3886 laqueo
2670 3828 2729 3869 se
2769 3811 3067 3882 suspendit.
3104 3809 3382 3879 Principes
3409 3815 3586 3861 autem
3617 3818 3795 3859 sacer-

2212 3911 2393 3965 dotum
2413 3950 2427 3975 ,
2458 3907 2693 3977 acceptis
2739 3904 3007 3975 argenteis
3027 3942 3042 3970 ,
3071 3902 3362 3957 dixerunt:
3392 3899 3510 3955 Non
3546 3914 3640 3954 eos
3669 3895 3799 3952 licet

2212 4004 2426 4059 mittere
2456 4002 2508 4056 in
2556 4000 2877 4068 corbonam,
2918 3996 3037 4068 quia
3088 3995 3317 4066 pretium
3371 3992 3650 4065 sanguinis
3677 4000 3789 4047 est.

2212 4096 2448 4155 Consilio
2472 4102 2652 4151 autem
2678 4094 2834 4160 inito,
2858 4096 3103 4147 emerunt
3125 4102 3190 4144 ex
3215 4087 3319 4143 illis
3340 4102 3527 4159 agrum
3551 4084 3719 4154 ﬁguli,
3745 4084 3798 4138 in

2214 4190 2550 4259 sepulturam
2580 4186 3008 4258 peregrinorum.
3054 4183 3283 4251 Propter
3334 4181 3435 4235 hoc
3465 4187 3686 4235 vocatus
3712 4184 3802 4233 est

2216 4297 2342 4354 ager
2378 4280 2471 4336 ille
2490 4279 2511 4302 ‘
2546 4276 2964 4343 Acheldemach,
2998 4275 3099 4331 hoc
3119 4281 3202 4331 est
3227 4287 3353 4343 ager
3379 4270 3677 4343 sanguinis,
3708 4283 3803 4324 us-

2216 4389 2321 4447 que
2357 4375 2412 4430 in
2452 4371 2770 4428 hodiernum
2808 4370 2975 4425 diem.
3018 4368 3167 4423 Tunc
3208 4365 3490 4436 impletum
3527 4372 3612 4419 est
3652 4360 3798 4434 quod

2219 4468 2422 4525 dictum
2450 4474 2534 4524 est
2564 4478 2659 4535 per
2688 4462 2976 4521 Jcremiam
3004 4459 3344 4531 prophetam,
3393 4456 3700 4513 dicentem:
3736 4453 3803 4508 Et

2142 4563 2549 4646 Dacceperunt
2601 4552 2816 4625 triginta
2869 4560 3152 4621 argenteos
3198 4549 3430 4620 pretium
3482 4545 3800 4616 appretiati,

2223 4666 2382 4723 quem
2408 4648 2853 4721 appretiaverunt
2878 4659 2907 4699 a
2937 4642 3056 4699 ﬁliis
3093 4642 3254 4701 Israel
3288 4658 3301 4696 :
3333 4650 3387 4698 et
3413 4639 3677 4696 dederunt
3706 4651 3805 4691 eos

2225 4743 2277 4798 in
2303 4756 2491 4813 agrum
2520 4738 2684 4811 ﬁguli,
2712 4738 2851 4793 sicut
2873 4733 3152 4793 constituit
3178 4732 3307 4789 mihi
3335 4729 3591 4787 Dominus
3616 4725 3804 4801 (Zach.

2225 4849 2298 4901 si,
2334 4832 2441 4903 19.).

2674 4966 2675 4969 η
2762 4920 2986 4979 CAPUT
3016 4917 3266 4975 CLXVII.

2232 5018 2432 5074 Pilatus
2460 5016 2606 5070 audit
2635 5014 2763 5070 inter
2786 5013 2995 5068 Juda’os
3024 5022 3069 5066 ct
3098 5010 3379 5065 Dominum
3402 5024 3419 5064 :
3440 5014 3489 5063 et
3512 5007 3667 5062 mittit
3696 5019 3808 5062 eum

2830 5085 2897 5137 ml
2938 5082 3218 5136 Herodem.

2303 5198 2457 5256 loss.
2480 5214 2625 5265 xvm,
2646 5198 2738 5262 29,
2755 5198 2845 5253 '50.
2870 5196 3045 5251 Exivit
3066 5210 3192 5265 ergo
3217 5194 3421 5249 Pilatus
3438 5191 3504 5247 ad
3527 5206 3623 5248 eos
3648 5188 3815 5251 foras.

2232 5301 2286 5353 ct
2315 5292 2443 5348 dixit
2470 5312 2483 5346 :
2517 5292 2686 5360 Quam
2711 5289 3104 5344 accusationem
3126 5286 3328 5342 affertis
3352 5285 3611 5340 adversus
3641 5281 3815 5338 homi-

2236 5399 2357 5440 nem
2381 5384 2554 5439 hunc?
2581 5380 2987 5451 Responderunt
3006 5388 3058 5435 et
3079 5378 3330 5434 dixerunt
3352 5378 3399 5434 ei
3426 5395 3438 5431 ;
3463 5376 3519 5433 Si
3539 5390 3646 5430 non
3672 5380 3815 5431 esset

2236 5475 2319 5529 hic
2349 5474 2684 5540 malefactor,
2710 5486 2816 5526 non
2847 5470 2943 5526 tibi
2970 5468 3372 5525 tradidisscmus
3401 5483 3547 5525 eum.
3574 5496 3644 5510 -—
3682 5464 3812 5520 ch.

2234 5586 2382 5634 χχιιι,
2416 5570 2501 5623 1‘2.
2538 5567 2687 5623 llunc
2718 5564 3019 5621 invenimus
3044 5564 3443 5619 subvertentem
3474 5570 3688 5633 gentem
3720 5574 3811 5613 που
3876 5636 3879 5637 ν

2236 5673 2420 5725 stram,
2453 5669 2505 5717 et
2540 5659 2907 5729 prohibentem
2939 5657 3132 5714 tributa
3155 5656 3283 5713 dare
3308 5656 3527 5723 Caesari,
3560 5663 3615 5710 et
3637 5655 3817 5709 dicen-
3878 5648 3886 5663 ³

2240 5769 2346 5820 tem
2378 5771 2437 5817 se
2462 5756 2729 5816 Christum
2759 5769 2937 5829 regem
2978 5766 3119 5813 esse.
3157 5782 3228 5797 —
3258 5751 3414 5810 loss.
3446 5764 3601 5821 svnt,
3631 5748 3818 5808 31-58.
