4026 6520
460 449 564 510 351

1608 431 1920 495 VICTORIS
1959 428 2264 490 EPISCOPI
2301 426 2602 487 CAPUANI

3643 426 3760 489 552

465 578 799 638 Iudaeorum.
832 574 898 632 Et
922 577 1243 644 cxspuentes
1270 568 1326 625 in
1354 578 1499 632 eum,
1533 566 1858 633 acceperunt
1881 571 2047 613 arun-
2078 554 2133 618 Α
2154 552 2346 608 liberet
2371 563 2512 608 nunc
2540 536 2683 617 eum,
2734 548 2780 606 si
2810 547 2923 607 vult
2955 562 2968 604 :
2998 548 3134 607 dixit
3173 550 3318 609 enim
3360 567 3377 607 :
3414 550 3555 621 Quia
3581 552 3759 612 Filius

465 675 669 740 dinem,
683 679 739 729 ct
758 668 1127 742 percutiebant
1149 671 1307 735 caput
1326 662 1463 732 ejus.
1484 658 1552 713 Et
1572 664 1855 729 postquam
1877 652 2060 708 illuse-

465 775 591 823 runt
626 767 699 832 ei,
736 770 998 821 exuerunt
1023 773 1144 815 eum
1173 752 1511 824 chlamydem
1561 758 1617 807 et
1664 759 1976 817 purpuram,
2006 751 2062 801 et

464 858 895 916 indueruntcum
924 846 1257 907 vestimentis
1280 845 1419 916 ejus,
1439 852 1494 900 et
1523 842 1793 899 duxerunt
1822 853 1967 906 eum,
2000 844 2062 893 ut

468 948 841 1019 eruciﬁgerent
869 941 1190 1011 baiulantem
1213 937 1316 993 sibi
1331 949 1566 993 crucem.
1585 933 1855 988 Exeuntes
1882 936 2059 984 autem

466 1042 788 1098 invenerunt
818 1035 1089 1090 hominem
1115 1032 1434 1102 Cyrenaeum
1465 1025 1767 1082 venientem
1795 1022 1864 1078 de
1891 1020 2053 1088 villa,

468 1133 685 1188 nomine
727 1129 1001 1185 Simonem
1024 1167 1038 1193 ,
1074 1132 1280 1194 patrem
1312 1118 1600 1177 Alexandri
1641 1124 1696 1172 et
1730 1115 1873 1170 Ruﬁ.
1908 1112 2061 1168 Hunc

467 1222 877 1292 angariaverunt
906 1230 1118 1272 crucem
1150 1223 1367 1284 portare
1398 1219 1517 1279 post
1543 1208 1747 1265 Iesum.
1780 1205 2059 1289 Sequeba-

467 1324 556 1371 tur
578 1324 754 1369 autem
776 1314 926 1369 illum
955 1312 1108 1367 turba
1132 1310 1293 1365 multa
1318 1307 1525 1379 populi,
1548 1315 1604 1363 et
1628 1294 1912 1361 mulierum
1940 1316 2061 1373 quas

464 1408 805 1479 plangebant,
838 1414 892 1463 et
917 1405 1350 1460 lamentabantur
1372 1416 1517 1456 eum.
1544 1398 1850 1454 Conversus
1882 1406 2059 1453 autem

463 1499 533 1555 ad
575 1499 694 1554 illas
723 1498 919 1565 Iesus,
968 1494 1313 1550 dixit:Filiue
1341 1491 1673 1557 Jerusalem,
1724 1488 1891 1545 nolite
1931 1488 2062 1543 ﬂere

463 1604 628 1662 super
651 1604 739 1645 me
759 1633 776 1660 ,
809 1588 904 1645 sed
931 1602 1096 1657 super
1124 1601 1222 1642 vos
1250 1585 1397 1653 ipsas
1425 1584 1584 1649 ﬂete,
1617 1591 1674 1639 et
1710 1596 1875 1649 super
1922 1579 2064 1636 ﬁlios

464 1690 699 1739 vestros.
722 1680 987 1750 Quoniam
1010 1693 1136 1735 ecce
1161 1676 1379 1733 venient
1400 1676 1519 1731 dies
1541 1676 1595 1730 in
1624 1673 1817 1745 quibus
1837 1672 2018 1729 dicent
2044 1688 2062 1726 :

465 1775 649 1831 Beata:
675 1774 889 1831 steriles
909 1781 964 1829 et
989 1781 1203 1828 ventres
1226 1771 1315 1841 qui
1342 1785 1448 1825 non
1471 1776 1792 1840 genuerunt,
1823 1776 1876 1823 et
1897 1764 2065 1822 ubera

467 1880 591 1937 quae
636 1880 745 1921 non
784 1865 1137 1922 lactaverunt.
1170 1863 1319 1919 Tunc
1348 1861 1603 1937 incipient
1643 1860 1829 1916 dicere
1868 1858 2067 1914 monti-

2163 645 2261 701 Dei
2289 660 2428 700 sum.
2457 644 2690 715 ldipsum
2718 652 2895 701 autem
2924 659 3064 701 unus
3092 644 3160 701 de
3191 644 3276 701 his
3317 644 3409 716 qui
3438 645 3761 716 pendebant

2161 736 2462 794 latronibus
2488 781 2504 807 ,
2554 736 2961 809 blasphemabat
2999 752 3121 793 eum
3146 778 3165 805 ,
3210 738 3395 794 dicens
3426 756 3442 795 :
3476 738 3537 795 Si
3589 750 3645 795 tu
3694 752 3760 796 es

2160 829 2429 899 Christus,
2478 831 2683 888 salvum
2705 829 2786 886 iac
2808 830 3149 899 temetipsum
3170 838 3225 887 et
3251 844 3369 886 nos.
3395 829 3759 901 Respondeas

2162 936 2341 983 autem
2366 925 2526 994 alter,
2550 926 2861 996 increpabat
2886 925 3033 980 illum
3056 924 3239 981 dicens
3266 944 3280 979 :
3304 924 3490 995 Neque
3511 933 3567 982 tu
3594 925 3757 982 times

2162 1017 2353 1086 Deum,
2378 1016 2591 1088 quodin
2612 1017 2801 1074 eadem
2828 1017 3171 1074 damnatione
3195 1019 3288 1075 es?
3321 1019 3386 1075 Et
3415 1034 3515 1076 nos
3536 1020 3760 1091 quidem

2160 1108 2306 1179 juste
2338 1124 2353 1166 :
2386 1095 2507 1165 nam
2539 1108 2696 1179 digna
2727 1107 2881 1164 factis
2922 1108 3213 1179 recipimus
3258 1124 3273 1163 :
3324 1110 3412 1166 hic
3455 1124 3588 1167 vero
3626 1110 3765 1167 nihil

2164 1200 2292 1257 mali
2315 1200 2501 1272 gessit.
2533 1200 2599 1255 Et
2626 1200 2835 1257 dicebat
2859 1200 2927 1256 ad
2951 1201 3134 1257 Iesum
3165 1218 3179 1255 :
3211 1200 3457 1270 Domine,
3486 1212 3767 1259 memento

2162 1292 2296 1359 mei,
2320 1291 2448 1347 dum
2478 1306 2503 1347 ι
2519 1291 2694 1347 eneris
2715 1290 2772 1345 in
2794 1305 3016 1361 regnum
3041 1292 3292 1348 tuum.Et
3309 1291 3446 1348 dixit
3465 1292 3547 1348 illi
3566 1293 3763 1350 Iesus:

2163 1386 2338 1441 Amen
2379 1385 2500 1441 dico
2528 1385 2657 1440 tibi:
2691 1383 2865 1440 Hodie
2890 1400 3098 1440 mecum
3127 1386 3237 1441 eris
3285 1386 3341 1441 in
3390 1387 3663 1456 paradiso.
3693 1417 3765 1429 —

2164 1478 2319 1537 Iesu.
2353 1494 2466 1545 χιχ,
2496 1478 2697 1534 25.27.
2756 1478 2979 1535 Stabant
3007 1487 3185 1535 autem
3211 1478 3363 1549 juxta
3387 1494 3608 1538 crucem
3636 1482 3769 1540 Iesu

2165 1578 2340 1628 mater
2368 1570 2486 1641 ejus
2505 1610 2521 1637 ,
2552 1579 2608 1627 et
2635 1584 2789 1627 soror
2827 1571 3015 1627 matris
3044 1570 3163 1641 ejus
3183 1610 3198 1638 ,
3233 1570 3396 1628 Maria
3426 1570 3690 1644 Cleophaz
3715 1584 3772 1633 et

2166 1661 2328 1719 Maria
2356 1663 2689 1735 Magdalene.
2732 1662 2865 1721 Cum
2895 1662 3119 1720 vidisset
3147 1678 3277 1735 ergo
3310 1663 3470 1722 Iesus
3496 1674 3731 1723 matrem
3749 1710 3767 1737 ,

2166 1768 2222 1815 et
2266 1757 2585 1828 discipulum
2633 1765 2862 1813 stantem
2903 1770 3065 1828 quem
3112 1756 3404 1828 diligebat,
3432 1757 3565 1814 dicit
3604 1764 3770 1826 matri

2166 1863 2279 1906 suae
2304 1866 2318 1905 :
2348 1850 2559 1917 Mulier,
2590 1864 2717 1907 ecce
2742 1849 2880 1907 ﬁlius
2900 1859 3041 1907 tuus.
3078 1849 3279 1908 Deinde
3298 1850 3428 1908 dicit
3452 1852 3766 1924 discipulo:

467 1935 575 2014 bus
606 1974 621 2013 :
651 1957 841 2014 Cadite
865 1972 1026 2027 super
1067 1970 1199 2023 nos;
1250 1964 1306 2012 et
1347 1935 1579 2011 collibus
1621 1970 1635 2006 :
1678 1952 1897 2023 Operite
1946 1965 2065 2009 nos.
2099 1946 2149 2009 B
2176 1944 2315 2001 Ecce
2344 1954 2517 2000 mater
2548 1953 2659 2000 tua.
2683 1944 2750 1998 Et
2778 1958 2846 1999 ex
2875 1943 2964 1999 illa
2996 1946 3128 1999 hora
3154 1945 3361 2015 accepit
3385 1959 3506 2002 eam
3536 1946 3771 2017 discipu-

469 2047 605 2116 Quia
649 2048 696 2105 si
734 2047 791 2104 in
831 2046 990 2104 viridi
1035 2048 1182 2118 ligno
1226 2047 1342 2102 haec
1393 2044 1596 2103 faciunt
1622 2088 1639 2117 ,
1686 2045 1743 2101 in
1768 2044 1919 2102 arido
1942 2043 2068 2115 quid

471 2140 600 2198 ﬂet?

1039 2278 1267 2335 CAPUT
1298 2277 1511 2334 CLXX.

469 2366 591 2441 Dug
613 2370 840 2441 latrones
859 2386 975 2423 cum
1004 2370 1209 2425 Christo
1248 2371 1317 2423 ad
1353 2368 1762 2441 cruciﬁgendum
1792 2369 2069 2441 ducuntur.

542 2438 615 2495 Et
641 2440 793 2495 Iesus
821 2442 875 2494 in
904 2455 1054 2494 cruce
1085 2448 1301 2495 matrem
1338 2438 1612 2495 Joanni'et
1640 2438 1892 2494 Joannem
1920 2440 2075 2493 matri

547 2510 891 2581 commendat.
926 2512 1081 2564 Aeeta
1120 2519 1355 2581 potatus,
1396 2512 1761 2566 consummatis
1806 2510 2073 2578 omnibus,

548 2580 733 2639 emittit
754 2580 1013 2650 spiritum.
1123 2656 1127 2665 ι

547 2694 682 2751 Luc.
729 2710 894 2763 χχιιι,
944 2694 1130 2752 32-54.
1179 2696 1522 2754 Ducebantur
1556 2705 1734 2755 autem
1764 2706 1819 2755 et
1852 2697 1941 2753 alii
1971 2697 2078 2753 duo

477 2802 708 2859 nequam
743 2802 866 2846 cum
894 2804 990 2856 eo,
1021 2798 1080 2846 ut
1112 2789 1881 2849 interﬁcerentur.——Ma'rru.
1907 2806 2073 2857 χχιιι,

478 2879 679 2945 35-57;
716 2880 889 2949 Mane.
917 2896 1011 2950 xv,
1050 2880 1245 2937 22-26.
1289 2882 1357 2937 Et
1401 2892 1683 2955 postquam
1730 2892 1997 2941 venerunt
2023 2883 2078 2939 in

481 2974 661 3032 locum
690 2976 781 3047 qui
810 2975 1004 3033 dicitur
1033 2976 1331 3048 Golgotha,
1365 2981 1505 3048 quod
1548 2988 1633 3034 est
1669 2979 2080 3049 interpretatum

480 3065 745 3122 Calvaria:
775 3067 955 3139 locus,
994 3068 1064 3125 ibi
1095 3068 1475 3125 cruciﬁxerunt
1515 3084 1660 3125 eum.
1714 3070 1780 3126 Et
1816 3069 2082 3125 dederunt

483 3159 537 3214 ci
569 3158 750 3214 vinum
780 3158 966 3216 bibere
989 3174 1109 3216 cum
1138 3161 1260 3216 felle
1284 3162 1504 3217 mixtum
1527 3178 1539 3216 :
1559 3172 1613 3219 et
1639 3176 1761 3219 cum
1790 3168 2079 3233 guStasset,

483 3250 660 3307 noluit
698 3250 905 3308 bibere.
946 3252 1105 3308 Iesus
1147 3261 1327 3309 autem
1371 3253 1587 3310 dicebat
1620 3271 1635 3311 :
1663 3254 1841 3323 Pater,
1872 3255 2083 3311 dimitte

2173 2034 2259 2091 ius
2281 2035 2334 2091 in
2357 2049 2473 2090 sua.
2492 2033 2791 2091 —Mnru.
2812 2048 2982 2100 xxvu,
3011 2032 3208 2102 45-50;
3237 2034 3412 2092 Mane.
3446 2050 3540 2105 xv,
3573 2037 3773 2104 55-57;

2064 2190 2070 2201 1
2172 2125 2306 2184 Luc.
2347 2142 2502 2193 χχιιι,
2547 2125 2742 2183 44-46.
2793 2128 2836 2182 A
2889 2133 3039 2182 sexta
3087 2133 3269 2183 autem
3317 2127 3492 2198 hora,
3538 2131 3776 2187 tenebrae

2176 2218 2331 2276 factm
2359 2228 2484 2276 sunt
2526 2233 2690 2289 super
2734 2219 3041 2276 universam
3085 2226 3284 2277 terram
3310 2259 3329 2290 ,
3361 2235 3531 2291 usque
3567 2221 3637 2278 ad
3681 2223 3780 2280 ho-

2176 2324 2294 2367 ram
2323 2325 2541 2367 nonam.
2571 2312 2639 2367 Et
2688 2312 2833 2367 circa
2874 2313 3058 2367 horam
3105 2326 3303 2368 nonam
3340 2313 3594 2370 clamavit
3619 2315 3776 2371 Iesus

2178 2416 2311 2459 voce
2340 2417 2553 2473 magna,
2582 2402 2803 2459 dicens:
2835 2403 2935 2468 Eli,
2966 2403 3067 2471 Eli,
3091 2403 3231 2461 lama
3260 2405 3580 2461 sabacthani
3604 2406 3776 2477 (Psat.

2180 2511 2294 2563 χχι,
2323 2495 2380 2566 2)
2405 2498 2419 2551 ι
2453 2496 2606 2564 Quod
2650 2506 2734 2553 est
2775 2496 3182 2567 interpretatum
3212 2513 3229 2553 :
3260 2497 3404 2554 Deus
3427 2512 3604 2568 meus,
3635 2501 3776 2556 Deus

2179 2602 2355 2656 meus,
2390 2587 2577 2659 utquid
2608 2588 2979 2659 dereliquistil
3011 2588 3241 2656 Quidam
3284 2600 3465 2647 autem
3484 2590 3598 2648 illic
3625 2599 3776 2647 stan-
3838 2646 3842 2649 _

2180 2687 2263 2737 tes
2284 2688 2339 2736 et
2364 2679 2659 2746 audientes,
2688 2679 2979 2736 dicebant:
3010 2680 3184 2737 Eliam
3211 2690 3366 2738 vocat
3390 2683 3606 2740 iste.—
3624 2683 3777 2741 Ion.

2180 2788 2293 2841 xix,
2324 2772 2513 2831 28.30.
2535 2771 2727 2830 Postea
2752 2774 2931 2831 sciens
2958 2774 3116 2831 Iesus
3143 2773 3266 2846 quia
3305 2775 3417 2847 jam
3446 2776 3630 2833 omnia
3652 2792 3784 2834 con-

2183 2880 2450 2930 summata
2494 2881 2638 2943 sunt,
2686 2880 2746 2928 ut
2784 2881 3247 2929 consummaretur
3294 2870 3572 2945 Scriptura
3606 2873 3781 2945 (Psat.

2185 2979 2373 3030 LXVIII,
2405 2963 2525 3036 22),
2556 2962 2689 3021 dicit
2717 2981 2731 3017 :
2760 2962 2917 3020 Sitio.
2947 2964 3054 3021 Vas
3079 2978 3208 3036 ergo
3237 2966 3468 3035 positum
3492 2976 3611 3023 erat
3633 2977 3786 3025 aceto

2186 3058 2427 3130 plenum.
2459 3057 2528 3114 Et
2561 3059 2817 3115 continuo
2844 3072 3068 3115 currens
3099 3072 3239 3116 unus
3266 3073 3336 3117 ex
3357 3059 3438 3117 eis
3460 3098 3477 3127 ,
3507 3069 3785 3130 acceptam

2184 3151 2466 3222 spongiam
2511 3151 2751 3223 implevit
2787 3160 2942 3209 aceto
2968 3191 2985 3217 ,
3027 3159 3081 3207 et
3116 3151 3374 3223 imposuit
3416 3151 3701 3218 aruudini,
3731 3162 3788 3210 et

2185 3243 2348 3300 dabat
2372 3244 2423 3301 ei
2449 3243 2801 3302 bibere.Cum
2822 3258 2953 3316 ergo
2974 3244 3321 3317 accepisset“
3340 3253 3575 3314 acetum,
3602 3246 3745 3303 dixit
3770 3264 3785 3302 :

481 3338 743 3408 illis;non
769 3342 914 3398 enim
931 3344 1104 3400 sciunt
1131 3344 1258 3414 quid
1286 3320 1866 3416 faciunt.—Ioau.xtx,
1887 3346 2083 3404 19-24.
2109 3335 2157 3399 C
2189 3334 2629 3393 Consummatum
2660 3344 2762 3393 est.
2796 3334 2992 3392 Caeteri
3021 3351 3152 3394 vero
3192 3320 3483 3394 dicebant:
3519 3321 3684 3404 Sine,
3713 3339 3791 3394 via

481 3429 774 3504 Postquam
803 3442 983 3490 autem
1007 3436 1391 3493 cruciﬁxerunt
1416 3453 1541 3495 eum
1569 3479 1586 3507 ,
1631 3446 1956 3509 acceperunt
1983 3452 2077 3495 ve-

486 3524 743 3583 stimenta
771 3526 910 3597 ejus,
942 3535 996 3583 et
1024 3528 1267 3585 fecerunt
1290 3538 1521 3599 quatuor
1549 3539 1763 3600 partes,
1793 3530 2080 3600 unicuique

484 3615 641 3671 militi
664 3624 904 3685 partem,
930 3623 987 3671 et
1013 3618 1269 3673 tunicam.
1309 3619 1440 3672 Erat
1467 3626 1644 3673 autem
1687 3620 1865 3674 tunica
1893 3620 2079 3675 incon-

484 3706 693 3772 Sutilis,
731 3706 965 3776 desuper
999 3715 1252 3763 contexta
1284 3722 1378 3777 per
1407 3716 1597 3764 totum.
1648 3709 1911 3765 Dixerunt
1952 3724 2081 3781 ergo

488 3797 562 3855 ad
591 3799 819 3853 invicem
856 3816 871 3854 :
909 3799 1026 3856 Non
1056 3801 1367 3856 scindamus
1392 3815 1509 3856 eam
1528 3842 1546 3869 ,
1579 3802 1673 3858 sed
1704 3802 1990 3859 sortiamur
2014 3802 2084 3862 de

489 3893 607 3962 illa,
630 3893 784 3965 cujus
803 3896 894 3951 sit.
920 3894 992 3951 Ut
1021 3896 1303 3966 Scriptura
1323 3897 1664 3968 impleretur,
1693 3896 1877 3955 dicens
1904 3916 1919 3955 :
1954 3897 2083 3955 Par-

490 3985 577 4042 titi
602 3995 727 4041 sunt
753 3986 1075 4044 vestimenta
1101 4003 1222 4045 mea
1248 3988 1374 4056 sibi,
1402 3998 1457 4045 et
1488 4003 1651 4059 super
1680 3999 1880 4046 vestem
1906 4005 2081 4047 meam

492 4079 758 4135 miserunt
785 4087 985 4136 sortem
1022 4080 1190 4151 (Psal.
1237 4095 1355 4148 χχι,
1385 4080 1499 4151 19).
1529 4079 1599 4136 Et
1634 4080 1830 4137 milites
1867 4080 2083 4152 quidem

493 4171 612 4228 base
652 4170 915 4228 fecerunt.
959 4174 1025 4228 Et
1065 4172 1315 4229 sedentes
1354 4172 1639 4230 servabant
1672 4187 1819 4229 eum.
1859 4172 2087 4244 Scripsit

492 4272 674 4321 autem
704 4275 757 4320 et
779 4266 993 4321 titulum
1024 4266 1226 4322 Pilatus
1255 4280 1431 4321 causae
1459 4265 1606 4336 ejus,
1638 4275 1693 4321 et
1721 4266 1975 4335 imposuit
1994 4281 2086 4322 su-

491 4369 592 4427 per
615 4366 775 4427 caput
799 4355 915 4427 ejus
946 4373 962 4412 :
992 4358 1090 4413 Hic
1111 4366 1194 4413 est
1224 4357 1378 4414 Iesus
1398 4357 1706 4413 Nazarenus
1729 4356 1842 4414 Rex
1873 4357 2085 4413 Judzco-

490 4460 632 4503 l'um.
667 4446 820 4504 Hunc
846 4463 975 4520 ergo
1010 4449 1222 4505 titulum
1253 4449 1407 4505 multi
1439 4450 1687 4521 legerunt
1723 4450 2033 4506 Iudaeorum
2070 4469 2080 4503 :

490 4534 618 4607 quia
662 4551 831 4606 prope
877 4540 1145 4595 civitatem
1189 4548 1308 4597 erat
1352 4540 1503 4596 locus
1542 4540 1633 4595 ubi
1666 4541 1959 4596 cruciﬁxus
2005 4549 2089 4597 est

491 4627 673 4683 Iesus.
704 4627 771 4683 Et
803 4638 921 4683 erat
955 4632 1211 4698 scriptum
1245 4632 1536 4698 llebraice,
1571 4630 1757 4686 Grmce
1795 4640 1848 4686 et
1876 4630 2085 4687 Latine.

2183 3427 2404 3485 deamus
2450 3446 2518 3485 an
2544 3428 2722 3485 veniat
2755 3428 2901 3485 Elias
2946 3428 3183 3486 liberans
3215 3443 3359 3513 eum:
3407 3427 3567 3486 Iesus
3608 3437 3787 3486 autem

2186 3520 2381 3579 iterum
2415 3523 2653 3579 clamans
2678 3535 2813 3578 voce
2857 3536 3072 3593 magna,
3103 3523 3179 3578 ait
3217 3541 3234 3579 :
3281 3504 3475 3590 Pater,
3506 3538 3564 3579 in
3592 3536 3789 3579 manus

2187 3621 2308 3672 tuas
2328 3616 2650 3673 commendo
2677 3616 2925 3687 spiritum
2951 3606 3151 3672 meum.
3201 3614 3267 3670 Et
3302 3615 3561 3673 inclinato
3588 3618 3784 3689 capite,

2186 3706 2369 3764 emisit
2394 3706 2660 3777 spiritum.
2692 3736 2763 3748 —-
2788 3707 3002 3763 Merra.
3029 3721 3175 3763 xxvu
3197 3748 3212 3773 ,
3243 3706 3450 3774 51-54;
3480 3707 3658 3763 illanc.
3692 3722 3786 3773 xv,

2186 3797 2278 3864 58,
2321 3796 2424 3862 39;
2467 3797 2597 3853 Luc.
2647 3812 2803 3865 χχιιι,
2850 3796 2943 3863 47,
2976 3797 3066 3854 ι8.
3120 3797 3190 3853 Et
3227 3812 3356 3856 ecce
3395 3800 3575 3856 velum
3600 3801 3787 3872 templi

2187 3886 2416 3943 scissum
2438 3895 2522 3943 est
2549 3888 2603 3943 in
2626 3886 2760 3945 duas
2781 3895 2983 3958 partes,
3012 3902 3041 3942 a
3066 3873 3279 3945 summo
3306 3904 3475 3961 usque
3503 3891 3785 3949 deorsum.

2188 3974 2255 4032 Et
2276 3984 2418 4032 terra
2440 3984 2583 4032 mota
2604 3985 2709 4045 est,
2732 3985 2787 4033 et
2814 3985 2980 4048 petrae
2996 3978 3182 4034 scissa:
3201 3986 3347 4047 sunt,
3360 3986 3415 4035 et
3434 3989 3787 4038 monumenta

2191 4076 2374 4139 aperta
2402 4076 2549 4134 sunt,
2574 4076 2629 4124 et
2650 4068 2815 4125 multa
2840 4081 3068 4141 corp0ra
3099 4080 3407 4127 sanctorum
3436 4072 3529 4142 qui
3554 4071 3790 4128 domic-

2188 4170 2344 4230 rant,
2390 4175 2696 4218 surrexere.
2748 4161 2818 4219 Et
2850 4169 3115 4219 exeuntes
3157 4161 3227 4217 de
3264 4163 3628 4218 monumentis
3657 4172 3785 4234 post

2190 4254 2642 4311 resurrectionem
2669 4254 2808 4325 ejus,
2850 4263 3116 4311 venerunt
3145 4254 3199 4309 in
3226 4263 3467 4311 sanctam
3493 4255 3790 4323 civitatem,

2189 4356 2245 4405 et
2290 4354 2658 4417 apparuerunt
2701 4346 2904 4402 multis.
2935 4346 3192 4404 Centurio
3225 4356 3429 4415 autem,
3459 4357 3513 4403 et
3542 4348 3631 4418 qui
3664 4363 3790 4405 cum

2191 4438 2282 4496 illo
2303 4446 2479 4506 erant,
2508 4437 2873 4496 custodientes
2894 4438 3106 4506 Iesum,
3130 4440 3245 4493 viso
3287 4446 3601 4495 terraemotu
3630 4448 3687 4494 et
3706 4439 3791 4495 his

2190 4533 2280 4603 qui
2311 4531 2533 4603 ﬁebant,
2558 4532 2786 4591 timuere
2817 4532 2991 4599 valde,
3024 4532 3385 4603 gloriﬁcantes
3417 4533 3584 4590 Deum
3632 4543 3687 4589 et
3710 4533 3795 4589 dio

2191 4627 2544 4684 centeszliic
2595 4626 2756 4682 homo
2800 4626 2975 4696 justus
3018 4641 3145 4682 vere
3194 4626 3362 4682 Filius
3410 4625 3505 4683 Dei
3533 4634 3670 4681 erat.
3726 4626 3795 4682 Bt

496 4716 757 4772 Dicebant
800 4732 927 4786 ergo
979 4719 1149 4775 Pilato
1200 4721 1479 4789 pontiﬁces
1529 4720 1835 4775 Iudaeorum
1893 4737 1909 4775 :
1962 4708 2361 4777 NdliDontnis
2386 4718 2538 4773 turba
2568 4731 2753 4773 eorum
2774 4719 2865 4787 qui
2891 4718 3049 4773 simul
3071 4716 3300 4774 aderant
3327 4717 3395 4774 ad
3426 4718 3792 4789 spectaculum

492 4807 762 4875 scribere,
786 4807 898 4864 Rex
924 4809 1229 4865 Iudaeorum
1262 4830 1275 4864 :
1306 4813 1398 4867 sed
1417 4853 1431 4877 ,
1460 4813 1584 4882 quia
1615 4812 1731 4881 ipse
1758 4811 1892 4869 dixit
1920 4831 1935 4868 :
1969 4814 2083 4872 Rex

493 4912 614 4955 sum
635 4898 963 4955 Iudaeorum.
992 4900 1501 4969 ResponditPilatus
1516 4919 1529 4955 :
1546 4902 1696 4971 Quod
1721 4904 1937 4973 scripsi,
1951 4908 2088 4961 scri-

494 4989 600 5060 psi.
632 5019 703 5031 —
733 4990 950 5047 Marru.
981 5007 1148 5061 xxvii,
1182 4993 1373 5059 58-44;
1403 4994 1579 5049 Mane.
1608 5010 1699 5062 xv,
1724 4994 1921 5061 27-52;
1953 4996 2082 5053 ιω.

492 5096 648 5148 χχιιι,
674 5080 861 5138 55-45.
883 5082 1032 5138 Tunc
1054 5082 1429 5138 cruciﬁxerunt
1444 5099 1561 5140 cum
1584 5099 1649 5139 eo
1671 5085 1805 5142 duos
1826 5086 2085 5155 latrones,

491 5187 658 5229 unum
689 5186 719 5226 a
746 5171 1005 5242 dexteris,
1028 5182 1081 5229 et
1109 5175 1334 5230 alterum
1374 5191 1405 5230 a
1435 5176 1665 5233 sinistris
1692 5177 1827 5249 ejus.
1857 5179 2089 5236 Praeter-

492 5275 683 5321 euntes
718 5275 897 5322 autem
929 5267 1371 5338 blasphemabant
1402 5285 1557 5337 eun),
1586 5283 1863 5328 moventes
1911 5273 2085 5343 capita

492 5372 612 5424 sua,
642 5366 698 5414 et
721 5358 963 5414 dicentes
990 5376 1004 5412 :
1036 5358 1151 5415 Vah
1178 5361 1191 5415 !
1222 5361 1311 5432 qui
1340 5363 1573 5419 destruis
1605 5365 1860 5435 templum
1886 5366 1997 5430 Dei,
2033 5372 2079 5419 et

498 5446 552 5500 in
600 5446 780 5503 triduo
829 5448 962 5504 illud
1007 5450 1303 5507 remdiﬁcas
1353 5472 1366 5506 :
1417 5453 1560 5509 salva
1610 5453 1946 5523 temetipsum
1991 5454 2083 5508 :si

498 5536 669 5593 Filius
699 5538 794 5595 Dei
822 5555 902 5606 es,
934 5540 1203 5599 descende
1224 5544 1291 5600 de
1317 5559 1497 5601 cruce.
1530 5544 1788 5600 Similiter
1810 5554 1864 5599 et
1891 5545 2086 5614 princi-

498 5642 595 5699 pes
614 5632 955 5689 sacerdotum
982 5635 1270 5693 illudentes
1300 5653 1423 5693 cum
1454 5637 1645 5694 scribis
1673 5647 1727 5692 et
1760 5638 2083 5708 senioribus,

497 5719 752 5776 dicebant
793 5739 808 5777 :
853 5727 1002 5781 Alios
1046 5729 1225 5785 salvos
1266 5729 1387 5784 fecit
1416 5772 1430 5796 ,
1467 5744 1526 5785 se
1570 5730 1742 5799 ipsum
1775 5744 1880 5784 non
1914 5740 2085 5801 potest

495 5811 702 5869 salvum
728 5814 926 5872 facere.
957 5818 1011 5874 Si
1041 5820 1157 5877 Rex
1189 5822 1352 5877 Israel
1380 5833 1459 5877 est
1482 5865 1495 5889 ,
1521 5823 1810 5878 descendat
1842 5840 1979 5879 nunc
2019 5827 2085 5882 de

495 5916 677 5977 cruce,
703 5916 761 5966 ut
786 5908 1082 5983 videamus,
1101 5923 1158 5972 et
1182 5914 1465 5973 credamus
1496 5917 1566 5975 ei.
1592 5916 1823 5975 Conﬁdit
1850 5920 1901 5974 in
1927 5918 2034 5977 Deo
2070 5940 2081 5975 :

2190 4808 2355 4877 istud,
2377 4819 2432 4865 et
2460 4808 2717 4866 videbant
2738 4824 2856 4880 quae
2903 4810 3127 4879 ﬁebant,
3155 4811 3523 4881 percutientes
3575 4820 3794 4880 putor:

2192 4886 2290 4956 sua
2328 4900 2750 4956 revertebantur.
2779 4933 2851 4946 —-
2879 4901 3092 4957 illum.
3135 4917 3317 4969 xxvn,
3349 4902 3450 4972 55,
3482 4901 3584 4969 56;
3615 4901 3792 4960 Hanc.

2193 5012 2284 5061 xv,
2313 4998 2401 5063 40,
2435 4997 2537 5061 41;
2588 4997 2717 5053 Luc.
2776 5014 2929 5066 χχιιι,
2964 4999 3055 5055 49.
3110 4997 3337 5056 Stabant
3385 5006 3563 5055 autem
3605 5012 3794 5055 omnes

2196 5088 2307 5145 neti
2334 5088 2453 5159 ejus
2478 5089 2717 5163 alonge,
2748 5099 2803 5147 et
2840 5092 3095 5149 mulieres
3123 5092 3306 5149 multa:
3337 5106 3458 5163 qua:
3482 5092 3644 5148 simul
3672 5107 3792 5149 cum

2190 5194 2258 5237 eo
2300 5180 2654 5239 ascenderant
2685 5198 2714 5237 a
2758 5182 2980 5239 Galilzea
3010 5183 3459 5255 Hierosolymam.
3491 5184 3637 5240 Inter
3664 5198 3797 5254 quas

2190 5282 2343 5329 erant
2366 5274 2531 5330 Maria
2560 5275 2889 5347 Magdalenc,
2934 5285 2989 5331 et
3019 5276 3183 5332 Maria
3229 5276 3416 5333 Jacobi
3463 5276 3711 5341 minoris,
3742 5286 3797 5332 et

2188 5362 2387 5433 Ioseph
2406 5373 2596 5431 mater,
2613 5375 2666 5421 et
2680 5367 2896 5423 Salome
2916 5374 3088 5423 mater
3106 5368 3338 5423 ﬁliorum
3359 5367 3609 5425 Zebedzei
3627 5369 3792 5441 (qum,

2188 5469 2309 5511 eum
2332 5466 2473 5514 esset
2501 5458 2554 5514 in
2585 5457 2826 5529 Galilaea,
2856 5462 3224 5531 sequebantur
3257 5461 3430 5533 eum»),
3460 5462 3579 5517 haec
3605 5461 3795 5516 viden-

2191 5558 2290 5605 tes.
2323 5581 2391 5593 --
2419 5552 2575 5607 Joau.
2604 5568 2695 5607 χιχ
2716 5595 2731 5619 ,
2764 5552 2951 5610 51-56.
3003 5553 3175 5609 Iudaei
3214 5569 3366 5625 ergo,
3393 5554 3651 5624 quoniam
3700 5553 3799 5607 Pa-

2190 5655 2413 5699 raseeve
2462 5653 2610 5711 erat,
2657 5653 2717 5699 ut
2761 5659 2865 5700 non
2907 5655 3251 5703 remanerent
3290 5647 3341 5700 in
3381 5660 3541 5701 cruce
3570 5658 3795 5715 corpora

2194 5734 2420 5790 sabbato
2451 5736 2471 5805 (
2486 5747 2601 5791 erat
2630 5738 2771 5792 enim
2816 5753 3040 5808 magnus
3070 5739 3187 5794 dies
3217 5739 3305 5795 ille
3334 5737 3611 5807 sabbati),
3641 5752 3792 5807 roga-

2194 5835 2387 5881 verunt
2440 5826 2668 5880 Pilatum
2717 5839 2775 5881 ut
2828 5828 3202 5899 frangerentur
3257 5843 3410 5885 crura
3457 5843 3690 5894 eorum,
3744 5834 3796 5881 et

2195 5921 2529 5976 tollerentur.
2559 5920 2831 5978 Venerunt
2860 5938 2985 5994 ergo
3016 5924 3211 5983 milites
3245 5940 3257 5979 :
3291 5933 3344 5982 et
3381 5922 3540 5995 primi
3572 5921 3789 5993 quidem
