  <div class='ocr_page' id='page_1' title='image "/cluster/home/n/w/nwhite01/storage/ocr_20150623/68/hvd.32044015469331/182.png"; bbox 0 0 4038 6356; ppageno 0'>
   <div class='ocr_carea' id='block_1_1' title="bbox 205 361 318 420">
    <p class='ocr_par' dir='ltr' id='par_1_1' title="bbox 205 361 318 420">
     <span class='ocr_line' id='line_1_1' title="bbox 205 361 318 420; baseline -0.035 1"><span class='ocrx_word' id='word_1_1' title='bbox 205 361 318 420; x_wconf 75' lang='grc'><strong>555</strong></span> 
     </span>
    </p>
   </div>
   <div class='ocr_carea' id='block_1_2' title="bbox 959 357 2717 422">
    <p class='ocr_par' dir='ltr' id='par_1_2' title="bbox 959 357 2717 422">
     <span class='ocr_line' id='line_1_2' title="bbox 959 357 2717 422; baseline -0.001 -3"><span class='ocrx_word' id='word_1_2' title='bbox 959 358 1542 420; x_wconf 83' lang='lat' dir='ltr'><strong>EVANGELICARUM</strong></span> <span class='ocrx_word' id='word_1_3' title='bbox 1580 357 2101 421; x_wconf 75' lang='lat' dir='ltr'><strong>IIARMONIARUM</strong></span> <span class='ocrx_word' id='word_1_4' title='bbox 2137 361 2717 422; x_wconf 75' lang='lat' dir='ltr'><strong>INTERPRETATIO.</strong></span> 
     </span>
    </p>
   </div>
   <div class='ocr_carea' id='block_1_3' title="bbox 3361 362 3467 419">
    <p class='ocr_par' dir='ltr' id='par_1_3' title="bbox 3361 362 3467 419">
     <span class='ocr_line' id='line_1_3' title="bbox 3361 362 3467 419; baseline 0.009 -1"><span class='ocrx_word' id='word_1_5' title='bbox 3361 362 3467 419; x_wconf 59' lang='lat' dir='ltr'><strong>55L</strong></span> 
     </span>
    </p>
   </div>
   <div class='ocr_carea' id='block_1_4' title="bbox 206 471 3482 551">
    <p class='ocr_par' dir='ltr' id='par_1_4' title="bbox 206 471 3482 551">
     <span class='ocr_line' id='line_1_4' title="bbox 206 471 3482 551; baseline 0.002 -21"><span class='ocrx_word' id='word_1_6' title='bbox 206 477 486 546; x_wconf 83' lang='lat' dir='ltr'><strong>fregerunt</strong></span> <span class='ocrx_word' id='word_1_7' title='bbox 504 484 679 543; x_wconf 90' lang='lat' dir='ltr'><strong>crura,</strong></span> <span class='ocrx_word' id='word_1_8' title='bbox 703 478 758 529; x_wconf 92' lang='lat' dir='ltr'><strong>et</strong></span> <span class='ocrx_word' id='word_1_9' title='bbox 781 471 1001 530; x_wconf 76' lang='lat' dir='ltr'><strong>alterius</strong></span> <span class='ocrx_word' id='word_1_10' title='bbox 1022 475 1252 545; x_wconf 88' lang='lat' dir='ltr'><strong>quicum</strong></span> <span class='ocrx_word' id='word_1_11' title='bbox 1278 491 1342 532; x_wconf 90' lang='lat' dir='ltr'><strong>eo</strong></span> <span class='ocrx_word' id='word_1_12' title='bbox 1369 477 1660 532; x_wconf 80' lang='lat' dir='ltr'><strong>cruciﬁxus</strong></span> <span class='ocrx_word' id='word_1_13' title='bbox 1687 485 1791 533; x_wconf 90' lang='lat' dir='ltr'><strong>est.</strong></span> <span class='ocrx_word' id='word_1_14' title='bbox 1819 477 1876 540; x_wconf 77' lang='grc' dir='ltr'>Α</span> <span class='ocrx_word' id='word_1_15' title='bbox 1901 487 2020 534; x_wconf 90' lang='lat' dir='ltr'><strong>orto</strong></span> <span class='ocrx_word' id='word_1_16' title='bbox 2056 482 2168 551; x_wconf 86' lang='lat' dir='ltr'><strong>jam</strong></span> <span class='ocrx_word' id='word_1_17' title='bbox 2217 481 2332 537; x_wconf 90' lang='lat' dir='ltr'><strong>sole</strong></span> <span class='ocrx_word' id='word_1_18' title='bbox 2352 521 2367 548; x_wconf 91' lang='lat'><strong>,</strong></span> <span class='ocrx_word' id='word_1_19' title='bbox 2393 482 2642 540; x_wconf 83' lang='lat' dir='ltr'><strong>dicebant</strong></span> <span class='ocrx_word' id='word_1_20' title='bbox 2671 480 2738 536; x_wconf 90' lang='lat' dir='ltr'><strong>ad</strong></span> <span class='ocrx_word' id='word_1_21' title='bbox 2783 477 3011 536; x_wconf 81' lang='lat' dir='ltr'><strong>invicem</strong></span> <span class='ocrx_word' id='word_1_22' title='bbox 3042 493 3058 535; x_wconf 91' lang='lat'><strong>:</strong></span> <span class='ocrx_word' id='word_1_23' title='bbox 3083 478 3215 548; x_wconf 86' lang='lat' dir='ltr'><strong>Quis</strong></span> <span class='ocrx_word' id='word_1_24' title='bbox 3237 480 3482 538; x_wconf 89' lang='lat' dir='ltr'><strong>revolvet</strong></span> 
     </span>
    </p>
   </div>
   <div class='ocr_carea' id='block_1_5' title="bbox 205 565 1792 639">
    <p class='ocr_par' dir='ltr' id='par_1_5' title="bbox 205 565 1792 639">
     <span class='ocr_line' id='line_1_5' title="bbox 205 565 1792 639; baseline 0.002 -17"><span class='ocrx_word' id='word_1_25' title='bbox 205 567 294 622; x_wconf 78' lang='lat' dir='ltr'><strong>Ad</strong></span> <span class='ocrx_word' id='word_1_26' title='bbox 314 566 496 623; x_wconf 81' lang='lat' dir='ltr'><strong>Jesum</strong></span> <span class='ocrx_word' id='word_1_27' title='bbox 517 573 694 622; x_wconf 89' lang='lat' dir='ltr'><strong>autem</strong></span> <span class='ocrx_word' id='word_1_28' title='bbox 715 579 837 621; x_wconf 90' lang='lat' dir='ltr'><strong>cum</strong></span> <span class='ocrx_word' id='word_1_29' title='bbox 867 565 1162 633; x_wconf 74' lang='lat' dir='ltr'><strong>venissent,</strong></span> <span class='ocrx_word' id='word_1_30' title='bbox 1187 575 1244 623; x_wconf 91' lang='lat' dir='ltr'><strong>ut</strong></span> <span class='ocrx_word' id='word_1_31' title='bbox 1267 568 1515 624; x_wconf 91' lang='lat' dir='ltr'><strong>viderunt</strong></span> <span class='ocrx_word' id='word_1_32' title='bbox 1533 583 1654 623; x_wconf 90' lang='lat' dir='ltr'><strong>eum</strong></span> <span class='ocrx_word' id='word_1_33' title='bbox 1680 571 1792 639; x_wconf 90' lang='lat' dir='ltr'><strong>jam</strong></span> 
     </span>
    </p>
   </div>
   <div class='ocr_carea' id='block_1_6' title="bbox 205 656 1793 728">
    <p class='ocr_par' dir='ltr' id='par_1_6' title="bbox 205 656 1793 728">
     <span class='ocr_line' id='line_1_6' title="bbox 205 656 1793 728; baseline 0 -14"><span class='ocrx_word' id='word_1_34' title='bbox 205 667 503 728; x_wconf 89' lang='lat' dir='ltr'><strong>mortuum,</strong></span> <span class='ocrx_word' id='word_1_35' title='bbox 526 671 634 713; x_wconf 92' lang='lat' dir='ltr'><strong>non</strong></span> <span class='ocrx_word' id='word_1_36' title='bbox 663 656 934 728; x_wconf 86' lang='lat' dir='ltr'><strong>fregerunt</strong></span> <span class='ocrx_word' id='word_1_37' title='bbox 950 657 1067 727; x_wconf 83' lang='lat' dir='ltr'><strong>ejus</strong></span> <span class='ocrx_word' id='word_1_38' title='bbox 1093 671 1271 726; x_wconf 88' lang='lat' dir='ltr'><strong>crura,</strong></span> <span class='ocrx_word' id='word_1_39' title='bbox 1294 658 1388 714; x_wconf 91' lang='lat' dir='ltr'><strong>sed</strong></span> <span class='ocrx_word' id='word_1_40' title='bbox 1411 674 1546 714; x_wconf 91' lang='lat' dir='ltr'><strong>unus</strong></span> <span class='ocrx_word' id='word_1_41' title='bbox 1565 659 1793 714; x_wconf 89' lang='lat' dir='ltr'><strong>militum</strong></span> 
     </span>
    </p>
   </div>
   <div class='ocr_carea' id='block_1_7' title="bbox 205 747 1794 820">
    <p class='ocr_par' dir='ltr' id='par_1_7' title="bbox 205 747 1794 820">
     <span class='ocr_line' id='line_1_7' title="bbox 205 747 1794 820; baseline 0 -15"><span class='ocrx_word' id='word_1_42' title='bbox 205 750 398 805; x_wconf 85' lang='lat' dir='ltr'><strong>lancea</strong></span> <span class='ocrx_word' id='word_1_43' title='bbox 428 748 566 804; x_wconf 89' lang='lat' dir='ltr'><strong>latus</strong></span> <span class='ocrx_word' id='word_1_44' title='bbox 593 747 709 817; x_wconf 88' lang='lat' dir='ltr'><strong>ejus</strong></span> <span class='ocrx_word' id='word_1_45' title='bbox 737 749 945 816; x_wconf 87' lang='lat' dir='ltr'><strong>aperuit</strong></span> <span class='ocrx_word' id='word_1_46' title='bbox 977 766 990 802; x_wconf 88' lang='lat'>:</span> <span class='ocrx_word' id='word_1_47' title='bbox 1022 758 1077 803; x_wconf 92' lang='lat' dir='ltr'><strong>ct</strong></span> <span class='ocrx_word' id='word_1_48' title='bbox 1105 750 1361 805; x_wconf 89' lang='lat' dir='ltr'><strong>continuo</strong></span> <span class='ocrx_word' id='word_1_49' title='bbox 1384 749 1546 805; x_wconf 83' lang='lat' dir='ltr'><strong>exivit</strong></span> <span class='ocrx_word' id='word_1_50' title='bbox 1576 749 1794 820; x_wconf 82' lang='lat' dir='ltr'><strong>sanguis</strong></span> 
     </span>
    </p>
   </div>
   <div class='ocr_carea' id='block_1_8' title="bbox 203 837 1794 910">
    <p class='ocr_par' dir='ltr' id='par_1_8' title="bbox 203 837 1794 910">
     <span class='ocr_line' id='line_1_8' title="bbox 203 837 1794 910; baseline -0.001 -15"><span class='ocrx_word' id='word_1_51' title='bbox 203 848 260 895; x_wconf 91' lang='lat' dir='ltr'><strong>et</strong></span> <span class='ocrx_word' id='word_1_52' title='bbox 288 854 449 910; x_wconf 87' lang='lat' dir='ltr'><strong>aqua.</strong></span> <span class='ocrx_word' id='word_1_53' title='bbox 480 839 547 895; x_wconf 87' lang='lat' dir='ltr'><strong>Et</strong></span> <span class='ocrx_word' id='word_1_54' title='bbox 574 838 662 909; x_wconf 91' lang='lat' dir='ltr'><strong>qui</strong></span> <span class='ocrx_word' id='word_1_55' title='bbox 693 837 846 907; x_wconf 92' lang='lat' dir='ltr'><strong>vidit,</strong></span> <span class='ocrx_word' id='word_1_56' title='bbox 875 841 1238 896; x_wconf 85' lang='lat' dir='ltr'><strong>testimonium</strong></span> <span class='ocrx_word' id='word_1_57' title='bbox 1273 840 1544 910; x_wconf 80' lang='lat' dir='ltr'><strong>perhibuit</strong></span> <span class='ocrx_word' id='word_1_58' title='bbox 1575 857 1588 895; x_wconf 91' lang='lat'><strong>:</strong></span> <span class='ocrx_word' id='word_1_59' title='bbox 1618 848 1673 897; x_wconf 91' lang='lat' dir='ltr'><strong>et</strong></span> <span class='ocrx_word' id='word_1_60' title='bbox 1699 855 1794 895; x_wconf 87' lang='lat' dir='ltr'><strong>ve-</strong></span> 
     </span>
    </p>
   </div>
   <div class='ocr_carea' id='block_1_9' title="bbox 203 931 1794 1003">
    <p class='ocr_par' dir='ltr' id='par_1_9' title="bbox 203 931 1794 1003">
     <span class='ocr_line' id='line_1_9' title="bbox 203 931 1794 1003; baseline 0.001 -15"><span class='ocrx_word' id='word_1_61' title='bbox 203 948 328 988; x_wconf 88' lang='lat' dir='ltr'><strong>rum</strong></span> <span class='ocrx_word' id='word_1_62' title='bbox 385 940 469 989; x_wconf 89' lang='lat' dir='ltr'><strong>est</strong></span> <span class='ocrx_word' id='word_1_63' title='bbox 532 931 895 988; x_wconf 90' lang='lat' dir='ltr'><strong>testimonium</strong></span> <span class='ocrx_word' id='word_1_64' title='bbox 941 932 1080 1002; x_wconf 83' lang='lat' dir='ltr'><strong>ejus.</strong></span> <span class='ocrx_word' id='word_1_65' title='bbox 1127 934 1193 989; x_wconf 88' lang='lat' dir='ltr'><strong>Et</strong></span> <span class='ocrx_word' id='word_1_66' title='bbox 1238 932 1326 988; x_wconf 90' lang='lat' dir='ltr'><strong>ille</strong></span> <span class='ocrx_word' id='word_1_67' title='bbox 1372 934 1471 987; x_wconf 90' lang='lat' dir='ltr'><strong>scit</strong></span> <span class='ocrx_word' id='word_1_68' title='bbox 1511 933 1631 1003; x_wconf 89' lang='lat' dir='ltr'><strong>quia</strong></span> <span class='ocrx_word' id='word_1_69' title='bbox 1669 947 1794 989; x_wconf 89' lang='lat' dir='ltr'><strong>vera</strong></span> 
     </span>
    </p>
   </div>
   <div class='ocr_carea' id='block_1_10' title="bbox 204 1021 1794 1090">
    <p class='ocr_par' dir='ltr' id='par_1_10' title="bbox 204 1021 1794 1090">
     <span class='ocr_line' id='line_1_10' title="bbox 204 1021 1794 1090; baseline 0.002 -13"><span class='ocrx_word' id='word_1_70' title='bbox 204 1021 363 1090; x_wconf 86' lang='lat' dir='ltr'><strong>dicit,</strong></span> <span class='ocrx_word' id='word_1_71' title='bbox 394 1029 450 1079; x_wconf 91' lang='lat' dir='ltr'><strong>et</strong></span> <span class='ocrx_word' id='word_1_72' title='bbox 481 1028 539 1078; x_wconf 92' lang='lat' dir='ltr'><strong>ut</strong></span> <span class='ocrx_word' id='word_1_73' title='bbox 564 1036 656 1078; x_wconf 88' lang='lat' dir='ltr'><strong>vos</strong></span> <span class='ocrx_word' id='word_1_74' title='bbox 697 1023 948 1082; x_wconf 83' lang='lat' dir='ltr'><strong>credatis.</strong></span> <span class='ocrx_word' id='word_1_75' title='bbox 983 1023 1144 1078; x_wconf 88' lang='lat' dir='ltr'><strong>Facta</strong></span> <span class='ocrx_word' id='word_1_76' title='bbox 1187 1031 1313 1078; x_wconf 91' lang='lat' dir='ltr'><strong>sunt</strong></span> <span class='ocrx_word' id='word_1_77' title='bbox 1359 1023 1502 1080; x_wconf 86' lang='lat' dir='ltr'><strong>enim</strong></span> <span class='ocrx_word' id='word_1_78' title='bbox 1550 1025 1695 1090; x_wconf 81' lang='lat' dir='ltr'><strong>haec,</strong></span> <span class='ocrx_word' id='word_1_79' title='bbox 1737 1032 1794 1081; x_wconf 92' lang='lat' dir='ltr'><strong>ut</strong></span> 
     </span>
    </p>
   </div>
   <div class='ocr_carea' id='block_1_11' title="bbox 203 1111 1796 1182">
    <p class='ocr_par' dir='ltr' id='par_1_11' title="bbox 203 1111 1796 1182">
     <span class='ocr_line' id='line_1_11' title="bbox 203 1111 1796 1182; baseline 0.002 -14"><span class='ocrx_word' id='word_1_80' title='bbox 203 1112 486 1182; x_wconf 85' lang='lat' dir='ltr'><strong>Scriptura</strong></span> <span class='ocrx_word' id='word_1_81' title='bbox 523 1111 834 1182; x_wconf 86' lang='lat' dir='ltr'><strong>impleretur</strong></span> <span class='ocrx_word' id='word_1_82' title='bbox 882 1129 894 1166; x_wconf 92' lang='lat'><strong>:</strong></span> <span class='ocrx_word' id='word_1_83' title='bbox 931 1113 1004 1168; x_wconf 91' lang='lat' dir='ltr'><strong>Os</strong></span> <span class='ocrx_word' id='word_1_84' title='bbox 1044 1127 1154 1167; x_wconf 92' lang='lat' dir='ltr'><strong>non</strong></span> <span class='ocrx_word' id='word_1_85' title='bbox 1194 1113 1569 1169; x_wconf 88' lang='lat' dir='ltr'><strong>comminuetis</strong></span> <span class='ocrx_word' id='word_1_86' title='bbox 1611 1129 1676 1171; x_wconf 82' lang='lat' dir='ltr'><strong>ex</strong></span> <span class='ocrx_word' id='word_1_87' title='bbox 1729 1127 1796 1171; x_wconf 91' lang='lat' dir='ltr'><strong>eo</strong></span> 
     </span>
    </p>
   </div>
   <div class='ocr_carea' id='block_1_12' title="bbox 202 1202 1792 1275">
    <p class='ocr_par' dir='ltr' id='par_1_12' title="bbox 202 1202 1792 1275">
     <span class='ocr_line' id='line_1_12' title="bbox 202 1202 1792 1275; baseline 0.003 -19"><span class='ocrx_word' id='word_1_88' title='bbox 202 1202 408 1273; x_wconf 70' lang='lat' dir='ltr'><strong>(Exod.</strong></span> <span class='ocrx_word' id='word_1_89' title='bbox 439 1219 530 1270; x_wconf 85' lang='lat' dir='ltr'><strong>xu,</strong></span> <span class='ocrx_word' id='word_1_90' title='bbox 553 1204 664 1272; x_wconf 75' lang='lat'><strong>46;</strong></span> <span class='ocrx_word' id='word_1_91' title='bbox 695 1204 857 1259; x_wconf 84' lang='lat' dir='ltr'><strong>Num.</strong></span> <span class='ocrx_word' id='word_1_92' title='bbox 886 1220 960 1270; x_wconf 79' lang='lat' dir='ltr'><strong>rx,</strong></span> <span class='ocrx_word' id='word_1_93' title='bbox 990 1205 1102 1275; x_wconf 69' lang='lat'><strong>12).</strong></span> <span class='ocrx_word' id='word_1_94' title='bbox 1149 1204 1215 1260; x_wconf 87' lang='lat' dir='ltr'><strong>Et</strong></span> <span class='ocrx_word' id='word_1_95' title='bbox 1251 1204 1446 1262; x_wconf 89' lang='lat' dir='ltr'><strong>iterum</strong></span> <span class='ocrx_word' id='word_1_96' title='bbox 1477 1206 1581 1261; x_wconf 90' lang='lat' dir='ltr'><strong>alia</strong></span> <span class='ocrx_word' id='word_1_97' title='bbox 1640 1205 1792 1262; x_wconf 48' lang='lat' dir='ltr'><strong>Scri‘</strong></span> 
     </span>
    </p>
   </div>
   <div class='ocr_carea' id='block_1_13' title="bbox 202 1295 1790 1370">
    <p class='ocr_par' dir='ltr' id='par_1_13' title="bbox 202 1295 1790 1370">
     <span class='ocr_line' id='line_1_13' title="bbox 202 1295 1790 1370; baseline 0.003 -20"><span class='ocrx_word' id='word_1_98' title='bbox 202 1303 364 1364; x_wconf 89' lang='lat' dir='ltr'><strong>ptura</strong></span> <span class='ocrx_word' id='word_1_99' title='bbox 391 1296 561 1353; x_wconf 86' lang='lat' dir='ltr'><strong>dicit:</strong></span> <span class='ocrx_word' id='word_1_100' title='bbox 589 1295 856 1354; x_wconf 75' lang='lat' dir='ltr'><strong>Videbunt</strong></span> <span class='ocrx_word' id='word_1_101' title='bbox 878 1298 934 1353; x_wconf 92' lang='lat' dir='ltr'><strong>in</strong></span> <span class='ocrx_word' id='word_1_102' title='bbox 955 1311 1116 1366; x_wconf 90' lang='lat' dir='ltr'><strong>quem</strong></span> <span class='ocrx_word' id='word_1_103' title='bbox 1150 1297 1530 1354; x_wconf 88' lang='lat' dir='ltr'><strong>transﬁxerunt</strong></span> <span class='ocrx_word' id='word_1_104' title='bbox 1547 1297 1790 1370; x_wconf 83' lang='lat' dir='ltr'><strong>(Zachar.</strong></span> 
     </span>
    </p>
   </div>
   <div class='ocr_carea' id='block_1_14' title="bbox 203 1386 450 1459">
    <p class='ocr_par' dir='ltr' id='par_1_14' title="bbox 203 1386 450 1459">
     <span class='ocr_line' id='line_1_14' title="bbox 203 1386 450 1459; baseline 0 -16"><span class='ocrx_word' id='word_1_105' title='bbox 203 1402 305 1458; x_wconf 81' lang='lat' dir='ltr'><strong>xu,</strong></span> <span class='ocrx_word' id='word_1_106' title='bbox 336 1386 450 1459; x_wconf 85' lang='grc'><strong>10).</strong></span> 
     </span>
    </p>
   </div>
   <div class='ocr_carea' id='block_1_15' title="bbox 747 1483 1242 1541">
    <p class='ocr_par' dir='ltr' id='par_1_15' title="bbox 747 1483 1242 1541">
     <span class='ocr_line' id='line_1_15' title="bbox 747 1483 1242 1541; baseline -0.004 -1"><span class='ocrx_word' id='word_1_107' title='bbox 747 1483 976 1541; x_wconf 85' lang='lat' dir='ltr'><strong>CAPUT</strong></span> <span class='ocrx_word' id='word_1_108' title='bbox 1010 1483 1242 1540; x_wconf 80' lang='lat' dir='ltr'><strong>CLXXI.</strong></span> 
     </span>
    </p>
   </div>
   <div class='ocr_carea' id='block_1_16' title="bbox 201 1572 1797 1702">
    <p class='ocr_par' dir='ltr' id='par_1_16' title="bbox 201 1572 1797 1702">
     <span class='ocr_line' id='line_1_16' title="bbox 201 1572 1797 1702; baseline 0.003 -73"><span class='ocrx_word' id='word_1_109' title='bbox 201 1572 398 1637; x_wconf 75' lang='lat' dir='ltr'><strong>Ioseph</strong></span> <span class='ocrx_word' id='word_1_110' title='bbox 443 1574 568 1646; x_wconf 79' lang='lat' dir='ltr'><strong>petit</strong></span> <span class='ocrx_word' id='word_1_111' title='bbox 607 1589 792 1648; x_wconf 79' lang='lat' dir='ltr'><strong>corpus</strong></span> <span class='ocrx_word' id='word_1_112' title='bbox 831 1576 957 1702; x_wconf 42' lang='lat' dir='ltr'><strong>issu</strong></span> <span class='ocrx_word' id='word_1_113' title='bbox 984 1594 1019 1700; x_wconf 56' lang='grc' dir='ltr'><em>Ξ</em></span> <span class='ocrx_word' id='word_1_114' title='bbox 1043 1576 1240 1645; x_wconf 81' lang='lat' dir='ltr'><strong>Pilato,</strong></span> <span class='ocrx_word' id='word_1_115' title='bbox 1272 1583 1320 1631; x_wconf 86' lang='lat' dir='ltr'><strong>et</strong></span> <span class='ocrx_word' id='word_1_116' title='bbox 1343 1575 1521 1647; x_wconf 77' lang='lat' dir='ltr'><strong>sepelit</strong></span> <span class='ocrx_word' id='word_1_117' title='bbox 1547 1591 1650 1631; x_wconf 84' lang='lat' dir='ltr'><strong>una</strong></span> <span class='ocrx_word' id='word_1_118' title='bbox 1681 1592 1797 1633; x_wconf 85' lang='lat' dir='ltr'><strong>cum</strong></span> 
     </span>
     <span class='ocr_line' id='line_1_17' title="bbox 904 1662 1154 1702; baseline 0.004 -1"><span class='ocrx_word' id='word_1_119' title='bbox 904 1662 980 1701; x_wconf 87' lang='lat' dir='ltr'><strong>tco</strong></span> <span class='ocrx_word' id='word_1_120' title='bbox 1021 1662 1154 1702; x_wconf 81' lang='lat' dir='ltr'><strong>emo.</strong></span> 
     </span>
    </p>
   </div>
   <div class='ocr_carea' id='block_1_17' title="bbox 904 1662 1154 1702">
    <p class='ocr_par' dir='ltr' id='par_1_17' title="bbox 904 1662 1154 1702">
     <span class='ocr_line' id='line_1_18' title="bbox 904 1662 1154 1702; baseline 0.004 -1"><span class='ocrx_word' id='word_1_121' title='bbox 904 1662 1154 1702; x_wconf 82' lang='lat' dir='ltr'><strong>tcoaemo.</strong></span> 
     </span>
    </p>
   </div>
   <div class='ocr_carea' id='block_1_18' title="bbox 277 1737 1798 1827">
    <p class='ocr_par' dir='ltr' id='par_1_18' title="bbox 277 1737 1798 1827">
     <span class='ocr_line' id='line_1_19' title="bbox 277 1737 1798 1827; baseline 0.003 -16"><span class='ocrx_word' id='word_1_122' title='bbox 277 1737 494 1812; x_wconf 72' lang='lat' dir='ltr'><strong>Murri.</strong></span> <span class='ocrx_word' id='word_1_123' title='bbox 524 1763 690 1825; x_wconf 85' lang='lat' dir='ltr'><strong>xxvn,</strong></span> <span class='ocrx_word' id='word_1_124' title='bbox 714 1756 910 1822; x_wconf 73' lang='lat'><strong>57-61;</strong></span> <span class='ocrx_word' id='word_1_125' title='bbox 936 1757 1108 1812; x_wconf 67' lang='lat' dir='ltr'><strong>Mane.</strong></span> <span class='ocrx_word' id='word_1_126' title='bbox 1139 1771 1226 1825; x_wconf 83' lang='lat' dir='ltr'><strong>xv,</strong></span> <span class='ocrx_word' id='word_1_127' title='bbox 1256 1757 1458 1824; x_wconf 73' lang='lat'><strong>42-47;</strong></span> <span class='ocrx_word' id='word_1_128' title='bbox 1487 1759 1619 1815; x_wconf 87' lang='lat' dir='ltr'><strong>Luc.</strong></span> <span class='ocrx_word' id='word_1_129' title='bbox 1645 1774 1798 1827; x_wconf 67' lang='grc' dir='ltr'><strong>χχιιι,</strong></span> 
     </span>
    </p>
   </div>
   <div class='ocr_carea' id='block_1_19' title="bbox 1894 570 3481 641">
    <p class='ocr_par' dir='ltr' id='par_1_19' title="bbox 1894 570 3481 641">
     <span class='ocr_line' id='line_1_20' title="bbox 1894 570 3481 641; baseline 0.001 -16"><span class='ocrx_word' id='word_1_130' title='bbox 1894 570 2052 626; x_wconf 90' lang='lat' dir='ltr'><strong>nobis</strong></span> <span class='ocrx_word' id='word_1_131' title='bbox 2109 573 2338 641; x_wconf 90' lang='lat' dir='ltr'><strong>lapidem</strong></span> <span class='ocrx_word' id='word_1_132' title='bbox 2388 574 2455 628; x_wconf 90' lang='lat' dir='ltr'><strong>ab</strong></span> <span class='ocrx_word' id='word_1_133' title='bbox 2504 574 2642 629; x_wconf 90' lang='lat' dir='ltr'><strong>ostio</strong></span> <span class='ocrx_word' id='word_1_134' title='bbox 2694 571 3063 628; x_wconf 85' lang='lat' dir='ltr'><strong>monumenti?</strong></span> <span class='ocrx_word' id='word_1_135' title='bbox 3112 571 3240 628; x_wconf 88' lang='lat' dir='ltr'><strong>Erat</strong></span> <span class='ocrx_word' id='word_1_136' title='bbox 3284 572 3481 641; x_wconf 89' lang='lat' dir='ltr'><strong>quippe</strong></span> 
     </span>
    </p>
   </div>
   <div class='ocr_carea' id='block_1_20' title="bbox 1891 663 3480 732">
    <p class='ocr_par' dir='ltr' id='par_1_20' title="bbox 1891 663 3480 732">
     <span class='ocr_line' id='line_1_21' title="bbox 1891 663 3480 732; baseline 0.002 -17"><span class='ocrx_word' id='word_1_137' title='bbox 1891 675 2119 732; x_wconf 88' lang='lat' dir='ltr'><strong>magnus</strong></span> <span class='ocrx_word' id='word_1_138' title='bbox 2160 663 2336 718; x_wconf 86' lang='lat' dir='ltr'><strong>valde.</strong></span> <span class='ocrx_word' id='word_1_139' title='bbox 2385 664 2452 720; x_wconf 87' lang='lat' dir='ltr'><strong>Et</strong></span> <span class='ocrx_word' id='word_1_140' title='bbox 2480 679 2609 722; x_wconf 91' lang='lat' dir='ltr'><strong>ecce</strong></span> <span class='ocrx_word' id='word_1_141' title='bbox 2664 673 3000 721; x_wconf 71' lang='lat' dir='ltr'><strong>terraamotus</strong></span> <span class='ocrx_word' id='word_1_142' title='bbox 3041 664 3212 720; x_wconf 89' lang='lat' dir='ltr'><strong>factus</strong></span> <span class='ocrx_word' id='word_1_143' title='bbox 3251 673 3334 721; x_wconf 89' lang='lat' dir='ltr'><strong>est</strong></span> <span class='ocrx_word' id='word_1_144' title='bbox 3362 679 3480 718; x_wconf 88' lang='lat' dir='ltr'><strong>ma-</strong></span> 
     </span>
    </p>
   </div>
   <div class='ocr_carea' id='block_1_21' title="bbox 1895 755 3483 824">
    <p class='ocr_par' dir='ltr' id='par_1_21' title="bbox 1895 755 3483 824">
     <span class='ocr_line' id='line_1_22' title="bbox 1895 755 3483 824; baseline 0.003 -16"><span class='ocrx_word' id='word_1_145' title='bbox 1895 768 2053 824; x_wconf 90' lang='lat' dir='ltr'><strong>gnus.</strong></span> <span class='ocrx_word' id='word_1_146' title='bbox 2095 755 2329 824; x_wconf 82' lang='lat' dir='ltr'><strong>Angelus</strong></span> <span class='ocrx_word' id='word_1_147' title='bbox 2359 765 2538 813; x_wconf 91' lang='lat' dir='ltr'><strong>autem</strong></span> <span class='ocrx_word' id='word_1_148' title='bbox 2585 758 2798 814; x_wconf 90' lang='lat' dir='ltr'><strong>Domini</strong></span> <span class='ocrx_word' id='word_1_149' title='bbox 2826 757 3105 814; x_wconf 89' lang='lat' dir='ltr'><strong>descendit</strong></span> <span class='ocrx_word' id='word_1_150' title='bbox 3135 757 3202 813; x_wconf 91' lang='lat' dir='ltr'><strong>de</strong></span> <span class='ocrx_word' id='word_1_151' title='bbox 3231 758 3394 824; x_wconf 75' lang='lat' dir='ltr'><strong>C(BIO,</strong></span> <span class='ocrx_word' id='word_1_152' title='bbox 3427 765 3483 813; x_wconf 86' lang='lat' dir='ltr'><strong>et</strong></span> 
     </span>
    </p>
   </div>
   <div class='ocr_carea' id='block_1_22' title="bbox 1895 843 3484 918">
    <p class='ocr_par' dir='ltr' id='par_1_22' title="bbox 1895 843 3484 918">
     <span class='ocr_line' id='line_1_23' title="bbox 1895 843 3484 918; baseline 0.003 -21"><span class='ocrx_word' id='word_1_153' title='bbox 1895 843 2155 899; x_wconf 89' lang='lat' dir='ltr'><strong>accedens</strong></span> <span class='ocrx_word' id='word_1_154' title='bbox 2197 845 2424 900; x_wconf 84' lang='lat' dir='ltr'><strong>revolvit</strong></span> <span class='ocrx_word' id='word_1_155' title='bbox 2461 846 2714 915; x_wconf 92' lang='lat' dir='ltr'><strong>lapidem.</strong></span> <span class='ocrx_word' id='word_1_156' title='bbox 2749 847 2818 902; x_wconf 90' lang='lat' dir='ltr'><strong>Et</strong></span> <span class='ocrx_word' id='word_1_157' title='bbox 2858 848 3207 918; x_wconf 88' lang='lat' dir='ltr'><strong>respicientes</strong></span> <span class='ocrx_word' id='word_1_158' title='bbox 3235 848 3484 903; x_wconf 89' lang='lat' dir='ltr'><strong>viderunt</strong></span> 
     </span>
    </p>
   </div>
   <div class='ocr_carea' id='block_1_23' title="bbox 1893 934 3484 1006">
    <p class='ocr_par' dir='ltr' id='par_1_23' title="bbox 1893 934 3484 1006">
     <span class='ocr_line' id='line_1_24' title="bbox 1893 934 3484 1006; baseline 0.001 -16"><span class='ocrx_word' id='word_1_159' title='bbox 1893 934 2195 990; x_wconf 87' lang='lat' dir='ltr'><strong>revolutum</strong></span> <span class='ocrx_word' id='word_1_160' title='bbox 2224 935 2452 1004; x_wconf 91' lang='lat' dir='ltr'><strong>lapidem</strong></span> <span class='ocrx_word' id='word_1_161' title='bbox 2479 950 2508 990; x_wconf 93' lang='lat' dir='ltr'><strong>a</strong></span> <span class='ocrx_word' id='word_1_162' title='bbox 2537 945 2912 1002; x_wconf 88' lang='lat' dir='ltr'><strong>monumento,</strong></span> <span class='ocrx_word' id='word_1_163' title='bbox 2942 945 2996 992; x_wconf 86' lang='lat' dir='ltr'><strong>et</strong></span> <span class='ocrx_word' id='word_1_164' title='bbox 3018 936 3262 1006; x_wconf 82' lang='lat' dir='ltr'><strong>angelum</strong></span> <span class='ocrx_word' id='word_1_165' title='bbox 3290 937 3484 992; x_wconf 88' lang='lat' dir='ltr'><strong>seden-</strong></span> 
     </span>
    </p>
   </div>
   <div class='ocr_carea' id='block_1_24' title="bbox 1897 1025 3482 1098">
    <p class='ocr_par' dir='ltr' id='par_1_24' title="bbox 1897 1025 3482 1098">
     <span class='ocr_line' id='line_1_25' title="bbox 1897 1025 3482 1098; baseline 0.002 -19"><span class='ocrx_word' id='word_1_166' title='bbox 1897 1031 2002 1079; x_wconf 89' lang='lat' dir='ltr'><strong>tem</strong></span> <span class='ocrx_word' id='word_1_167' title='bbox 2025 1037 2186 1094; x_wconf 90' lang='lat' dir='ltr'><strong>super</strong></span> <span class='ocrx_word' id='word_1_168' title='bbox 2203 1039 2344 1080; x_wconf 89' lang='lat' dir='ltr'><strong>eum.</strong></span> <span class='ocrx_word' id='word_1_169' title='bbox 2362 1025 2492 1081; x_wconf 87' lang='lat' dir='ltr'><strong>Erat</strong></span> <span class='ocrx_word' id='word_1_170' title='bbox 2516 1034 2693 1082; x_wconf 90' lang='lat' dir='ltr'><strong>autem</strong></span> <span class='ocrx_word' id='word_1_171' title='bbox 2717 1036 2965 1098; x_wconf 91' lang='lat' dir='ltr'><strong>aspectus</strong></span> <span class='ocrx_word' id='word_1_172' title='bbox 2991 1028 3107 1098; x_wconf 89' lang='lat' dir='ltr'><strong>ejus</strong></span> <span class='ocrx_word' id='word_1_173' title='bbox 3130 1029 3264 1083; x_wconf 92' lang='lat' dir='ltr'><strong>sicut</strong></span> <span class='ocrx_word' id='word_1_174' title='bbox 3286 1026 3482 1096; x_wconf 80' lang='lat' dir='ltr'><strong>fulgur,</strong></span> 
     </span>
    </p>
   </div>
   <div class='ocr_carea' id='block_1_25' title="bbox 1896 1114 3486 1186">
    <p class='ocr_par' dir='ltr' id='par_1_25' title="bbox 1896 1114 3486 1186">
     <span class='ocr_line' id='line_1_26' title="bbox 1896 1114 3486 1186; baseline 0.003 -17"><span class='ocrx_word' id='word_1_175' title='bbox 1896 1124 1950 1169; x_wconf 91' lang='lat' dir='ltr'><strong>et</strong></span> <span class='ocrx_word' id='word_1_176' title='bbox 1979 1114 2354 1169; x_wconf 89' lang='lat' dir='ltr'><strong>vestimentum</strong></span> <span class='ocrx_word' id='word_1_177' title='bbox 2382 1115 2495 1184; x_wconf 88' lang='lat' dir='ltr'><strong>ejus</strong></span> <span class='ocrx_word' id='word_1_178' title='bbox 2519 1117 2658 1170; x_wconf 90' lang='lat' dir='ltr'><strong>sicut</strong></span> <span class='ocrx_word' id='word_1_179' title='bbox 2680 1116 2790 1171; x_wconf 90' lang='lat' dir='ltr'><strong>nix.</strong></span> <span class='ocrx_word' id='word_1_180' title='bbox 2815 1116 2932 1172; x_wconf 83' lang='lat' dir='ltr'><strong>Prae</strong></span> <span class='ocrx_word' id='word_1_181' title='bbox 2955 1117 3146 1173; x_wconf 89' lang='lat' dir='ltr'><strong>timore</strong></span> <span class='ocrx_word' id='word_1_182' title='bbox 3167 1125 3344 1172; x_wconf 89' lang='lat' dir='ltr'><strong>autem</strong></span> <span class='ocrx_word' id='word_1_183' title='bbox 3367 1115 3486 1186; x_wconf 87' lang='lat' dir='ltr'><strong>ejus</strong></span> 
     </span>
    </p>
   </div>
   <div class='ocr_carea' id='block_1_26' title="bbox 1897 1203 3483 1270">
    <p class='ocr_par' dir='ltr' id='par_1_26' title="bbox 1897 1203 3483 1270">
     <span class='ocr_line' id='line_1_27' title="bbox 1897 1203 3483 1270; baseline 0.002 -12"><span class='ocrx_word' id='word_1_184' title='bbox 1897 1203 2139 1258; x_wconf 85' lang='lat' dir='ltr'><strong>exterriti</strong></span> <span class='ocrx_word' id='word_1_185' title='bbox 2179 1211 2304 1259; x_wconf 91' lang='lat' dir='ltr'><strong>sunt</strong></span> <span class='ocrx_word' id='word_1_186' title='bbox 2353 1205 2640 1270; x_wconf 88' lang='lat' dir='ltr'><strong>custodes,</strong></span> <span class='ocrx_word' id='word_1_187' title='bbox 2672 1213 2726 1261; x_wconf 93' lang='lat' dir='ltr'><strong>et</strong></span> <span class='ocrx_word' id='word_1_188' title='bbox 2755 1205 2878 1260; x_wconf 87' lang='lat' dir='ltr'><strong>facti</strong></span> <span class='ocrx_word' id='word_1_189' title='bbox 2907 1215 3033 1262; x_wconf 92' lang='lat' dir='ltr'><strong>sunt</strong></span> <span class='ocrx_word' id='word_1_190' title='bbox 3073 1207 3235 1263; x_wconf 91' lang='lat' dir='ltr'><strong>veluti</strong></span> <span class='ocrx_word' id='word_1_191' title='bbox 3261 1207 3483 1261; x_wconf 88' lang='lat' dir='ltr'><strong>mortui.</strong></span> 
     </span>
    </p>
   </div>
   <div class='ocr_carea' id='block_1_27' title="bbox 1899 1292 3487 1364">
    <p class='ocr_par' dir='ltr' id='par_1_27' title="bbox 1899 1292 3487 1364">
     <span class='ocr_line' id='line_1_28' title="bbox 1899 1292 3487 1364; baseline 0.002 -15"><span class='ocrx_word' id='word_1_192' title='bbox 1899 1292 2254 1362; x_wconf 81' lang='lat' dir='ltr'><strong>Respondens</strong></span> <span class='ocrx_word' id='word_1_193' title='bbox 2297 1302 2478 1350; x_wconf 91' lang='lat' dir='ltr'><strong>autem</strong></span> <span class='ocrx_word' id='word_1_194' title='bbox 2508 1295 2728 1364; x_wconf 78' lang='lat' dir='ltr'><strong>angelus</strong></span> <span class='ocrx_word' id='word_1_195' title='bbox 2756 1295 2890 1350; x_wconf 84' lang='lat' dir='ltr'><strong>dixit</strong></span> <span class='ocrx_word' id='word_1_196' title='bbox 2925 1297 3237 1354; x_wconf 89' lang='lat' dir='ltr'><strong>mulieribus</strong></span> <span class='ocrx_word' id='word_1_197' title='bbox 3269 1297 3487 1353; x_wconf 85' lang='lat' dir='ltr'><strong>:Nolite</strong></span> 
     </span>
    </p>
   </div>
   <div class='ocr_carea' id='block_1_28' title="bbox 1899 1385 3481 1458">
    <p class='ocr_par' dir='ltr' id='par_1_28' title="bbox 1899 1385 3481 1458">
     <span class='ocr_line' id='line_1_29' title="bbox 1899 1385 3481 1458; baseline 0.002 -19"><span class='ocrx_word' id='word_1_198' title='bbox 1899 1385 2089 1442; x_wconf 87' lang='lat' dir='ltr'><strong>timere</strong></span> <span class='ocrx_word' id='word_1_199' title='bbox 2114 1401 2209 1441; x_wconf 92' lang='lat' dir='ltr'><strong>vos</strong></span> <span class='ocrx_word' id='word_1_200' title='bbox 2236 1403 2247 1437; x_wconf 89' lang='lat'><strong>:</strong></span> <span class='ocrx_word' id='word_1_201' title='bbox 2275 1385 2388 1442; x_wconf 92' lang='lat' dir='ltr'><strong>scio</strong></span> <span class='ocrx_word' id='word_1_202' title='bbox 2409 1388 2549 1442; x_wconf 91' lang='lat' dir='ltr'><strong>enim</strong></span> <span class='ocrx_word' id='word_1_203' title='bbox 2575 1387 2718 1457; x_wconf 90' lang='lat' dir='ltr'><strong>quod</strong></span> <span class='ocrx_word' id='word_1_204' title='bbox 2746 1387 2929 1442; x_wconf 84' lang='lat' dir='ltr'><strong>Jesum</strong></span> <span class='ocrx_word' id='word_1_205' title='bbox 2954 1389 3042 1458; x_wconf 91' lang='lat' dir='ltr'><strong>qui</strong></span> <span class='ocrx_word' id='word_1_206' title='bbox 3069 1389 3357 1444; x_wconf 91' lang='lat' dir='ltr'><strong>cruciﬁxus</strong></span> <span class='ocrx_word' id='word_1_207' title='bbox 3377 1397 3481 1456; x_wconf 90' lang='lat' dir='ltr'><strong>est,</strong></span> 
     </span>
    </p>
   </div>
   <div class='ocr_carea' id='block_1_29' title="bbox 1900 1477 3484 1547">
    <p class='ocr_par' dir='ltr' id='par_1_29' title="bbox 1900 1477 3484 1547">
     <span class='ocr_line' id='line_1_30' title="bbox 1900 1477 3484 1547; baseline 0 -15"><span class='ocrx_word' id='word_1_208' title='bbox 1900 1477 2139 1547; x_wconf 70' lang='lat' dir='ltr'><strong>qumritis</strong></span> <span class='ocrx_word' id='word_1_209' title='bbox 2163 1495 2174 1530; x_wconf 94' lang='lat'>:</span> <span class='ocrx_word' id='word_1_210' title='bbox 2201 1492 2308 1533; x_wconf 90' lang='lat' dir='ltr'><strong>non</strong></span> <span class='ocrx_word' id='word_1_211' title='bbox 2355 1487 2438 1533; x_wconf 89' lang='lat' dir='ltr'><strong>est</strong></span> <span class='ocrx_word' id='word_1_212' title='bbox 2477 1478 2565 1533; x_wconf 85' lang='lat' dir='ltr'>IlIC</span> <span class='ocrx_word' id='word_1_213' title='bbox 2593 1496 2607 1532; x_wconf 88' lang='lat'><strong>:</strong></span> <span class='ocrx_word' id='word_1_214' title='bbox 2637 1478 2874 1533; x_wconf 79' lang='lat' dir='ltr'><strong>surrexit</strong></span> <span class='ocrx_word' id='word_1_215' title='bbox 2912 1478 3076 1545; x_wconf 91' lang='lat' dir='ltr'><strong>enim,</strong></span> <span class='ocrx_word' id='word_1_216' title='bbox 3120 1479 3257 1534; x_wconf 87' lang='lat' dir='ltr'><strong>sicut</strong></span> <span class='ocrx_word' id='word_1_217' title='bbox 3303 1479 3484 1534; x_wconf 83' lang='lat' dir='ltr'><strong>dixit:</strong></span> 
     </span>
    </p>
   </div>
   <div class='ocr_carea' id='block_1_30' title="bbox 1898 1569 3487 1638">
    <p class='ocr_par' dir='ltr' id='par_1_30' title="bbox 1898 1569 3487 1638">
     <span class='ocr_line' id='line_1_31' title="bbox 1898 1569 3487 1638; baseline 0.001 -15"><span class='ocrx_word' id='word_1_218' title='bbox 1898 1569 2080 1625; x_wconf 83' lang='lat' dir='ltr'><strong>venite</strong></span> <span class='ocrx_word' id='word_1_219' title='bbox 2106 1577 2160 1625; x_wconf 89' lang='lat' dir='ltr'><strong>et</strong></span> <span class='ocrx_word' id='word_1_220' title='bbox 2207 1569 2384 1625; x_wconf 91' lang='lat' dir='ltr'><strong>videte</strong></span> <span class='ocrx_word' id='word_1_221' title='bbox 2410 1570 2585 1625; x_wconf 92' lang='lat' dir='ltr'><strong>locum</strong></span> <span class='ocrx_word' id='word_1_222' title='bbox 2617 1570 2706 1625; x_wconf 91' lang='lat' dir='ltr'><strong>ubi</strong></span> <span class='ocrx_word' id='word_1_223' title='bbox 2735 1571 2938 1638; x_wconf 91' lang='lat' dir='ltr'><strong>positus</strong></span> <span class='ocrx_word' id='word_1_224' title='bbox 2965 1579 3080 1626; x_wconf 89' lang='lat' dir='ltr'><strong>erat</strong></span> <span class='ocrx_word' id='word_1_225' title='bbox 3109 1570 3388 1626; x_wconf 89' lang='lat' dir='ltr'><strong>Dominus.</strong></span> <span class='ocrx_word' id='word_1_226' title='bbox 3418 1571 3487 1625; x_wconf 88' lang='lat' dir='ltr'><strong>Et</strong></span> 
     </span>
    </p>
   </div>
   <div class='ocr_carea' id='block_1_31' title="bbox 1902 1658 3484 1730">
    <p class='ocr_par' dir='ltr' id='par_1_31' title="bbox 1902 1658 3484 1730">
     <span class='ocr_line' id='line_1_32' title="bbox 1902 1658 3484 1730; baseline 0.002 -16"><span class='ocrx_word' id='word_1_227' title='bbox 1902 1658 2102 1714; x_wconf 88' lang='lat' dir='ltr'><strong>factum</strong></span> <span class='ocrx_word' id='word_1_228' title='bbox 2133 1670 2240 1727; x_wconf 91' lang='lat' dir='ltr'><strong>est,</strong></span> <span class='ocrx_word' id='word_1_229' title='bbox 2264 1661 2389 1716; x_wconf 91' lang='lat' dir='ltr'><strong>dum</strong></span> <span class='ocrx_word' id='word_1_230' title='bbox 2426 1669 2605 1717; x_wconf 89' lang='lat' dir='ltr'><strong>mente</strong></span> <span class='ocrx_word' id='word_1_231' title='bbox 2644 1670 3000 1718; x_wconf 74' lang='lat' dir='ltr'><strong>consternatae</strong></span> <span class='ocrx_word' id='word_1_232' title='bbox 3034 1671 3216 1718; x_wconf 90' lang='lat' dir='ltr'><strong>essent</strong></span> <span class='ocrx_word' id='word_1_233' title='bbox 3245 1663 3312 1717; x_wconf 91' lang='lat' dir='ltr'><strong>de</strong></span> <span class='ocrx_word' id='word_1_234' title='bbox 3340 1663 3444 1717; x_wconf 92' lang='lat' dir='ltr'><strong>isto</strong></span> <span class='ocrx_word' id='word_1_235' title='bbox 3465 1702 3484 1730; x_wconf 88' lang='lat'><strong>,</strong></span> 
     </span>
    </p>
   </div>
   <div class='ocr_carea' id='block_1_32' title="bbox 1903 1752 3483 1824">
    <p class='ocr_par' dir='ltr' id='par_1_32' title="bbox 1903 1752 3483 1824">
     <span class='ocr_line' id='line_1_33' title="bbox 1903 1752 3483 1824; baseline 0.002 -16"><span class='ocrx_word' id='word_1_236' title='bbox 1903 1765 2032 1808; x_wconf 86' lang='lat' dir='ltr'><strong>ecce</strong></span> <span class='ocrx_word' id='word_1_237' title='bbox 2059 1752 2168 1808; x_wconf 91' lang='lat' dir='ltr'><strong>duo</strong></span> <span class='ocrx_word' id='word_1_238' title='bbox 2196 1753 2295 1808; x_wconf 90' lang='lat' dir='ltr'><strong>viri</strong></span> <span class='ocrx_word' id='word_1_239' title='bbox 2340 1760 2604 1809; x_wconf 90' lang='lat' dir='ltr'><strong>steterunt</strong></span> <span class='ocrx_word' id='word_1_240' title='bbox 2634 1768 2790 1810; x_wconf 91' lang='lat' dir='ltr'><strong>secus</strong></span> <span class='ocrx_word' id='word_1_241' title='bbox 2816 1755 2938 1810; x_wconf 90' lang='lat' dir='ltr'><strong>illas</strong></span> <span class='ocrx_word' id='word_1_242' title='bbox 2973 1755 3027 1810; x_wconf 94' lang='lat' dir='ltr'><strong>in</strong></span> <span class='ocrx_word' id='word_1_243' title='bbox 3055 1766 3202 1811; x_wconf 88' lang='lat' dir='ltr'><strong>veste</strong></span> <span class='ocrx_word' id='word_1_244' title='bbox 3242 1755 3483 1824; x_wconf 79' lang='lat' dir='ltr'><strong>fulgenti.</strong></span> 
     </span>
    </p>
   </div>
   <div class='ocr_carea' id='block_1_33' title="bbox 200 1842 3482 1918">
    <p class='ocr_par' dir='ltr' id='par_1_33' title="bbox 200 1842 3482 1918">
     <span class='ocr_line' id='line_1_34' title="bbox 200 1842 3482 1918; baseline -0.001 -17"><span class='ocrx_word' id='word_1_245' title='bbox 200 1842 407 1911; x_wconf 80' lang='lat'><strong>50-56;</strong></span> <span class='ocrx_word' id='word_1_246' title='bbox 439 1845 594 1902; x_wconf 66' lang='lat' dir='ltr'><strong>Joan.</strong></span> <span class='ocrx_word' id='word_1_247' title='bbox 622 1860 734 1915; x_wconf 74' lang='lat' dir='ltr'><strong>xxx,</strong></span> <span class='ocrx_word' id='word_1_248' title='bbox 759 1845 954 1902; x_wconf 73' lang='lat'><strong>58-42.</strong></span> <span class='ocrx_word' id='word_1_249' title='bbox 983 1847 1115 1902; x_wconf 87' lang='lat' dir='ltr'><strong>Cum</strong></span> <span class='ocrx_word' id='word_1_250' title='bbox 1142 1861 1264 1904; x_wconf 89' lang='lat' dir='ltr'><strong>sero</strong></span> <span class='ocrx_word' id='word_1_251' title='bbox 1294 1849 1493 1904; x_wconf 83' lang='lat' dir='ltr'><strong>factum</strong></span> <span class='ocrx_word' id='word_1_252' title='bbox 1516 1858 1676 1918; x_wconf 77' lang='lat' dir='ltr'><strong>esset,</strong></span> <span class='ocrx_word' id='word_1_253' title='bbox 1707 1865 1799 1907; x_wconf 79' lang='lat' dir='ltr'><strong>ve-</strong></span> <span class='ocrx_word' id='word_1_254' title='bbox 1826 1843 1876 1906; x_wconf 86' lang='grc' dir='ltr'><strong>Β</strong></span> <span class='ocrx_word' id='word_1_255' title='bbox 1903 1845 2035 1899; x_wconf 84' lang='lat' dir='ltr'><strong>Cum</strong></span> <span class='ocrx_word' id='word_1_256' title='bbox 2058 1844 2592 1910; x_wconf 88' lang='lat' dir='ltr'><strong>timerentautem,et</strong></span> <span class='ocrx_word' id='word_1_257' title='bbox 2617 1845 3164 1902; x_wconf 88' lang='lat' dir='ltr'><strong>declinarentvultum</strong></span> <span class='ocrx_word' id='word_1_258' title='bbox 3186 1845 3239 1901; x_wconf 92' lang='lat' dir='ltr'><strong>in</strong></span> <span class='ocrx_word' id='word_1_259' title='bbox 3262 1853 3482 1913; x_wconf 87' lang='lat' dir='ltr'><strong>terram,</strong></span> 
     </span>
    </p>
   </div>
   <div class='ocr_carea' id='block_1_34' title="bbox 199 1937 1794 2007">
    <p class='ocr_par' dir='ltr' id='par_1_34' title="bbox 199 1937 1794 2007">
     <span class='ocr_line' id='line_1_35' title="bbox 199 1937 1794 2007; baseline 0.003 -15"><span class='ocrx_word' id='word_1_260' title='bbox 199 1937 284 1992; x_wconf 93' lang='lat' dir='ltr'><strong>nit</strong></span> <span class='ocrx_word' id='word_1_261' title='bbox 311 1937 530 2007; x_wconf 86' lang='lat' dir='ltr'><strong>quidam</strong></span> <span class='ocrx_word' id='word_1_262' title='bbox 559 1937 720 1994; x_wconf 87' lang='lat' dir='ltr'><strong>homo</strong></span> <span class='ocrx_word' id='word_1_263' title='bbox 764 1937 936 2006; x_wconf 87' lang='lat' dir='ltr'><strong>dives,</strong></span> <span class='ocrx_word' id='word_1_264' title='bbox 966 1939 1160 1996; x_wconf 88' lang='lat' dir='ltr'><strong>nobilis</strong></span> <span class='ocrx_word' id='word_1_265' title='bbox 1200 1939 1442 2006; x_wconf 90' lang='lat' dir='ltr'><strong>decurio,</strong></span> <span class='ocrx_word' id='word_1_266' title='bbox 1487 1941 1554 1997; x_wconf 90' lang='lat' dir='ltr'><strong>ab</strong></span> <span class='ocrx_word' id='word_1_267' title='bbox 1580 1940 1794 1996; x_wconf 84' lang='lat' dir='ltr'><strong>Arima-</strong></span> 
     </span>
    </p>
   </div>
   <div class='ocr_carea' id='block_1_35' title="bbox 197 2027 1796 2102">
    <p class='ocr_par' dir='ltr' id='par_1_35' title="bbox 197 2027 1796 2102">
     <span class='ocr_line' id='line_1_36' title="bbox 197 2027 1796 2102; baseline 0.005 -21"><span class='ocrx_word' id='word_1_268' title='bbox 197 2027 352 2082; x_wconf 80' lang='lat' dir='ltr'><strong>tltaea</strong></span> <span class='ocrx_word' id='word_1_269' title='bbox 378 2028 592 2084; x_wconf 90' lang='lat' dir='ltr'><strong>civitate</strong></span> <span class='ocrx_word' id='word_1_270' title='bbox 620 2027 820 2085; x_wconf 64' lang='lat' dir='ltr'><strong>Judzeaa</strong></span> <span class='ocrx_word' id='word_1_271' title='bbox 847 2070 861 2098; x_wconf 94' lang='lat'><strong>,</strong></span> <span class='ocrx_word' id='word_1_272' title='bbox 894 2029 1112 2086; x_wconf 90' lang='lat' dir='ltr'><strong>nomine</strong></span> <span class='ocrx_word' id='word_1_273' title='bbox 1154 2030 1351 2102; x_wconf 87' lang='lat' dir='ltr'><strong>Josepb</strong></span> <span class='ocrx_word' id='word_1_274' title='bbox 1378 2072 1396 2098; x_wconf 89' lang='lat'><strong>,</strong></span> <span class='ocrx_word' id='word_1_275' title='bbox 1427 2033 1511 2088; x_wconf 84' lang='lat' dir='ltr'><strong>vir</strong></span> <span class='ocrx_word' id='word_1_276' title='bbox 1538 2031 1712 2089; x_wconf 92' lang='lat' dir='ltr'><strong>bonus</strong></span> <span class='ocrx_word' id='word_1_277' title='bbox 1741 2041 1796 2089; x_wconf 93' lang='lat' dir='ltr'><strong>et</strong></span> 
     </span>
    </p>
   </div>
   <div class='ocr_carea' id='block_1_36' title="bbox 193 2117 1794 2194">
    <p class='ocr_par' dir='ltr' id='par_1_36' title="bbox 193 2117 1794 2194">
     <span class='ocr_line' id='line_1_37' title="bbox 193 2117 1794 2194; baseline 0.007 -24"><span class='ocrx_word' id='word_1_278' title='bbox 193 2117 384 2185; x_wconf 91' lang='lat' dir='ltr'><strong>justus</strong></span> <span class='ocrx_word' id='word_1_279' title='bbox 411 2157 428 2184; x_wconf 92' lang='lat'><strong>,</strong></span> <span class='ocrx_word' id='word_1_280' title='bbox 475 2118 566 2187; x_wconf 91' lang='lat' dir='ltr'><strong>qui</strong></span> <span class='ocrx_word' id='word_1_281' title='bbox 607 2127 662 2176; x_wconf 92' lang='lat' dir='ltr'><strong>et</strong></span> <span class='ocrx_word' id='word_1_282' title='bbox 715 2121 831 2189; x_wconf 91' lang='lat' dir='ltr'><strong>ipse</strong></span> <span class='ocrx_word' id='word_1_283' title='bbox 888 2121 1128 2178; x_wconf 88' lang='lat' dir='ltr'><strong>occultus</strong></span> <span class='ocrx_word' id='word_1_284' title='bbox 1165 2131 1281 2180; x_wconf 91' lang='lat' dir='ltr'><strong>erat</strong></span> <span class='ocrx_word' id='word_1_285' title='bbox 1333 2123 1625 2194; x_wconf 91' lang='lat' dir='ltr'><strong>discipulus</strong></span> <span class='ocrx_word' id='word_1_286' title='bbox 1667 2123 1794 2182; x_wconf 85' lang='lat' dir='ltr'><strong>Jesu</strong></span> 
     </span>
    </p>
   </div>
   <div class='ocr_carea' id='block_1_37' title="bbox 198 2212 1797 2286">
    <p class='ocr_par' dir='ltr' id='par_1_37' title="bbox 198 2212 1797 2286">
     <span class='ocr_line' id='line_1_38' title="bbox 198 2212 1797 2286; baseline 0.009 -26"><span class='ocrx_word' id='word_1_287' title='bbox 198 2217 429 2278; x_wconf 83' lang='lat' dir='ltr'><strong>propter</strong></span> <span class='ocrx_word' id='word_1_288' title='bbox 455 2219 656 2267; x_wconf 87' lang='lat' dir='ltr'><strong>metum</strong></span> <span class='ocrx_word' id='word_1_289' title='bbox 695 2212 1042 2281; x_wconf 73' lang='lat' dir='ltr'><strong>Judzeornm,</strong></span> <span class='ocrx_word' id='word_1_290' title='bbox 1091 2217 1182 2285; x_wconf 83' lang='lat' dir='ltr'><strong>qui</strong></span> <span class='ocrx_word' id='word_1_291' title='bbox 1227 2217 1574 2286; x_wconf 81' lang='lat' dir='ltr'><strong>exspectabat</strong></span> <span class='ocrx_word' id='word_1_292' title='bbox 1598 2225 1652 2273; x_wconf 91' lang='lat' dir='ltr'><strong>et</strong></span> <span class='ocrx_word' id='word_1_293' title='bbox 1678 2217 1797 2286; x_wconf 86' lang='lat' dir='ltr'><strong>ipse</strong></span> 
     </span>
    </p>
   </div>
   <div class='ocr_carea' id='block_1_38' title="bbox 197 2303 1791 2370">
    <p class='ocr_par' dir='ltr' id='par_1_38' title="bbox 197 2303 1791 2370">
     <span class='ocr_line' id='line_1_39' title="bbox 197 2303 1791 2370; baseline 0.007 -15"><span class='ocrx_word' id='word_1_294' title='bbox 197 2314 430 2370; x_wconf 87' lang='lat' dir='ltr'><strong>regnum</strong></span> <span class='ocrx_word' id='word_1_295' title='bbox 459 2303 576 2358; x_wconf 92' lang='lat' dir='ltr'><strong>Dei.</strong></span> <span class='ocrx_word' id='word_1_296' title='bbox 612 2305 708 2360; x_wconf 80' lang='lat' dir='ltr'><strong>llic</strong></span> <span class='ocrx_word' id='word_1_297' title='bbox 739 2320 846 2361; x_wconf 92' lang='lat' dir='ltr'><strong>non</strong></span> <span class='ocrx_word' id='word_1_298' title='bbox 870 2315 1218 2362; x_wconf 86' lang='lat' dir='ltr'><strong>consenserat</strong></span> <span class='ocrx_word' id='word_1_299' title='bbox 1245 2308 1474 2363; x_wconf 88' lang='lat' dir='ltr'><strong>consilio</strong></span> <span class='ocrx_word' id='word_1_300' title='bbox 1504 2316 1558 2364; x_wconf 89' lang='lat' dir='ltr'><strong>et</strong></span> <span class='ocrx_word' id='word_1_301' title='bbox 1584 2309 1791 2366; x_wconf 88' lang='lat' dir='ltr'><strong>actibus</strong></span> 
     </span>
    </p>
   </div>
   <div class='ocr_carea' id='block_1_39' title="bbox 199 2393 1786 2470">
    <p class='ocr_par' dir='ltr' id='par_1_39' title="bbox 199 2393 1786 2470">
     <span class='ocr_line' id='line_1_40' title="bbox 199 2393 1786 2470; baseline 0.004 -21"><span class='ocrx_word' id='word_1_302' title='bbox 199 2407 412 2449; x_wconf 90' lang='lat' dir='ltr'><strong>eorum.</strong></span> <span class='ocrx_word' id='word_1_303' title='bbox 435 2393 534 2449; x_wconf 82' lang='lat' dir='ltr'><strong>Hic</strong></span> <span class='ocrx_word' id='word_1_304' title='bbox 561 2396 788 2452; x_wconf 90' lang='lat' dir='ltr'><strong>accessit</strong></span> <span class='ocrx_word' id='word_1_305' title='bbox 807 2397 872 2451; x_wconf 92' lang='lat' dir='ltr'><strong>ad</strong></span> <span class='ocrx_word' id='word_1_306' title='bbox 896 2397 1147 2463; x_wconf 82' lang='lat' dir='ltr'><strong>Pilatum,</strong></span> <span class='ocrx_word' id='word_1_307' title='bbox 1171 2406 1224 2453; x_wconf 87' lang='lat' dir='ltr'><strong>et</strong></span> <span class='ocrx_word' id='word_1_308' title='bbox 1245 2399 1396 2467; x_wconf 89' lang='lat' dir='ltr'><strong>petiit</strong></span> <span class='ocrx_word' id='word_1_309' title='bbox 1419 2413 1612 2470; x_wconf 90' lang='lat' dir='ltr'><strong>corpus</strong></span> <span class='ocrx_word' id='word_1_310' title='bbox 1638 2399 1786 2456; x_wconf 80' lang='lat' dir='ltr'><strong>Jesu.</strong></span> 
     </span>
    </p>
   </div>
   <div class='ocr_carea' id='block_1_40' title="bbox 202 2483 1792 2558">
    <p class='ocr_par' dir='ltr' id='par_1_40' title="bbox 202 2483 1792 2558">
     <span class='ocr_line' id='line_1_41' title="bbox 202 2483 1792 2558; baseline 0.006 -19"><span class='ocrx_word' id='word_1_311' title='bbox 202 2483 407 2540; x_wconf 86' lang='lat' dir='ltr'><strong>Pilatus</strong></span> <span class='ocrx_word' id='word_1_312' title='bbox 432 2493 608 2541; x_wconf 90' lang='lat' dir='ltr'><strong>autem</strong></span> <span class='ocrx_word' id='word_1_313' title='bbox 631 2485 947 2555; x_wconf 89' lang='lat' dir='ltr'><strong>mirabatur,</strong></span> <span class='ocrx_word' id='word_1_314' title='bbox 962 2489 1007 2543; x_wconf 90' lang='lat' dir='ltr'><strong>si</strong></span> <span class='ocrx_word' id='word_1_315' title='bbox 1033 2489 1142 2558; x_wconf 85' lang='lat' dir='ltr'><strong>jam</strong></span> <span class='ocrx_word' id='word_1_316' title='bbox 1165 2489 1391 2545; x_wconf 89' lang='lat' dir='ltr'><strong>obiisset</strong></span> <span class='ocrx_word' id='word_1_317' title='bbox 1415 2507 1428 2544; x_wconf 93' lang='lat'>:</span> <span class='ocrx_word' id='word_1_318' title='bbox 1452 2497 1508 2546; x_wconf 89' lang='lat' dir='ltr'><strong>et</strong></span> <span class='ocrx_word' id='word_1_319' title='bbox 1529 2492 1792 2548; x_wconf 89' lang='lat' dir='ltr'><strong>accersito</strong></span> 
     </span>
    </p>
   </div>
   <div class='ocr_carea' id='block_1_41' title="bbox 199 2577 1788 2651">
    <p class='ocr_par' dir='ltr' id='par_1_41' title="bbox 199 2577 1788 2651">
     <span class='ocr_line' id='line_1_42' title="bbox 199 2577 1788 2651; baseline 0.005 -21"><span class='ocrx_word' id='word_1_320' title='bbox 199 2577 516 2633; x_wconf 90' lang='lat' dir='ltr'><strong>centurione</strong></span> <span class='ocrx_word' id='word_1_321' title='bbox 537 2577 885 2648; x_wconf 81' lang='lat' dir='ltr'><strong>interrogavit</strong></span> <span class='ocrx_word' id='word_1_322' title='bbox 912 2594 1035 2635; x_wconf 93' lang='lat' dir='ltr'><strong>eum</strong></span> <span class='ocrx_word' id='word_1_323' title='bbox 1059 2620 1074 2645; x_wconf 94' lang='lat'><strong>,</strong></span> <span class='ocrx_word' id='word_1_324' title='bbox 1111 2581 1155 2634; x_wconf 93' lang='lat' dir='ltr'><strong>si</strong></span> <span class='ocrx_word' id='word_1_325' title='bbox 1182 2580 1291 2650; x_wconf 88' lang='lat' dir='ltr'><strong>jam</strong></span> <span class='ocrx_word' id='word_1_326' title='bbox 1323 2589 1585 2651; x_wconf 64' lang='lat' dir='ltr'><strong>,mortuus</strong></span> <span class='ocrx_word' id='word_1_327' title='bbox 1623 2591 1788 2640; x_wconf 87' lang='lat' dir='ltr'><strong>esset.</strong></span> 
     </span>
    </p>
   </div>
   <div class='ocr_carea' id='block_1_42' title="bbox 203 2666 1793 2745">
    <p class='ocr_par' dir='ltr' id='par_1_42' title="bbox 203 2666 1793 2745">
     <span class='ocr_line' id='line_1_43' title="bbox 203 2666 1793 2745; baseline 0.006 -24"><span class='ocrx_word' id='word_1_328' title='bbox 203 2666 416 2723; x_wconf 85' lang='lat' dir='ltr'><strong>Etcum</strong></span> <span class='ocrx_word' id='word_1_329' title='bbox 445 2670 782 2739; x_wconf 80' lang='lat' dir='ltr'><strong>cognovisset</strong></span> <span class='ocrx_word' id='word_1_330' title='bbox 810 2671 862 2740; x_wconf 64' lang='lat'><strong>*,</strong></span> <span class='ocrx_word' id='word_1_331' title='bbox 883 2671 1043 2742; x_wconf 90' lang='lat' dir='ltr'><strong>jussit</strong></span> <span class='ocrx_word' id='word_1_332' title='bbox 1067 2672 1220 2728; x_wconf 89' lang='lat' dir='ltr'><strong>reddi</strong></span> <span class='ocrx_word' id='word_1_333' title='bbox 1263 2688 1478 2745; x_wconf 89' lang='lat' dir='ltr'><strong>corpus.</strong></span> <span class='ocrx_word' id='word_1_334' title='bbox 1515 2675 1672 2732; x_wconf 86' lang='lat' dir='ltr'><strong>Venit</strong></span> <span class='ocrx_word' id='word_1_335' title='bbox 1698 2691 1793 2730; x_wconf 89' lang='lat' dir='ltr'><strong>au-</strong></span> 
     </span>
    </p>
   </div>
   <div class='ocr_carea' id='block_1_43' title="bbox 200 2759 1794 2836">
    <p class='ocr_par' dir='ltr' id='par_1_43' title="bbox 200 2759 1794 2836">
     <span class='ocr_line' id='line_1_44' title="bbox 200 2759 1794 2836; baseline 0.007 -23"><span class='ocrx_word' id='word_1_336' title='bbox 200 2765 308 2813; x_wconf 91' lang='lat' dir='ltr'><strong>tem</strong></span> <span class='ocrx_word' id='word_1_337' title='bbox 348 2766 407 2815; x_wconf 92' lang='lat' dir='ltr'><strong>et</strong></span> <span class='ocrx_word' id='word_1_338' title='bbox 451 2759 776 2818; x_wconf 85' lang='lat' dir='ltr'><strong>Nicodemus</strong></span> <span class='ocrx_word' id='word_1_339' title='bbox 816 2763 907 2832; x_wconf 93' lang='lat' dir='ltr'><strong>qui</strong></span> <span class='ocrx_word' id='word_1_340' title='bbox 930 2771 1152 2820; x_wconf 90' lang='lat' dir='ltr'><strong>venerat</strong></span> <span class='ocrx_word' id='word_1_341' title='bbox 1191 2765 1257 2820; x_wconf 90' lang='lat' dir='ltr'><strong>ad</strong></span> <span class='ocrx_word' id='word_1_342' title='bbox 1288 2765 1471 2822; x_wconf 85' lang='lat' dir='ltr'><strong>Jesum</strong></span> <span class='ocrx_word' id='word_1_343' title='bbox 1502 2776 1660 2824; x_wconf 89' lang='lat' dir='ltr'><strong>nocte</strong></span> <span class='ocrx_word' id='word_1_344' title='bbox 1688 2769 1794 2836; x_wconf 90' lang='lat' dir='ltr'><strong>pri-</strong></span> 
     </span>
    </p>
   </div>
   <div class='ocr_carea' id='block_1_44' title="bbox 199 2849 1792 2930">
    <p class='ocr_par' dir='ltr' id='par_1_44' title="bbox 199 2849 1792 2930">
     <span class='ocr_line' id='line_1_45' title="bbox 199 2849 1792 2930; baseline 0.007 -27"><span class='ocrx_word' id='word_1_345' title='bbox 199 2863 370 2916; x_wconf 90' lang='lat' dir='ltr'><strong>mum,</strong></span> <span class='ocrx_word' id='word_1_346' title='bbox 396 2849 577 2908; x_wconf 89' lang='lat' dir='ltr'><strong>ferens</strong></span> <span class='ocrx_word' id='word_1_347' title='bbox 597 2853 886 2910; x_wconf 80' lang='lat' dir='ltr'><strong>mixturam</strong></span> <span class='ocrx_word' id='word_1_348' title='bbox 909 2859 1145 2926; x_wconf 70' lang='lat' dir='ltr'><strong>myrrhae</strong></span> <span class='ocrx_word' id='word_1_349' title='bbox 1165 2864 1220 2912; x_wconf 90' lang='lat' dir='ltr'><strong>et</strong></span> <span class='ocrx_word' id='word_1_350' title='bbox 1247 2858 1416 2924; x_wconf 87' lang='lat' dir='ltr'><strong>aloes,</strong></span> <span class='ocrx_word' id='word_1_351' title='bbox 1444 2858 1596 2930; x_wconf 91' lang='lat' dir='ltr'><strong>quasi</strong></span> <span class='ocrx_word' id='word_1_352' title='bbox 1627 2858 1792 2914; x_wconf 89' lang='lat' dir='ltr'><strong>libras</strong></span> 
     </span>
    </p>
   </div>
   <div class='ocr_carea' id='block_1_45' title="bbox 199 2943 1800 3022">
    <p class='ocr_par' dir='ltr' id='par_1_45' title="bbox 199 2943 1800 3022">
     <span class='ocr_line' id='line_1_46' title="bbox 199 2943 1800 3022; baseline 0.007 -26"><span class='ocrx_word' id='word_1_353' title='bbox 199 2949 438 2998; x_wconf 90' lang='lat' dir='ltr'><strong>centum.</strong></span> <span class='ocrx_word' id='word_1_354' title='bbox 460 2943 795 3016; x_wconf 84' lang='lat' dir='ltr'><strong>Acceperunt</strong></span> <span class='ocrx_word' id='word_1_355' title='bbox 819 2958 997 3003; x_wconf 91' lang='lat' dir='ltr'><strong>autem</strong></span> <span class='ocrx_word' id='word_1_356' title='bbox 1021 2962 1218 3020; x_wconf 89' lang='lat' dir='ltr'><strong>corpus</strong></span> <span class='ocrx_word' id='word_1_357' title='bbox 1242 2949 1391 3020; x_wconf 81' lang='lat' dir='ltr'><strong>Jesu,</strong></span> <span class='ocrx_word' id='word_1_358' title='bbox 1418 2958 1470 3006; x_wconf 92' lang='lat' dir='ltr'><strong>et</strong></span> <span class='ocrx_word' id='word_1_359' title='bbox 1495 2951 1800 3022; x_wconf 82' lang='lat' dir='ltr'><strong>ligaverunt</strong></span> 
     </span>
    </p>
   </div>
   <div class='ocr_carea' id='block_1_46' title="bbox 198 3033 1792 3108">
    <p class='ocr_par' dir='ltr' id='par_1_46' title="bbox 198 3033 1792 3108">
     <span class='ocr_line' id='line_1_47' title="bbox 198 3033 1792 3108; baseline 0.006 -20"><span class='ocrx_word' id='word_1_360' title='bbox 198 3046 320 3088; x_wconf 90' lang='lat' dir='ltr'><strong>eum</strong></span> <span class='ocrx_word' id='word_1_361' title='bbox 355 3033 537 3091; x_wconf 86' lang='lat' dir='ltr'><strong>linteis</strong></span> <span class='ocrx_word' id='word_1_362' title='bbox 579 3050 701 3092; x_wconf 92' lang='lat' dir='ltr'><strong>cum</strong></span> <span class='ocrx_word' id='word_1_363' title='bbox 742 3039 1071 3095; x_wconf 88' lang='lat' dir='ltr'><strong>aromatibus</strong></span> <span class='ocrx_word' id='word_1_364' title='bbox 1098 3081 1114 3108; x_wconf 93' lang='lat'><strong>,</strong></span> <span class='ocrx_word' id='word_1_365' title='bbox 1158 3042 1296 3097; x_wconf 89' lang='lat' dir='ltr'><strong>sicut</strong></span> <span class='ocrx_word' id='word_1_366' title='bbox 1324 3056 1443 3097; x_wconf 90' lang='lat' dir='ltr'><strong>mos</strong></span> <span class='ocrx_word' id='word_1_367' title='bbox 1473 3051 1555 3098; x_wconf 90' lang='lat' dir='ltr'><strong>est</strong></span> <span class='ocrx_word' id='word_1_368' title='bbox 1591 3042 1792 3099; x_wconf 74' lang='lat' dir='ltr'><strong>Judzeis</strong></span> 
     </span>
    </p>
   </div>
   <div class='ocr_carea' id='block_1_47' title="bbox 199 3126 1791 3200">
    <p class='ocr_par' dir='ltr' id='par_1_47' title="bbox 199 3126 1791 3200">
     <span class='ocr_line' id='line_1_48' title="bbox 199 3126 1791 3200; baseline 0.006 -20"><span class='ocrx_word' id='word_1_369' title='bbox 199 3126 451 3194; x_wconf 89' lang='lat' dir='ltr'><strong>sepelire.</strong></span> <span class='ocrx_word' id='word_1_370' title='bbox 483 3126 612 3182; x_wconf 90' lang='lat' dir='ltr'><strong>Erat</strong></span> <span class='ocrx_word' id='word_1_371' title='bbox 639 3137 818 3186; x_wconf 91' lang='lat' dir='ltr'><strong>autem</strong></span> <span class='ocrx_word' id='word_1_372' title='bbox 845 3130 898 3184; x_wconf 89' lang='lat' dir='ltr'><strong>in</strong></span> <span class='ocrx_word' id='word_1_373' title='bbox 928 3129 1049 3186; x_wconf 93' lang='lat' dir='ltr'><strong>loco</strong></span> <span class='ocrx_word' id='word_1_374' title='bbox 1079 3131 1172 3187; x_wconf 91' lang='lat' dir='ltr'><strong>ubi</strong></span> <span class='ocrx_word' id='word_1_375' title='bbox 1207 3132 1494 3188; x_wconf 86' lang='lat' dir='ltr'><strong>cruciﬁxus</strong></span> <span class='ocrx_word' id='word_1_376' title='bbox 1531 3142 1632 3200; x_wconf 89' lang='lat' dir='ltr'><strong>est,</strong></span> <span class='ocrx_word' id='word_1_377' title='bbox 1660 3132 1791 3188; x_wconf 87' lang='lat' dir='ltr'><strong>bor-</strong></span> 
     </span>
    </p>
   </div>
   <div class='ocr_carea' id='block_1_48' title="bbox 1899 1935 3480 2007">
    <p class='ocr_par' dir='ltr' id='par_1_48' title="bbox 1899 1935 3480 2007">
     <span class='ocr_line' id='line_1_49' title="bbox 1899 1935 3480 2007; baseline 0 -15"><span class='ocrx_word' id='word_1_378' title='bbox 1899 1936 2149 1992; x_wconf 90' lang='lat' dir='ltr'><strong>dixerunt</strong></span> <span class='ocrx_word' id='word_1_379' title='bbox 2175 1937 2243 1991; x_wconf 91' lang='lat' dir='ltr'><strong>ad</strong></span> <span class='ocrx_word' id='word_1_380' title='bbox 2276 1936 2396 1992; x_wconf 92' lang='lat' dir='ltr'><strong>illas</strong></span> <span class='ocrx_word' id='word_1_381' title='bbox 2422 1953 2435 1992; x_wconf 93' lang='lat'>:</span> <span class='ocrx_word' id='word_1_382' title='bbox 2461 1935 2599 2004; x_wconf 92' lang='lat' dir='ltr'><strong>Quid</strong></span> <span class='ocrx_word' id='word_1_383' title='bbox 2628 1937 2866 2007; x_wconf 84' lang='lat' dir='ltr'><strong>quaeritis</strong></span> <span class='ocrx_word' id='word_1_384' title='bbox 2890 1937 3158 1993; x_wconf 87' lang='lat' dir='ltr'><strong>viventem</strong></span> <span class='ocrx_word' id='word_1_385' title='bbox 3187 1951 3308 1992; x_wconf 90' lang='lat' dir='ltr'><strong>cum</strong></span> <span class='ocrx_word' id='word_1_386' title='bbox 3337 1951 3480 1992; x_wconf 89' lang='lat' dir='ltr'><strong>mor-</strong></span> 
     </span>
    </p>
   </div>
   <div class='ocr_carea' id='block_1_49' title="bbox 1900 2028 3484 2098">
    <p class='ocr_par' dir='ltr' id='par_1_49' title="bbox 1900 2028 3484 2098">
     <span class='ocr_line' id='line_1_50' title="bbox 1900 2028 3484 2098; baseline 0 -14"><span class='ocrx_word' id='word_1_387' title='bbox 1900 2030 2046 2084; x_wconf 85' lang='lat' dir='ltr'><strong>tuis?</strong></span> <span class='ocrx_word' id='word_1_388' title='bbox 2072 2028 2186 2084; x_wconf 84' lang='lat' dir='ltr'><strong>Non</strong></span> <span class='ocrx_word' id='word_1_389' title='bbox 2217 2038 2299 2085; x_wconf 89' lang='lat' dir='ltr'><strong>est</strong></span> <span class='ocrx_word' id='word_1_390' title='bbox 2328 2030 2436 2098; x_wconf 85' lang='lat' dir='ltr'><strong>hic,</strong></span> <span class='ocrx_word' id='word_1_391' title='bbox 2467 2031 2560 2085; x_wconf 75' lang='lat' dir='ltr'><strong>sed</strong></span> <span class='ocrx_word' id='word_1_392' title='bbox 2597 2032 2892 2086; x_wconf 82' lang='lat' dir='ltr'><strong>resurrexit</strong></span> <span class='ocrx_word' id='word_1_393' title='bbox 2919 2047 2933 2083; x_wconf 91' lang='lat'><strong>:</strong></span> <span class='ocrx_word' id='word_1_394' title='bbox 2962 2030 3312 2085; x_wconf 88' lang='lat' dir='ltr'><strong>recordamini</strong></span> <span class='ocrx_word' id='word_1_395' title='bbox 3352 2046 3484 2097; x_wconf 56' lang='lat' dir='ltr'><strong>qua:</strong></span> 
     </span>
    </p>
   </div>
   <div class='ocr_carea' id='block_1_50' title="bbox 1896 2118 3484 2186">
    <p class='ocr_par' dir='ltr' id='par_1_50' title="bbox 1896 2118 3484 2186">
     <span class='ocr_line' id='line_1_51' title="bbox 1896 2118 3484 2186; baseline 0 -12"><span class='ocrx_word' id='word_1_396' title='bbox 1896 2119 2020 2174; x_wconf 91' lang='lat' dir='ltr'><strong>liter</strong></span> <span class='ocrx_word' id='word_1_397' title='bbox 2060 2118 2269 2174; x_wconf 91' lang='lat' dir='ltr'><strong>locutus</strong></span> <span class='ocrx_word' id='word_1_398' title='bbox 2318 2128 2402 2175; x_wconf 84' lang='lat' dir='ltr'><strong>est</strong></span> <span class='ocrx_word' id='word_1_399' title='bbox 2441 2120 2614 2186; x_wconf 88' lang='lat' dir='ltr'><strong>vobis,</strong></span> <span class='ocrx_word' id='word_1_400' title='bbox 2641 2135 2760 2174; x_wconf 91' lang='lat' dir='ltr'><strong>cum</strong></span> <span class='ocrx_word' id='word_1_401' title='bbox 2792 2119 2967 2174; x_wconf 89' lang='lat' dir='ltr'><strong>adhuc</strong></span> <span class='ocrx_word' id='word_1_402' title='bbox 2992 2118 3044 2173; x_wconf 92' lang='lat' dir='ltr'><strong>in</strong></span> <span class='ocrx_word' id='word_1_403' title='bbox 3075 2119 3291 2174; x_wconf 70' lang='lat' dir='ltr'><strong>Galiltea</strong></span> <span class='ocrx_word' id='word_1_404' title='bbox 3319 2127 3484 2185; x_wconf 88' lang='lat' dir='ltr'><strong>esset,</strong></span> 
     </span>
    </p>
   </div>
   <div class='ocr_carea' id='block_1_51' title="bbox 1895 2210 3489 2280">
    <p class='ocr_par' dir='ltr' id='par_1_51' title="bbox 1895 2210 3489 2280">
     <span class='ocr_line' id='line_1_52' title="bbox 1895 2210 3489 2280; baseline -0.001 -14"><span class='ocrx_word' id='word_1_405' title='bbox 1895 2210 2088 2266; x_wconf 89' lang='lat' dir='ltr'><strong>dicens</strong></span> <span class='ocrx_word' id='word_1_406' title='bbox 2119 2226 2133 2264; x_wconf 89' lang='lat'><strong>:</strong></span> <span class='ocrx_word' id='word_1_407' title='bbox 2161 2210 2297 2278; x_wconf 87' lang='lat' dir='ltr'><strong>Quia</strong></span> <span class='ocrx_word' id='word_1_408' title='bbox 2329 2219 2542 2280; x_wconf 88' lang='lat' dir='ltr'><strong>oportet</strong></span> <span class='ocrx_word' id='word_1_409' title='bbox 2569 2210 2760 2266; x_wconf 88' lang='lat' dir='ltr'><strong>Filium</strong></span> <span class='ocrx_word' id='word_1_410' title='bbox 2793 2210 3028 2265; x_wconf 87' lang='lat' dir='ltr'><strong>hominis</strong></span> <span class='ocrx_word' id='word_1_411' title='bbox 3053 2210 3192 2265; x_wconf 91' lang='lat' dir='ltr'><strong>tradi</strong></span> <span class='ocrx_word' id='word_1_412' title='bbox 3219 2210 3270 2264; x_wconf 93' lang='lat' dir='ltr'><strong>in</strong></span> <span class='ocrx_word' id='word_1_413' title='bbox 3297 2223 3489 2265; x_wconf 88' lang='lat' dir='ltr'><strong>manus</strong></span> 
     </span>
    </p>
   </div>
   <div class='ocr_carea' id='block_1_52' title="bbox 1895 2301 3490 2373">
    <p class='ocr_par' dir='ltr' id='par_1_52' title="bbox 1895 2301 3490 2373">
     <span class='ocr_line' id='line_1_53' title="bbox 1895 2301 3490 2373; baseline -0.003 -15"><span class='ocrx_word' id='word_1_414' title='bbox 1895 2308 2262 2373; x_wconf 83' lang='lat' dir='ltr'><strong>peccatorum,</strong></span> <span class='ocrx_word' id='word_1_415' title='bbox 2293 2309 2348 2358; x_wconf 93' lang='lat' dir='ltr'><strong>et</strong></span> <span class='ocrx_word' id='word_1_416' title='bbox 2387 2301 2647 2370; x_wconf 84' lang='lat' dir='ltr'><strong>cruciﬁgi,</strong></span> <span class='ocrx_word' id='word_1_417' title='bbox 2676 2310 2729 2357; x_wconf 93' lang='lat' dir='ltr'><strong>et</strong></span> <span class='ocrx_word' id='word_1_418' title='bbox 2772 2301 2859 2356; x_wconf 92' lang='lat' dir='ltr'><strong>die</strong></span> <span class='ocrx_word' id='word_1_419' title='bbox 2887 2302 3042 2357; x_wconf 86' lang='lat' dir='ltr'><strong>tertia</strong></span> <span class='ocrx_word' id='word_1_420' title='bbox 3085 2315 3384 2371; x_wconf 85' lang='lat' dir='ltr'><strong>resurgere.</strong></span> <span class='ocrx_word' id='word_1_421' title='bbox 3419 2301 3490 2355; x_wconf 82' lang='lat' dir='ltr'><strong>Et</strong></span> 
     </span>
    </p>
   </div>
   <div class='ocr_carea' id='block_1_53' title="bbox 1895 2393 3486 2464">
    <p class='ocr_par' dir='ltr' id='par_1_53' title="bbox 1895 2393 3486 2464">
     <span class='ocr_line' id='line_1_54' title="bbox 1895 2393 3486 2464; baseline -0.002 -13"><span class='ocrx_word' id='word_1_422' title='bbox 1895 2396 2003 2452; x_wconf 91' lang='lat' dir='ltr'><strong>cito</strong></span> <span class='ocrx_word' id='word_1_423' title='bbox 2059 2404 2268 2460; x_wconf 90' lang='lat' dir='ltr'><strong>euntes,</strong></span> <span class='ocrx_word' id='word_1_424' title='bbox 2317 2395 2478 2451; x_wconf 89' lang='lat' dir='ltr'><strong>dicite</strong></span> <span class='ocrx_word' id='word_1_425' title='bbox 2527 2394 2804 2464; x_wconf 89' lang='lat' dir='ltr'><strong>discipulis</strong></span> <span class='ocrx_word' id='word_1_426' title='bbox 2850 2393 2968 2463; x_wconf 86' lang='lat' dir='ltr'><strong>ejus</strong></span> <span class='ocrx_word' id='word_1_427' title='bbox 3016 2394 3136 2463; x_wconf 88' lang='lat' dir='ltr'><strong>quia</strong></span> <span class='ocrx_word' id='word_1_428' title='bbox 3185 2395 3419 2449; x_wconf 83' lang='lat' dir='ltr'><strong>surrexit</strong></span> <span class='ocrx_word' id='word_1_429' title='bbox 3455 2409 3486 2448; x_wconf 91' lang='lat' dir='ltr'><strong>a</strong></span> 
     </span>
    </p>
   </div>
   <div class='ocr_carea' id='block_1_54' title="bbox 1895 2486 3484 2558">
    <p class='ocr_par' dir='ltr' id='par_1_54' title="bbox 1895 2486 3484 2558">
     <span class='ocr_line' id='line_1_55' title="bbox 1895 2486 3484 2558; baseline -0.003 -13"><span class='ocrx_word' id='word_1_430' title='bbox 1895 2490 2144 2545; x_wconf 89' lang='lat' dir='ltr'><strong>mortuis.</strong></span> <span class='ocrx_word' id='word_1_431' title='bbox 2178 2489 2247 2543; x_wconf 87' lang='lat' dir='ltr'><strong>Et</strong></span> <span class='ocrx_word' id='word_1_432' title='bbox 2270 2503 2397 2544; x_wconf 90' lang='lat' dir='ltr'><strong>ecce</strong></span> <span class='ocrx_word' id='word_1_433' title='bbox 2438 2489 2704 2558; x_wconf 84' lang='lat' dir='ltr'><strong>praecedet</strong></span> <span class='ocrx_word' id='word_1_434' title='bbox 2726 2502 2820 2544; x_wconf 92' lang='lat' dir='ltr'><strong>vos</strong></span> <span class='ocrx_word' id='word_1_435' title='bbox 2842 2486 2895 2542; x_wconf 92' lang='lat' dir='ltr'><strong>in</strong></span> <span class='ocrx_word' id='word_1_436' title='bbox 2912 2486 3186 2543; x_wconf 74' lang='lat' dir='ltr'><strong>Galilaeam</strong></span> <span class='ocrx_word' id='word_1_437' title='bbox 3219 2505 3232 2539; x_wconf 89' lang='lat'><strong>:</strong></span> <span class='ocrx_word' id='word_1_438' title='bbox 3262 2487 3335 2542; x_wconf 91' lang='lat' dir='ltr'><strong>ibi</strong></span> <span class='ocrx_word' id='word_1_439' title='bbox 3363 2501 3484 2542; x_wconf 93' lang='lat' dir='ltr'><strong>eum</strong></span> 
     </span>
    </p>
   </div>
   <div class='ocr_carea' id='block_1_55' title="bbox 1895 2576 3477 2648">
    <p class='ocr_par' dir='ltr' id='par_1_55' title="bbox 1895 2576 3477 2648">
     <span class='ocr_line' id='line_1_56' title="bbox 1895 2576 3477 2648; baseline -0.003 -14"><span class='ocrx_word' id='word_1_440' title='bbox 1895 2578 2168 2634; x_wconf 85' lang='lat' dir='ltr'><strong>videbitis.</strong></span> <span class='ocrx_word' id='word_1_441' title='bbox 2212 2577 2354 2634; x_wconf 89' lang='lat' dir='ltr'><strong>Ecce</strong></span> <span class='ocrx_word' id='word_1_442' title='bbox 2394 2577 2614 2648; x_wconf 72' lang='lat' dir='ltr'><strong>prmdixi</strong></span> <span class='ocrx_word' id='word_1_443' title='bbox 2673 2578 2845 2633; x_wconf 90' lang='lat' dir='ltr'><strong>vobis.</strong></span> <span class='ocrx_word' id='word_1_444' title='bbox 2897 2577 2966 2632; x_wconf 89' lang='lat' dir='ltr'><strong>Et</strong></span> <span class='ocrx_word' id='word_1_445' title='bbox 3004 2576 3301 2632; x_wconf 65' lang='lat' dir='ltr'><strong>recordata:</strong></span> <span class='ocrx_word' id='word_1_446' title='bbox 3351 2583 3477 2631; x_wconf 89' lang='lat' dir='ltr'><strong>sunt</strong></span> 
     </span>
    </p>
   </div>
   <div class='ocr_carea' id='block_1_56' title="bbox 1895 2668 3480 2739">
    <p class='ocr_par' dir='ltr' id='par_1_56' title="bbox 1895 2668 3480 2739">
     <span class='ocr_line' id='line_1_57' title="bbox 1895 2668 3480 2739; baseline -0.003 -13"><span class='ocrx_word' id='word_1_447' title='bbox 1895 2670 2179 2727; x_wconf 89' lang='lat' dir='ltr'><strong>verborum</strong></span> <span class='ocrx_word' id='word_1_448' title='bbox 2211 2670 2347 2739; x_wconf 88' lang='lat' dir='ltr'><strong>ejus.</strong></span> <span class='ocrx_word' id='word_1_449' title='bbox 2374 2670 2439 2724; x_wconf 90' lang='lat' dir='ltr'><strong>Et</strong></span> <span class='ocrx_word' id='word_1_450' title='bbox 2468 2671 2715 2726; x_wconf 84' lang='lat' dir='ltr'><strong>exierunt</strong></span> <span class='ocrx_word' id='word_1_451' title='bbox 2751 2669 2860 2724; x_wconf 90' lang='lat' dir='ltr'><strong>cito</strong></span> <span class='ocrx_word' id='word_1_452' title='bbox 2886 2668 2953 2724; x_wconf 93' lang='lat' dir='ltr'><strong>de</strong></span> <span class='ocrx_word' id='word_1_453' title='bbox 2981 2675 3329 2724; x_wconf 89' lang='lat' dir='ltr'><strong>monumento</strong></span> <span class='ocrx_word' id='word_1_454' title='bbox 3356 2682 3480 2723; x_wconf 89' lang='lat' dir='ltr'><strong>cum</strong></span> 
     </span>
    </p>
   </div>
   <div class='ocr_carea' id='block_1_57' title="bbox 1897 2761 3482 2832">
    <p class='ocr_par' dir='ltr' id='par_1_57' title="bbox 1897 2761 3482 2832">
     <span class='ocr_line' id='line_1_58' title="bbox 1897 2761 3482 2832; baseline 0 -15"><span class='ocrx_word' id='word_1_455' title='bbox 1897 2763 2089 2819; x_wconf 90' lang='lat' dir='ltr'><strong>timore</strong></span> <span class='ocrx_word' id='word_1_456' title='bbox 2114 2771 2167 2819; x_wconf 92' lang='lat' dir='ltr'><strong>et</strong></span> <span class='ocrx_word' id='word_1_457' title='bbox 2194 2777 2386 2832; x_wconf 89' lang='lat' dir='ltr'><strong>magno</strong></span> <span class='ocrx_word' id='word_1_458' title='bbox 2408 2762 2622 2831; x_wconf 83' lang='lat' dir='ltr'><strong>gaudio,</strong></span> <span class='ocrx_word' id='word_1_459' title='bbox 2639 2769 2914 2817; x_wconf 88' lang='lat' dir='ltr'><strong>currentes</strong></span> <span class='ocrx_word' id='word_1_460' title='bbox 2936 2763 3182 2817; x_wconf 90' lang='lat' dir='ltr'><strong>nuntiare</strong></span> <span class='ocrx_word' id='word_1_461' title='bbox 3203 2761 3482 2831; x_wconf 88' lang='lat' dir='ltr'><strong>discipulis</strong></span> 
     </span>
    </p>
   </div>
   <div class='ocr_carea' id='block_1_58' title="bbox 1894 2853 3484 2925">
    <p class='ocr_par' dir='ltr' id='par_1_58' title="bbox 1894 2853 3484 2925">
     <span class='ocr_line' id='line_1_59' title="bbox 1894 2853 3484 2925; baseline -0.002 -14"><span class='ocrx_word' id='word_1_462' title='bbox 1894 2855 2031 2925; x_wconf 90' lang='lat' dir='ltr'><strong>ejus.</strong></span> <span class='ocrx_word' id='word_1_463' title='bbox 2055 2887 2126 2897; x_wconf 93' lang='lat'><strong>—</strong></span> <span class='ocrx_word' id='word_1_464' title='bbox 2148 2856 2301 2910; x_wconf 69' lang='lat' dir='ltr'><strong>Joas.</strong></span> <span class='ocrx_word' id='word_1_465' title='bbox 2327 2869 2418 2920; x_wconf 86' lang='lat' dir='ltr'><strong>xx,</strong></span> <span class='ocrx_word' id='word_1_466' title='bbox 2443 2855 2601 2921; x_wconf 74' lang='lat'><strong>2-”;</strong></span> <span class='ocrx_word' id='word_1_467' title='bbox 2629 2854 2760 2909; x_wconf 86' lang='lat' dir='ltr'><strong>an.</strong></span> <span class='ocrx_word' id='word_1_468' title='bbox 2789 2870 2934 2922; x_wconf 78' lang='lat' dir='ltr'><strong>xxiv,</strong></span> <span class='ocrx_word' id='word_1_469' title='bbox 2967 2853 3054 2908; x_wconf 77' lang='grc'><strong>12.</strong></span> <span class='ocrx_word' id='word_1_470' title='bbox 3083 2853 3332 2909; x_wconf 89' lang='lat' dir='ltr'><strong>Cucurrit</strong></span> <span class='ocrx_word' id='word_1_471' title='bbox 3353 2867 3484 2920; x_wconf 78' lang='lat' dir='ltr'><strong>ergo</strong></span> 
     </span>
    </p>
   </div>
   <div class='ocr_carea' id='block_1_59' title="bbox 1895 2945 3484 3017">
    <p class='ocr_par' dir='ltr' id='par_1_59' title="bbox 1895 2945 3484 3017">
     <span class='ocr_line' id='line_1_60' title="bbox 1895 2945 3484 3017; baseline -0.001 -15"><span class='ocrx_word' id='word_1_472' title='bbox 1895 2946 2081 3016; x_wconf 86' lang='lat' dir='ltr'><strong>(Maria</strong></span> <span class='ocrx_word' id='word_1_473' title='bbox 2112 2947 2445 3017; x_wconf 89' lang='lat' dir='ltr'><strong>Magdalene)</strong></span> <span class='ocrx_word' id='word_1_474' title='bbox 2475 2956 2532 3002; x_wconf 91' lang='lat' dir='ltr'><strong>et</strong></span> <span class='ocrx_word' id='word_1_475' title='bbox 2573 2947 2720 3002; x_wconf 91' lang='lat' dir='ltr'><strong>venit</strong></span> <span class='ocrx_word' id='word_1_476' title='bbox 2757 2947 2822 3001; x_wconf 91' lang='lat' dir='ltr'><strong>ad</strong></span> <span class='ocrx_word' id='word_1_477' title='bbox 2853 2945 3126 3002; x_wconf 89' lang='lat' dir='ltr'><strong>Simonem</strong></span> <span class='ocrx_word' id='word_1_478' title='bbox 3173 2946 3390 3002; x_wconf 91' lang='lat' dir='ltr'><strong>Petrum</strong></span> <span class='ocrx_word' id='word_1_479' title='bbox 3428 2953 3484 3001; x_wconf 87' lang='lat' dir='ltr'><strong>et</strong></span> 
     </span>
    </p>
   </div>
   <div class='ocr_carea' id='block_1_60' title="bbox 1895 3037 3483 3107">
    <p class='ocr_par' dir='ltr' id='par_1_60' title="bbox 1895 3037 3483 3107">
     <span class='ocr_line' id='line_1_61' title="bbox 1895 3037 3483 3107; baseline 0.002 -16"><span class='ocrx_word' id='word_1_480' title='bbox 1895 3037 1961 3091; x_wconf 89' lang='lat' dir='ltr'><strong>ad</strong></span> <span class='ocrx_word' id='word_1_481' title='bbox 1991 3037 2154 3092; x_wconf 90' lang='lat' dir='ltr'><strong>alium</strong></span> <span class='ocrx_word' id='word_1_482' title='bbox 2195 3037 2510 3106; x_wconf 85' lang='lat' dir='ltr'><strong>discipulum</strong></span> <span class='ocrx_word' id='word_1_483' title='bbox 2559 3053 2717 3107; x_wconf 91' lang='lat' dir='ltr'><strong>quem</strong></span> <span class='ocrx_word' id='word_1_484' title='bbox 2768 3037 2984 3094; x_wconf 87' lang='lat' dir='ltr'><strong>amabat</strong></span> <span class='ocrx_word' id='word_1_485' title='bbox 3024 3037 3201 3105; x_wconf 88' lang='lat' dir='ltr'><strong>Jesus,</strong></span> <span class='ocrx_word' id='word_1_486' title='bbox 3250 3045 3304 3093; x_wconf 90' lang='lat' dir='ltr'><strong>et</strong></span> <span class='ocrx_word' id='word_1_487' title='bbox 3352 3037 3483 3094; x_wconf 89' lang='lat' dir='ltr'><strong>dicit</strong></span> 
     </span>
    </p>
   </div>
   <div class='ocr_carea' id='block_1_61' title="bbox 1895 3130 3481 3188">
    <p class='ocr_par' dir='ltr' id='par_1_61' title="bbox 1895 3130 3481 3188">
     <span class='ocr_line' id='line_1_62' title="bbox 1895 3130 3481 3188; baseline 0.001 -3"><span class='ocrx_word' id='word_1_488' title='bbox 1895 3131 1974 3185; x_wconf 92' lang='lat' dir='ltr'><strong>eis</strong></span> <span class='ocrx_word' id='word_1_489' title='bbox 2007 3147 2022 3184; x_wconf 91' lang='lat'><strong>:</strong></span> <span class='ocrx_word' id='word_1_490' title='bbox 2055 3130 2319 3186; x_wconf 87' lang='lat' dir='ltr'><strong>Tulerunt</strong></span> <span class='ocrx_word' id='word_1_491' title='bbox 2345 3130 2630 3185; x_wconf 90' lang='lat' dir='ltr'><strong>Dominum</strong></span> <span class='ocrx_word' id='word_1_492' title='bbox 2657 3131 2689 3167; x_wconf 66' lang='lat'><strong>’*</strong></span> <span class='ocrx_word' id='word_1_493' title='bbox 2716 3145 2894 3188; x_wconf 90' lang='lat' dir='ltr'><strong>meum</strong></span> <span class='ocrx_word' id='word_1_494' title='bbox 2923 3133 2990 3187; x_wconf 90' lang='lat' dir='ltr'><strong>de</strong></span> <span class='ocrx_word' id='word_1_495' title='bbox 3011 3138 3358 3186; x_wconf 91' lang='lat' dir='ltr'><strong>monumento</strong></span> <span class='ocrx_word' id='word_1_496' title='bbox 3383 3147 3399 3185; x_wconf 89' lang='lat'><strong>:</strong></span> <span class='ocrx_word' id='word_1_497' title='bbox 3426 3138 3481 3187; x_wconf 91' lang='lat' dir='ltr'><strong>et</strong></span> 
     </span>
    </p>
   </div>
   <div class='ocr_carea' id='block_1_62' title="bbox 199 3213 3477 3294">
    <p class='ocr_par' dir='ltr' id='par_1_62' title="bbox 199 3213 3477 3294">
     <span class='ocr_line' id='line_1_63' title="bbox 199 3213 3477 3294; baseline 0.001 -24"><span class='ocrx_word' id='word_1_498' title='bbox 199 3223 283 3271; x_wconf 90' lang='lat' dir='ltr'><strong>tus</strong></span> <span class='ocrx_word' id='word_1_499' title='bbox 309 3233 321 3270; x_wconf 93' lang='lat'><strong>:</strong></span> <span class='ocrx_word' id='word_1_500' title='bbox 347 3216 487 3272; x_wconf 89' lang='lat' dir='ltr'><strong>etin</strong></span> <span class='ocrx_word' id='word_1_501' title='bbox 507 3218 662 3274; x_wconf 91' lang='lat' dir='ltr'><strong>horto</strong></span> <span class='ocrx_word' id='word_1_502' title='bbox 687 3231 1090 3277; x_wconf 90' lang='lat' dir='ltr'><strong>monumentum</strong></span> <span class='ocrx_word' id='word_1_503' title='bbox 1113 3225 1399 3292; x_wconf 90' lang='lat' dir='ltr'><strong>novum,in</strong></span> <span class='ocrx_word' id='word_1_504' title='bbox 1420 3239 1524 3294; x_wconf 90' lang='lat' dir='ltr'><strong>quo</strong></span> <span class='ocrx_word' id='word_1_505' title='bbox 1551 3226 1788 3281; x_wconf 91' lang='lat' dir='ltr'><strong>nondum</strong></span> <span class='ocrx_word' id='word_1_506' title='bbox 1818 3213 1865 3277; x_wconf 89' lang='lat' dir='ltr'>C</span> <span class='ocrx_word' id='word_1_507' title='bbox 1896 3222 2166 3277; x_wconf 88' lang='lat' dir='ltr'><strong>nescimus</strong></span> <span class='ocrx_word' id='word_1_508' title='bbox 2197 3221 2285 3276; x_wconf 92' lang='lat' dir='ltr'><strong>ubi</strong></span> <span class='ocrx_word' id='word_1_509' title='bbox 2319 3230 2610 3291; x_wconf 88' lang='lat' dir='ltr'><strong>posuerunt</strong></span> <span class='ocrx_word' id='word_1_510' title='bbox 2635 3236 2776 3277; x_wconf 92' lang='lat' dir='ltr'><strong>eum.</strong></span> <span class='ocrx_word' id='word_1_511' title='bbox 2811 3222 2952 3276; x_wconf 88' lang='lat' dir='ltr'><strong>Exiit</strong></span> <span class='ocrx_word' id='word_1_512' title='bbox 3003 3236 3130 3290; x_wconf 89' lang='lat' dir='ltr'><strong>ergo</strong></span> <span class='ocrx_word' id='word_1_513' title='bbox 3174 3221 3391 3290; x_wconf 90' lang='lat' dir='ltr'><strong>Petrus,</strong></span> <span class='ocrx_word' id='word_1_514' title='bbox 3422 3228 3477 3275; x_wconf 92' lang='lat' dir='ltr'><strong>et</strong></span> 
     </span>
    </p>
   </div>
   <div class='ocr_carea' id='block_1_63' title="bbox 198 3310 1795 3389">
    <p class='ocr_par' dir='ltr' id='par_1_63' title="bbox 198 3310 1795 3389">
     <span class='ocr_line' id='line_1_64' title="bbox 198 3310 1795 3389; baseline 0.008 -25"><span class='ocrx_word' id='word_1_515' title='bbox 198 3310 482 3382; x_wconf 87' lang='lat' dir='ltr'><strong>quisquam</strong></span> <span class='ocrx_word' id='word_1_516' title='bbox 509 3311 712 3382; x_wconf 90' lang='lat' dir='ltr'><strong>positus</strong></span> <span class='ocrx_word' id='word_1_517' title='bbox 749 3314 944 3370; x_wconf 83' lang='lat' dir='ltr'><strong>fuerat.</strong></span> <span class='ocrx_word' id='word_1_518' title='bbox 976 3316 1043 3370; x_wconf 83' lang='lat' dir='ltr'><strong>Et</strong></span> <span class='ocrx_word' id='word_1_519' title='bbox 1085 3317 1259 3386; x_wconf 91' lang='lat' dir='ltr'><strong>posuit</strong></span> <span class='ocrx_word' id='word_1_520' title='bbox 1305 3317 1437 3374; x_wconf 90' lang='lat' dir='ltr'><strong>illud</strong></span> <span class='ocrx_word' id='word_1_521' title='bbox 1478 3318 1707 3389; x_wconf 87' lang='lat' dir='ltr'><strong>Josepb,</strong></span> <span class='ocrx_word' id='word_1_522' title='bbox 1738 3329 1795 3377; x_wconf 92' lang='lat' dir='ltr'><strong>et</strong></span> 
     </span>
    </p>
   </div>
   <div class='ocr_carea' id='block_1_64' title="bbox 201 3403 1794 3476">
    <p class='ocr_par' dir='ltr' id='par_1_64' title="bbox 201 3403 1794 3476">
     <span class='ocr_line' id='line_1_65' title="bbox 201 3403 1794 3476; baseline 0.009 -21"><span class='ocrx_word' id='word_1_523' title='bbox 201 3403 438 3460; x_wconf 88' lang='lat' dir='ltr'><strong>advolvit</strong></span> <span class='ocrx_word' id='word_1_524' title='bbox 467 3419 655 3461; x_wconf 89' lang='lat' dir='ltr'><strong>saxum</strong></span> <span class='ocrx_word' id='word_1_525' title='bbox 686 3406 751 3461; x_wconf 92' lang='lat' dir='ltr'><strong>ad</strong></span> <span class='ocrx_word' id='word_1_526' title='bbox 775 3409 971 3463; x_wconf 86' lang='lat' dir='ltr'><strong>ostium</strong></span> <span class='ocrx_word' id='word_1_527' title='bbox 1000 3411 1352 3476; x_wconf 90' lang='lat' dir='ltr'><strong>monumenti,</strong></span> <span class='ocrx_word' id='word_1_528' title='bbox 1377 3421 1431 3466; x_wconf 90' lang='lat' dir='ltr'><strong>et</strong></span> <span class='ocrx_word' id='word_1_529' title='bbox 1452 3411 1600 3467; x_wconf 89' lang='lat' dir='ltr'><strong>abiit.</strong></span> <span class='ocrx_word' id='word_1_530' title='bbox 1627 3413 1794 3469; x_wconf 86' lang='lat' dir='ltr'><strong>Erant</strong></span> 
     </span>
    </p>
   </div>
   <div class='ocr_carea' id='block_1_65' title="bbox 200 3497 1790 3571">
    <p class='ocr_par' dir='ltr' id='par_1_65' title="bbox 200 3497 1790 3571">
     <span class='ocr_line' id='line_1_66' title="bbox 200 3497 1790 3571; baseline 0.008 -21"><span class='ocrx_word' id='word_1_531' title='bbox 200 3505 380 3554; x_wconf 90' lang='lat' dir='ltr'><strong>autem</strong></span> <span class='ocrx_word' id='word_1_532' title='bbox 405 3497 475 3553; x_wconf 92' lang='lat' dir='ltr'><strong>ibi</strong></span> <span class='ocrx_word' id='word_1_533' title='bbox 503 3498 662 3555; x_wconf 81' lang='lat' dir='ltr'><strong>Maria</strong></span> <span class='ocrx_word' id='word_1_534' title='bbox 694 3500 1021 3571; x_wconf 69' lang='lat' dir='ltr'><strong>Magdalene,</strong></span> <span class='ocrx_word' id='word_1_535' title='bbox 1047 3511 1101 3558; x_wconf 91' lang='lat' dir='ltr'><strong>et</strong></span> <span class='ocrx_word' id='word_1_536' title='bbox 1125 3503 1292 3559; x_wconf 90' lang='lat' dir='ltr'><strong>altera</strong></span> <span class='ocrx_word' id='word_1_537' title='bbox 1323 3503 1508 3571; x_wconf 90' lang='lat' dir='ltr'><strong>Maria,</strong></span> <span class='ocrx_word' id='word_1_538' title='bbox 1539 3506 1790 3562; x_wconf 90' lang='lat' dir='ltr'><strong>sedentes</strong></span> 
     </span>
    </p>
   </div>
   <div class='ocr_carea' id='block_1_66' title="bbox 199 3591 1788 3668">
    <p class='ocr_par' dir='ltr' id='par_1_66' title="bbox 199 3591 1788 3668">
     <span class='ocr_line' id='line_1_67' title="bbox 199 3591 1788 3668; baseline 0.008 -26"><span class='ocrx_word' id='word_1_539' title='bbox 199 3597 390 3644; x_wconf 89' lang='lat' dir='ltr'><strong>contra</strong></span> <span class='ocrx_word' id='word_1_540' title='bbox 434 3591 756 3660; x_wconf 89' lang='lat' dir='ltr'><strong>sepulcrum.</strong></span> <span class='ocrx_word' id='word_1_541' title='bbox 782 3591 1040 3649; x_wconf 81' lang='lat' dir='ltr'><strong>Viderunt</strong></span> <span class='ocrx_word' id='word_1_542' title='bbox 1085 3596 1529 3665; x_wconf 83' lang='lat' dir='ltr'><strong>quemadmodum</strong></span> <span class='ocrx_word' id='word_1_543' title='bbox 1556 3599 1788 3668; x_wconf 90' lang='lat' dir='ltr'><strong>positum</strong></span> 
     </span>
    </p>
   </div>
   <div class='ocr_carea' id='block_1_67' title="bbox 200 3683 1788 3757">
    <p class='ocr_par' dir='ltr' id='par_1_67' title="bbox 200 3683 1788 3757">
     <span class='ocr_line' id='line_1_68' title="bbox 200 3683 1788 3757; baseline 0.009 -22"><span class='ocrx_word' id='word_1_544' title='bbox 200 3690 313 3735; x_wconf 88' lang='lat' dir='ltr'><strong>erat</strong></span> <span class='ocrx_word' id='word_1_545' title='bbox 341 3695 539 3751; x_wconf 91' lang='lat' dir='ltr'><strong>corpus</strong></span> <span class='ocrx_word' id='word_1_546' title='bbox 567 3683 705 3752; x_wconf 91' lang='lat' dir='ltr'><strong>ejus.</strong></span> <span class='ocrx_word' id='word_1_547' title='bbox 738 3684 802 3739; x_wconf 85' lang='lat' dir='ltr'><strong>Et</strong></span> <span class='ocrx_word' id='word_1_548' title='bbox 832 3695 1164 3744; x_wconf 87' lang='lat' dir='ltr'><strong>revertentes</strong></span> <span class='ocrx_word' id='word_1_549' title='bbox 1196 3698 1514 3757; x_wconf 82' lang='lat' dir='ltr'><strong>paraverunt</strong></span> <span class='ocrx_word' id='word_1_550' title='bbox 1549 3702 1788 3749; x_wconf 90' lang='lat' dir='ltr'><strong>aromata</strong></span> 
     </span>
    </p>
   </div>
   <div class='ocr_carea' id='block_1_68' title="bbox 201 3777 1788 3850">
    <p class='ocr_par' dir='ltr' id='par_1_68' title="bbox 201 3777 1788 3850">
     <span class='ocr_line' id='line_1_69' title="bbox 201 3777 1788 3850; baseline 0.011 -24"><span class='ocrx_word' id='word_1_551' title='bbox 201 3781 252 3827; x_wconf 92' lang='lat' dir='ltr'><strong>et</strong></span> <span class='ocrx_word' id='word_1_552' title='bbox 279 3784 550 3844; x_wconf 88' lang='lat' dir='ltr'><strong>unguenta</strong></span> <span class='ocrx_word' id='word_1_553' title='bbox 574 3817 588 3842; x_wconf 90' lang='lat'><strong>,</strong></span> <span class='ocrx_word' id='word_1_554' title='bbox 621 3787 675 3832; x_wconf 91' lang='lat' dir='ltr'><strong>ut</strong></span> <span class='ocrx_word' id='word_1_555' title='bbox 705 3777 980 3833; x_wconf 88' lang='lat' dir='ltr'><strong>venientes</strong></span> <span class='ocrx_word' id='word_1_556' title='bbox 1010 3789 1269 3850; x_wconf 89' lang='lat' dir='ltr'><strong>ungerent</strong></span> <span class='ocrx_word' id='word_1_557' title='bbox 1297 3797 1439 3840; x_wconf 89' lang='lat' dir='ltr'><strong>eum.</strong></span> <span class='ocrx_word' id='word_1_558' title='bbox 1470 3783 1541 3842; x_wconf 85' lang='lat' dir='ltr'><strong>Et</strong></span> <span class='ocrx_word' id='word_1_559' title='bbox 1565 3785 1788 3844; x_wconf 85' lang='lat' dir='ltr'><strong>sabbato</strong></span> 
     </span>
    </p>
   </div>
   <div class='ocr_carea' id='block_1_69' title="bbox 201 3867 1392 3934">
    <p class='ocr_par' dir='ltr' id='par_1_69' title="bbox 201 3867 1392 3934">
     <span class='ocr_line' id='line_1_70' title="bbox 201 3867 1392 3934; baseline 0.012 -17"><span class='ocrx_word' id='word_1_560' title='bbox 201 3867 415 3934; x_wconf 87' lang='lat' dir='ltr'><strong>quidem</strong></span> <span class='ocrx_word' id='word_1_561' title='bbox 446 3867 712 3926; x_wconf 89' lang='lat' dir='ltr'><strong>siluerunt</strong></span> <span class='ocrx_word' id='word_1_562' title='bbox 738 3870 1032 3926; x_wconf 89' lang='lat' dir='ltr'><strong>secundum</strong></span> <span class='ocrx_word' id='word_1_563' title='bbox 1059 3873 1392 3931; x_wconf 88' lang='lat' dir='ltr'><strong>mandatum.</strong></span> 
     </span>
    </p>
   </div>
   <div class='ocr_carea' id='block_1_70' title="bbox 733 3979 1250 4040">
    <p class='ocr_par' dir='ltr' id='par_1_70' title="bbox 733 3979 1250 4040">
     <span class='ocr_line' id='line_1_71' title="bbox 733 3979 1250 4040; baseline 0.006 -5"><span class='ocrx_word' id='word_1_564' title='bbox 733 3979 957 4037; x_wconf 81' lang='lat' dir='ltr'><strong>CAPUT</strong></span> <span class='ocrx_word' id='word_1_565' title='bbox 996 3980 1250 4040; x_wconf 79' lang='lat' dir='ltr'><strong>CLXXII.</strong></span> 
     </span>
    </p>
   </div>
   <div class='ocr_carea' id='block_1_71' title="bbox 579 4069 1406 4144">
    <p class='ocr_par' dir='ltr' id='par_1_71' title="bbox 579 4069 1406 4144">
     <span class='ocr_line' id='line_1_72' title="bbox 579 4069 1406 4144; baseline 0.012 -22"><span class='ocrx_word' id='word_1_566' title='bbox 579 4069 752 4126; x_wconf 77' lang='lat' dir='ltr'><strong>Judwi</strong></span> <span class='ocrx_word' id='word_1_567' title='bbox 777 4073 979 4144; x_wconf 84' lang='lat' dir='ltr'><strong>signant</strong></span> <span class='ocrx_word' id='word_1_568' title='bbox 1007 4085 1406 4132; x_wconf 79' lang='lat' dir='ltr'><strong>monumentum.</strong></span> 
     </span>
    </p>
   </div>
   <div class='ocr_carea' id='block_1_72' title="bbox 269 4183 1787 4262">
    <p class='ocr_par' dir='ltr' id='par_1_72' title="bbox 269 4183 1787 4262">
     <span class='ocr_line' id='line_1_73' title="bbox 269 4183 1787 4262; baseline 0.007 -24"><span class='ocrx_word' id='word_1_569' title='bbox 269 4183 490 4239; x_wconf 73' lang='lat' dir='ltr'><strong>Mum.</strong></span> <span class='ocrx_word' id='word_1_570' title='bbox 521 4200 686 4254; x_wconf 83' lang='lat' dir='ltr'><strong>xxvn,</strong></span> <span class='ocrx_word' id='word_1_571' title='bbox 733 4187 919 4246; x_wconf 75' lang='lat'><strong>62-66.</strong></span> <span class='ocrx_word' id='word_1_572' title='bbox 967 4189 1149 4246; x_wconf 85' lang='lat' dir='ltr'><strong>Altera</strong></span> <span class='ocrx_word' id='word_1_573' title='bbox 1183 4199 1364 4246; x_wconf 90' lang='lat' dir='ltr'><strong>autem</strong></span> <span class='ocrx_word' id='word_1_574' title='bbox 1406 4191 1494 4247; x_wconf 88' lang='lat' dir='ltr'><strong>die</strong></span> <span class='ocrx_word' id='word_1_575' title='bbox 1542 4206 1660 4262; x_wconf 66' lang='lat' dir='ltr'><strong>quae</strong></span> <span class='ocrx_word' id='word_1_576' title='bbox 1705 4200 1787 4249; x_wconf 88' lang='lat' dir='ltr'><strong>est</strong></span> 
     </span>
    </p>
   </div>
   <div class='ocr_carea' id='block_1_73' title="bbox 201 4275 1783 4351">
    <p class='ocr_par' dir='ltr' id='par_1_73' title="bbox 201 4275 1783 4351">
     <span class='ocr_line' id='line_1_74' title="bbox 201 4275 1783 4351; baseline 0.005 -21"><span class='ocrx_word' id='word_1_577' title='bbox 201 4282 321 4342; x_wconf 85' lang='lat' dir='ltr'><strong>post</strong></span> <span class='ocrx_word' id='word_1_578' title='bbox 352 4275 679 4334; x_wconf 88' lang='lat' dir='ltr'><strong>Parasceven</strong></span> <span class='ocrx_word' id='word_1_579' title='bbox 704 4319 721 4345; x_wconf 93' lang='lat'><strong>,</strong></span> <span class='ocrx_word' id='word_1_580' title='bbox 748 4288 1114 4336; x_wconf 88' lang='lat' dir='ltr'><strong>convenerunt</strong></span> <span class='ocrx_word' id='word_1_581' title='bbox 1152 4281 1422 4351; x_wconf 90' lang='lat' dir='ltr'><strong>principes</strong></span> <span class='ocrx_word' id='word_1_582' title='bbox 1450 4283 1783 4338; x_wconf 89' lang='lat' dir='ltr'><strong>sacerdotum</strong></span> 
     </span>
    </p>
   </div>
   <div class='ocr_carea' id='block_1_74' title="bbox 197 4366 1785 4436">
    <p class='ocr_par' dir='ltr' id='par_1_74' title="bbox 197 4366 1785 4436">
     <span class='ocr_line' id='line_1_75' title="bbox 197 4366 1785 4436; baseline 0.003 -15"><span class='ocrx_word' id='word_1_583' title='bbox 197 4374 252 4421; x_wconf 88' lang='lat' dir='ltr'><strong>et</strong></span> <span class='ocrx_word' id='word_1_584' title='bbox 289 4366 545 4424; x_wconf 68' lang='lat' dir='ltr'><strong>Pharisaei</strong></span> <span class='ocrx_word' id='word_1_585' title='bbox 573 4369 640 4422; x_wconf 90' lang='lat' dir='ltr'><strong>ad</strong></span> <span class='ocrx_word' id='word_1_586' title='bbox 663 4369 914 4436; x_wconf 87' lang='lat' dir='ltr'><strong>Pilatum,</strong></span> <span class='ocrx_word' id='word_1_587' title='bbox 938 4369 1180 4424; x_wconf 85' lang='lat' dir='ltr'><strong>dicentes</strong></span> <span class='ocrx_word' id='word_1_588' title='bbox 1204 4387 1216 4422; x_wconf 87' lang='lat'>:</span> <span class='ocrx_word' id='word_1_589' title='bbox 1243 4370 1489 4435; x_wconf 89' lang='lat' dir='ltr'><strong>Domine,</strong></span> <span class='ocrx_word' id='word_1_590' title='bbox 1523 4371 1785 4426; x_wconf 82' lang='lat' dir='ltr'><strong>recordati</strong></span> 
     </span>
    </p>
   </div>
   <div class='ocr_carea' id='block_1_75' title="bbox 196 4457 1785 4526">
    <p class='ocr_par' dir='ltr' id='par_1_75' title="bbox 196 4457 1785 4526">
     <span class='ocr_line' id='line_1_76' title="bbox 196 4457 1785 4526; baseline 0.001 -15"><span class='ocrx_word' id='word_1_591' title='bbox 196 4469 386 4512; x_wconf 82' lang='lat' dir='ltr'><strong>sumus</strong></span> <span class='ocrx_word' id='word_1_592' title='bbox 423 4458 545 4526; x_wconf 87' lang='lat' dir='ltr'><strong>quia</strong></span> <span class='ocrx_word' id='word_1_593' title='bbox 573 4457 823 4512; x_wconf 88' lang='lat' dir='ltr'><strong>seductor</strong></span> <span class='ocrx_word' id='word_1_594' title='bbox 849 4457 939 4511; x_wconf 83' lang='lat' dir='ltr'><strong>ille</strong></span> <span class='ocrx_word' id='word_1_595' title='bbox 986 4457 1120 4511; x_wconf 81' lang='lat' dir='ltr'><strong>dixit</strong></span> <span class='ocrx_word' id='word_1_596' title='bbox 1162 4457 1336 4511; x_wconf 83' lang='lat' dir='ltr'><strong>adhuc</strong></span> <span class='ocrx_word' id='word_1_597' title='bbox 1375 4459 1560 4512; x_wconf 90' lang='lat' dir='ltr'><strong>vivens</strong></span> <span class='ocrx_word' id='word_1_598' title='bbox 1601 4474 1616 4512; x_wconf 93' lang='lat'><strong>:</strong></span> <span class='ocrx_word' id='word_1_599' title='bbox 1661 4459 1785 4514; x_wconf 84' lang='lat' dir='ltr'><strong>I’ost</strong></span> 
     </span>
    </p>
   </div>
   <div class='ocr_carea' id='block_1_76' title="bbox 195 4545 1781 4617">
    <p class='ocr_par' dir='ltr' id='par_1_76' title="bbox 195 4545 1781 4617">
     <span class='ocr_line' id='line_1_77' title="bbox 195 4545 1781 4617; baseline 0.001 -17"><span class='ocrx_word' id='word_1_600' title='bbox 195 4555 313 4601; x_wconf 91' lang='lat' dir='ltr'><strong>tres</strong></span> <span class='ocrx_word' id='word_1_601' title='bbox 343 4546 458 4600; x_wconf 90' lang='lat' dir='ltr'><strong>dies</strong></span> <span class='ocrx_word' id='word_1_602' title='bbox 487 4560 784 4615; x_wconf 85' lang='lat' dir='ltr'><strong>resurgam.</strong></span> <span class='ocrx_word' id='word_1_603' title='bbox 815 4545 952 4601; x_wconf 81' lang='lat' dir='ltr'><strong>Jube</strong></span> <span class='ocrx_word' id='word_1_604' title='bbox 995 4560 1122 4616; x_wconf 82' lang='lat' dir='ltr'><strong>ergo</strong></span> <span class='ocrx_word' id='word_1_605' title='bbox 1169 4546 1426 4602; x_wconf 90' lang='lat' dir='ltr'><strong>custodiri</strong></span> <span class='ocrx_word' id='word_1_606' title='bbox 1477 4547 1781 4617; x_wconf 89' lang='lat' dir='ltr'><strong>sepulcrum</strong></span> 
     </span>
    </p>
   </div>
   <div class='ocr_carea' id='block_1_77' title="bbox 194 4638 1782 4710">
    <p class='ocr_par' dir='ltr' id='par_1_77' title="bbox 194 4638 1782 4710">
     <span class='ocr_line' id='line_1_78' title="bbox 194 4638 1782 4710; baseline 0.003 -17"><span class='ocrx_word' id='word_1_607' title='bbox 194 4652 372 4708; x_wconf 88' lang='lat' dir='ltr'><strong>usque</strong></span> <span class='ocrx_word' id='word_1_608' title='bbox 422 4639 477 4694; x_wconf 91' lang='lat' dir='ltr'><strong>in</strong></span> <span class='ocrx_word' id='word_1_609' title='bbox 527 4638 669 4694; x_wconf 91' lang='lat' dir='ltr'><strong>diem</strong></span> <span class='ocrx_word' id='word_1_610' title='bbox 719 4638 956 4707; x_wconf 89' lang='lat' dir='ltr'><strong>tertium,</strong></span> <span class='ocrx_word' id='word_1_611' title='bbox 1008 4653 1076 4696; x_wconf 89' lang='lat' dir='ltr'><strong>ne</strong></span> <span class='ocrx_word' id='word_1_612' title='bbox 1118 4638 1256 4696; x_wconf 86' lang='lat' dir='ltr'><strong>forte</strong></span> <span class='ocrx_word' id='word_1_613' title='bbox 1283 4639 1498 4696; x_wconf 90' lang='lat' dir='ltr'><strong>veniant</strong></span> <span class='ocrx_word' id='word_1_614' title='bbox 1537 4639 1782 4710; x_wconf 91' lang='lat' dir='ltr'><strong>discipuli</strong></span> 
     </span>
    </p>
   </div>
   <div class='ocr_carea' id='block_1_78' title="bbox 193 4731 1782 4803">
    <p class='ocr_par' dir='ltr' id='par_1_78' title="bbox 193 4731 1782 4803">
     <span class='ocr_line' id='line_1_79' title="bbox 193 4731 1782 4803; baseline 0.003 -17"><span class='ocrx_word' id='word_1_615' title='bbox 193 4732 335 4801; x_wconf 90' lang='lat' dir='ltr'><strong>ejus,</strong></span> <span class='ocrx_word' id='word_1_616' title='bbox 367 4740 422 4787; x_wconf 93' lang='lat' dir='ltr'><strong>et</strong></span> <span class='ocrx_word' id='word_1_617' title='bbox 448 4731 693 4787; x_wconf 90' lang='lat' dir='ltr'><strong>furentur</strong></span> <span class='ocrx_word' id='word_1_618' title='bbox 716 4747 838 4789; x_wconf 89' lang='lat' dir='ltr'><strong>eum</strong></span> <span class='ocrx_word' id='word_1_619' title='bbox 865 4771 882 4799; x_wconf 92' lang='lat'><strong>,</strong></span> <span class='ocrx_word' id='word_1_620' title='bbox 927 4741 979 4787; x_wconf 92' lang='lat' dir='ltr'><strong>et</strong></span> <span class='ocrx_word' id='word_1_621' title='bbox 1028 4732 1208 4789; x_wconf 91' lang='lat' dir='ltr'><strong>dicant</strong></span> <span class='ocrx_word' id='word_1_622' title='bbox 1248 4732 1394 4803; x_wconf 89' lang='lat' dir='ltr'><strong>plebi</strong></span> <span class='ocrx_word' id='word_1_623' title='bbox 1431 4749 1446 4788; x_wconf 90' lang='lat'><strong>:</strong></span> <span class='ocrx_word' id='word_1_624' title='bbox 1482 4732 1726 4790; x_wconf 86' lang='lat' dir='ltr'><strong>Surrexit</strong></span> <span class='ocrx_word' id='word_1_625' title='bbox 1751 4748 1782 4790; x_wconf 85' lang='lat' dir='ltr'><strong>a</strong></span> 
     </span>
    </p>
   </div>
   <div class='ocr_carea' id='block_1_79' title="bbox 196 4823 1781 4897">
    <p class='ocr_par' dir='ltr' id='par_1_79' title="bbox 196 4823 1781 4897">
     <span class='ocr_line' id='line_1_80' title="bbox 196 4823 1781 4897; baseline 0.004 -19"><span class='ocrx_word' id='word_1_626' title='bbox 196 4824 423 4878; x_wconf 88' lang='lat' dir='ltr'><strong>mortuis</strong></span> <span class='ocrx_word' id='word_1_627' title='bbox 455 4838 467 4881; x_wconf 86' lang='lat'><strong>:</strong></span> <span class='ocrx_word' id='word_1_628' title='bbox 498 4833 552 4879; x_wconf 92' lang='lat' dir='ltr'><strong>et</strong></span> <span class='ocrx_word' id='word_1_629' title='bbox 591 4825 693 4880; x_wconf 89' lang='lat' dir='ltr'><strong>erit</strong></span> <span class='ocrx_word' id='word_1_630' title='bbox 732 4823 1056 4881; x_wconf 87' lang='lat' dir='ltr'><strong>novissimus</strong></span> <span class='ocrx_word' id='word_1_631' title='bbox 1087 4840 1239 4882; x_wconf 88' lang='lat' dir='ltr'><strong>error</strong></span> <span class='ocrx_word' id='word_1_632' title='bbox 1279 4826 1430 4897; x_wconf 89' lang='lat' dir='ltr'><strong>pejor</strong></span> <span class='ocrx_word' id='word_1_633' title='bbox 1467 4825 1665 4896; x_wconf 87' lang='lat' dir='ltr'><strong>priore.</strong></span> <span class='ocrx_word' id='word_1_634' title='bbox 1691 4827 1781 4885; x_wconf 87' lang='lat' dir='ltr'><strong>Ait</strong></span> 
     </span>
    </p>
   </div>
   <div class='ocr_carea' id='block_1_80' title="bbox 198 4914 1775 4982">
    <p class='ocr_par' dir='ltr' id='par_1_80' title="bbox 198 4914 1775 4982">
     <span class='ocr_line' id='line_1_81' title="bbox 198 4914 1775 4982; baseline 0.005 -14"><span class='ocrx_word' id='word_1_635' title='bbox 198 4914 303 4971; x_wconf 87' lang='lat' dir='ltr'><strong>illis</strong></span> <span class='ocrx_word' id='word_1_636' title='bbox 333 4933 346 4968; x_wconf 87' lang='lat'><strong>:</strong></span> <span class='ocrx_word' id='word_1_637' title='bbox 380 4914 598 4972; x_wconf 81' lang='lat' dir='ltr'><strong>Habetis</strong></span> <span class='ocrx_word' id='word_1_638' title='bbox 626 4915 922 4972; x_wconf 86' lang='lat' dir='ltr'><strong>custodiam</strong></span> <span class='ocrx_word' id='word_1_639' title='bbox 953 4932 967 4970; x_wconf 93' lang='lat'><strong>:</strong></span> <span class='ocrx_word' id='word_1_640' title='bbox 998 4918 1101 4982; x_wconf 89' lang='lat' dir='ltr'><strong>ite,</strong></span> <span class='ocrx_word' id='word_1_641' title='bbox 1133 4919 1399 4976; x_wconf 89' lang='lat' dir='ltr'><strong>custodite</strong></span> <span class='ocrx_word' id='word_1_642' title='bbox 1425 4918 1563 4976; x_wconf 92' lang='lat' dir='ltr'><strong>sicut</strong></span> <span class='ocrx_word' id='word_1_643' title='bbox 1603 4921 1775 4977; x_wconf 90' lang='lat' dir='ltr'><strong>scitis.</strong></span> 
     </span>
    </p>
   </div>
   <div class='ocr_carea' id='block_1_81' title="bbox 201 5007 1782 5086">
    <p class='ocr_par' dir='ltr' id='par_1_81' title="bbox 201 5007 1782 5086">
     <span class='ocr_line' id='line_1_82' title="bbox 201 5007 1782 5086; baseline 0.01 -26"><span class='ocrx_word' id='word_1_644' title='bbox 201 5007 272 5062; x_wconf 94' lang='lat' dir='ltr'><strong>llli</strong></span> <span class='ocrx_word' id='word_1_645' title='bbox 321 5019 497 5066; x_wconf 88' lang='lat' dir='ltr'><strong>autem</strong></span> <span class='ocrx_word' id='word_1_646' title='bbox 528 5009 783 5065; x_wconf 88' lang='lat' dir='ltr'><strong>abeuntes</strong></span> <span class='ocrx_word' id='word_1_647' title='bbox 828 5011 1068 5067; x_wconf 86' lang='lat' dir='ltr'><strong>muniere</strong></span> <span class='ocrx_word' id='word_1_648' title='bbox 1114 5011 1454 5082; x_wconf 82' lang='lat' dir='ltr'><strong>sepulcrum,</strong></span> <span class='ocrx_word' id='word_1_649' title='bbox 1507 5013 1782 5086; x_wconf 80' lang='lat' dir='ltr'><strong>signantes</strong></span> 
     </span>
    </p>
   </div>
   <div class='ocr_carea' id='block_1_82' title="bbox 200 5102 922 5172">
    <p class='ocr_par' dir='ltr' id='par_1_82' title="bbox 200 5102 922 5172">
     <span class='ocr_line' id='line_1_83' title="bbox 200 5102 922 5172; baseline 0.004 -16"><span class='ocrx_word' id='word_1_650' title='bbox 200 5102 427 5172; x_wconf 86' lang='lat' dir='ltr'><strong>lapidem</strong></span> <span class='ocrx_word' id='word_1_651' title='bbox 450 5119 570 5160; x_wconf 88' lang='lat' dir='ltr'><strong>cum</strong></span> <span class='ocrx_word' id='word_1_652' title='bbox 593 5103 922 5160; x_wconf 78' lang='lat' dir='ltr'><strong>custodibus.</strong></span> 
     </span>
    </p>
   </div>
   <div class='ocr_carea' id='block_1_83' title="bbox 719 5217 1252 5276">
    <p class='ocr_par' dir='ltr' id='par_1_83' title="bbox 719 5217 1252 5276">
     <span class='ocr_line' id='line_1_84' title="bbox 719 5217 1252 5276; baseline 0.004 -2"><span class='ocrx_word' id='word_1_653' title='bbox 719 5217 944 5274; x_wconf 84' lang='lat' dir='ltr'><strong>CAPUT</strong></span> <span class='ocrx_word' id='word_1_654' title='bbox 979 5217 1252 5276; x_wconf 77' lang='lat' dir='ltr'><strong>CLXXIII.</strong></span> 
     </span>
    </p>
   </div>
   <div class='ocr_carea' id='block_1_84' title="bbox 367 5311 1607 5382">
    <p class='ocr_par' dir='ltr' id='par_1_84' title="bbox 367 5311 1607 5382">
     <span class='ocr_line' id='line_1_85' title="bbox 367 5311 1607 5382; baseline 0.001 -16"><span class='ocrx_word' id='word_1_655' title='bbox 367 5312 543 5366; x_wconf 83' lang='lat' dir='ltr'><strong>Prima</strong></span> <span class='ocrx_word' id='word_1_656' title='bbox 578 5313 660 5367; x_wconf 81' lang='lat' dir='ltr'><strong>die</strong></span> <span class='ocrx_word' id='word_1_657' title='bbox 680 5311 874 5367; x_wconf 77' lang='lat' dir='ltr'><strong>sabbati</strong></span> <span class='ocrx_word' id='word_1_658' title='bbox 900 5311 1052 5366; x_wconf 77' lang='lat' dir='ltr'><strong>Iesus</strong></span> <span class='ocrx_word' id='word_1_659' title='bbox 1078 5311 1294 5382; x_wconf 78' lang='lat' dir='ltr'><strong>resurgit</strong></span> <span class='ocrx_word' id='word_1_660' title='bbox 1314 5327 1345 5365; x_wconf 92' lang='lat' dir='ltr'><strong>a</strong></span> <span class='ocrx_word' id='word_1_661' title='bbox 1374 5311 1607 5367; x_wconf 75' lang='lat' dir='ltr'><strong>mortuis.</strong></span> 
     </span>
    </p>
   </div>
   <div class='ocr_carea' id='block_1_85' title="bbox 269 5423 1777 5495">
    <p class='ocr_par' dir='ltr' id='par_1_85' title="bbox 269 5423 1777 5495">
     <span class='ocr_line' id='line_1_86' title="bbox 269 5423 1777 5495; baseline 0.001 -17"><span class='ocrx_word' id='word_1_662' title='bbox 269 5423 478 5479; x_wconf 73' lang='lat' dir='ltr'><strong>Mum.</strong></span> <span class='ocrx_word' id='word_1_663' title='bbox 521 5441 707 5494; x_wconf 86' lang='lat' dir='ltr'><strong>xxvm,</strong></span> <span class='ocrx_word' id='word_1_664' title='bbox 752 5425 874 5490; x_wconf 75' lang='lat'><strong>1-8;</strong></span> <span class='ocrx_word' id='word_1_665' title='bbox 908 5424 1082 5481; x_wconf 60' lang='lat' dir='ltr'><strong>Mane.</strong></span> <span class='ocrx_word' id='word_1_666' title='bbox 1130 5440 1240 5495; x_wconf 81' lang='lat' dir='ltr'><strong>xvr,</strong></span> <span class='ocrx_word' id='word_1_667' title='bbox 1279 5424 1404 5490; x_wconf 63' lang='lat'><strong>1.8;</strong></span> <span class='ocrx_word' id='word_1_668' title='bbox 1455 5423 1584 5479; x_wconf 77' lang='lat' dir='ltr'><strong>Luc.</strong></span> <span class='ocrx_word' id='word_1_669' title='bbox 1633 5437 1777 5494; x_wconf 73' lang='lat' dir='ltr'><strong>xxiv,</strong></span> 
     </span>
    </p>
   </div>
   <div class='ocr_carea' id='block_1_86' title="bbox 205 5513 1781 5588">
    <p class='ocr_par' dir='ltr' id='par_1_86' title="bbox 205 5513 1781 5588">
     <span class='ocr_line' id='line_1_87' title="bbox 205 5513 1781 5588; baseline 0.004 -20"><span class='ocrx_word' id='word_1_670' title='bbox 205 5513 320 5584; x_wconf 70' lang='lat'><strong>1-9;</strong></span> <span class='ocrx_word' id='word_1_671' title='bbox 351 5518 504 5575; x_wconf 72' lang='lat' dir='ltr'><strong>Jouv.</strong></span> <span class='ocrx_word' id='word_1_672' title='bbox 529 5535 621 5586; x_wconf 87' lang='lat' dir='ltr'><strong>xx,</strong></span> <span class='ocrx_word' id='word_1_673' title='bbox 639 5520 690 5574; x_wconf 88' lang='grc'><strong>1.</strong></span> <span class='ocrx_word' id='word_1_674' title='bbox 716 5519 947 5588; x_wconf 86' lang='lat' dir='ltr'><strong>Vespere</strong></span> <span class='ocrx_word' id='word_1_675' title='bbox 974 5527 1151 5575; x_wconf 92' lang='lat' dir='ltr'><strong>autem</strong></span> <span class='ocrx_word' id='word_1_676' title='bbox 1179 5519 1386 5576; x_wconf 88' lang='lat' dir='ltr'><strong>sabbati</strong></span> <span class='ocrx_word' id='word_1_677' title='bbox 1417 5532 1537 5588; x_wconf 65' lang='lat' dir='ltr'><strong>quae</strong></span> <span class='ocrx_word' id='word_1_678' title='bbox 1558 5517 1781 5574; x_wconf 91' lang='lat' dir='ltr'><strong>lucescit</strong></span> 
     </span>
    </p>
   </div>
   <div class='ocr_carea' id='block_1_87' title="bbox 203 5606 1782 5681">
    <p class='ocr_par' dir='ltr' id='par_1_87' title="bbox 203 5606 1782 5681">
     <span class='ocr_line' id='line_1_88' title="bbox 203 5606 1782 5681; baseline 0.004 -19"><span class='ocrx_word' id='word_1_679' title='bbox 203 5606 255 5664; x_wconf 92' lang='lat' dir='ltr'><strong>in</strong></span> <span class='ocrx_word' id='word_1_680' title='bbox 283 5613 447 5681; x_wconf 89' lang='lat' dir='ltr'><strong>prima</strong></span> <span class='ocrx_word' id='word_1_681' title='bbox 479 5613 710 5681; x_wconf 85' lang='lat' dir='ltr'><strong>sabbati,</strong></span> <span class='ocrx_word' id='word_1_682' title='bbox 740 5627 860 5670; x_wconf 92' lang='lat' dir='ltr'><strong>cum</strong></span> <span class='ocrx_word' id='word_1_683' title='bbox 915 5612 1092 5669; x_wconf 86' lang='lat' dir='ltr'><strong>adhuc</strong></span> <span class='ocrx_word' id='word_1_684' title='bbox 1137 5613 1373 5671; x_wconf 76' lang='lat' dir='ltr'><strong>tenebrae</strong></span> <span class='ocrx_word' id='word_1_685' title='bbox 1404 5622 1605 5678; x_wconf 86' lang='lat' dir='ltr'><strong>essent,</strong></span> <span class='ocrx_word' id='word_1_686' title='bbox 1637 5610 1782 5668; x_wconf 80' lang='lat' dir='ltr'><strong>venit</strong></span> 
     </span>
    </p>
   </div>
   <div class='ocr_carea' id='block_1_88' title="bbox 205 5699 1782 5778">
    <p class='ocr_par' dir='ltr' id='par_1_88' title="bbox 205 5699 1782 5778">
     <span class='ocr_line' id='line_1_89' title="bbox 205 5699 1782 5778; baseline 0.003 -21"><span class='ocrx_word' id='word_1_687' title='bbox 205 5699 358 5760; x_wconf 73' lang='lat' dir='ltr'><strong>Maria</strong></span> <span class='ocrx_word' id='word_1_688' title='bbox 385 5706 713 5778; x_wconf 88' lang='lat' dir='ltr'><strong>Magdaleue,</strong></span> <span class='ocrx_word' id='word_1_689' title='bbox 737 5715 790 5763; x_wconf 91' lang='lat' dir='ltr'><strong>et</strong></span> <span class='ocrx_word' id='word_1_690' title='bbox 811 5707 982 5764; x_wconf 88' lang='lat' dir='ltr'><strong>altera</strong></span> <span class='ocrx_word' id='word_1_691' title='bbox 1008 5706 1174 5763; x_wconf 87' lang='lat' dir='ltr'><strong>Maria</strong></span> <span class='ocrx_word' id='word_1_692' title='bbox 1200 5745 1216 5774; x_wconf 88' lang='lat'><strong>,</strong></span> <span class='ocrx_word' id='word_1_693' title='bbox 1243 5714 1297 5764; x_wconf 91' lang='lat' dir='ltr'><strong>et</strong></span> <span class='ocrx_word' id='word_1_694' title='bbox 1317 5705 1536 5763; x_wconf 89' lang='lat' dir='ltr'><strong>Salome</strong></span> <span class='ocrx_word' id='word_1_695' title='bbox 1563 5704 1630 5760; x_wconf 90' lang='lat' dir='ltr'><strong>ad</strong></span> <span class='ocrx_word' id='word_1_696' title='bbox 1660 5719 1782 5761; x_wconf 89' lang='lat' dir='ltr'><strong>mo-</strong></span> 
     </span>
    </p>
   </div>
   <div class='ocr_carea' id='block_1_89' title="bbox 208 5805 1784 5872">
    <p class='ocr_par' dir='ltr' id='par_1_89' title="bbox 208 5805 1784 5872">
     <span class='ocr_line' id='line_1_90' title="bbox 208 5805 1784 5872; baseline 0.003 -21"><span class='ocrx_word' id='word_1_697' title='bbox 208 5805 540 5870; x_wconf 86' lang='lat' dir='ltr'><strong>numentum,</strong></span> <span class='ocrx_word' id='word_1_698' title='bbox 582 5807 858 5872; x_wconf 88' lang='lat' dir='ltr'><strong>portantes</strong></span> <span class='ocrx_word' id='word_1_699' title='bbox 903 5813 1024 5871; x_wconf 84' lang='lat' dir='ltr'><strong>quae</strong></span> <span class='ocrx_word' id='word_1_700' title='bbox 1065 5808 1389 5872; x_wconf 86' lang='lat' dir='ltr'><strong>paraverant</strong></span> <span class='ocrx_word' id='word_1_701' title='bbox 1417 5806 1697 5866; x_wconf 86' lang='lat' dir='ltr'><strong>aromata;</strong></span> <span class='ocrx_word' id='word_1_702' title='bbox 1727 5807 1784 5856; x_wconf 90' lang='lat' dir='ltr'><strong>et</strong></span> 
     </span>
    </p>
   </div>
   <div class='ocr_carea' id='block_1_90' title="bbox 1897 3310 3475 3382">
    <p class='ocr_par' dir='ltr' id='par_1_90' title="bbox 1897 3310 3475 3382">
     <span class='ocr_line' id='line_1_91' title="bbox 1897 3310 3475 3382; baseline -0.004 -13"><span class='ocrx_word' id='word_1_703' title='bbox 1897 3314 1988 3369; x_wconf 91' lang='lat' dir='ltr'><strong>ille</strong></span> <span class='ocrx_word' id='word_1_704' title='bbox 2017 3313 2152 3368; x_wconf 88' lang='lat' dir='ltr'><strong>alius</strong></span> <span class='ocrx_word' id='word_1_705' title='bbox 2181 3312 2474 3382; x_wconf 86' lang='lat' dir='ltr'><strong>discipulus</strong></span> <span class='ocrx_word' id='word_1_706' title='bbox 2495 3351 2509 3375; x_wconf 96' lang='lat'><strong>,</strong></span> <span class='ocrx_word' id='word_1_707' title='bbox 2541 3319 2598 3366; x_wconf 91' lang='lat' dir='ltr'><strong>et</strong></span> <span class='ocrx_word' id='word_1_708' title='bbox 2637 3319 2899 3366; x_wconf 89' lang='lat' dir='ltr'><strong>venerunt</strong></span> <span class='ocrx_word' id='word_1_709' title='bbox 2939 3310 3007 3365; x_wconf 90' lang='lat' dir='ltr'><strong>ad</strong></span> <span class='ocrx_word' id='word_1_710' title='bbox 3048 3317 3475 3364; x_wconf 87' lang='lat' dir='ltr'><strong>monumentum.</strong></span> 
     </span>
    </p>
   </div>
   <div class='ocr_carea' id='block_1_91' title="bbox 1894 3402 3478 3471">
    <p class='ocr_par' dir='ltr' id='par_1_91' title="bbox 1894 3402 3478 3471">
     <span class='ocr_line' id='line_1_92' title="bbox 1894 3402 3478 3471; baseline -0.003 -10"><span class='ocrx_word' id='word_1_711' title='bbox 1894 3405 2192 3461; x_wconf 86' lang='lat' dir='ltr'><strong>Currebant</strong></span> <span class='ocrx_word' id='word_1_712' title='bbox 2217 3413 2394 3460; x_wconf 90' lang='lat' dir='ltr'><strong>autem</strong></span> <span class='ocrx_word' id='word_1_713' title='bbox 2418 3404 2526 3459; x_wconf 91' lang='lat' dir='ltr'><strong>duo</strong></span> <span class='ocrx_word' id='word_1_714' title='bbox 2556 3403 2748 3471; x_wconf 89' lang='lat' dir='ltr'><strong>simul,</strong></span> <span class='ocrx_word' id='word_1_715' title='bbox 2781 3411 2835 3458; x_wconf 93' lang='lat' dir='ltr'><strong>et</strong></span> <span class='ocrx_word' id='word_1_716' title='bbox 2885 3403 2976 3458; x_wconf 93' lang='lat' dir='ltr'><strong>ille</strong></span> <span class='ocrx_word' id='word_1_717' title='bbox 3019 3403 3153 3456; x_wconf 88' lang='lat' dir='ltr'><strong>alius</strong></span> <span class='ocrx_word' id='word_1_718' title='bbox 3183 3402 3478 3469; x_wconf 91' lang='lat' dir='ltr'><strong>discipulus</strong></span> 
     </span>
    </p>
   </div>
   <div class='ocr_carea' id='block_1_92' title="bbox 1893 3494 3482 3566">
    <p class='ocr_par' dir='ltr' id='par_1_92' title="bbox 1893 3494 3482 3566">
     <span class='ocr_line' id='line_1_93' title="bbox 1893 3494 3482 3566; baseline -0.001 -16"><span class='ocrx_word' id='word_1_719' title='bbox 1893 3497 2242 3566; x_wconf 66' lang='lat' dir='ltr'><strong>praecucurrit</strong></span> <span class='ocrx_word' id='word_1_720' title='bbox 2272 3495 2429 3551; x_wconf 86' lang='lat' dir='ltr'><strong>citius</strong></span> <span class='ocrx_word' id='word_1_721' title='bbox 2459 3495 2620 3550; x_wconf 86' lang='lat' dir='ltr'><strong>Petro</strong></span> <span class='ocrx_word' id='word_1_722' title='bbox 2650 3513 2664 3550; x_wconf 88' lang='lat'><strong>:</strong></span> <span class='ocrx_word' id='word_1_723' title='bbox 2695 3503 2748 3550; x_wconf 90' lang='lat' dir='ltr'><strong>et</strong></span> <span class='ocrx_word' id='word_1_724' title='bbox 2792 3495 2939 3550; x_wconf 93' lang='lat' dir='ltr'><strong>venit</strong></span> <span class='ocrx_word' id='word_1_725' title='bbox 2968 3495 3170 3564; x_wconf 90' lang='lat' dir='ltr'><strong>primus</strong></span> <span class='ocrx_word' id='word_1_726' title='bbox 3195 3494 3262 3549; x_wconf 91' lang='lat' dir='ltr'><strong>ad</strong></span> <span class='ocrx_word' id='word_1_727' title='bbox 3290 3510 3482 3549; x_wconf 84' lang='lat' dir='ltr'><strong>monu-</strong></span> 
     </span>
    </p>
   </div>
   <div class='ocr_carea' id='block_1_93' title="bbox 1891 3585 3480 3656">
    <p class='ocr_par' dir='ltr' id='par_1_93' title="bbox 1891 3585 3480 3656">
     <span class='ocr_line' id='line_1_94' title="bbox 1891 3585 3480 3656; baseline -0.003 -12"><span class='ocrx_word' id='word_1_728' title='bbox 1891 3597 2155 3644; x_wconf 90' lang='lat' dir='ltr'><strong>mentum.</strong></span> <span class='ocrx_word' id='word_1_729' title='bbox 2186 3587 2254 3642; x_wconf 85' lang='lat' dir='ltr'><strong>Et</strong></span> <span class='ocrx_word' id='word_1_730' title='bbox 2294 3601 2414 3642; x_wconf 91' lang='lat' dir='ltr'><strong>cum</strong></span> <span class='ocrx_word' id='word_1_731' title='bbox 2461 3601 2519 3642; x_wconf 89' lang='lat' dir='ltr'><strong>se</strong></span> <span class='ocrx_word' id='word_1_732' title='bbox 2549 3587 2894 3652; x_wconf 85' lang='lat' dir='ltr'><strong>inclinasset,</strong></span> <span class='ocrx_word' id='word_1_733' title='bbox 2923 3586 3055 3640; x_wconf 89' lang='lat' dir='ltr'><strong>vidit</strong></span> <span class='ocrx_word' id='word_1_734' title='bbox 3084 3586 3255 3656; x_wconf 86' lang='lat' dir='ltr'><strong>posita</strong></span> <span class='ocrx_word' id='word_1_735' title='bbox 3287 3585 3480 3640; x_wconf 89' lang='lat' dir='ltr'><strong>lintea-</strong></span> 
     </span>
    </p>
   </div>
   <div class='ocr_carea' id='block_1_94' title="bbox 1891 3676 3478 3745">
    <p class='ocr_par' dir='ltr' id='par_1_94' title="bbox 1891 3676 3478 3745">
     <span class='ocr_line' id='line_1_95' title="bbox 1891 3676 3478 3745; baseline -0.001 -10"><span class='ocrx_word' id='word_1_736' title='bbox 1891 3679 2055 3745; x_wconf 87' lang='lat' dir='ltr'><strong>mina,</strong></span> <span class='ocrx_word' id='word_1_737' title='bbox 2089 3694 2192 3734; x_wconf 90' lang='lat' dir='ltr'><strong>non</strong></span> <span class='ocrx_word' id='word_1_738' title='bbox 2224 3686 2399 3734; x_wconf 90' lang='lat' dir='ltr'><strong>tamen</strong></span> <span class='ocrx_word' id='word_1_739' title='bbox 2431 3679 2689 3732; x_wconf 74' lang='lat' dir='ltr'><strong>introivit.</strong></span> <span class='ocrx_word' id='word_1_740' title='bbox 2727 3678 2883 3732; x_wconf 86' lang='lat' dir='ltr'><strong>Venit</strong></span> <span class='ocrx_word' id='word_1_741' title='bbox 2917 3693 3042 3745; x_wconf 87' lang='lat' dir='ltr'><strong>ergo</strong></span> <span class='ocrx_word' id='word_1_742' title='bbox 3073 3677 3256 3732; x_wconf 84' lang='lat' dir='ltr'><strong>Simon</strong></span> <span class='ocrx_word' id='word_1_743' title='bbox 3291 3676 3478 3733; x_wconf 87' lang='lat' dir='ltr'><strong>Petrus</strong></span> 
     </span>
    </p>
   </div>
   <div class='ocr_carea' id='block_1_95' title="bbox 1887 3769 3478 3843">
    <p class='ocr_par' dir='ltr' id='par_1_95' title="bbox 1887 3769 3478 3843">
     <span class='ocr_line' id='line_1_96' title="bbox 1887 3769 3478 3843; baseline -0.003 -14"><span class='ocrx_word' id='word_1_744' title='bbox 1887 3787 2118 3843; x_wconf 90' lang='lat' dir='ltr'><strong>sequens</strong></span> <span class='ocrx_word' id='word_1_745' title='bbox 2142 3786 2262 3828; x_wconf 89' lang='lat' dir='ltr'><strong>eum</strong></span> <span class='ocrx_word' id='word_1_746' title='bbox 2289 3812 2303 3839; x_wconf 93' lang='lat'><strong>,</strong></span> <span class='ocrx_word' id='word_1_747' title='bbox 2337 3779 2390 3827; x_wconf 93' lang='lat' dir='ltr'><strong>et</strong></span> <span class='ocrx_word' id='word_1_748' title='bbox 2421 3770 2664 3826; x_wconf 77' lang='lat' dir='ltr'><strong>introivit</strong></span> <span class='ocrx_word' id='word_1_749' title='bbox 2693 3771 2745 3824; x_wconf 92' lang='lat' dir='ltr'><strong>in</strong></span> <span class='ocrx_word' id='word_1_750' title='bbox 2790 3778 3194 3826; x_wconf 87' lang='lat' dir='ltr'><strong>monumentum</strong></span> <span class='ocrx_word' id='word_1_751' title='bbox 3218 3810 3235 3836; x_wconf 88' lang='lat'><strong>,</strong></span> <span class='ocrx_word' id='word_1_752' title='bbox 3266 3777 3319 3823; x_wconf 89' lang='lat' dir='ltr'><strong>et</strong></span> <span class='ocrx_word' id='word_1_753' title='bbox 3345 3769 3478 3825; x_wconf 90' lang='lat' dir='ltr'><strong>vidit</strong></span> 
     </span>
    </p>
   </div>
   <div class='ocr_carea' id='block_1_96' title="bbox 1888 3861 3478 3932">
    <p class='ocr_par' dir='ltr' id='par_1_96' title="bbox 1888 3861 3478 3932">
     <span class='ocr_line' id='line_1_97' title="bbox 1888 3861 3478 3932; baseline -0.003 -13"><span class='ocrx_word' id='word_1_754' title='bbox 1888 3863 2198 3920; x_wconf 88' lang='lat' dir='ltr'><strong>linteamina</strong></span> <span class='ocrx_word' id='word_1_755' title='bbox 2243 3864 2438 3932; x_wconf 88' lang='lat' dir='ltr'><strong>posita,</strong></span> <span class='ocrx_word' id='word_1_756' title='bbox 2483 3871 2537 3918; x_wconf 87' lang='lat' dir='ltr'><strong>et</strong></span> <span class='ocrx_word' id='word_1_757' title='bbox 2579 3861 2854 3917; x_wconf 85' lang='lat' dir='ltr'><strong>sudarium</strong></span> <span class='ocrx_word' id='word_1_758' title='bbox 2900 3861 3041 3932; x_wconf 91' lang='lat' dir='ltr'><strong>quod</strong></span> <span class='ocrx_word' id='word_1_759' title='bbox 3093 3861 3268 3918; x_wconf 83' lang='lat' dir='ltr'><strong>fuerat</strong></span> <span class='ocrx_word' id='word_1_760' title='bbox 3315 3873 3478 3930; x_wconf 90' lang='lat' dir='ltr'><strong>super</strong></span> 
     </span>
    </p>
   </div>
   <div class='ocr_carea' id='block_1_97' title="bbox 1887 3953 3474 4026">
    <p class='ocr_par' dir='ltr' id='par_1_97' title="bbox 1887 3953 3474 4026">
     <span class='ocr_line' id='line_1_98' title="bbox 1887 3953 3474 4026; baseline -0.002 -14"><span class='ocrx_word' id='word_1_761' title='bbox 1887 3965 2043 4026; x_wconf 89' lang='lat' dir='ltr'><strong>caput</strong></span> <span class='ocrx_word' id='word_1_762' title='bbox 2071 3957 2210 4026; x_wconf 92' lang='lat' dir='ltr'><strong>ejus,</strong></span> <span class='ocrx_word' id='word_1_763' title='bbox 2242 3972 2348 4011; x_wconf 90' lang='lat' dir='ltr'><strong>non</strong></span> <span class='ocrx_word' id='word_1_764' title='bbox 2375 3970 2494 4011; x_wconf 90' lang='lat' dir='ltr'><strong>cum</strong></span> <span class='ocrx_word' id='word_1_765' title='bbox 2527 3955 2929 4010; x_wconf 89' lang='lat' dir='ltr'><strong>linteaminibus</strong></span> <span class='ocrx_word' id='word_1_766' title='bbox 2961 3955 3230 4024; x_wconf 91' lang='lat' dir='ltr'><strong>positum,</strong></span> <span class='ocrx_word' id='word_1_767' title='bbox 3261 3953 3352 4008; x_wconf 91' lang='lat' dir='ltr'><strong>sed</strong></span> <span class='ocrx_word' id='word_1_768' title='bbox 3382 3967 3474 4010; x_wconf 86' lang='lat' dir='ltr'><strong>se-</strong></span> 
     </span>
    </p>
   </div>
   <div class='ocr_carea' id='block_1_98' title="bbox 1887 4046 3474 4117">
    <p class='ocr_par' dir='ltr' id='par_1_98' title="bbox 1887 4046 3474 4117">
     <span class='ocr_line' id='line_1_99' title="bbox 1887 4046 3474 4117; baseline 0 -14"><span class='ocrx_word' id='word_1_769' title='bbox 1887 4049 2114 4115; x_wconf 90' lang='lat' dir='ltr'><strong>paratim</strong></span> <span class='ocrx_word' id='word_1_770' title='bbox 2139 4049 2433 4104; x_wconf 89' lang='lat' dir='ltr'><strong>involutum</strong></span> <span class='ocrx_word' id='word_1_771' title='bbox 2460 4049 2513 4103; x_wconf 92' lang='lat' dir='ltr'><strong>in</strong></span> <span class='ocrx_word' id='word_1_772' title='bbox 2543 4063 2703 4102; x_wconf 91' lang='lat' dir='ltr'><strong>unum</strong></span> <span class='ocrx_word' id='word_1_773' title='bbox 2731 4048 2927 4103; x_wconf 89' lang='lat' dir='ltr'><strong>locum.</strong></span> <span class='ocrx_word' id='word_1_774' title='bbox 2953 4046 3102 4102; x_wconf 84' lang='lat' dir='ltr'><strong>Tunc</strong></span> <span class='ocrx_word' id='word_1_775' title='bbox 3126 4061 3254 4117; x_wconf 88' lang='lat' dir='ltr'><strong>ergo</strong></span> <span class='ocrx_word' id='word_1_776' title='bbox 3274 4047 3474 4103; x_wconf 80' lang='lat' dir='ltr'><strong>introi-</strong></span> 
     </span>
    </p>
   </div>
   <div class='ocr_carea' id='block_1_99' title="bbox 1885 4139 3477 4210">
    <p class='ocr_par' dir='ltr' id='par_1_99' title="bbox 1885 4139 3477 4210">
     <span class='ocr_line' id='line_1_100' title="bbox 1885 4139 3477 4210; baseline -0.001 -15"><span class='ocrx_word' id='word_1_777' title='bbox 1885 4141 2038 4195; x_wconf 88' lang='lat' dir='ltr'><strong>vitet</strong></span> <span class='ocrx_word' id='word_1_778' title='bbox 2067 4140 2157 4194; x_wconf 91' lang='lat' dir='ltr'><strong>ille</strong></span> <span class='ocrx_word' id='word_1_779' title='bbox 2196 4139 2490 4210; x_wconf 86' lang='lat' dir='ltr'><strong>discipulus</strong></span> <span class='ocrx_word' id='word_1_780' title='bbox 2526 4141 2616 4208; x_wconf 92' lang='lat' dir='ltr'><strong>qui</strong></span> <span class='ocrx_word' id='word_1_781' title='bbox 2647 4146 2868 4194; x_wconf 89' lang='lat' dir='ltr'><strong>venerat</strong></span> <span class='ocrx_word' id='word_1_782' title='bbox 2897 4139 3044 4206; x_wconf 85' lang='lat' dir='ltr'><strong>prius</strong></span> <span class='ocrx_word' id='word_1_783' title='bbox 3072 4139 3139 4192; x_wconf 92' lang='lat' dir='ltr'><strong>ad</strong></span> <span class='ocrx_word' id='word_1_784' title='bbox 3160 4152 3477 4194; x_wconf 82' lang='lat' dir='ltr'><strong>monumen-</strong></span> 
     </span>
    </p>
   </div>
   <div class='ocr_carea' id='block_1_100' title="bbox 1887 4230 3477 4300">
    <p class='ocr_par' dir='ltr' id='par_1_100' title="bbox 1887 4230 3477 4300">
     <span class='ocr_line' id='line_1_101' title="bbox 1887 4230 3477 4300; baseline -0.003 -12"><span class='ocrx_word' id='word_1_785' title='bbox 1887 4242 2025 4300; x_wconf 89' lang='lat' dir='ltr'><strong>tum,</strong></span> <span class='ocrx_word' id='word_1_786' title='bbox 2053 4242 2107 4289; x_wconf 88' lang='lat' dir='ltr'><strong>et</strong></span> <span class='ocrx_word' id='word_1_787' title='bbox 2151 4233 2311 4297; x_wconf 90' lang='lat' dir='ltr'><strong>vidit,</strong></span> <span class='ocrx_word' id='word_1_788' title='bbox 2352 4240 2404 4288; x_wconf 90' lang='lat' dir='ltr'><strong>et</strong></span> <span class='ocrx_word' id='word_1_789' title='bbox 2432 4232 2655 4287; x_wconf 90' lang='lat' dir='ltr'><strong>credidit</strong></span> <span class='ocrx_word' id='word_1_790' title='bbox 2712 4249 2724 4284; x_wconf 93' lang='lat'><strong>:</strong></span> <span class='ocrx_word' id='word_1_791' title='bbox 2777 4230 3015 4284; x_wconf 90' lang='lat' dir='ltr'><strong>nondum</strong></span> <span class='ocrx_word' id='word_1_792' title='bbox 3060 4230 3204 4283; x_wconf 88' lang='lat' dir='ltr'><strong>enim</strong></span> <span class='ocrx_word' id='word_1_793' title='bbox 3232 4230 3477 4284; x_wconf 89' lang='lat' dir='ltr'><strong>sciebant</strong></span> 
     </span>
    </p>
   </div>
   <div class='ocr_carea' id='block_1_101' title="bbox 1886 4319 3475 4392">
    <p class='ocr_par' dir='ltr' id='par_1_101' title="bbox 1886 4319 3475 4392">
     <span class='ocr_line' id='line_1_102' title="bbox 1886 4319 3475 4392; baseline -0.004 -12"><span class='ocrx_word' id='word_1_794' title='bbox 1886 4325 2210 4392; x_wconf 88' lang='lat' dir='ltr'><strong>Scripturas,</strong></span> <span class='ocrx_word' id='word_1_795' title='bbox 2236 4322 2361 4391; x_wconf 90' lang='lat' dir='ltr'><strong>quia</strong></span> <span class='ocrx_word' id='word_1_796' title='bbox 2385 4326 2404 4346; x_wconf 77' lang='grc'><em>⁴</em></span> <span class='ocrx_word' id='word_1_797' title='bbox 2426 4329 2638 4391; x_wconf 89' lang='lat' dir='ltr'><strong>oportet</strong></span> <span class='ocrx_word' id='word_1_798' title='bbox 2670 4337 2791 4376; x_wconf 91' lang='lat' dir='ltr'><strong>eum</strong></span> <span class='ocrx_word' id='word_1_799' title='bbox 2839 4335 2869 4372; x_wconf 90' lang='lat' dir='ltr'><strong>a</strong></span> <span class='ocrx_word' id='word_1_800' title='bbox 2913 4319 3141 4372; x_wconf 90' lang='lat' dir='ltr'><strong>mortuis</strong></span> <span class='ocrx_word' id='word_1_801' title='bbox 3170 4330 3475 4385; x_wconf 83' lang='lat' dir='ltr'><strong>resurgere.</strong></span> 
     </span>
    </p>
   </div>
   <div class='ocr_carea' id='block_1_102' title="bbox 1888 4406 3473 4480">
    <p class='ocr_par' dir='ltr' id='par_1_102' title="bbox 1888 4406 3473 4480">
     <span class='ocr_line' id='line_1_103' title="bbox 1888 4406 3473 4480; baseline -0.006 -12"><span class='ocrx_word' id='word_1_802' title='bbox 1888 4415 2152 4468; x_wconf 79' lang='lat' dir='ltr'><strong>Abierunt</strong></span> <span class='ocrx_word' id='word_1_803' title='bbox 2198 4427 2326 4480; x_wconf 89' lang='lat' dir='ltr'><strong>ergo</strong></span> <span class='ocrx_word' id='word_1_804' title='bbox 2377 4413 2571 4466; x_wconf 89' lang='lat' dir='ltr'><strong>iterum</strong></span> <span class='ocrx_word' id='word_1_805' title='bbox 2614 4411 2678 4465; x_wconf 92' lang='lat' dir='ltr'><strong>ad</strong></span> <span class='ocrx_word' id='word_1_806' title='bbox 2729 4409 3050 4475; x_wconf 91' lang='lat' dir='ltr'><strong>semetipsos</strong></span> <span class='ocrx_word' id='word_1_807' title='bbox 3099 4406 3364 4474; x_wconf 91' lang='lat' dir='ltr'><strong>discipuli.</strong></span> <span class='ocrx_word' id='word_1_808' title='bbox 3405 4435 3473 4449; x_wconf 80' lang='grc' dir='ltr'><strong>-ι</strong></span> 
     </span>
    </p>
   </div>
   <div class='ocr_carea' id='block_1_103' title="bbox 1888 4498 3476 4571">
    <p class='ocr_par' dir='ltr' id='par_1_103' title="bbox 1888 4498 3476 4571">
     <span class='ocr_line' id='line_1_104' title="bbox 1888 4498 3476 4571; baseline -0.003 -11"><span class='ocrx_word' id='word_1_809' title='bbox 1888 4505 2060 4560; x_wconf 72' lang='lat' dir='ltr'><strong>Mane.</strong></span> <span class='ocrx_word' id='word_1_810' title='bbox 2089 4519 2198 4571; x_wconf 76' lang='lat' dir='ltr'><strong>xvi,</strong></span> <span class='ocrx_word' id='word_1_811' title='bbox 2223 4503 2278 4557; x_wconf 87' lang='lat'><strong>9.</strong></span> <span class='ocrx_word' id='word_1_812' title='bbox 2309 4503 2474 4558; x_wconf 91' lang='lat' dir='ltr'><strong>Maria</strong></span> <span class='ocrx_word' id='word_1_813' title='bbox 2499 4511 2678 4556; x_wconf 88' lang='lat' dir='ltr'><strong>autem</strong></span> <span class='ocrx_word' id='word_1_814' title='bbox 2705 4500 3016 4570; x_wconf 88' lang='lat' dir='ltr'><strong>Magdalene</strong></span> <span class='ocrx_word' id='word_1_815' title='bbox 3035 4501 3098 4555; x_wconf 93' lang='lat' dir='ltr'><strong>dc</strong></span> <span class='ocrx_word' id='word_1_816' title='bbox 3119 4513 3223 4571; x_wconf 90' lang='lat' dir='ltr'><strong>qua</strong></span> <span class='ocrx_word' id='word_1_817' title='bbox 3243 4498 3476 4569; x_wconf 77' lang='lat' dir='ltr'><strong>eiecerat</strong></span> 
     </span>
    </p>
   </div>
   <div class='ocr_carea' id='block_1_104' title="bbox 1807 4578 3476 4669">
    <p class='ocr_par' dir='ltr' id='par_1_104' title="bbox 1807 4578 3476 4669">
     <span class='ocr_line' id='line_1_105' title="bbox 1807 4578 3476 4669; baseline -0.003 -15"><span class='ocrx_word' id='word_1_818' title='bbox 1807 4578 1862 4641; x_wconf 81' lang='lat' dir='ltr'><strong><em>D</em></strong></span> <span class='ocrx_word' id='word_1_819' title='bbox 1888 4607 2095 4669; x_wconf 90' lang='lat' dir='ltr'><strong>septem</strong></span> <span class='ocrx_word' id='word_1_820' title='bbox 2124 4595 2390 4652; x_wconf 83' lang='lat' dir='ltr'><strong>daemonia</strong></span> <span class='ocrx_word' id='word_1_821' title='bbox 2410 4635 2426 4664; x_wconf 95' lang='lat'><strong>,</strong></span> <span class='ocrx_word' id='word_1_822' title='bbox 2460 4595 2636 4652; x_wconf 88' lang='lat' dir='ltr'><strong>stabat</strong></span> <span class='ocrx_word' id='word_1_823' title='bbox 2659 4596 2725 4651; x_wconf 90' lang='lat' dir='ltr'><strong>ad</strong></span> <span class='ocrx_word' id='word_1_824' title='bbox 2755 4603 3160 4650; x_wconf 90' lang='lat' dir='ltr'><strong>monumentum</strong></span> <span class='ocrx_word' id='word_1_825' title='bbox 3200 4593 3330 4649; x_wconf 89' lang='lat' dir='ltr'><strong>foris</strong></span> <span class='ocrx_word' id='word_1_826' title='bbox 3357 4594 3476 4664; x_wconf 81' lang='lat' dir='ltr'><strong>plo-</strong></span> 
     </span>
    </p>
   </div>
   <div class='ocr_carea' id='block_1_105' title="bbox 1886 4686 3472 4758">
    <p class='ocr_par' dir='ltr' id='par_1_105' title="bbox 1886 4686 3472 4758">
     <span class='ocr_line' id='line_1_106' title="bbox 1886 4686 3472 4758; baseline -0.001 -14"><span class='ocrx_word' id='word_1_827' title='bbox 1886 4703 2032 4745; x_wconf 88' lang='lat' dir='ltr'><strong>rans.</strong></span> <span class='ocrx_word' id='word_1_828' title='bbox 2058 4688 2193 4742; x_wconf 92' lang='lat' dir='ltr'><strong>Dum</strong></span> <span class='ocrx_word' id='word_1_829' title='bbox 2222 4700 2349 4758; x_wconf 89' lang='lat' dir='ltr'><strong>ergo</strong></span> <span class='ocrx_word' id='word_1_830' title='bbox 2387 4687 2575 4752; x_wconf 87' lang='lat' dir='ltr'><strong>ﬁeret,</strong></span> <span class='ocrx_word' id='word_1_831' title='bbox 2603 4686 2881 4742; x_wconf 72' lang='lat' dir='ltr'><strong>inclinavit</strong></span> <span class='ocrx_word' id='word_1_832' title='bbox 2904 4700 2962 4742; x_wconf 92' lang='lat' dir='ltr'><strong>se</strong></span> <span class='ocrx_word' id='word_1_833' title='bbox 2985 4725 3001 4752; x_wconf 91' lang='lat'><strong>,</strong></span> <span class='ocrx_word' id='word_1_834' title='bbox 3031 4694 3085 4742; x_wconf 91' lang='lat' dir='ltr'><strong>et</strong></span> <span class='ocrx_word' id='word_1_835' title='bbox 3115 4686 3388 4756; x_wconf 86' lang='lat' dir='ltr'><strong>prospexit</strong></span> <span class='ocrx_word' id='word_1_836' title='bbox 3414 4686 3472 4743; x_wconf 88' lang='lat' dir='ltr'><strong>in</strong></span> 
     </span>
    </p>
   </div>
   <div class='ocr_carea' id='block_1_106' title="bbox 1883 4779 3472 4850">
    <p class='ocr_par' dir='ltr' id='par_1_106' title="bbox 1883 4779 3472 4850">
     <span class='ocr_line' id='line_1_107' title="bbox 1883 4779 3472 4850; baseline -0.003 -10"><span class='ocrx_word' id='word_1_837' title='bbox 1883 4791 2310 4850; x_wconf 90' lang='lat' dir='ltr'><strong>monumentum,</strong></span> <span class='ocrx_word' id='word_1_838' title='bbox 2341 4789 2395 4836; x_wconf 91' lang='lat' dir='ltr'><strong>et</strong></span> <span class='ocrx_word' id='word_1_839' title='bbox 2425 4779 2556 4836; x_wconf 92' lang='lat' dir='ltr'><strong>vidit</strong></span> <span class='ocrx_word' id='word_1_840' title='bbox 2589 4780 2725 4836; x_wconf 91' lang='lat' dir='ltr'><strong>duos</strong></span> <span class='ocrx_word' id='word_1_841' title='bbox 2756 4779 2976 4849; x_wconf 88' lang='lat' dir='ltr'><strong>angelos</strong></span> <span class='ocrx_word' id='word_1_842' title='bbox 3004 4779 3058 4834; x_wconf 91' lang='lat' dir='ltr'><strong>in</strong></span> <span class='ocrx_word' id='word_1_843' title='bbox 3101 4779 3235 4835; x_wconf 89' lang='lat' dir='ltr'><strong>albis</strong></span> <span class='ocrx_word' id='word_1_844' title='bbox 3270 4780 3472 4836; x_wconf 87' lang='lat' dir='ltr'><strong>seden-</strong></span> 
     </span>
    </p>
   </div>
   <div class='ocr_carea' id='block_1_107' title="bbox 1883 4871 3474 4944">
    <p class='ocr_par' dir='ltr' id='par_1_107' title="bbox 1883 4871 3474 4944">
     <span class='ocr_line' id='line_1_108' title="bbox 1883 4871 3474 4944; baseline -0.003 -12"><span class='ocrx_word' id='word_1_845' title='bbox 1883 4886 2003 4933; x_wconf 87' lang='lat' dir='ltr'><strong>tes:</strong></span> <span class='ocrx_word' id='word_1_846' title='bbox 2036 4890 2197 4931; x_wconf 90' lang='lat' dir='ltr'><strong>unum</strong></span> <span class='ocrx_word' id='word_1_847' title='bbox 2219 4875 2286 4930; x_wconf 90' lang='lat' dir='ltr'><strong>ad</strong></span> <span class='ocrx_word' id='word_1_848' title='bbox 2317 4883 2495 4944; x_wconf 91' lang='lat' dir='ltr'><strong>caput,</strong></span> <span class='ocrx_word' id='word_1_849' title='bbox 2523 4881 2577 4929; x_wconf 92' lang='lat' dir='ltr'><strong>et</strong></span> <span class='ocrx_word' id='word_1_850' title='bbox 2601 4889 2767 4930; x_wconf 92' lang='lat' dir='ltr'><strong>unum</strong></span> <span class='ocrx_word' id='word_1_851' title='bbox 2799 4875 2864 4929; x_wconf 92' lang='lat' dir='ltr'><strong>ad</strong></span> <span class='ocrx_word' id='word_1_852' title='bbox 2897 4873 3084 4944; x_wconf 89' lang='lat' dir='ltr'><strong>pedes,</strong></span> <span class='ocrx_word' id='word_1_853' title='bbox 3119 4871 3208 4928; x_wconf 88' lang='lat' dir='ltr'><strong>ubi</strong></span> <span class='ocrx_word' id='word_1_854' title='bbox 3237 4873 3474 4944; x_wconf 89' lang='lat' dir='ltr'><strong>positum</strong></span> 
     </span>
    </p>
   </div>
   <div class='ocr_carea' id='block_1_108' title="bbox 1887 4961 3476 5033">
    <p class='ocr_par' dir='ltr' id='par_1_108' title="bbox 1887 4961 3476 5033">
     <span class='ocr_line' id='line_1_109' title="bbox 1887 4961 3476 5033; baseline -0.004 -12"><span class='ocrx_word' id='word_1_855' title='bbox 1887 4972 2004 5021; x_wconf 90' lang='lat' dir='ltr'><strong>erat</strong></span> <span class='ocrx_word' id='word_1_856' title='bbox 2028 4979 2220 5033; x_wconf 88' lang='lat' dir='ltr'><strong>corpus</strong></span> <span class='ocrx_word' id='word_1_857' title='bbox 2245 4963 2393 5020; x_wconf 83' lang='lat' dir='ltr'><strong>Jesu.</strong></span> <span class='ocrx_word' id='word_1_858' title='bbox 2423 4963 2616 5018; x_wconf 90' lang='lat' dir='ltr'><strong>Dicunt</strong></span> <span class='ocrx_word' id='word_1_859' title='bbox 2646 4963 2695 5019; x_wconf 92' lang='lat' dir='ltr'><strong>ei</strong></span> <span class='ocrx_word' id='word_1_860' title='bbox 2720 4963 2794 5019; x_wconf 90' lang='lat' dir='ltr'><strong>illi</strong></span> <span class='ocrx_word' id='word_1_861' title='bbox 2819 4979 2834 5018; x_wconf 91' lang='lat'><strong>:</strong></span> <span class='ocrx_word' id='word_1_862' title='bbox 2867 4963 3076 5030; x_wconf 87' lang='lat' dir='ltr'><strong>Mulier,</strong></span> <span class='ocrx_word' id='word_1_863' title='bbox 3110 4961 3234 5032; x_wconf 89' lang='lat' dir='ltr'><strong>quid</strong></span> <span class='ocrx_word' id='word_1_864' title='bbox 3258 4961 3476 5030; x_wconf 75' lang='lat' dir='ltr'><strong>ploras?</strong></span> 
     </span>
    </p>
   </div>
   <div class='ocr_carea' id='block_1_109' title="bbox 1884 5054 3474 5122">
    <p class='ocr_par' dir='ltr' id='par_1_109' title="bbox 1884 5054 3474 5122">
     <span class='ocr_line' id='line_1_110' title="bbox 1884 5054 3474 5122; baseline -0.004 -8"><span class='ocrx_word' id='word_1_865' title='bbox 1884 5057 2026 5114; x_wconf 90' lang='lat' dir='ltr'><strong>Dicit</strong></span> <span class='ocrx_word' id='word_1_866' title='bbox 2055 5056 2133 5113; x_wconf 91' lang='lat' dir='ltr'><strong>eis</strong></span> <span class='ocrx_word' id='word_1_867' title='bbox 2165 5072 2180 5110; x_wconf 82' lang='lat' dir='ltr'><strong>z</strong></span> <span class='ocrx_word' id='word_1_868' title='bbox 2211 5055 2344 5122; x_wconf 85' lang='lat' dir='ltr'><strong>Quia</strong></span> <span class='ocrx_word' id='word_1_869' title='bbox 2382 5055 2614 5111; x_wconf 88' lang='lat' dir='ltr'><strong>tulerunt</strong></span> <span class='ocrx_word' id='word_1_870' title='bbox 2661 5055 2944 5112; x_wconf 89' lang='lat' dir='ltr'><strong>Dominum</strong></span> <span class='ocrx_word' id='word_1_871' title='bbox 2980 5069 3176 5121; x_wconf 89' lang='lat' dir='ltr'><strong>meum,</strong></span> <span class='ocrx_word' id='word_1_872' title='bbox 3211 5063 3263 5108; x_wconf 92' lang='lat' dir='ltr'><strong>et</strong></span> <span class='ocrx_word' id='word_1_873' title='bbox 3293 5054 3474 5108; x_wconf 88' lang='lat' dir='ltr'><strong>nescio</strong></span> 
     </span>
    </p>
   </div>
   <div class='ocr_carea' id='block_1_110' title="bbox 1886 5148 3475 5220">
    <p class='ocr_par' dir='ltr' id='par_1_110' title="bbox 1886 5148 3475 5220">
     <span class='ocr_line' id='line_1_111' title="bbox 1886 5148 3475 5220; baseline -0.004 -13"><span class='ocrx_word' id='word_1_874' title='bbox 1886 5151 1975 5207; x_wconf 89' lang='lat' dir='ltr'><strong>ubi</strong></span> <span class='ocrx_word' id='word_1_875' title='bbox 1998 5157 2295 5220; x_wconf 88' lang='lat' dir='ltr'><strong>posuerunt</strong></span> <span class='ocrx_word' id='word_1_876' title='bbox 2316 5163 2460 5205; x_wconf 91' lang='lat' dir='ltr'><strong>eum.</strong></span> <span class='ocrx_word' id='word_1_877' title='bbox 2494 5149 2620 5206; x_wconf 63' lang='lat' dir='ltr'><strong>llaec</strong></span> <span class='ocrx_word' id='word_1_878' title='bbox 2658 5164 2780 5204; x_wconf 89' lang='lat' dir='ltr'><strong>cum</strong></span> <span class='ocrx_word' id='word_1_879' title='bbox 2817 5148 3074 5215; x_wconf 88' lang='lat' dir='ltr'><strong>dixisset,</strong></span> <span class='ocrx_word' id='word_1_880' title='bbox 3107 5160 3362 5203; x_wconf 89' lang='lat' dir='ltr'><strong>conversa</strong></span> <span class='ocrx_word' id='word_1_881' title='bbox 3393 5155 3475 5201; x_wconf 86' lang='lat' dir='ltr'><strong>est</strong></span> 
     </span>
    </p>
   </div>
   <div class='ocr_carea' id='block_1_111' title="bbox 1886 5239 3478 5306">
    <p class='ocr_par' dir='ltr' id='par_1_111' title="bbox 1886 5239 3478 5306">
     <span class='ocr_line' id='line_1_112' title="bbox 1886 5239 3478 5306; baseline -0.003 -8"><span class='ocrx_word' id='word_1_882' title='bbox 1886 5249 2185 5299; x_wconf 88' lang='lat' dir='ltr'><strong>retrorsum</strong></span> <span class='ocrx_word' id='word_1_883' title='bbox 2210 5281 2224 5306; x_wconf 97' lang='lat'><strong>,</strong></span> <span class='ocrx_word' id='word_1_884' title='bbox 2274 5251 2329 5297; x_wconf 91' lang='lat' dir='ltr'><strong>ct</strong></span> <span class='ocrx_word' id='word_1_885' title='bbox 2371 5241 2502 5296; x_wconf 93' lang='lat' dir='ltr'><strong>vidit</strong></span> <span class='ocrx_word' id='word_1_886' title='bbox 2528 5241 2706 5298; x_wconf 83' lang='lat' dir='ltr'><strong>Jesum</strong></span> <span class='ocrx_word' id='word_1_887' title='bbox 2737 5250 2965 5297; x_wconf 89' lang='lat' dir='ltr'><strong>stantem</strong></span> <span class='ocrx_word' id='word_1_888' title='bbox 3002 5258 3017 5298; x_wconf 87' lang='lat'><strong>:</strong></span> <span class='ocrx_word' id='word_1_889' title='bbox 3047 5249 3099 5297; x_wconf 91' lang='lat' dir='ltr'><strong>et</strong></span> <span class='ocrx_word' id='word_1_890' title='bbox 3128 5254 3233 5295; x_wconf 91' lang='lat' dir='ltr'><strong>non</strong></span> <span class='ocrx_word' id='word_1_891' title='bbox 3277 5239 3478 5294; x_wconf 88' lang='lat' dir='ltr'><strong>sciebat</strong></span> 
     </span>
    </p>
   </div>
   <div class='ocr_carea' id='block_1_112' title="bbox 1887 5329 3477 5404">
    <p class='ocr_par' dir='ltr' id='par_1_112' title="bbox 1887 5329 3477 5404">
     <span class='ocr_line' id='line_1_113' title="bbox 1887 5329 3477 5404; baseline -0.003 -15"><span class='ocrx_word' id='word_1_892' title='bbox 1887 5335 2009 5404; x_wconf 90' lang='lat' dir='ltr'><strong>quia</strong></span> <span class='ocrx_word' id='word_1_893' title='bbox 2034 5334 2186 5389; x_wconf 86' lang='lat' dir='ltr'><strong>Jesus</strong></span> <span class='ocrx_word' id='word_1_894' title='bbox 2210 5335 2239 5371; x_wconf 73' lang='lat'><strong><em>&quot;</em></strong></span> <span class='ocrx_word' id='word_1_895' title='bbox 2267 5342 2427 5389; x_wconf 87' lang='lat' dir='ltr'><strong>esset.</strong></span> <span class='ocrx_word' id='word_1_896' title='bbox 2463 5333 2600 5390; x_wconf 90' lang='lat' dir='ltr'><strong>Dicit</strong></span> <span class='ocrx_word' id='word_1_897' title='bbox 2631 5334 2678 5389; x_wconf 88' lang='lat' dir='ltr'><strong>ei</strong></span> <span class='ocrx_word' id='word_1_898' title='bbox 2710 5332 2866 5389; x_wconf 84' lang='lat' dir='ltr'><strong>Jesus</strong></span> <span class='ocrx_word' id='word_1_899' title='bbox 2899 5351 2910 5386; x_wconf 92' lang='lat'>:</span> <span class='ocrx_word' id='word_1_900' title='bbox 2947 5332 3158 5400; x_wconf 82' lang='lat' dir='ltr'><strong>Mulier,</strong></span> <span class='ocrx_word' id='word_1_901' title='bbox 3188 5329 3314 5400; x_wconf 91' lang='lat' dir='ltr'><strong>quid</strong></span> <span class='ocrx_word' id='word_1_902' title='bbox 3361 5330 3477 5399; x_wconf 86' lang='lat' dir='ltr'><strong>plo-</strong></span> 
     </span>
    </p>
   </div>
   <div class='ocr_carea' id='block_1_113' title="bbox 1887 5421 3476 5495">
    <p class='ocr_par' dir='ltr' id='par_1_113' title="bbox 1887 5421 3476 5495">
     <span class='ocr_line' id='line_1_114' title="bbox 1887 5421 3476 5495; baseline -0.003 -14"><span class='ocrx_word' id='word_1_903' title='bbox 1887 5427 2019 5481; x_wconf 80' lang='lat' dir='ltr'><strong>ras?</strong></span> <span class='ocrx_word' id='word_1_904' title='bbox 2049 5425 2218 5493; x_wconf 91' lang='lat' dir='ltr'><strong>Quem</strong></span> <span class='ocrx_word' id='word_1_905' title='bbox 2247 5425 2440 5495; x_wconf 69' lang='lat' dir='ltr'><strong>qureris</strong></span> <span class='ocrx_word' id='word_1_906' title='bbox 2465 5424 2486 5478; x_wconf 65' lang='grc' dir='ltr'><em>ἲ</em></span> <span class='ocrx_word' id='word_1_907' title='bbox 2512 5424 2604 5480; x_wconf 89' lang='lat' dir='ltr'><strong>Illa</strong></span> <span class='ocrx_word' id='word_1_908' title='bbox 2649 5425 2966 5480; x_wconf 86' lang='lat' dir='ltr'><strong>existimans</strong></span> <span class='ocrx_word' id='word_1_909' title='bbox 2995 5423 3116 5493; x_wconf 89' lang='lat' dir='ltr'><strong>quia</strong></span> <span class='ocrx_word' id='word_1_910' title='bbox 3163 5421 3476 5478; x_wconf 80' lang='lat' dir='ltr'><strong>hortulanus</strong></span> 
     </span>
    </p>
   </div>
   <div class='ocr_carea' id='block_1_114' title="bbox 1887 5514 3474 5585">
    <p class='ocr_par' dir='ltr' id='par_1_114' title="bbox 1887 5514 3474 5585">
     <span class='ocr_line' id='line_1_115' title="bbox 1887 5514 3474 5585; baseline -0.002 -12"><span class='ocrx_word' id='word_1_911' title='bbox 1887 5525 2049 5585; x_wconf 87' lang='lat' dir='ltr'><strong>esset,</strong></span> <span class='ocrx_word' id='word_1_912' title='bbox 2073 5516 2199 5572; x_wconf 93' lang='lat' dir='ltr'><strong>dicit</strong></span> <span class='ocrx_word' id='word_1_913' title='bbox 2225 5516 2273 5571; x_wconf 90' lang='lat' dir='ltr'><strong>ei</strong></span> <span class='ocrx_word' id='word_1_914' title='bbox 2307 5533 2318 5568; x_wconf 90' lang='lat'>:</span> <span class='ocrx_word' id='word_1_915' title='bbox 2350 5516 2593 5584; x_wconf 90' lang='lat' dir='ltr'><strong>Domine,</strong></span> <span class='ocrx_word' id='word_1_916' title='bbox 2627 5515 2672 5571; x_wconf 90' lang='lat' dir='ltr'><strong>si</strong></span> <span class='ocrx_word' id='word_1_917' title='bbox 2705 5526 2756 5571; x_wconf 86' lang='lat' dir='ltr'><strong>tu</strong></span> <span class='ocrx_word' id='word_1_918' title='bbox 2804 5515 3066 5572; x_wconf 83' lang='lat' dir='ltr'><strong>sustulisti</strong></span> <span class='ocrx_word' id='word_1_919' title='bbox 3113 5529 3256 5585; x_wconf 86' lang='lat' dir='ltr'><strong>eum,</strong></span> <span class='ocrx_word' id='word_1_920' title='bbox 3309 5514 3474 5570; x_wconf 91' lang='lat' dir='ltr'><strong>dicito</strong></span> 
     </span>
    </p>
   </div>
   <div class='ocr_carea' id='block_1_115' title="bbox 1887 5606 3475 5677">
    <p class='ocr_par' dir='ltr' id='par_1_115' title="bbox 1887 5606 3475 5677">
     <span class='ocr_line' id='line_1_116' title="bbox 1887 5606 3475 5677; baseline -0.001 -13"><span class='ocrx_word' id='word_1_921' title='bbox 1887 5609 2018 5664; x_wconf 90' lang='lat' dir='ltr'><strong>mibi</strong></span> <span class='ocrx_word' id='word_1_922' title='bbox 2049 5607 2138 5663; x_wconf 90' lang='lat' dir='ltr'><strong>ubi</strong></span> <span class='ocrx_word' id='word_1_923' title='bbox 2168 5606 2389 5676; x_wconf 90' lang='lat' dir='ltr'><strong>posuisti</strong></span> <span class='ocrx_word' id='word_1_924' title='bbox 2416 5623 2537 5664; x_wconf 91' lang='lat' dir='ltr'><strong>eum</strong></span> <span class='ocrx_word' id='word_1_925' title='bbox 2569 5623 2584 5662; x_wconf 87' lang='lat'><strong>:</strong></span> <span class='ocrx_word' id='word_1_926' title='bbox 2616 5613 2670 5663; x_wconf 91' lang='lat' dir='ltr'><strong>et</strong></span> <span class='ocrx_word' id='word_1_927' title='bbox 2699 5621 2796 5677; x_wconf 87' lang='lat' dir='ltr'><strong>ego</strong></span> <span class='ocrx_word' id='word_1_928' title='bbox 2826 5621 2946 5662; x_wconf 86' lang='lat' dir='ltr'><strong>eum</strong></span> <span class='ocrx_word' id='word_1_929' title='bbox 2989 5607 3191 5663; x_wconf 89' lang='lat' dir='ltr'><strong>tollam.</strong></span> <span class='ocrx_word' id='word_1_930' title='bbox 3244 5606 3382 5664; x_wconf 90' lang='lat' dir='ltr'><strong>Dicit</strong></span> <span class='ocrx_word' id='word_1_931' title='bbox 3423 5607 3475 5662; x_wconf 90' lang='lat' dir='ltr'><strong>ei</strong></span> 
     </span>
    </p>
   </div>
   <div class='ocr_carea' id='block_1_116' title="bbox 1888 5698 3475 5770">
    <p class='ocr_par' dir='ltr' id='par_1_116' title="bbox 1888 5698 3475 5770">
     <span class='ocr_line' id='line_1_117' title="bbox 1888 5698 3475 5770; baseline -0.001 -15"><span class='ocrx_word' id='word_1_932' title='bbox 1888 5700 2043 5756; x_wconf 82' lang='lat' dir='ltr'><strong>Jesus</strong></span> <span class='ocrx_word' id='word_1_933' title='bbox 2072 5717 2084 5752; x_wconf 91' lang='lat'><strong>:</strong></span> <span class='ocrx_word' id='word_1_934' title='bbox 2117 5700 2299 5756; x_wconf 90' lang='lat' dir='ltr'><strong>Maria.</strong></span> <span class='ocrx_word' id='word_1_935' title='bbox 2323 5698 2594 5755; x_wconf 86' lang='lat' dir='ltr'><strong>Conversa</strong></span> <span class='ocrx_word' id='word_1_936' title='bbox 2627 5700 2740 5765; x_wconf 88' lang='lat' dir='ltr'><strong>illa,</strong></span> <span class='ocrx_word' id='word_1_937' title='bbox 2773 5699 2902 5755; x_wconf 89' lang='lat' dir='ltr'><strong>dicit</strong></span> <span class='ocrx_word' id='word_1_938' title='bbox 2929 5700 2980 5755; x_wconf 92' lang='lat' dir='ltr'><strong>ei</strong></span> <span class='ocrx_word' id='word_1_939' title='bbox 3006 5717 3020 5754; x_wconf 90' lang='lat'><strong>:</strong></span> <span class='ocrx_word' id='word_1_940' title='bbox 3045 5701 3304 5766; x_wconf 84' lang='lat' dir='ltr'><strong>Rabboni,</strong></span> <span class='ocrx_word' id='word_1_941' title='bbox 3329 5698 3475 5770; x_wconf 84' lang='lat' dir='ltr'><strong>quod</strong></span> 
     </span>
    </p>
   </div>
   <div class='ocr_carea' id='block_1_117' title="bbox 1888 5793 3469 5867">
    <p class='ocr_par' dir='ltr' id='par_1_117' title="bbox 1888 5793 3469 5867">
     <span class='ocr_line' id='line_1_118' title="bbox 1888 5793 3469 5867; baseline -0.001 -14"><span class='ocrx_word' id='word_1_942' title='bbox 1888 5793 2082 5854; x_wconf 87' lang='lat' dir='ltr'><strong>dicitur</strong></span> <span class='ocrx_word' id='word_1_943' title='bbox 2119 5793 2388 5866; x_wconf 84' lang='lat' dir='ltr'><strong>Magister.</strong></span> <span class='ocrx_word' id='word_1_944' title='bbox 2417 5794 2554 5851; x_wconf 90' lang='lat' dir='ltr'><strong>Dicit</strong></span> <span class='ocrx_word' id='word_1_945' title='bbox 2594 5793 2644 5852; x_wconf 86' lang='lat' dir='ltr'><strong>ei</strong></span> <span class='ocrx_word' id='word_1_946' title='bbox 2683 5793 2840 5852; x_wconf 83' lang='lat' dir='ltr'><strong>Jesus</strong></span> <span class='ocrx_word' id='word_1_947' title='bbox 2873 5812 2886 5850; x_wconf 87' lang='lat'><strong>:</strong></span> <span class='ocrx_word' id='word_1_948' title='bbox 2918 5794 3036 5855; x_wconf 82' lang='lat' dir='ltr'><strong>Noli</strong></span> <span class='ocrx_word' id='word_1_949' title='bbox 3075 5812 3164 5864; x_wconf 86' lang='lat' dir='ltr'><strong>me</strong></span> <span class='ocrx_word' id='word_1_950' title='bbox 3204 5806 3421 5867; x_wconf 80' lang='lat' dir='ltr'><strong>tangere</strong></span> <span class='ocrx_word' id='word_1_951' title='bbox 3457 5810 3469 5852; x_wconf 89' lang='lat'><strong>:</strong></span> 
     </span>
    </p>
   </div>
  </div>
