4038 6356
604 360 711 425 sas
734 420 751 445 ,

1730 360 2043 429 VICTORIS
2083 364 2385 429 EPISCOPI
2423 366 2723 431 CAPUANI

3760 370 3874 439 $53

604 482 841 543 nondum
873 480 1015 540 enim
1044 482 1258 541 ascendi
1286 481 1353 539 ad
1377 482 1588 541 Patrem
1611 494 1811 540 meum.
1835 484 1982 540 Vade
2007 492 2185 542 autem
2213 490 2266 549 Α
2290 486 2381 557 qui
2403 486 2585 542 dicunt
2605 499 2726 542 eum
2744 488 2947 545 vivere.
2978 487 3045 546 Et
3071 482 3315 546 abierunt
3333 487 3550 560 quidam
3569 498 3638 548 ex
3656 498 3870 555 nostris

603 579 667 635 ad
691 579 881 635 fratres
904 592 1074 645 meos,
1096 588 1149 635 et
1169 578 1255 635 die
1276 578 1353 635 eis
1376 594 1390 631 ε
1414 578 1662 634 Ascendo
1679 577 1749 634 ad
1769 578 1978 635 Patrem
2000 590 2178 634 meum

605 681 659 727 et
683 669 896 728 Patrem
926 679 1161 727 vestrum
1206 685 1222 729 :
1268 669 1336 727 ad
1365 670 1534 727 Deum
1574 684 1753 727 meum
1799 680 1853 727 et
1884 671 2052 727 Deum
2090 682 2183 728 ve-

602 768 769 819 trum.

1110 892 1333 950 CAPUT
1371 891 1653 949 CLXXIV.

608 984 852 1041 Custodes
897 986 1207 1041 monumenti
1254 984 1681 1038 annuntiaverunt
1734 983 2077 1040 sacerdotibus
2120 984 2182 1038 de

1095 1057 1456 1111 resurrectione
1486 1053 1692 1111 Christi.

674 1192 888 1247 Mum
921 1205 1112 1257 nun,
1148 1188 1336 1245 “~15.
1371 1189 1508 1244 Ecce
1536 1188 1747 1258 quidam
1780 1188 1845 1245 de
1872 1187 2181 1244 custodibus

606 1293 867 1340 vcnerunt
910 1283 966 1338 in
1012 1282 1300 1346 civitatem,
1336 1290 1392 1337 et
1435 1282 1809 1337 nuntiaverunt
1858 1280 2181 1352 principibus

604 1376 939 1430 sacerdotum
972 1375 1151 1430 omnia
1178 1388 1296 1443 quae
1333 1374 1467 1428 facta
1511 1376 1741 1428 fuerunt.
1775 1374 1843 1428 Et
1870 1374 2174 1445 congregati

602 1479 725 1521 cum
751 1466 1073 1532 senioribus,
1101 1464 1322 1519 consilio
1350 1474 1588 1534 accepto,
1610 1465 1883 1534 pecuniam
1911 1466 2180 1536 copiosam

605 1555 872 1613 dederunt
914 1557 1192 1623 militibus,
1232 1557 1470 1612 dicentes
1502 1574 1516 1610 :
1550 1556 1737 1623 Dicite,
1768 1559 1901 1625 Quia
1937 1556 2181 1628 discipuli

603 1646 723 1716 eius
752 1657 908 1703 nocte
932 1656 1210 1712 venerunt,
1247 1656 1301 1702 et
1340 1647 1496 1702 furati
1544 1657 1667 1701 sunt
1703 1663 1823 1703 cum
1865 1647 2018 1704 nobis
2046 1648 2178 1704 dor-

607 1738 915 1794 mientibus.
945 1739 1009 1794 Et
1054 1740 1098 1793 si
1139 1738 1239 1794 hoc
1280 1738 1516 1793 auditum
1557 1738 1713 1793 fuerit
1741 1753 1770 1793 a
1801 1739 2053 1808 praeside,
2084 1752 2181 1793 nos

605 1828 948 1885 suadebimus
984 1830 1055 1896 ei,
1092 1838 1144 1884 et
1181 1843 1398 1884 securos
1440 1844 1532 1885 vos
1570 1829 1842 1886 faciemus.
1875 1830 1941 1885 At
1970 1829 2063 1896 illi,
2094 1844 2184 1886 ac-

602 1928 757 1989 cepta
776 1922 1029 1990 pecunia,
1061 1920 1302 1975 fecerunt
1330 1920 1469 1977 sicut
1495 1930 1649 1977 erant
1673 1922 1867 1977 edocti.
1903 1922 1970 1978 Et
1998 1922 2180 1977 divul-

599 2020 781 2080 gatum
808 2020 890 2066 est
911 2011 1131 2067 verbum
1166 2010 1307 2067 istud
1349 2011 1488 2081 apud
1516 2011 1732 2069 Judacos
1773 2026 1942 2085 usque
1980 2013 2035 2070 in
2078 2014 2178 2073 ho-

598 2102 842 2160 diernum
870 2104 1032 2161 diem.

1128 2236 1353 2294 CAPUT
1389 2238 1645 2295 CLXXV.

717 2323 864 2383 Jesus
894 2328 1136 2397 apparuit
1164 2328 1455 2384 mulieribus
1485 2338 1597 2400 post
1624 2332 2059 2388 resurrectionem.

668 2460 883 2515 Manu.
911 2476 1096 2526 xxvnt,
1114 2462 1280 2531 9,10;
1310 2462 1480 2519 Mane.
1506 2479 1613 2531 sm,
1638 2463 1847 2533 10,11;
1872 2466 2005 2523 Luc.
2028 2482 2175 2538 utv,

602 2551 790 2608 10-“.
834 2555 899 2609 Et
931 2568 1061 2611 ecce
1099 2555 1253 2611 Jesus
1296 2558 1529 2612 occurrit
1571 2558 1695 2625 illis,
1724 2558 1909 2615 dicens
1942 2577 1954 2614 :
1985 2560 2175 2618 Avete.

603 2641 717 2699 Illa:
744 2653 920 2701 autem
966 2656 1329 2713 accesserunt,
1359 2656 1413 2704 et
1443 2658 1724 2705 tenuerunt
1759 2652 1920 2721 pedes
1961 2652 2096 2723 ejus,
2124 2662 2179 2710 et

603 2734 959 2793 adoraverunt
984 2752 1125 2794 eum.
1154 2738 1301 2795 Tunc
1320 2738 1395 2795 ait
1418 2740 1524 2796 illis
1550 2740 1739 2796 Jesus:
1765 2742 1935 2799 Nolite
1958 2745 2170 2799 timere:

596 2827 694 2898 ite,
723 2832 962 2889 nuntiate
986 2832 1239 2890 fratribus
1268 2834 1420 2902 meis,
1454 2844 1511 2890 ut
1539 2846 1663 2892 eant
1686 2838 1738 2892 in
1761 2838 2032 2894 Galilaeam
2064 2858 2077 2895 :
2102 2840 2174 2896 ibi

598 2935 690 2978 me
714 2922 984 2980 videbunt.
1016 2926 1145 2992 Quae
1175 2941 1294 2982 cum
1327 2928 1600 2995 abiissent,
1647 2930 2025 2987 nuntiaverunt
2059 2933 2174 2988 haec

599 3015 780 3071 omnia
802 3015 905 3071 illis
926 3017 1171 3073 undecim
1192 3018 1494 3088 lugentibus
1517 3029 1569 3075 et
1593 3021 1863 3088 flentibus,
1890 3031 1944 3079 et
1964 3026 2172 3082 casteria

594 3106 846 3162 omnibus
873 3110 1112 3178 quicum
1140 3124 1206 3165 eo
1239 3110 1463 3167 fuerant.
1506 3110 1573 3166 Et
1608 3111 1687 3167 illi
1734 3112 2009 3175 audientes
2047 3116 2172 3185 quia

2283 578 2349 631 ad
2381 587 2803 647 monumentum,
2843 589 2897 635 ct
2941 580 3013 636 ita
3061 582 3381 639 invenerunt
3418 584 3558 640 sicut
3602 588 3867 645 mulieres

2280 669 2531 725 dixerunt
2564 688 2576 722 :
2610 672 2782 739 ipsum
2812 686 2939 727 vero
2967 687 3076 729 non
3106 676 3445 733 invenerunt.
3484 679 3553 734 Et
3578 692 3697 748 ipse
3727 680 3869 739 dixit

2282 759 2349 814 ad
2374 773 2466 816 eos
2492 759 2569 815 :O
2595 762 2742 817 stulti
2770 771 2824 819 et
2849 764 2985 820 tardi
3015 765 3178 822 corde
3206 768 3272 823 ad
3300 770 3631 827 credendum
3655 771 3713 829 in
3743 784 3864 831 om-

2280 850 2440 907 nibus
2480 865 2599 922 qua:
2637 852 2799 908 locuti
2846 865 2971 910 sunt
3016 858 3322 928 prephetze!
3362 859 3551 918 Nonne
3580 878 3717 935 ergo
3748 864 3867 923 haec

2281 942 2519 1011 oportuit
2559 943 2831 999 Christum
2884 947 3015 1016 pati,
3066 957 3123 1005 et
3169 952 3241 1005 ita
3293 952 3493 1009 intrare
3533 955 3587 1010 in
3631 956 3862 1026 gloriam

2282 1037 2471 1090 suam?
2511 1035 2577 1090 Et
2620 1036 2879 1107 incipiens
2918 1052 2949 1093 a
2992 1038 3172 1111 Moyse
3200 1049 3254 1098 et
3277 1044 3525 1100 omnibus
3555 1048 3858 1116 praebetis,

2284 1123 2735 1195 interpretabatur
2779 1128 2884 1183 illis
2929 1130 2981 1184 in
3024 1132 3272 1189 omnibus
3320 1133 3611 1206 Scripturis
3650 1143 3862 1210 quartis

2282 1215 2399 1284 ipso
2423 1225 2594 1272 erant.
2620 1218 2683 1272 Et
2710 1222 3270 1291 appropinquaverunt
3294 1228 3514 1283 castello
3541 1244 3651 1300 quo
3674 1231 3859 1289 ibant:

2283 1314 2338 1362 et
2365 1305 2479 1375 ipse
2507 1312 2527 1332 "
2558 1309 2709 1365 finxit
2754 1311 2959 1382 longius
2989 1315 3087 1370 ire.
3134 1315 3202 1370 Et
3236 1327 3526 1388 coegerunt
3567 1321 3743 1388 illum,
3787 1322 3862 1379 di-

2283 1408 2504 1455 centes:
2537 1401 2691 1457 Mane
2740 1403 3041 1473 nobiscum,
3083 1409 3332 1475 quoniam
3378 1409 3785 1481 advesperascit
3810 1424 3863 1471 et

2282 1488 2534 1545 inclinata
2557 1499 2639 1546 est
2656 1492 2762 1560 jam
2789 1493 3008 1549 dies.‘Et
3032 1496 3245 1552 intravit
3270 1512 3391 1554 cum
3423 1500 3546 1558 illis.
3570 1501 3643 1557 Et
3666 1502 3858 1560 factum

2282 1590 2384 1649 est,
2417 1581 2542 1636 dum
2584 1583 2923 1640 recumberet
2973 1598 3093 1641 cum
3142 1588 3270 1656 illis,
3311 1590 3521 1659 accepit
3560 1600 3780 1661 partem,
3808 1604 3858 1649 et

2283 1672 2578 1740 benedixit,
2624 1688 2688 1730 ac
2732 1674 2904 1745 fregit,
2937 1683 2993 1730 et
3040 1676 3347 1748 porrigebat
3395 1679 3524 1735 illis.
3574 1681 3645 1737 Et
3690 1686 3856 1753 aperti

2284 1772 2409 1820 sunt
2437 1764 2578 1821 oculi
2606 1780 2812 1836 eorum,
2838 1776 2893 1823 et
2921 1779 3285 1839 cegnovernnt
3303 1770 3452 1828 illum
3479 1786 3493 1825 :
3516 1782 3575 1827 et
3600 1773 3723 1843 ipse
3738 1786 3855 1830 eva-

2212 1870 2260 1932 Β
2285 1856 2402 1910 nuit
2422 1870 2489 1911 ex
2517 1857 2685 1912 oculis
2704 1871 2910 1913 eorum.
2938 1859 3005 1913 Et
3026 1860 3277 1916 dixerunt
3299 1860 3366 1916 ad
3388 1863 3615 1918 invicem
3638 1881 3655 1917 :
3679 1863 3853 1921 Nonne

2283 1964 2376 2006 cor
2404 1959 2646 2006 nostrum
2675 1952 2868 2006 ardens
2896 1961 3011 2007 erat
3040 1952 3092 2007 in
3125 1954 3297 2019 nobis,
3328 1954 3453 2010 dum
3476 1954 3787 2026 loqueretur
3805 1958 3852 2013 in

2280 2043 2366 2097 via
2393 2050 2447 2098 et
2474 2043 2706 2112 aperiret
2728 2042 2883 2098 nobis
2911 2043 3256 2113 Seripturasi
3281 2045 3345 2099 Et
3365 2056 3653 2117 surgentes
3676 2048 3851 2104 eadem

2281 2134 2410 2191 hora
2436 2175 2451 2201 ,
2508 2135 2737 2205 regressi
2783 2144 2906 2190 sunt
2946 2134 3003 2191 in
3040 2135 3333 2194 Jerusalem
3380 2155 3394 2190 :
3434 2147 3489 2194 et
3540 2139 3851 2195 invenerunt

2278 2235 2630 2298 congregatos
2669 2227 2913 2284 undecim
2955 2237 3012 2284 et
3052 2242 3146 2285 eos
3198 2230 3287 2298 qui
3334 2242 3455 2285 eum
3503 2230 3641 2299 ipsis
3687 2239 3848 2297 erant,

2279 2320 2524 2375 dicentes
2557 2338 2569 2372 :
2600 2320 2753 2387 Quod
2797 2321 3030 2377 surrexit
3068 2321 3326 2379 Dominus
3363 2336 3493 2378 vere
3526 2329 3583 2379 et
3617 2326 3850 2393 apparuit

2280 2412 2507 2471 Simoni.
2535 2414 2603 2469 Et
2630 2415 2731 2485 ipsi
2762 2414 3045 2471 narrabant
3075 2431 3193 2487 qua:
3216 2422 3365 2486 gesta
3393 2424 3549 2472 erant
3583 2417 3641 2473 in
3671 2417 3778 2486 via,
3803 2426 3850 2474 et

2279 2508 2548 2580 quomodo
2572 2520 2935 2581 cognoverunt
2956 2524 3081 2568 eum
3110 2512 3167 2569 in
3189 2511 3455 2571 fraetione
3480 2513 3659 2585 panis.

2783 2684 3011 2744 CAPUT
3045 2686 3345 2745 CLXXVII.

2635 2775 2788 2834 Iesus
2811 2781 3054 2851 apparuit
3081 2781 3348 2851 discipulis
3373 2794 3499 2838 stus.

2349 2910 2522 2967 Mane.
2551 2924 2662 2979 xw,
2696 2908 2783 2967 15.
2812 2912 2922 2969 Nec
2946 2913 3049 2970 illis
3073 2888 3430 2974 crediderunt.
3457 2947 3526 2958 —
3545 2912 3681 2974 Luc.
3711 2936 3845 2989 utr,

2277 3001 2463 3060 56-48.
2512 3004 2646 3059 Dum
2690 3016 2866 3063 autem
2912 3006 3025 3065 inec
3069 3010 3390 3081 loquuntur,
3436 3041 3508 3057 --
3552 3010 3711 3071 Joan.
3757 3030 3844 3079 xx,

2278 3094 2449 3153 19-25
2476 3110 2599 3151 cum
2629 3107 2771 3154 esset
2815 3112 2937 3156 sero
2965 3099 3055 3158 die
3098 3102 3213 3171 illa,
3255 3119 3359 3161 una
3399 3105 3764 3175 sabbatorum,
3799 3118 3847 3163 et

595 3195 804 3253 viveret
830 3207 883 3254 et
911 3200 1056 3256 visus
1085 3210 1225 3258 esset
1254 3202 1322 3258 ab
1349 3203 1449 3270 eis,
1482 3218 1588 3259 non
1612 3204 1951 3264 crediderunt
1978 3210 2075 3263 eis.
2106 3209 2163 3263 Et

2276 3186 2419 3243 fores
2455 3199 2636 3246 essent
2683 3190 2901 3262 clausae,
2946 3193 3034 3248 ubi
3076 3204 3227 3252 erant
3266 3197 3509 3269 discipuli
3548 3200 3844 3272 congregati

2275 3289 2491 3306 n-Anln-
2522 3289 2718 3306 una...“
2776 3282 3067 3306 l--.l...-____-
3128 3287 3268 3306 __-_!.
3319 3288 3454 3306 I_r,,-
3541 3299 3580 3306 ᾼ-
3664 3299 3673 3306 .
3717 3294 3769 3306 _-_
3800 3292 3812 3301 -

592 3290 709 3346 visa
749 3299 875 3348 sunt
916 3301 1041 3350 ante
1082 3295 1203 3351 illos
1246 3295 1385 3354 sicut
1414 3296 1820 3355 deliramentum
1852 3299 2016 3357 verba
2044 3300 2165 3370 ista,

590 3390 646 3441 et
673 3396 779 3442 non
808 3385 1099 3443 credebant
1126 3385 1257 3442 illis.

1105 3520 1329 3576 CAPUT
1364 3520 1646 3577 CLXXVI.

724 3606 936 3662 Duobus
964 3608 1197 3663 euntibus
1225 3612 1277 3663 in
1305 3610 1569 3665 castellum
1596 3613 1832 3681 apparuit
1861 3612 2029 3669 Jesus.

668 3718 843 3773 Mane.
877 3735 983 3785 xw,
1019 3721 1103 3774 12.
1139 3720 1259 3775 Post
1294 3722 1409 3776 haec
1439 3732 1612 3777 autem
1637 3724 1840 3781 duobus
1866 3741 1929 3781 ex
1954 3726 2033 3782 eis
2054 3743 2165 3783 am-

592 3807 898 3865 bulantibus
922 3820 1169 3865 ostensus
1196 3820 1278 3868 est
1307 3812 1361 3866 in
1391 3814 1488 3868 alia
1518 3814 1719 3886 efﬁgie,
1752 3848 1819 3857 ——
1848 3817 1978 3873 Luc.
2018 3835 2162 3891 xxxv,

591 3902 783 3969 13-55,
814 3903 1062 3958 euntibus
1092 3904 1192 3959 hac
1236 3905 1348 3975 ipsa
1379 3906 1465 3962 die
1492 3908 1545 3963 in
1577 3908 1848 3965 castellum
1878 3911 2016 3980 quod
2046 3923 2165 3968 erat

588 3991 646 4047 in
683 3990 854 4061 Spatio
896 3992 1187 4049 stadiorum
1215 3995 1489 4066 sexaginta
1527 3998 1593 4054 ab
1634 3998 2035 4072 Hierosolymis,
2067 4018 2161 4058 no-

588 4085 735 4141 mine
774 4086 1047 4146 Emmaus.
1094 4090 1157 4145 Et
1201 4091 1303 4157 ipsi
1351 4092 1701 4162 loquebantur
1729 4094 1794 4148 ad
1836 4096 2064 4152 invicem
2095 4097 2164 4153 dc

586 4174 675 4232 his
698 4179 943 4235 omnibus
969 4196 1085 4250 quae
1112 4182 1431 4241 acciderant.
1472 4185 1538 4239 Et
1577 4184 1775 4242 factum
1821 4196 1903 4243 est
1932 4189 2056 4244 dum
2086 4191 2160 4245 fa-

584 4265 894 4325 bularentur
915 4280 968 4327 et
994 4287 1175 4329 secum
1203 4285 1520 4345 quzererent,
1552 4287 1607 4332 et
1637 4278 1751 4348 ipse
1780 4278 1936 4335 Jesus
1966 4294 2160 4350 appro-

581 4363 865 4434 pinquans,
900 4364 1009 4421 ibat
1054 4382 1172 4422 cum
1214 4367 1321 4422 illis
1349 4388 1362 4424 :
1393 4369 1531 4423 oculi
1558 4379 1734 4425 autem
1768 4370 1977 4426 illorum
2010 4380 2157 4428 teneo

579 4454 795 4526 bantur,
844 4472 911 4512 ne
954 4474 1075 4515 eum
1118 4471 1488 4529 agnoscerent.
1530 4462 1597 4517 Et
1643 4463 1716 4517 ait
1751 4462 1817 4517 ad
1858 4463 1979 4518 illos
2013 4481 2023 4515 :
2057 4462 2157 4529 Qui

580 4556 707 4601 sunt
755 4546 810 4601 hi
855 4562 1130 4606 sermones
1161 4566 1292 4619 quos
1320 4552 1575 4609 confertis
1605 4554 1671 4608 ad
1703 4554 1930 4607 invicem
1973 4555 2155 4610 ambu-

2272 3289 2491 3350 propter
2522 3289 2722 3336 metum
2767 3282 3096 3353 Judmorum,
3128 3287 3274 3343 venit
3309 3288 3484 3358 Jesus,
3528 3299 3583 3346 ct
3625 3292 3844 3347 stctitin

2273 3370 2449 3425 medio
2475 3386 2681 3441 eorum,
2707 3382 2758 3429 et
2783 3373 2915 3430 dixit
2946 3378 3022 3434 eis
3058 3394 3071 3432 :
3098 3376 3207 3434 Pax
3238 3381 3390 3436 vobis
3415 3397 3430 3435 :
3461 3396 3562 3452 ego
3592 3397 3736 3450 sum,
3765 3397 3844 3439 uo-

2268 3461 2365 3519 llte
2399 3464 2606 3521 timere.
2645 3466 2957 3524 Conturbati
2987 3484 3113 3526 vero
3148 3479 3202 3527 et
3243 3473 3531 3542 perterriti,
3578 3475 3844 3530 existima-

2269 3549 2399 3607 bant
2428 3569 2485 3609 se
2522 3554 2765 3624 spiritum
2806 3557 3007 3615 videre.
3050 3558 3119 3615 Et
3158 3560 3289 3617 dixit
3328 3563 3407 3620 eis
3436 3580 3451 3619 :
3476 3563 3615 3632 Quid
3656 3564 3841 3621 turbati

2269 3645 2420 3710 estis,
2448 3652 2504 3699 et
2530 3646 2876 3717 cogitationes
2918 3651 3213 3708 ascendunt
3239 3653 3290 3707 in
3324 3654 3484 3710 corda
3514 3656 3732 3711 vestra?
3763 3656 3842 3712 Vi-

2268 3733 2379 3791 dite
2408 3752 2597 3793 manus
2628 3754 2776 3795 meas
2804 3750 2858 3797 et
2886 3743 3073 3813 pedes,
3101 3744 3228 3815 quia
3270 3745 3384 3816 ipse
3413 3760 3512 3817 ego
3540 3763 3660 3804 sum
3690 3767 3702 3803 :
3731 3749 3840 3820 pal-

2268 3837 2388 3899 pate
2410 3838 2463 3885 et
2483 3830 2679 3900 videte,
2704 3836 2823 3904 quia
2848 3838 3065 3906 spiritus
3088 3852 3302 3895 carnem
3325 3848 3379 3896 et
3402 3854 3523 3896 ossa
3544 3857 3651 3898 non
3667 3841 3839 3911 habet,

2267 3920 2406 3976 sicut
2432 3936 2519 3977 me
2538 3924 2729 3980 videtis
2755 3923 2972 3983 habere.
3006 3927 3076 3984 Et
3102 3943 3223 3984 cum
3249 3928 3365 3986 haec
3389 3928 3640 3995 dixisset,
3667 3944 3840 3989 osten-

2266 4007 2343 4062 dit
2371 4008 2450 4064 eis
2477 4025 2686 4082 manus,
2716 4022 2770 4069 et
2791 4016 2977 4085 pedes,
3008 4024 3059 4073 et
3096 4017 3254 4073 latus.
3301 4017 3491 4075 Adhuc
3529 4030 3710 4077 autem
3740 4023 3839 4079 illis

2264 4114 2370 4157 non
2416 4105 2753 4163 credentibus
2798 4117 2851 4164 et
2890 4108 3204 4166 mirantibus
3252 4125 3361 4181 prae
3394 4114 3620 4187 gaudio,
3656 4115 3835 4172 dixit:

2265 4190 2484 4250 Habetis
2527 4194 2613 4251 hic
2654 4197 2852 4268 aliquid
2880 4200 3019 4269 quod
3050 4204 3432 4259 manducetur?
3459 4207 3528 4259 At
3567 4206 3645 4262 illi
3686 4206 3837 4263 obtu-

2262 4280 2440 4338 lerunt
2463 4285 2511 4340 ei
2539 4294 2739 4355 partem
2765 4288 2926 4358 piscis
2952 4292 3058 4347 assi
3096 4300 3151 4353 et
3187 4292 3364 4348 favum
3395 4294 3589 4351 mellis.
3624 4295 3692 4351 Et
3718 4310 3834 4353 cum

2260 4373 2639 4432 manducasset
2657 4392 2839 4434 coram
2861 4379 2961 4445 eis,
2991 4395 3206 4439 sumens
3234 4383 3510 4455 reliquias,
3539 4386 3689 4443 dedit
3712 4386 3829 4445 illis.

2260 4461 2331 4519 Et
2358 4465 2491 4521 dixit
2527 4468 2593 4523 ad
2632 4483 2726 4526 eos
2758 4487 2773 4524 :
2806 4471 2930 4528 Haec
2958 4484 3079 4529 sunt
3108 4476 3273 4532 verba
3312 4491 3429 4548 quas
3467 4478 3683 4537 locutus
3716 4494 3829 4538 sum

2258 4554 2328 4609 ad
2348 4570 2446 4611 vos
2468 4571 2587 4613 cum
2611 4559 2785 4617 adhuc
2810 4575 2984 4618 essem
3006 4564 3282 4622 vobiscum
3307 4584 3321 4624 :
3345 4571 3590 4640 quoniam
3615 4587 3832 4631 necesse

580 4635 774 4705 lantes,
818 4647 873 4692 et
906 4642 1033 4695 estis
1066 4642 1286 4698 tristes?
1317 4644 1382 4697 Et
1412 4644 1739 4713 reSpondens
1771 4660 1906 4699 unus
1941 4646 2023 4700 cui
2060 4661 2155 4700 no-
2181 4624 2236 4688 D
2261 4656 2345 4702 est
2367 4648 2576 4718 impleri
2608 4654 2786 4708 omnia
2812 4669 2931 4723 quae
2961 4658 3158 4726 scripta
3188 4669 3315 4716 sunt
3341 4624 3394 4716 in
3422 4661 3538 4732 lege
3565 4663 3755 4735 Moysi,
3785 4676 3832 4723 et

580 4743 706 4785 men
747 4729 1033 4800 CleOpbas,
1081 4734 1212 4790 dixit
1249 4734 1439 4791 eizTu
1482 4737 1627 4791 solus
1671 4738 1981 4807 peregrinus
2011 4753 2068 4793 es
2100 4738 2150 4792 in

577 4819 897 4893 Jerusalem,
928 4832 982 4879 et
1032 4840 1138 4879 non
1170 4829 1461 4898 cognovisti
1499 4844 1619 4897 quae
1648 4828 1783 4884 facta
1809 4839 1933 4885 sunt
1964 4831 2016 4886 in
2064 4832 2150 4888 illa

575 4910 661 4967 his
686 4910 910 4969 diebus?
932 4914 1135 4982 Quibus
1162 4917 1252 4973 ille
1274 4918 1408 4973 dixit
1434 4935 1445 4971 :
1473 4918 1640 4986 Quae?
1667 4918 1734 4974 Et
1762 4920 2050 4979 dixerunt:
2076 4924 2151 4981 De

572 4998 699 5059 Jcsu
725 5003 1019 5074 Nazarene,
1045 4997 1137 5078 qui
1167 5009 1262 5064 fuit
1283 5009 1364 5064 vir
1389 5010 1670 5079 prepheta,
1696 5020 1882 5079 potens
1909 5014 1963 5068 in
1988 5030 2147 5085 opere

570 5102 627 5149 et
654 5108 903 5154 sermone
923 5113 1103 5154 coram
1135 5098 1245 5155 Deo
1275 5108 1329 5155 et
1358 5099 1504 5154 omni
1535 5100 1728 5170 populo
1759 5118 1771 5154 :
1800 5113 1855 5157 et
1880 5106 2147 5174 quomodo

571 5202 695 5245 eum
727 5190 1061 5247 tradiderunt
1096 5192 1290 5246 summi
1330 5191 1637 5249 sacerdotes
1663 5203 1715 5248 et
1743 5196 2011 5267 principes
2050 5214 2146 5253 no-

567 5282 665 5339 stri
712 5282 766 5338 in
811 5282 1206 5339 damnationem
1250 5282 1463 5349 mortis,
1505 5290 1557 5338 et
1593 5285 1969 5341 crucifixerunt
1998 5302 2139 5343 eum.

565 5374 680 5432 Nos
706 5386 884 5433 autem
913 5375 1260 5446 sperabamus
1289 5375 1409 5444 quia
1440 5375 1556 5444 ipse
1588 5388 1729 5434 esset
1774 5378 2143 5450 redempturus

569 5465 755 5524 Israel.
783 5468 847 5525 Et
873 5483 1012 5524 nunc
1038 5482 1199 5536 super
1228 5467 1340 5523 hzec
1365 5470 1566 5537 omnia,
1600 5472 1757 5527 tertia
1789 5472 1903 5529 dies
1933 5481 2014 5529 est
2040 5468 2159 5530 ho;

567 5558 658 5615 die
695 5559 837 5631 quod
882 5560 995 5614 haec
1040 5557 1177 5615 facta
1221 5568 1365 5617 sunt.
1408 5560 1513 5619 Sed
1544 5574 1597 5619 et
1625 5564 1875 5622 mulieres
1902 5566 2140 5637 quaedam

565 5665 631 5709 ex
675 5650 873 5707 nostris
912 5658 1215 5711 terruerunt
1252 5669 1520 5727 nos,qu:e
1564 5666 1685 5713 ante
1724 5658 1893 5715 lucem
1928 5660 2142 5720 fuerunt

565 5744 633 5801 ad
662 5755 1065 5802 monumentum
1089 5764 1104 5804 :
1127 5758 1180 5805 et
1203 5765 1309 5807 non
1331 5752 1550 5809 invento
1571 5767 1793 5823 corpore
1815 5754 1952 5825 ejus,
1983 5770 2141 5813 vene-

562 5846 692 5899 runt
723 5836 963 5897 dicentes
990 5854 1049 5898 se
1076 5841 1237 5901 etiam
1280 5844 1587 5918 angelorum
1628 5847 1889 5905 visionem
1917 5846 2137 5920 vidisse,

2261 4739 2560 4810 PrOphetis,
2594 4750 2647 4798 et
2670 4744 2899 4802 Psalmis
2926 4747 2994 4803 de
3022 4762 3125 4804 me.
3158 4749 3310 4805 Tunc
3339 4753 3547 4822 aperuit
3576 4754 3683 4811 illis
3714 4771 3832 4814 sen-

2258 4847 2376 4889 sum
2403 4843 2461 4888 ut
2476 4835 2834 4907 intelligerent
2856 4839 3179 4910 Scripturas,
3202 4851 3257 4898 et
3275 4842 3409 4900 dixit
3428 4845 3509 4901 eis
3532 4863 3547 4901 :
3570 4847 3830 4914 Quoniam

2258 4926 2337 4981 sic
2362 4926 2618 4997 scriptum
2644 4937 2756 4997 est,
2793 4939 2849 4985 et
2872 4932 2972 4999 ,sic
3008 4934 3289 5002 oportebat
3319 4935 3586 4995 Christum
3614 4941 3753 5009 pati,
3780 4952 3831 4998 et

2255 5030 2537 5090 resurgere
2581 5020 2670 5078 die
2713 5024 2868 5080 tertia
2901 5040 2934 5081 a
2964 5026 3213 5094 mortuis,
3246 5037 3300 5084 et
3328 5029 3623 5100 praedicare
3653 5032 3707 5087 in
3738 5047 3829 5088 no-

2255 5110 2397 5167 mine
2424 5112 2540 5184 cjus
2572 5116 2937 5184 paenitentiam
2969 5127 3024 5175 et
3064 5120 3437 5178 remissionem
3484 5135 3826 5195 peccatorum

2253 5204 2308 5260 in
2338 5219 2524 5263 omnes
2550 5217 2757 5280 gentes,
2798 5210 3174 5282 incipientibus
3205 5215 3274 5273 ab
3302 5215 3692 5291 Hierosolyma.
3722 5221 3827 5278 Vos

2250 5302 2426 5351 autem
2455 5299 2584 5354 estis
2610 5308 2779 5357 testes
2813 5300 3024 5360 horum.
3069 5305 3141 5361 Et
3185 5320 3282 5379 ego
3309 5308 3462 5363 mitto
3504 5313 3824 5379 promissum

2249 5387 2421 5445 Patris
2464 5391 2569 5447 mei
2600 5392 2655 5447 in
2678 5408 2806 5471 vos.
2853 5393 3033 5452 Gavisi
3083 5408 3209 5454 sunt
3252 5414 3382 5471 ergo
3421 5399 3667 5471 discipuli
3712 5404 3824 5459 viso

2245 5474 2493 5534 Domino.
2521 5454 2818 5555 Dixitbrgo
2845 5484 2922 5539 eis
2951 5484 3141 5542 iterum
3176 5505 3187 5541 :
3216 5454 3530 5546 Paxuvobis.
3554 5454 3701 5547 gicut
3727 5494 3825 5547 mi-

2245 5568 2316 5626 sit
2360 5586 2445 5628 me
2488 5570 2667 5643 Pater,
2708 5584 2763 5630 ct
2804 5591 2901 5645 ego
2948 5577 3098 5633 mitto
3124 5586 3242 5633 vos.
3285 5577 3396 5634 Hoc
3424 5595 3544 5635 cum
3576 5579 3818 5649 dixisset,

2246 5661 2536 5720 insumavit
2565 5675 2617 5721 et
2641 5665 2773 5723 dixit
2800 5667 2877 5724 eis
2907 5686 2922 5723 :
2954 5670 3192 5740 Accipite
3236 5670 3493 5741 Spiritum
3523 5683 3766 5731 sanctum
3804 5693 3816 5728 :

2244 5771 2466 5828 quorum
2499 5759 2810 5817 remiscritis
2839 5770 3077 5835 peccata,
3105 5762 3448 5827 remittuntur
3470 5768 3584 5838 eis;
3608 5780 3663 5830 et
3693 5785 3819 5843 quo-

2242 5866 2357 5908 rum
2389 5853 2736 5924 retinueritis,
2768 5863 2971 5915 retenta
2997 5868 3139 5917 sunt.
