4038 6356
240 412 343 473 357

744 530 972 591 CAPUT
1008 536 1332 594 CLXXVIII.

691 622 842 680 Jesus
871 628 1109 697 apparuit
1142 629 1367 684 Thoma’.

312 714 467 771 Joau.
494 730 584 783 xx,
611 714 791 772 24-31.
821 716 1053 775 Thomas
1078 728 1253 776 autem
1280 733 1415 776 unus
1444 735 1508 775 ex
1539 719 1817 776 duodecim

240 809 332 879 qui
358 808 552 865 dicitur
580 809 854 880 Didymus,
880 827 985 869 non
1009 822 1124 870 erat
1162 829 1282 869 eum
1307 815 1387 870 eis
1413 814 1629 884 quando
1662 814 1818 870 Jesus

194 945 197 948 .
242 900 408 955 venit.
435 899 696 956 Dixerunt
721 917 851 974 ergo
888 904 938 960 ei
983 904 1077 960 alii
1116 905 1408 976 discipuli:
1440 905 1680 963 Vidimus
1713 908 1821 963 Do-

241 993 471 1048 minum.
506 992 597 1048 llle
622 1004 798 1050 autem
827 996 964 1052 dixit
989 999 1067 1053 eis
1093 1016 1106 1049 :
1138 998 1251 1054 Nisi
1282 1000 1464 1055 videro
1492 1001 1543 1055 in
1575 1001 1821 1055 manibus

240 1084 364 1154 ejus
395 1084 940 1157 ﬁxerarelavornm,
973 1097 1029 1144 et
1052 1090 1262 1146 mittam
1289 1091 1515 1161 digitum
1554 1106 1729 1147 meum
1766 1092 1820 1147 in

240 1172 421 1229 locum
461 1174 754 1245 clavorum,
796 1187 850 1235 et
878 1180 1089 1237 mittam
1126 1196 1345 1238 manum
1378 1197 1551 1238 meam
1598 1184 1653 1239 in
1684 1185 1823 1239 latus

240 1264 380 1333 ejus,
413 1281 517 1320 non
547 1269 780 1323 credam.
814 1270 880 1325 Et
927 1280 1045 1340 post
1091 1271 1206 1330 dies
1244 1282 1388 1341 octo,
1429 1275 1622 1330 iterum
1668 1286 1823 1332 erant

990 412 1572 478 EVANGELICARUM
1612 418 2116 480 "ABMON'MRUM
2154 418 2727 483 INTERPRETATIO.

3392 430 3499 489 $58

1850 550 1900 608 Α
1933 536 2053 592 his?
2078 537 2218 593 Dicit
2242 541 2291 594 ei
2321 556 2336 594 :
2364 540 2557 609 Etiam,
2597 540 2841 609 Domine,
2871 547 2927 597 tu
2957 542 3059 598 scis
3100 542 3225 613 quia
3262 558 3381 601 amo
3427 559 3499 603 te.

1922 630 2062 686 Dicit
2083 632 2171 689 ei:
2201 634 2367 688 Pasce
2395 649 2559 704 agnos
2586 649 2754 689 meos.
2787 634 2924 690 Dicit
2964 636 3013 690 ei
3052 636 3242 690 iterum
3270 653 3284 691 :
3310 637 3499 694 Simon

1922 725 2164 794 Joannis,
2196 726 2374 797 diligis
2399 728 2518 783 me?
2549 728 2636 781 Ait
2662 728 2736 782 illi
2770 743 2784 783 :
2815 729 3010 796 Etiam,
3046 728 3285 793 Domine,
3318 738 3371 783 tu
3397 743 3503 785 sets

1920 818 2045 886 quia
2093 831 2218 872 amo
2254 827 2324 872 te.
2369 820 2509 874 Dicit
2535 819 2585 874 ei
2618 837 2633 873 :
2663 820 2827 876 Pasce
2865 836 3029 891 agnos
3070 835 3239 877 meos.
3286 821 3422 876 Dicit
3451 820 3501 875 ci

1923 908 2082 962 tertio
2112 924 2125 961 :
2155 908 2336 963 Simon
2374 909 2613 977 Joannis,
2655 926 2805 966 amas
2853 914 2972 968 me?
3020 912 3376 967 Contristatus
3421 920 3507 967 cst

1924 999 2134 1066 Petrus,
2163 1002 2285 1071 quia
2317 1002 2452 1057 dixit
2480 1004 2527 1057 ei
2572 1005 2751 1071 tertio,
2794 1007 2955 1061 Amas
2998 1020 3085 1060 me
3106 1007 3130 1060 ?
3154 1006 3219 1061 Et
3259 1005 3381 1060 dicit
3406 1007 3455 1059 ei
3485 1021 3499 1057 :

1924 1091 2170 1160 Domine,
2206 1102 2257 1146 tu
2281 1094 2460 1147 omnia
2485 1094 2610 1159 scis,
2642 1102 2696 1149 tu
2726 1096 2829 1149 scis
2857 1096 2976 1165 quia
3006 1110 3126 1150 amo
3150 1105 3221 1151 te.
3252 1094 3390 1151 Dicit
3411 1095 3501 1152 ei:

1923 1182 2093 1240 Pasce
2117 1199 2247 1241 oves
2275 1200 2443 1241 meas.
2474 1185 2665 1251 Amen,
2700 1200 2876 1253 amen,
2906 1188 3026 1242 dico
3056 1188 3171 1255 tibi,
3203 1202 3322 1242 eum
3355 1201 3502 1243 esses

1919 1276 2125 1348 junior,
2158 1278 2407 1349 cingebas
2441 1289 2512 1345 te,
2543 1290 2598 1334 et
2625 1280 2934 1335 ambulabas
2965 1280 3057 1335 ubi
3095 1281 3310 1337 volebas
3339 1298 3354 1336 :
3381 1295 3502 1336 eum

238 1354 488 1426 discipuli
518 1358 632 1427 ejus
658 1360 820 1427 intus,
848 1371 904 1417 et
928 1362 1161 1420 Thomas
1189 1379 1311 1421 eum
1344 1365 1447 1422 eis.
1476 1366 1820 1435 VenitJesus,
1924 1376 2102 1424 autem
2152 1371 2415 1437 senueris,
2462 1372 2721 1427 extendes
2770 1386 2959 1427 manus
3006 1380 3140 1441 tuas,
3175 1383 3229 1429 et
3272 1374 3409 1429 alius
3451 1381 3504 1429 te

240 1443 418 1513 ianuis
444 1446 663 1519 clausis,
684 1458 739 1506 et
761 1452 909 1507 stetit
932 1452 987 1507 in
1010 1456 1210 1523 medio,
1238 1464 1293 1512 et
1314 1456 1443 1513 dixit
1471 1475 1484 1511 :
1516 1457 1624 1512 Pax
1648 1460 1820 1516 vobis.
1924 1460 2130 1531 cinget,
2152 1469 2207 1515 et
2234 1462 2392 1517 ducet
2415 1476 2520 1531 quo
2550 1472 2606 1517 tu
2638 1476 2742 1517 non
2772 1461 2879 1516 vis.
2910 1462 3025 1517 Hoc
3039 1471 3215 1517 autem
3254 1462 3406 1529 dixit,
3432 1462 3505 1517 si-

239 1536 447 1593 Deinde
495 1538 625 1596 dicit
660 1542 880 1599 Thomas
911 1562 923 1600 :
954 1544 1093 1601 lnler
1139 1547 1363 1616 digitum
1415 1559 1559 1605 tuum
1607 1551 1730 1617 huc,
1772 1560 1829 1608 et
1925 1548 2187 1618 grtilieans
2234 1567 2337 1620 qua
2383 1562 2557 1609 morte
2599 1552 2983 1608 clariﬁcaturus
3023 1563 3165 1608 esset
3211 1553 3399 1607 Deum.
3439 1551 3506 1607 Et

240 1630 363 1687 vide
388 1646 579 1689 manus
603 1649 751 1691 meas
781 1654 793 1690 :
827 1645 882 1692 et
906 1636 1037 1693 aﬂ‘er
1066 1654 1281 1695 manum
1312 1649 1479 1708 tuam,
1512 1649 1566 1697 et
1593 1643 1746 1698 mitte
1773 1646 1825 1697 in
1928 1654 2048 1693 cum
2081 1641 2183 1696 hoc
2213 1642 2460 1707 dixisset,
2493 1643 2627 1697 dixit
2654 1643 2701 1698 ei
2735 1659 2749 1699 ς
2779 1643 3016 1713 Sequere
3053 1658 3160 1698 me.
3204 1643 3505 1698 Conversus

238 1722 380 1780 latus
408 1740 585 1781 meum
612 1744 625 1779 :
655 1734 710 1783 et
734 1728 846 1783 noii
872 1743 990 1784 esse
1012 1731 1340 1796 incredulus,
1373 1731 1465 1787 sed
1495 1732 1691 1789 ﬁdelis.
1723 1734 1826 1788 Re-
1928 1732 2141 1801 Petrus,
2171 1735 2300 1791 vidit
2326 1736 2473 1791 illum
2500 1737 2815 1807 discipulum
2857 1752 3013 1807 quem
3049 1736 3301 1807 diligebat
3325 1736 3503 1801 Jesus,

237 1816 739 1887 sponditThomas,
762 1828 818 1875 et
846 1819 1053 1875 dixitei
1082 1837 1097 1875 :
1124 1822 1385 1877 ‘Domine
1414 1834 1656 1892 meus,et
1682 1824 1825 1880 Deus
1927 1834 2263 1893 sequentem,
2295 1826 2385 1895 qui
2431 1834 2486 1881 et
2526 1828 2771 1883 recubuit
2817 1829 2871 1882 in
2914 1843 3067 1885 coena
3115 1842 3276 1897 super
3318 1833 3504 1896 pectus

235 1922 411 1965 meus.
442 1910 583 1968 Dicit
610 1912 660 1967 ei
699 1911 856 1969 Jesus
887 1931 900 1967 :
931 1913 1064 1982 Quia
1110 1914 1291 1971 vidisti
1322 1931 1407 1972 me
1434 1917 1475 1982 ‘,
1505 1917 1777 1974 credidisti
1805 1934 1822 1973 :
1852 1936 1901 1997 Β
1926 1914 2067 1984 ejus,
2098 1925 2151 1970 et
2178 1916 2349 1970 dixit:
2374 1917 2618 1985 Domine,
2645 1920 2761 1987 quis
2799 1930 2879 1976 est
2917 1922 3007 1990 qui
3040 1920 3211 1976 tradet
3239 1919 3325 1975 te?
3352 1917 3506 1972 Hunc

234 2000 383 2057 beati
411 2003 500 2073 qui
529 2018 635 2060 non
656 2003 928 2073 viderunt,
950 2015 1003 2061 et
1030 2006 1394 2063 crediderunt.
1429 2008 1590 2065 Multa
1609 2011 1822 2080 quidem

236 2102 299 2150 et
342 2094 442 2150 alia
486 2098 639 2167 signa
679 2096 806 2154 fecit
843 2097 1000 2155 Jesus
1031 2100 1085 2155 in
1126 2110 1413 2171 conspectu
1442 2102 1821 2172 discipulorum

235 2198 485 2253 suorum,
529 2203 648 2258 quae
691 2203 801 2245 non
847 2198 974 2245 sunt
1018 2191 1215 2260 scripta
1259 2192 1313 2246 in
1362 2193 1500 2247 libro
1544 2192 1665 2249 hoc.
1698 2193 1825 2250 Haec

236 2282 421 2330 autem
451 2275 649 2346 scripta
686 2289 832 2347 sunt,
863 2287 921 2334 ut
942 2278 1173 2336 credatis
1196 2281 1320 2350 quia
1348 2281 1504 2338 Jesus
1534 2286 1554 2305 ‘
1577 2282 1823 2339 Christus

236 2379 325 2428 est
368 2371 538 2428 Filius
577 2373 698 2445 Dei,
732 2383 788 2432 et
829 2386 887 2432 ut
923 2376 1227 2448 credentes,
1257 2379 1420 2435 vitam
1450 2382 1470 2405 ⁶
1498 2378 1731 2437 habeant
1766 2380 1824 2437 in

237 2464 457 2523 nomine
477 2465 615 2537 ejus.
650 2452 665 2465 ’

751 2558 979 2617 CAPUT
1017 2558 1300 2618 CLXXIX.

276 2645 475 2703 Iterum
504 2651 745 2721 apparuit
775 2654 1043 2725 discipulis
1070 2656 1177 2711 suis
1201 2656 1271 2709 ad
1308 2671 1447 2711 mare
1479 2655 1785 2712 Tiberiadis.

310 2738 472 2798 luxu.
498 2757 613 2810 xxr,
637 2742 783 2799 i-M.
814 2744 1008 2801 Postea
1028 2745 1389 2802 manilestavit
1415 2759 1474 2801 se
1499 2746 1689 2802 iterum
1717 2749 1734 2771 ‘
1756 2745 1822 2802 ad

240 2846 393 2891 mare
418 2834 738 2892 Tiberiadis.
766 2835 1119 2895 Manil‘estavit
1146 2850 1324 2896 autem
1351 2842 1451 2897 sie.
1476 2842 1642 2898 Erant
1666 2843 1825 2899 simul

238 2928 428 2988 Simon
478 2931 691 3003 Petrus,
724 2944 779 2993 et
811 2936 1046 2994 Thomas
1090 2939 1181 3009 qui
1226 2939 1421 2996 dicitur
1468 2941 1740 3014 Didymus,
1771 2951 1825 3000 et

241 3019 541 3080 Nathanael
567 3026 657 3094 qui
694 3035 809 3083 erat
834 3042 863 3083 a
893 3026 1037 3084 Caua
1063 3029 1315 3100 Galilaeze,
1346 3041 1399 3087 ct
1428 3031 1521 3087 lilii
1556 3033 1824 3105 Zebedazi,

235 3123 300 3173 et
324 3115 412 3170 alii
441 3130 507 3172 ex
534 3116 808 3188 discipulis
834 3119 953 3191 ejus
981 3121 1104 3177 duo.
1126 3122 1262 3177 Dicit
1289 3124 1367 3179 eis
1391 3123 1575 3179 Simon
1597 3125 1782 3181 Petrus
1808 3144 1821 3179 :

236 3207 396 3264 Vado
423 3208 638 3280 piscari.
687 3211 881 3268 Dicunt
908 3212 958 3268 ei
992 3230 1006 3267 :
1034 3213 1290 3269 Venimus
1324 3222 1379 3270 et
1416 3229 1512 3270 nos
1536 3224 1731 3271 tecum.
1762 3217 1827 3271 Et

236 3301 491 3358 exierunt
520 3310 573 3357 et
598 3303 957 3361 ascenderunt
988 3305 1043 3361 in
1074 3306 1272 3374 navim,
1300 3314 1354 3363 et
1382 3307 1470 3362 illa
1510 3318 1664 3365 nocte
1690 3308 1821 3365 nihil
1852 3314 1897 3378 C

237 3396 265 3420 '
292 3392 712 3464 prehenderunt.
754 3393 910 3453 Mane
941 3405 1117 3452 autem
1154 3396 1265 3467 jam
1298 3396 1459 3465 facto,
1491 3401 1635 3455 stetit
1670 3398 1824 3458 Jcsus

237 3484 298 3541 in
330 3483 511 3543 littore
537 3503 552 3541 :
579 3501 685 3542 non
718 3493 896 3544 tamen
924 3498 1286 3559 cognoverunt
1320 3489 1564 3561 discipuli
1591 3491 1710 3561 quia
1739 3491 1825 3549 Je-

239 3592 342 3636 sus
367 3588 468 3636 est.
514 3579 651 3636 Dicit
690 3596 818 3654 ergo
854 3582 933 3637 eis
975 3580 1176 3639 Jesus:
1216 3581 1394 3651 Pueri,
1440 3583 1675 3654 nunquid
1711 3584 1825 3654 pul-

239 3672 565 3731 mentarium
615 3674 856 3732 habetis?
897 3676 1309 3747 Responderunt
1351 3676 1401 3733 ei
1452 3694 1463 3730 :
1510 3677 1646 3734 Non.
1686 3678 1827 3734 Dixit

237 3776 373 3836 ergo
400 3765 478 3822 eis
503 3764 700 3824 Jesus:
736 3766 929 3824 Mittite
967 3769 1022 3824 in
1061 3769 1333 3826 dexteram
1366 3770 1561 3841 navigii
1604 3782 1741 3840 rete,
1773 3779 1828 3827 et

236 3859 547 3916 Invenietis.
571 3858 827 3917 Miserun’t
845 3875 995 3933 ergo,
1017 3871 1071 3919 et
1092 3861 1205 3933 jam
1226 3878 1331 3920 non
1353 3866 1369 3886 ‘
1394 3862 1671 3918 valuerunt
1698 3862 1825 3919 illud

237 3951 462 4008 trahere
497 3966 529 4007 a
560 3954 902 4010 multitudine
940 3955 1189 4025 piscium.
1218 3957 1355 4013 Dicit
1381 3972 1508 4029 ergo
1536 3957 1826 4028 discipulus

238 4042 338 4101 ille
366 4059 522 4116 quem
550 4045 800 4117 diligebat
826 4046 979 4104 Jesus
1006 4047 1164 4104 Petro
1190 4066 1203 4101 :
1232 4048 1488 4106 Dominus
1510 4059 1609 4105 εει.
1641 4048 1826 4105 Simon

238 4137 437 4195 Petrus
459 4154 579 4196 cum
606 4141 842 4199 audisset
869 4140 991 4211 quia
1032 4140 1288 4199 Dominus
1314 4150 1414 4209 est,
1444 4142 1675 4197 tunicam
1702 4158 1826 4198 suc-

238 4232 412 4289 cinxit
437 4246 495 4288 se
522 4232 660 4304 (erat
697 4233 838 4289 enim
867 4232 1063 4304 nudus)
1095 4242 1148 4290 et
1187 4232 1331 4290 misit
1355 4247 1415 4289 se
1444 4234 1497 4288 in
1524 4247 1689 4289 mare.
1721 4232 1829 4288 Alii

240 4331 425 4379 autem
470 4322 716 4394 discipuli
763 4325 970 4393 navigio
1017 4333 1281 4379 venerunt
1321 4324 1449 4395 (non
1493 4324 1633 4378 enim
1672 4323 1830 4393 longe

239 4423 400 4472 erant
440 4428 473 4468 a
498 4422 662 4481 terra,
707 4415 801 4469 sed
831 4415 983 4483 quasi
1019 4413 1210 4468 cubitis
1239 4412 1527 4481 ducentis),
1562 4414 1832 4468 trahentes

236 4514 363 4566 rete
397 4504 642 4576 piscium.
677 4503 745 4559 Ut
772 4517 901 4573 ergo
927 4502 1322 4581 descenderunt
1346 4502 1400 4555 in
1440 4510 1659 4569 terram,
1686 4502 1834 4559 vide-

242 4604 377 4655 runt
417 4610 614 4666 prunas
647 4595 866 4665 positas,
894 4602 949 4650 et
974 4593 1177 4665 piscem
1216 4594 1628 4663 superpositum,
1660 4601 1714 4649 et
1740 4608 1835 4664 pa-

1926 2018 2057 2074 ergo
2105 2019 2225 2061 cum
2272 2007 2492 2063 vidisset
2535 2010 2744 2078 Petrus,
2774 2010 2901 2066 dicit
2940 2012 3067 2067 Jesu
3097 2030 3111 2066 :
3146 2011 3387 2079 Domine,
3417 2009 3505 2065 hic

1924 2104 2104 2151 autem
2134 2097 2299 2166 quid?
2348 2097 2486 2153 Dicit
2512 2098 2561 2153 ei
2591 2100 2785 2155 Jesus:
2817 2101 2834 2121 ‘
2870 2101 2929 2156 Si
2984 2115 3103 2155 eum
3138 2099 3261 2155 volo
3287 2112 3504 2154 manere

1926 2183 2099 2240 donec
2140 2186 2374 2255 veniam,
2418 2186 2543 2255 quid
2577 2188 2642 2241 ad
2689 2188 2772 2243 te?
2810 2187 2891 2243 Tu
2935 2202 3021 2243 me
3066 2201 3312 2258 sequere.
3359 2184 3508 2241 Exiit

1924 2287 2053 2344 ergo
2081 2288 2259 2328 sermo
2289 2275 2389 2330 iste
2417 2275 2553 2331 inter
2578 2277 2788 2343 fratres,
2812 2277 2935 2347 quia
2960 2276 3253 2347 discipulus
3279 2275 3369 2330 ille
3398 2289 3506 2329 non

1924 2366 2170 2421 moritur.
2195 2366 2262 2421 Et
2289 2381 2396 2421 non
2426 2367 2559 2421 dixit
2584 2368 2632 2422 ei
2660 2368 2835 2434 Jesus,
2864 2368 2980 2423 Non
3011 2370 3237 2423 moritur
3262 2366 3415 2432 :sed,
3446 2366 3505 2423 Si

1923 2472 2049 2516 eum
2079 2458 2204 2513 volo
2235 2474 2450 2515 manere
2476 2459 2649 2517 donec
2675 2462 2907 2529 veniam,
2934 2462 3060 2533 quid
3088 2462 3153 2518 ad
3185 2462 3270 2517 te?
3298 2460 3395 2516 llic
3420 2468 3506 2516 est

1924 2548 2218 2618 discipulus
2259 2555 2277 2573 '
2323 2550 2414 2618 qui
2463 2550 2885 2607 testimonium“
2914 2550 3186 2621 perhibuit
3212 2552 3282 2607 de
3316 2550 3425 2618 his,
3451 2559 3506 2606 et

1923 2643 2138 2713 scripsit
2174 2642 2290 2698 haec
2318 2659 2329 2694 :
2359 2649 2414 2696 et
2439 2642 2636 2697 scimus
2665 2642 2787 2712 quia
2814 2656 2997 2699 verum
3025 2650 3110 2698 est
3138 2642 3501 2697 testimonium

1923 2732 2061 2804 ejus.
2088 2733 2223 2789 Sunt
2250 2740 2426 2787 autem
2455 2741 2509 2788 et
2532 2732 2638 2787 alia
2666 2732 2826 2789 multa
2852 2748 2970 2803 quae
3005 2733 3131 2788 iecit
3156 2733 3311 2788 Jesus
3340 2750 3353 2785 :
3385 2738 3503 2801 qua:

1924 2826 1972 2882 si
2021 2827 2322 2882 scribantur
2352 2841 2449 2896 per
2477 2827 2704 2897 singula,
2749 2843 2847 2882 nec
2887 2829 3061 2898 ipsum
3089 2828 3317 2884 arbitror
3344 2841 3500 2884 mun-

1926 2919 2051 2975 dum
2080 2933 2271 2991 capere
2296 2933 2388 2975 eos
2415 2919 2503 2989 qui
2532 2919 2801 2975 scribendi
2822 2930 2946 2975 sunt
2968 2921 3147 2977 libros.

2446 3029 2671 3086 CAPUT
2708 3028 2986 3088 CLXXXI.

1926 3123 2181 3194 Discipuli
2222 3133 2394 3179 euntes
2433 3126 2488 3179 in
2530 3125 2799 3179 Galilwam
2835 3128 3063 3180 viderunt
3090 3137 3136 3182 et
3165 3129 3503 3183 adoraverunt

2000 3196 2293 3249 Dominum.
2328 3194 2397 3248 Et
2440 3204 2732 3263 assumptus
2760 3204 2831 3250 est
2859 3198 2910 3249 in
2938 3199 3116 3251 cazlum
3146 3214 3317 3251 coram
3339 3200 3430 3253 eis.

1999 3308 2213 3364 illum.
2264 3324 2454 3375 xxvm,
2498 3307 2679 3365 16οὲ0.
2732 3306 2990 3364 Undecitn
3035 3318 3208 3365 autem
3258 3310 3502 3380 discipuli

1928 3400 2173 3457 abierunt
2215 3401 2266 3455 in
2312 3399 2610 3464 Galilceam,
2656 3400 2708 3453 in
2747 3408 2981 3454 montem
3020 3398 3112 3454 ubi
3155 3400 3506 3457 constituerat

1927 3491 2035 3549 illis
2063 3490 2242 3548 Jesus.
2289 3491 2358 3546 Et.
2403 3489 2645 3545 videntes
2692 3504 2817 3545 eum
2866 3490 3504 3562 adoraveruntzquidam

1926 3590 2104 3639 autem
2133 3580 2523 3637 dubitaverunt.
2556 3610 2626 3620 —
2656 3579 2829 3641 Mane.
2860 3596 2969 3648 xvr,
3004 3580 3183 3637 14-20.
3219 3582 3285 3637 Et
3309 3597 3505 3652 expro-

1925 3671 2101 3730 bravit
2151 3672 2582 3731 incredulitatem
2632 3672 2844 3727 illorum
2894 3680 2949 3728 et
2990 3671 3237 3728 duritiam
3274 3673 3503 3732 cordis:

1927 3765 2051 3837 quia
2081 3765 2165 3821 his
2195 3765 2285 3836 qui
2315 3765 2561 3821 viderant
2586 3780 2707 3821 eum
2739 3764 3100 3821 resurrexisse
3125 3780 3230 3821 non
3259 3765 3505 3821 credide-

1926 3867 2074 3917 runt.
2102 3858 2167 3914 Et
2199 3858 2409 3915 locutus
2435 3865 2518 3915 est
2546 3858 2624 3913 eis
2651 3857 2836 3914 dicens
2863 3873 2876 3911 :
2907 3855 3037 3912 Data
3065 3866 3145 3913 est
3174 3856 3305 3913 mihi
3334 3858 3507 3915 cuiuis

1927 3962 2165 4024 poteStas
2194 3951 2246 4006 in
2269 3951 2410 4008 coelo
2438 3958 2493 4008 et
2520 3950 2571 4005 in
2605 3959 2765 4006 terra.
2795 3948 2995 4005 Euutes
3021 3951 3074 4005 in
3103 3950 3358 4005 mundum
3390 3950 3508 4005 uni-

1925 4061 2169 4113 versum,
2194 4044 2485 4114 praedicatc
2531 4041 2879 4113 Evangelium
2924 4042 3066 4098 omni
3097 4050 3378 4098 creaturae.
3408 4043 3509 4098 Do-

1929 4146 2047 4193 eete
2075 4149 2263 4191 omnes
2289 4143 2496 4205 gentes,
2529 4130 2861 4203 baptizantes
2883 4148 2977 4190 eos
2999 4136 3051 4188 in
3074 4149 3288 4191 nomine
3315 4134 3508 4201 Patris,

1931 4240 1983 4282 et
2016 4225 2159 4292 Filii,
2194 4234 2249 4281 et
2274 4224 2503 4295 Spiritus
2532 4226 2702 4281 sancti
2732 4223 3021 4279 :docentes
3042 4238 3134 4279 eos
3160 4238 3375 4280 servare
3395 4239 3511 4279 om-

1933 4319 2023 4373 nia
2044 4331 2375 4386 quaecunque
2400 4315 2649 4369 mandavi
2676 4313 2845 4367 vobis.
2874 4315 2939 4367 Et
2962 4326 3087 4367 ecce
3110 4328 3209 4381 ego
3236 4314 3509 4367 vobiscum

1933 4423 2052 4464 sum
2103 4406 2353 4462 omnibus
2402 4404 2612 4473 diebus,
2660 4416 2828 4471 usque
2876 4402 2943 4457 ad
2996 4402 3510 4460 consummationem

1934 4501 2137 4559 s:cculi.
2156 4499 2255 4567 Qui
2277 4498 2565 4554 crediderit
2587 4506 2641 4553 et
2660 4495 2957 4565 baptizatus
2983 4496 3139 4553 fuerit
3165 4497 3344 4552 salvus
3367 4498 3467 4553 erit
3489 4514 3504 4554 :

1934 4595 2029 4667 qui
2052 4606 2182 4650 vero
2211 4606 2315 4648 non
2341 4590 2627 4647 crediderit
2654 4588 3116 4645 condemnabitur.
3146 4586 3305 4660 Signa
3333 4598 3509 4647 autem

239 4703 401 4747 nem.
425 4686 565 4741 Dicit
582 4686 663 4743 eis
688 4686 844 4742 Jesus
872 4703 887 4741 :
917 4685 1122 4743 Atrei-te
1148 4684 1215 4741 de
1244 4683 1475 4755 piscibus
1500 4697 1635 4754 quos
1666 4690 1683 4709 '
1713 4699 1833 4755 pre-
1858 4692 1914 4756 1)
1937 4701 2029 4744 eos
2064 4687 2153 4758 qui
2190 4682 2522 4741 crediderint
2552 4683 2665 4738 han
2684 4676 2687 4677 ⁷
2706 4691 3036 4751 sequentur:
3067 4681 3120 4735 in
3144 4680 3362 4737 nomine
3390 4697 3511 4738 meo

238 4779 511 4839 bendistis
537 4795 701 4836 nunc.
724 4780 980 4836 Ascendit
1010 4779 1195 4838 Simon
1222 4778 1432 4846 Petrus,
1454 4786 1509 4835 et
1535 4780 1692 4835 traxit
1716 4787 1831 4837 rete

239 4877 301 4935 in
332 4885 552 4943 terram,
579 4874 793 4944 plenum
821 4873 1027 4944 magnis
1056 4871 1293 4944 piscibus
1317 4880 1532 4929 centum
1570 4873 1833 4952 quinqua:

240 4966 390 5037 ginta
433 4963 629 5021 tribus.
670 4964 738 5020 Et
778 4976 899 5020 eum
943 4962 1076 5019 tanti
1115 4973 1315 5030 essent,
1360 4979 1466 5019 non
1494 4965 1717 5019 scissum
1751 4971 1831 5020 est

243 5067 383 5116 rete.
417 5057 557 5116 Dicit
584 5058 662 5116 eis
689 5056 846 5114 Jesns
874 5074 887 5111 :
920 5057 1129 5123 Venite,
1158 5058 1433 5126 prandete.
1462 5058 1527 5113 Et
1554 5072 1713 5113 nemo
1739 5071 1833 5113 au-

245 5151 406 5209 debat
433 5150 882 5225 discumbentium
923 5149 1257 5221 interrogare
1297 5164 1418 5205 eum
1452 5150 1569 5206 :‘l‘u
1596 5151 1713 5221 quis
1739 5151 1831 5207 es?

244 5246 479 5302 scientes
502 5244 629 5315 quia
656 5244 920 5299 Dominus
942 5252 1041 5298 est.
1073 5242 1140 5297 Et
1176 5241 1320 5298 venit
1347 5240 1525 5308 Jesas,
1554 5250 1610 5297 et
1634 5242 1655 5263 ‘
1680 5256 1832 5299 acce-

246 5343 323 5414 pit
352 5355 567 5413 panem,
594 5345 650 5396 et
676 5336 835 5396 dabat
859 5338 962 5406 eis,
987 5346 1042 5394 et
1064 5336 1263 5408 piscem
1290 5334 1555 5391 similiter.
1584 5335 1698 5392 [loc
1717 5334 1829 5406 jam

245 5433 405 5489 tertio
437 5430 807 5489 manifestatus
836 5441 919 5488 est
944 5430 1099 5488 Iesus
1129 5428 1406 5501 disciptiis
1429 5428 1563 5498 suis,
1592 5443 1715 5487 eum
1736 5443 1829 5489 re-

244 5526 569 5583 surrexisset
592 5542 625 5581 a
652 5527 901 5582 mortuis.

775 5617 1002 5675 CAPUT
1039 5616 1300 5674 CLXXX.

545 5710 698 5767 Jesus
728 5718 803 5767 ter
828 5712 951 5766 dicit
979 5709 1137 5767 Petro
1167 5727 1185 5766 :
1211 5710 1401 5783 Diligis
1430 5710 1547 5765 me?

315 5801 471 5859 ιολιι.
500 5818 613 5870 xxr,
644 5801 826 5858 15-25.
864 5802 997 5860 Cum
1034 5817 1161 5874 ergo
1191 5802 1554 5874 praudisseut,
1585 5799 1717 5857 dicit
1737 5798 1831 5857 Si-

244 5896 392 5957 moni
422 5894 584 5954 Petro
617 5894 774 5957 Jesus
803 5913 817 5951 :
849 5894 1034 5954 Simon
1077 5893 1321 5965 Joannis,
1360 5893 1542 5966 diligis
1581 5907 1666 5950 me
1713 5892 1829 5963 plus

1933 4778 2197 4836 daemonia
2221 4776 2456 4847 ejicient,
2484 4774 2676 4845 linguis
2714 4774 2996 4845 loquentur
3028 4773 3203 4840 novis,
3232 4782 3510 4844 serpentes

1935 4873 2153 4939 tollent;
2185 4878 2243 4928 et
2278 4871 2324 4926 si
2366 4870 2700 4925 mortiferum
2728 4867 2854 4938 quid
2884 4867 3132 4934 biberint,
3167 4880 3273 4923 non
3300 4869 3380 4923 eis
3416 4884 3511 4924 no-

1894 5033 1897 5035 ,
1933 4967 2111 5033 eebit;
2151 4978 2315 5033 super
2342 4976 2513 5033 :egros
2553 4974 2743 5016 manus
2773 4960 3067 5030 imponent,
3105 4967 3159 5014 ct
3183 4959 3321 5016 bene
3349 4960 3513 5015 habe-

1934 5058 2088 5114 bunt.
2127 5083 2196 5097 -
2238 5054 2364 5110 Luc.
2418 5066 2567 5119 xxrv,
2617 5051 2801 5107 49-55.
2858 5051 2966 5105 Vos
3004 5058 3179 5106 autem
3234 5050 3417 5106 sedete
3458 5051 3510 5105 in

1935 5148 2168 5213 civitate,
2200 5145 2544 5217 quoadusque
2571 5143 2864 5199 induamini
2900 5142 3096 5198 virtute
3118 5156 3183 5196 ex
3215 5141 3344 5196 alto.
3370 5140 3511 5196 Edu-

1936 5241 2014 5296 xit
2038 5249 2215 5295 autem
2244 5252 2336 5295 eos
2364 5237 2507 5294 iuras
2537 5237 2591 5293 in
2618 5234 2930 5291 Bethaniam
2963 5249 2979 5289 :
3007 5242 3064 5290 et
3098 5231 3319 5289 elevatis
3345 5231 3512 5286 mani-

1935 5331 2036 5390 bus
2061 5332 2173 5389 suis
2200 5330 2473 5387 benedixit
2499 5330 2598 5387 eis.
2629 5329 2697 5384 Et
2717 5328 2917 5383 factum
2945 5333 3030 5382 est
3053 5324 3181 5382 dum
3222 5323 3510 5382 benedice-

1934 5433 2018 5482 ret
2047 5423 2180 5493 illis,
2215 5423 2441 5481 recessit
2480 5422 2547 5479 ab
2580 5422 2680 5489 eis,
2712 5428 2767 5477 et
2804 5419 3077 5475 ferebatur
3112 5416 3165 5473 in
3191 5416 3385 5472 ctelum
3412 5433 3426 5470 :
3458 5424 3513 5473 et

1932 5515 2367 5573 sedetadextris
2410 5514 2527 5569 Dei.
2568 5512 2637 5568 Et
2666 5511 2768 5583 ipsi
2796 5510 3085 5567 adorantes
3110 5506 3342 5579 regressi
3388 5514 3514 5563 sunt

1935 5610 1989 5666 in
2038 5607 2333 5665 Jerusalem
2356 5624 2479 5664 eum
2502 5605 2698 5679 gaudio
2721 5618 2940 5674 magno:
2960 5611 3015 5659 et
3042 5610 3196 5659 erant
3218 5616 3431 5672 semper
3456 5600 3513 5658 in

1938 5701 2137 5771 templo
2167 5700 2444 5757 laudantes
2471 5706 2525 5755 et
2548 5696 2925 5755 benedicentes
2950 5692 3141 5751 Deum.
3193 5692 3260 5750 Et
3285 5693 3511 5765 proiecti

1936 5795 2360 5865 praedicaverunt
2382 5794 2601 5864 ubique,
2632 5791 2857 5847 Domino
2886 5796 3207 5860 cooperante
3224 5796 3282 5848 et
3304 5800 3511 5847 sermo-

1936 5903 2058 5947 nem
2089 5889 2465 5957 conﬁrmante,
2494 5883 2839 5959 sequentibus
2865 5881 3049 5955 signis.
