  <div class='ocr_page' id='page_1' title='image "/cluster/home/n/w/nwhite01/storage/ocr_20150623/68/hvd.32044015469331/185.png"; bbox 0 0 4026 6488; ppageno 0'>
   <div class='ocr_carea' id='block_1_1' title="bbox 501 439 609 500">
    <p class='ocr_par' dir='ltr' id='par_1_1' title="bbox 501 439 609 500">
     <span class='ocr_line' id='line_1_1' title="bbox 501 439 609 500; baseline 0 0"><span class='ocrx_word' id='word_1_1' title='bbox 501 439 609 500; x_wconf 69' lang='lat'><strong>359</strong></span> 
     </span>
    </p>
   </div>
   <div class='ocr_carea' id='block_1_2' title="bbox 1118 423 3155 504">
    <p class='ocr_par' dir='ltr' id='par_1_2' title="bbox 1118 423 3155 504">
     <span class='ocr_line' id='line_1_2' title="bbox 1118 423 3155 504; baseline -0.007 -12"><span class='ocrx_word' id='word_1_2' title='bbox 1118 433 1365 495; x_wconf 75' lang='grc' dir='ltr'>νιστοῆ</span> <span class='ocrx_word' id='word_1_3' title='bbox 1403 434 1785 495; x_wconf 75' lang='lat' dir='ltr'><strong>CAPUANUS.</strong></span> <span class='ocrx_word' id='word_1_4' title='bbox 1830 436 1923 493; x_wconf 83' lang='lat' dir='ltr'><strong>EX</strong></span> <span class='ocrx_word' id='word_1_5' title='bbox 1959 434 2232 497; x_wconf 78' lang='lat' dir='ltr'><strong>CATENA</strong></span> <span class='ocrx_word' id='word_1_6' title='bbox 2274 433 2339 493; x_wconf 84' lang='lat' dir='ltr'><strong>IN</strong></span> <span class='ocrx_word' id='word_1_7' title='bbox 2373 428 2701 504; x_wconf 80' lang='lat' dir='ltr'><strong>QUATUOR</strong></span> <span class='ocrx_word' id='word_1_8' title='bbox 2740 423 3155 485; x_wconf 78' lang='lat' dir='ltr'><strong>EVANGELIA.</strong></span> 
     </span>
    </p>
   </div>
   <div class='ocr_carea' id='block_1_3' title="bbox 3659 416 3775 471">
    <p class='ocr_par' dir='ltr' id='par_1_3' title="bbox 3659 416 3775 471">
     <span class='ocr_line' id='line_1_3' title="bbox 3659 416 3775 471; baseline 0.017 -3"><span class='ocrx_word' id='word_1_9' title='bbox 3659 416 3775 471; x_wconf 74' lang='lat'><strong>560</strong></span> 
     </span>
    </p>
   </div>
   <div class='ocr_carea' id='block_1_4' title="bbox 498 562 3768 593">
    <p class='ocr_par' dir='ltr' id='par_1_4' title="bbox 498 562 3768 593">
     <span class='ocr_line' id='line_1_4' title="bbox 498 562 3768 593; baseline 0.002 -5"><span class='ocrx_word' id='word_1_10' title='bbox 498 562 3768 593; x_wconf 48' lang='grc' dir='ltr'>Μ</span> 
     </span>
    </p>
   </div>
   <div class='ocr_carea' id='block_1_5' title="bbox 1299 586 3784 614">
    <p class='ocr_par' dir='ltr' id='par_1_5' title="bbox 1299 586 3784 614">
     <span class='ocr_line' id='line_1_5' title="bbox 1299 586 3784 614; baseline 0 -1"><span class='ocrx_word' id='word_1_11' title='bbox 1299 586 3784 614; x_wconf 48' lang='lat' dir='ltr'><strong>LM</strong></span> 
     </span>
    </p>
   </div>
   <div class='ocr_carea' id='block_1_6' title="bbox 1068 697 3192 789">
    <p class='ocr_par' dir='ltr' id='par_1_6' title="bbox 1068 697 3192 789">
     <span class='ocr_line' id='line_1_6' title="bbox 1068 697 3192 789; baseline -0.006 -7"><span class='ocrx_word' id='word_1_12' title='bbox 1068 706 1215 782; x_wconf 86' lang='lat' dir='ltr'><strong>EX</strong></span> <span class='ocrx_word' id='word_1_13' title='bbox 1269 698 1753 784; x_wconf 28' lang='lat' dir='ltr'><strong>CATENA:</strong></span> <span class='ocrx_word' id='word_1_14' title='bbox 1789 701 1907 778; x_wconf 85' lang='lat' dir='ltr'><strong>IN</strong></span> <span class='ocrx_word' id='word_1_15' title='bbox 1981 697 2495 789; x_wconf 78' lang='lat' dir='ltr'><strong>QUATUOR</strong></span> <span class='ocrx_word' id='word_1_16' title='bbox 2567 697 3192 775; x_wconf 76' lang='lat' dir='ltr'><strong>EVANGELIA</strong></span> 
     </span>
    </p>
   </div>
   <div class='ocr_carea' id='block_1_7' title="bbox 1480 851 2785 905">
    <p class='ocr_par' dir='ltr' id='par_1_7' title="bbox 1480 851 2785 905">
     <span class='ocr_line' id='line_1_7' title="bbox 1480 851 2785 905; baseline -0.005 -2"><span class='ocrx_word' id='word_1_17' title='bbox 1480 863 1518 903; x_wconf 80' lang='grc' dir='ltr'><strong>Α</strong></span> <span class='ocrx_word' id='word_1_18' title='bbox 1564 857 1832 905; x_wconf 77' lang='lat' dir='ltr'><strong>VICTORE</strong></span> <span class='ocrx_word' id='word_1_19' title='bbox 1874 852 2165 900; x_wconf 76' lang='lat' dir='ltr'><strong>CAPUANO</strong></span> <span class='ocrx_word' id='word_1_20' title='bbox 2204 851 2437 897; x_wconf 77' lang='lat' dir='ltr'><strong>LATINE</strong></span> <span class='ocrx_word' id='word_1_21' title='bbox 2483 852 2785 897; x_wconf 74' lang='lat' dir='ltr'><strong>REDDITA.</strong></span> 
     </span>
    </p>
   </div>
   <div class='ocr_carea' id='block_1_8' title="bbox 660 1114 2110 1181">
    <p class='ocr_par' dir='ltr' id='par_1_8' title="bbox 660 1123 2110 1181">
     <span class='ocr_line' id='line_1_8' title="bbox 660 1123 2110 1181; baseline -0.006 -2"><span class='ocrx_word' id='word_1_22' title='bbox 660 1131 927 1181; x_wconf 72' lang='grc' dir='ltr'>νιοτοιι</span> <span class='ocrx_word' id='word_1_23' title='bbox 962 1128 1350 1179; x_wconf 73' lang='lat' dir='ltr'><strong>EPISGOPUS</strong></span> <span class='ocrx_word' id='word_1_24' title='bbox 1387 1126 1649 1177; x_wconf 71' lang='lat' dir='ltr'><strong>CAPUE</strong></span> <span class='ocrx_word' id='word_1_25' title='bbox 1685 1125 1781 1174; x_wconf 77' lang='lat' dir='ltr'><strong>EX</strong></span> <span class='ocrx_word' id='word_1_26' title='bbox 1818 1123 2110 1173; x_wconf 71' lang='lat' dir='ltr'><strong>RESPONI</strong></span> 
     </span>
    </p>
   </div>
   <div class='ocr_carea' id='block_1_9' title="bbox 2212 1114 3631 1181">
    <p class='ocr_par' dir='ltr' id='par_1_9' title="bbox 2212 1114 3631 1170">
     <span class='ocr_line' id='line_1_9' title="bbox 2212 1114 3631 1170; baseline -0.002 -2"><span class='ocrx_word' id='word_1_27' title='bbox 2212 1122 2316 1170; x_wconf 58' lang='grc' dir='ltr'><strong>’ΝΕ</strong></span> <span class='ocrx_word' id='word_1_28' title='bbox 2354 1118 2873 1170; x_wconf 65' lang='grc' dir='ltr'>οΑΡη-ιιιιοιιυι</span> <span class='ocrx_word' id='word_1_29' title='bbox 2912 1116 3175 1169; x_wconf 67' lang='grc' dir='ltr'><strong>σΑκατι</strong></span> <span class='ocrx_word' id='word_1_30' title='bbox 3210 1114 3631 1169; x_wconf 71' lang='grc' dir='ltr'>ΡοιιιωΔιιιιι</span> 
     </span>
    </p>
   </div>
   <div class='ocr_carea' id='block_1_10' title="bbox 1071 1212 3239 1282">
    <p class='ocr_par' dir='ltr' id='par_1_10' title="bbox 1071 1212 3239 1282">
     <span class='ocr_line' id='line_1_10' title="bbox 1071 1212 3239 1282; baseline -0.005 -10"><span class='ocrx_word' id='word_1_31' title='bbox 1071 1218 1533 1272; x_wconf 72' lang='lat' dir='ltr'><strong>SMYBNENBIB</strong></span> <span class='ocrx_word' id='word_1_32' title='bbox 1570 1217 1922 1282; x_wconf 72' lang='lat' dir='ltr'><strong>EPISOOPI,</strong></span> <span class='ocrx_word' id='word_1_33' title='bbox 1961 1215 2322 1266; x_wconf 73' lang='lat' dir='ltr'><strong>DIBGIPULI</strong></span> <span class='ocrx_word' id='word_1_34' title='bbox 2358 1213 2661 1263; x_wconf 71' lang='lat' dir='ltr'><strong>JOANNIS</strong></span> <span class='ocrx_word' id='word_1_35' title='bbox 2696 1212 3239 1263; x_wconf 65' lang='lat' dir='ltr'><strong>EVANGELIS&#39;I‘B.</strong></span> 
     </span>
    </p>
   </div>
   <div class='ocr_carea' id='block_1_11' title="bbox 1546 1357 2743 1428">
    <p class='ocr_par' dir='ltr' id='par_1_11' title="bbox 1546 1357 2743 1428">
     <span class='ocr_line' id='line_1_11' title="bbox 1546 1357 2743 1428; baseline -0.009 0"><span class='ocrx_word' id='word_1_36' title='bbox 1546 1364 1718 1428; x_wconf 90' lang='lat' dir='ltr'><strong>DIVI</strong></span> <span class='ocrx_word' id='word_1_37' title='bbox 1756 1359 2205 1426; x_wconf 82' lang='lat' dir='ltr'><strong>POLYCARPI</strong></span> <span class='ocrx_word' id='word_1_38' title='bbox 2248 1357 2743 1421; x_wconf 78' lang='lat' dir='ltr'><strong>SMYRNENSIS</strong></span> 
     </span>
    </p>
   </div>
   <div class='ocr_carea' id='block_1_12' title="bbox 615 1497 3673 1572">
    <p class='ocr_par' dir='ltr' id='par_1_12' title="bbox 615 1497 3673 1572">
     <span class='ocr_line' id='line_1_12' title="bbox 615 1497 3673 1572; baseline -0.003 -15"><span class='ocrx_word' id='word_1_39' title='bbox 615 1511 924 1572; x_wconf 79' lang='lat' dir='ltr'><strong>EPISCOPI,</strong></span> <span class='ocrx_word' id='word_1_40' title='bbox 960 1510 1043 1555; x_wconf 77' lang='grc' dir='ltr'><strong>ΕΤ</strong></span> <span class='ocrx_word' id='word_1_41' title='bbox 1067 1506 1413 1568; x_wconf 74' lang='lat' dir='ltr'><strong>MARTYBIS,</strong></span> <span class='ocrx_word' id='word_1_42' title='bbox 1446 1503 1637 1551; x_wconf 75' lang='grc' dir='ltr'><strong>ΒΒΛΤΙ</strong></span> <span class='ocrx_word' id='word_1_43' title='bbox 1665 1501 1925 1551; x_wconf 71' lang='grc' dir='ltr'><strong>,ιοΔΝΝιε</strong></span> <span class='ocrx_word' id='word_1_44' title='bbox 1974 1498 2423 1545; x_wconf 67' lang='grc' dir='ltr'><strong>ΕΥΔΝϐΕωεΤΕ</strong></span> <span class='ocrx_word' id='word_1_45' title='bbox 2451 1498 2758 1554; x_wconf 67' lang='grc' dir='ltr'><strong>ρυοιωω</strong></span> <span class='ocrx_word' id='word_1_46' title='bbox 2791 1497 3139 1562; x_wconf 71' lang='lat' dir='ltr'><strong>DIBCIPULI,</strong></span> <span class='ocrx_word' id='word_1_47' title='bbox 3182 1498 3673 1548; x_wconf 67' lang='grc' dir='ltr'><strong>ηενοιηειοιωι</strong></span> 
     </span>
    </p>
   </div>
   <div class='ocr_carea' id='block_1_13' title="bbox 1945 1604 2357 1650">
    <p class='ocr_par' dir='ltr' id='par_1_13' title="bbox 1945 1604 2357 1650">
     <span class='ocr_line' id='line_1_13' title="bbox 1945 1604 2357 1650; baseline -0.005 -1"><span class='ocrx_word' id='word_1_48' title='bbox 1945 1604 2332 1650; x_wconf 70' lang='lat' dir='ltr'><strong>FRAGMENTA</strong></span> <span class='ocrx_word' id='word_1_49' title='bbox 2342 1630 2357 1647; x_wconf 94' lang='lat'><strong>.</strong></span> 
     </span>
    </p>
   </div>
   <div class='ocr_carea' id='block_1_14' title="bbox 585 1861 3775 1942">
    <p class='ocr_par' dir='ltr' id='par_1_14' title="bbox 585 1861 3775 1942">
     <span class='ocr_line' id='line_1_14' title="bbox 585 1861 3775 1942; baseline -0.003 -11"><span class='ocrx_word' id='word_1_50' title='bbox 585 1874 863 1931; x_wconf 70' lang='lat' dir='ltr'><strong>Matthmns</strong></span> <span class='ocrx_word' id='word_1_51' title='bbox 882 1871 1166 1929; x_wconf 86' lang='lat' dir='ltr'><strong>Dominum</strong></span> <span class='ocrx_word' id='word_1_52' title='bbox 1194 1869 1395 1927; x_wconf 84' lang='lat' dir='ltr'><strong>dixisse</strong></span> <span class='ocrx_word' id='word_1_53' title='bbox 1422 1876 1648 1926; x_wconf 73' lang='lat' dir='ltr'><strong>testatur</strong></span> <span class='ocrx_word' id='word_1_54' title='bbox 1695 1868 1850 1942; x_wconf 86' lang='lat' dir='ltr'><strong>(Cap.</strong></span> <span class='ocrx_word' id='word_1_55' title='bbox 1874 1882 1987 1936; x_wconf 76' lang='grc' dir='ltr'>ιιι,</span> <span class='ocrx_word' id='word_1_56' title='bbox 2012 1869 2089 1937; x_wconf 86' lang='grc'><strong>5),</strong></span> <span class='ocrx_word' id='word_1_57' title='bbox 2123 1873 2175 1932; x_wconf 80' lang='grc' dir='ltr'><strong>Α</strong></span> <span class='ocrx_word' id='word_1_58' title='bbox 2197 1866 2547 1939; x_wconf 77' lang='lat' dir='ltr'><strong>ignorabant,</strong></span> <span class='ocrx_word' id='word_1_59' title='bbox 2588 1879 2618 1921; x_wconf 90' lang='lat' dir='ltr'><strong>a</strong></span> <span class='ocrx_word' id='word_1_60' title='bbox 2648 1877 2807 1923; x_wconf 87' lang='lat' dir='ltr'><strong>causa</strong></span> <span class='ocrx_word' id='word_1_61' title='bbox 2847 1871 3046 1922; x_wconf 69' lang='lat' dir='ltr'><strong>nostrae</strong></span> <span class='ocrx_word' id='word_1_62' title='bbox 3081 1861 3468 1935; x_wconf 82' lang='lat' dir='ltr'><strong>redemptionis</strong></span> <span class='ocrx_word' id='word_1_63' title='bbox 3494 1863 3775 1937; x_wconf 81' lang='lat' dir='ltr'><strong>Evangelii</strong></span> 
     </span>
    </p>
   </div>
   <div class='ocr_carea' id='block_1_15' title="bbox 514 1956 3776 2039">
    <p class='ocr_par' dir='ltr' id='par_1_15' title="bbox 514 1956 3776 2039">
     <span class='ocr_line' id='line_1_15' title="bbox 514 1956 3776 2039; baseline -0.003 -17"><span class='ocrx_word' id='word_1_64' title='bbox 514 1968 657 2039; x_wconf 88' lang='lat' dir='ltr'><strong>quod</strong></span> <span class='ocrx_word' id='word_1_65' title='bbox 688 1968 900 2038; x_wconf 83' lang='lat' dir='ltr'><strong>Moyses</strong></span> <span class='ocrx_word' id='word_1_66' title='bbox 928 1963 1118 2022; x_wconf 82' lang='lat' dir='ltr'><strong>scribit</strong></span> <span class='ocrx_word' id='word_1_67' title='bbox 1149 1963 1358 2036; x_wconf 67' lang='lat' dir='ltr'><strong>(Cenes.</strong></span> <span class='ocrx_word' id='word_1_68' title='bbox 1391 1979 1458 2032; x_wconf 88' lang='grc' dir='ltr'>ιι,</span> <span class='ocrx_word' id='word_1_69' title='bbox 1489 1962 1609 2034; x_wconf 72' lang='grc'><strong>24),</strong></span> <span class='ocrx_word' id='word_1_70' title='bbox 1643 1962 1816 2018; x_wconf 86' lang='lat' dir='ltr'><strong>Adam</strong></span> <span class='ocrx_word' id='word_1_71' title='bbox 1858 1962 2094 2018; x_wconf 90' lang='lat' dir='ltr'><strong>locutum</strong></span> <span class='ocrx_word' id='word_1_72' title='bbox 2196 1958 2425 2028; x_wconf 80' lang='lat' dir='ltr'><strong>sumpsit</strong></span> <span class='ocrx_word' id='word_1_73' title='bbox 2452 1957 2731 2015; x_wconf 82' lang='lat' dir='ltr'><strong>exordium</strong></span> <span class='ocrx_word' id='word_1_74' title='bbox 2765 1976 2775 2011; x_wconf 94' lang='lat'><strong>:</strong></span> <span class='ocrx_word' id='word_1_75' title='bbox 2816 1972 2938 2028; x_wconf 84' lang='lat' dir='ltr'><strong>quae</strong></span> <span class='ocrx_word' id='word_1_76' title='bbox 2964 1970 3128 2012; x_wconf 87' lang='lat' dir='ltr'><strong>causa</strong></span> <span class='ocrx_word' id='word_1_77' title='bbox 3151 1970 3219 2013; x_wconf 79' lang='lat' dir='ltr'><strong>ex</strong></span> <span class='ocrx_word' id='word_1_78' title='bbox 3246 1971 3311 2012; x_wconf 91' lang='lat' dir='ltr'><strong>eo</strong></span> <span class='ocrx_word' id='word_1_79' title='bbox 3339 1965 3598 2026; x_wconf 82' lang='lat' dir='ltr'><strong>apparet,</strong></span> <span class='ocrx_word' id='word_1_80' title='bbox 3629 1956 3776 2025; x_wconf 86' lang='lat' dir='ltr'><strong>quod</strong></span> 
     </span>
    </p>
   </div>
   <div class='ocr_carea' id='block_1_16' title="bbox 514 2054 2095 2121">
    <p class='ocr_par' dir='ltr' id='par_1_16' title="bbox 514 2054 2095 2121">
     <span class='ocr_line' id='line_1_16' title="bbox 514 2054 2095 2121; baseline -0.004 -7"><span class='ocrx_word' id='word_1_81' title='bbox 514 2060 679 2117; x_wconf 78' lang='lat' dir='ltr'><strong>fuisse</strong></span> <span class='ocrx_word' id='word_1_82' title='bbox 708 2058 813 2115; x_wconf 87' lang='lat' dir='ltr'><strong>hoc</strong></span> <span class='ocrx_word' id='word_1_83' title='bbox 837 2057 1030 2114; x_wconf 89' lang='lat' dir='ltr'><strong>modo:</strong></span> <span class='ocrx_word' id='word_1_84' title='bbox 1060 2056 1171 2111; x_wconf 83' lang='lat' dir='ltr'><strong>Hoc</strong></span> <span class='ocrx_word' id='word_1_85' title='bbox 1191 2072 1327 2111; x_wconf 86' lang='lat' dir='ltr'><strong>nunc</strong></span> <span class='ocrx_word' id='word_1_86' title='bbox 1355 2072 1409 2110; x_wconf 83' lang='lat' dir='ltr'><strong>os</strong></span> <span class='ocrx_word' id='word_1_87' title='bbox 1435 2070 1497 2110; x_wconf 80' lang='lat' dir='ltr'><strong>ea:</strong></span> <span class='ocrx_word' id='word_1_88' title='bbox 1517 2054 1712 2110; x_wconf 82' lang='lat' dir='ltr'><strong>ossibus</strong></span> <span class='ocrx_word' id='word_1_89' title='bbox 1733 2054 1877 2121; x_wconf 81' lang='lat' dir='ltr'><strong>meis,</strong></span> <span class='ocrx_word' id='word_1_90' title='bbox 1908 2062 1953 2107; x_wconf 86' lang='lat' dir='ltr'><strong>et</strong></span> <span class='ocrx_word' id='word_1_91' title='bbox 1977 2068 2095 2108; x_wconf 85' lang='lat' dir='ltr'><strong>caro</strong></span> 
     </span>
    </p>
   </div>
   <div class='ocr_carea' id='block_1_17' title="bbox 515 2148 2098 2221">
    <p class='ocr_par' dir='ltr' id='par_1_17' title="bbox 515 2148 2098 2221">
     <span class='ocr_line' id='line_1_17' title="bbox 515 2148 2098 2221; baseline -0.004 -14"><span class='ocrx_word' id='word_1_92' title='bbox 515 2169 581 2207; x_wconf 78' lang='lat' dir='ltr'><strong>ea:</strong></span> <span class='ocrx_word' id='word_1_93' title='bbox 608 2169 757 2207; x_wconf 84' lang='lat' dir='ltr'><strong>carne</strong></span> <span class='ocrx_word' id='word_1_94' title='bbox 784 2168 895 2206; x_wconf 85' lang='lat' dir='ltr'><strong>mea</strong></span> <span class='ocrx_word' id='word_1_95' title='bbox 924 2167 945 2207; x_wconf 91' lang='lat'><strong><em>:</em></strong></span> <span class='ocrx_word' id='word_1_96' title='bbox 971 2152 1179 2221; x_wconf 76' lang='lat' dir='ltr'><strong>propter</strong></span> <span class='ocrx_word' id='word_1_97' title='bbox 1206 2152 1300 2204; x_wconf 80' lang='lat' dir='ltr'><strong>hoc</strong></span> <span class='ocrx_word' id='word_1_98' title='bbox 1339 2150 1589 2219; x_wconf 80' lang='lat' dir='ltr'><strong>relinquet</strong></span> <span class='ocrx_word' id='word_1_99' title='bbox 1629 2148 1781 2202; x_wconf 85' lang='lat' dir='ltr'><strong>homo</strong></span> <span class='ocrx_word' id='word_1_100' title='bbox 1819 2154 2017 2217; x_wconf 82' lang='lat' dir='ltr'><strong>patrem</strong></span> <span class='ocrx_word' id='word_1_101' title='bbox 2048 2155 2098 2200; x_wconf 82' lang='lat' dir='ltr'><strong>et</strong></span> 
     </span>
    </p>
   </div>
   <div class='ocr_carea' id='block_1_18' title="bbox 515 2236 2099 2311">
    <p class='ocr_par' dir='ltr' id='par_1_18' title="bbox 515 2236 2099 2311">
     <span class='ocr_line' id='line_1_18' title="bbox 515 2236 2099 2311; baseline -0.004 -14"><span class='ocrx_word' id='word_1_102' title='bbox 515 2256 747 2311; x_wconf 81' lang='lat' dir='ltr'><strong>matrem,</strong></span> <span class='ocrx_word' id='word_1_103' title='bbox 772 2252 874 2300; x_wconf 87' lang='lat' dir='ltr'><strong>etc.</strong></span> <span class='ocrx_word' id='word_1_104' title='bbox 899 2242 1009 2300; x_wconf 90' lang='lat' dir='ltr'><strong>Sed</strong></span> <span class='ocrx_word' id='word_1_105' title='bbox 1028 2241 1357 2298; x_wconf 84' lang='lat' dir='ltr'><strong>concordant</strong></span> <span class='ocrx_word' id='word_1_106' title='bbox 1379 2240 1590 2295; x_wconf 87' lang='lat' dir='ltr'><strong>Domini</strong></span> <span class='ocrx_word' id='word_1_107' title='bbox 1609 2238 1775 2294; x_wconf 88' lang='lat' dir='ltr'><strong>verba</strong></span> <span class='ocrx_word' id='word_1_108' title='bbox 1796 2252 1915 2293; x_wconf 92' lang='lat' dir='ltr'><strong>cum</strong></span> <span class='ocrx_word' id='word_1_109' title='bbox 1930 2236 2099 2307; x_wconf 81' lang='lat' dir='ltr'><strong>Moysi</strong></span> 
     </span>
    </p>
   </div>
   <div class='ocr_carea' id='block_1_19' title="bbox 516 2329 2101 2403">
    <p class='ocr_par' dir='ltr' id='par_1_19' title="bbox 516 2329 2101 2403">
     <span class='ocr_line' id='line_1_19' title="bbox 516 2329 2101 2403; baseline -0.004 -13"><span class='ocrx_word' id='word_1_110' title='bbox 516 2335 876 2403; x_wconf 86' lang='lat' dir='ltr'><strong>sermonibus,</strong></span> <span class='ocrx_word' id='word_1_111' title='bbox 902 2335 991 2403; x_wconf 86' lang='lat' dir='ltr'><strong>qui</strong></span> <span class='ocrx_word' id='word_1_112' title='bbox 1015 2334 1187 2389; x_wconf 81' lang='lat' dir='ltr'><strong>Adam</strong></span> <span class='ocrx_word' id='word_1_113' title='bbox 1221 2333 1465 2401; x_wconf 78' lang='lat' dir='ltr'><strong>praebens</strong></span> <span class='ocrx_word' id='word_1_114' title='bbox 1490 2330 1724 2386; x_wconf 87' lang='lat' dir='ltr'><strong>officium</strong></span> <span class='ocrx_word' id='word_1_115' title='bbox 1748 2329 2101 2398; x_wconf 87' lang='lat' dir='ltr'><strong>inspiratione</strong></span> 
     </span>
    </p>
   </div>
   <div class='ocr_carea' id='block_1_20' title="bbox 516 2420 2097 2494">
    <p class='ocr_par' dir='ltr' id='par_1_20' title="bbox 516 2420 2097 2494">
     <span class='ocr_line' id='line_1_20' title="bbox 516 2420 2097 2494; baseline -0.003 -14"><span class='ocrx_word' id='word_1_116' title='bbox 516 2426 700 2481; x_wconf 91' lang='lat' dir='ltr'><strong>divina</strong></span> <span class='ocrx_word' id='word_1_117' title='bbox 716 2425 1072 2494; x_wconf 85' lang='lat' dir='ltr'><strong>prephetavit,</strong></span> <span class='ocrx_word' id='word_1_118' title='bbox 1104 2424 1219 2493; x_wconf 89' lang='lat' dir='ltr'><strong>ipse</strong></span> <span class='ocrx_word' id='word_1_119' title='bbox 1243 2437 1273 2477; x_wconf 91' lang='lat' dir='ltr'><strong>a</strong></span> <span class='ocrx_word' id='word_1_120' title='bbox 1290 2422 1472 2491; x_wconf 83' lang='lat' dir='ltr'><strong>Moyse</strong></span> <span class='ocrx_word' id='word_1_121' title='bbox 1492 2422 1595 2477; x_wconf 91' lang='lat' dir='ltr'><strong>hoc</strong></span> <span class='ocrx_word' id='word_1_122' title='bbox 1620 2420 1819 2476; x_wconf 86' lang='lat' dir='ltr'><strong>dixisse</strong></span> <span class='ocrx_word' id='word_1_123' title='bbox 1849 2421 2097 2476; x_wconf 80' lang='lat' dir='ltr'><strong>refertur.</strong></span> 
     </span>
    </p>
   </div>
   <div class='ocr_carea' id='block_1_21' title="bbox 522 2510 2104 2585">
    <p class='ocr_par' dir='ltr' id='par_1_21' title="bbox 522 2510 2104 2585">
     <span class='ocr_line' id='line_1_21' title="bbox 522 2510 2104 2585; baseline -0.003 -14"><span class='ocrx_word' id='word_1_124' title='bbox 522 2517 664 2571; x_wconf 85' lang='lat' dir='ltr'><strong>Deus</strong></span> <span class='ocrx_word' id='word_1_125' title='bbox 691 2529 856 2582; x_wconf 89' lang='lat' dir='ltr'><strong>vero,</strong></span> <span class='ocrx_word' id='word_1_126' title='bbox 884 2516 977 2585; x_wconf 88' lang='lat' dir='ltr'><strong>qui</strong></span> <span class='ocrx_word' id='word_1_127' title='bbox 1003 2529 1101 2584; x_wconf 88' lang='lat' dir='ltr'><strong>per</strong></span> <span class='ocrx_word' id='word_1_128' title='bbox 1134 2513 1538 2584; x_wconf 90' lang='lat' dir='ltr'><strong>inspirationem</strong></span> <span class='ocrx_word' id='word_1_129' title='bbox 1578 2512 1811 2568; x_wconf 85' lang='lat' dir='ltr'><strong>divinam</strong></span> <span class='ocrx_word' id='word_1_130' title='bbox 1850 2511 1904 2566; x_wconf 89' lang='lat' dir='ltr'><strong>in</strong></span> <span class='ocrx_word' id='word_1_131' title='bbox 1942 2510 2104 2567; x_wconf 89' lang='lat' dir='ltr'><strong>corde</strong></span> 
     </span>
    </p>
   </div>
   <div class='ocr_carea' id='block_1_22' title="bbox 519 2601 2104 2674">
    <p class='ocr_par' dir='ltr' id='par_1_22' title="bbox 519 2601 2104 2674">
     <span class='ocr_line' id='line_1_22' title="bbox 519 2601 2104 2674; baseline -0.004 -11"><span class='ocrx_word' id='word_1_132' title='bbox 519 2606 691 2663; x_wconf 78' lang='lat' dir='ltr'><strong>Adam</strong></span> <span class='ocrx_word' id='word_1_133' title='bbox 717 2606 818 2661; x_wconf 89' lang='lat' dir='ltr'><strong>ista</strong></span> <span class='ocrx_word' id='word_1_134' title='bbox 841 2605 1003 2661; x_wconf 87' lang='lat' dir='ltr'><strong>verba</strong></span> <span class='ocrx_word' id='word_1_135' title='bbox 1024 2604 1297 2674; x_wconf 80' lang='lat' dir='ltr'><strong>formavit,</strong></span> <span class='ocrx_word' id='word_1_136' title='bbox 1323 2604 1437 2672; x_wconf 90' lang='lat' dir='ltr'><strong>ipse</strong></span> <span class='ocrx_word' id='word_1_137' title='bbox 1460 2601 1620 2659; x_wconf 82' lang='lat' dir='ltr'><strong>Pater</strong></span> <span class='ocrx_word' id='word_1_138' title='bbox 1640 2618 1671 2659; x_wconf 90' lang='lat' dir='ltr'><strong>a</strong></span> <span class='ocrx_word' id='word_1_139' title='bbox 1705 2601 1932 2658; x_wconf 91' lang='lat' dir='ltr'><strong>Domino</strong></span> <span class='ocrx_word' id='word_1_140' title='bbox 1959 2608 2104 2657; x_wconf 90' lang='lat' dir='ltr'><strong>recte</strong></span> 
     </span>
    </p>
   </div>
   <div class='ocr_carea' id='block_1_23' title="bbox 521 2694 2103 2765">
    <p class='ocr_par' dir='ltr' id='par_1_23' title="bbox 521 2694 2103 2765">
     <span class='ocr_line' id='line_1_23' title="bbox 521 2694 2103 2765; baseline -0.003 -13"><span class='ocrx_word' id='word_1_141' title='bbox 521 2696 731 2754; x_wconf 85' lang='lat' dir='ltr'><strong>locutus</strong></span> <span class='ocrx_word' id='word_1_142' title='bbox 756 2697 919 2753; x_wconf 86' lang='lat' dir='ltr'><strong>fuisse</strong></span> <span class='ocrx_word' id='word_1_143' title='bbox 942 2696 1194 2752; x_wconf 85' lang='lat' dir='ltr'><strong>refertur.</strong></span> <span class='ocrx_word' id='word_1_144' title='bbox 1225 2695 1357 2750; x_wconf 85' lang='lat' dir='ltr'><strong>Nam</strong></span> <span class='ocrx_word' id='word_1_145' title='bbox 1396 2704 1451 2753; x_wconf 92' lang='lat' dir='ltr'><strong>et</strong></span> <span class='ocrx_word' id='word_1_146' title='bbox 1497 2696 1666 2751; x_wconf 83' lang='lat' dir='ltr'><strong>Adam</strong></span> <span class='ocrx_word' id='word_1_147' title='bbox 1699 2696 1836 2750; x_wconf 81' lang='lat' dir='ltr'><strong>hanc</strong></span> <span class='ocrx_word' id='word_1_148' title='bbox 1868 2694 2103 2765; x_wconf 86' lang='lat' dir='ltr'><strong>prephe-</strong></span> 
     </span>
    </p>
   </div>
   <div class='ocr_carea' id='block_1_24' title="bbox 524 2788 2105 2859">
    <p class='ocr_par' dir='ltr' id='par_1_24' title="bbox 524 2788 2105 2859">
     <span class='ocr_line' id='line_1_24' title="bbox 524 2788 2105 2859; baseline 0 -16"><span class='ocrx_word' id='word_1_149' title='bbox 524 2789 652 2843; x_wconf 88' lang='lat' dir='ltr'><strong>tiam</strong></span> <span class='ocrx_word' id='word_1_150' title='bbox 693 2789 954 2858; x_wconf 87' lang='lat' dir='ltr'><strong>protulit:</strong></span> <span class='ocrx_word' id='word_1_151' title='bbox 996 2798 1051 2844; x_wconf 91' lang='lat' dir='ltr'><strong>et</strong></span> <span class='ocrx_word' id='word_1_152' title='bbox 1086 2788 1283 2859; x_wconf 86' lang='lat' dir='ltr'><strong>Pater,</strong></span> <span class='ocrx_word' id='word_1_153' title='bbox 1320 2789 1408 2859; x_wconf 89' lang='lat' dir='ltr'><strong>qui</strong></span> <span class='ocrx_word' id='word_1_154' title='bbox 1447 2803 1568 2845; x_wconf 91' lang='lat' dir='ltr'><strong>eum</strong></span> <span class='ocrx_word' id='word_1_155' title='bbox 1609 2788 1914 2859; x_wconf 85' lang='lat' dir='ltr'><strong>inspiravit,</strong></span> <span class='ocrx_word' id='word_1_156' title='bbox 1958 2795 2105 2844; x_wconf 86' lang='lat' dir='ltr'><strong>recte</strong></span> 
     </span>
    </p>
   </div>
   <div class='ocr_carea' id='block_1_25' title="bbox 524 2879 1051 2950">
    <p class='ocr_par' dir='ltr' id='par_1_25' title="bbox 524 2879 1051 2950">
     <span class='ocr_line' id='line_1_25' title="bbox 524 2879 1051 2950; baseline 0 -15"><span class='ocrx_word' id='word_1_157' title='bbox 524 2879 717 2936; x_wconf 88' lang='lat' dir='ltr'><strong>dicitur</strong></span> <span class='ocrx_word' id='word_1_158' title='bbox 744 2880 1051 2950; x_wconf 83' lang='lat' dir='ltr'><strong>protulisse.</strong></span> 
     </span>
    </p>
   </div>
   <div class='ocr_carea' id='block_1_26' title="bbox 525 3017 2107 3145">
    <p class='ocr_par' dir='ltr' id='par_1_26' title="bbox 525 3017 2107 3145">
     <span class='ocr_line' id='line_1_26' title="bbox 525 3017 2107 3145; baseline -0.001 -70"><span class='ocrx_word' id='word_1_159' title='bbox 525 3019 657 3075; x_wconf 70' lang='lat' dir='ltr'><strong>locu</strong></span> <span class='ocrx_word' id='word_1_160' title='bbox 677 3036 743 3075; x_wconf 64' lang='lat' dir='ltr'><strong>an</strong></span> <span class='ocrx_word' id='word_1_161' title='bbox 756 3033 871 3075; x_wconf 68' lang='lat' dir='ltr'><strong>nam</strong></span> <span class='ocrx_word' id='word_1_162' title='bbox 886 3034 1056 3077; x_wconf 68' lang='lat' dir='ltr'><strong>vnum</strong></span> <span class='ocrx_word' id='word_1_163' title='bbox 1066 3017 1557 3145; x_wconf 46' lang='lat' dir='ltr'><strong>CnaﬁriihCalicem</strong></span> <span class='ocrx_word' id='word_1_164' title='bbox 1572 3033 1751 3076; x_wconf 90' lang='lat' dir='ltr'><strong>meum</strong></span> <span class='ocrx_word' id='word_1_165' title='bbox 1766 3018 1980 3086; x_wconf 88' lang='lat' dir='ltr'><strong>bibetis,</strong></span> <span class='ocrx_word' id='word_1_166' title='bbox 1997 3026 2107 3076; x_wconf 90' lang='lat' dir='ltr'><strong>etc.</strong></span> 
     </span>
     <span class='ocr_line' id='line_1_27' title="bbox 1230 3106 1482 3144; baseline 0.004 -1"><span class='ocrx_word' id='word_1_167' title='bbox 1230 3107 1258 3143; x_wconf 91' lang='lat' dir='ltr'><strong>a</strong></span> <span class='ocrx_word' id='word_1_168' title='bbox 1297 3130 1300 3132; x_wconf 59' lang='grc' dir='ltr'><em>η</em></span> <span class='ocrx_word' id='word_1_169' title='bbox 1345 3130 1357 3144; x_wconf 91' lang='grc'><strong>.</strong></span> <span class='ocrx_word' id='word_1_170' title='bbox 1390 3106 1482 3144; x_wconf 77' lang='lat' dir='ltr'><strong>XX.</strong></span> 
     </span>
    </p>
   </div>
   <div class='ocr_carea' id='block_1_27' title="bbox 1230 3106 1482 3144">
    <p class='ocr_par' dir='ltr' id='par_1_27' title="bbox 1230 3106 1482 3144">
     <span class='ocr_line' id='line_1_28' title="bbox 1230 3106 1482 3144; baseline 0.004 -1"><span class='ocrx_word' id='word_1_171' title='bbox 1230 3106 1357 3144; x_wconf 87' lang='lat' dir='ltr'><strong>atm.</strong></span> <span class='ocrx_word' id='word_1_172' title='bbox 1390 3106 1482 3144; x_wconf 77' lang='lat' dir='ltr'><strong>XX.</strong></span> 
     </span>
    </p>
   </div>
   <div class='ocr_carea' id='block_1_28' title="bbox 603 3200 2111 3274">
    <p class='ocr_par' dir='ltr' id='par_1_28' title="bbox 603 3200 2111 3274">
     <span class='ocr_line' id='line_1_29' title="bbox 603 3200 2111 3274; baseline -0.001 -16"><span class='ocrx_word' id='word_1_173' title='bbox 603 3203 708 3259; x_wconf 84' lang='lat' dir='ltr'><strong>Per</strong></span> <span class='ocrx_word' id='word_1_174' title='bbox 730 3203 1033 3273; x_wconf 91' lang='lat' dir='ltr'><strong>hujusmodi</strong></span> <span class='ocrx_word' id='word_1_175' title='bbox 1060 3210 1262 3274; x_wconf 91' lang='lat' dir='ltr'><strong>potum,</strong></span> <span class='ocrx_word' id='word_1_176' title='bbox 1288 3202 1552 3273; x_wconf 86' lang='lat' dir='ltr'><strong>significat</strong></span> <span class='ocrx_word' id='word_1_177' title='bbox 1574 3204 1900 3273; x_wconf 84' lang='lat' dir='ltr'><strong>passionem.</strong></span> <span class='ocrx_word' id='word_1_178' title='bbox 1929 3200 1997 3258; x_wconf 89' lang='lat' dir='ltr'><strong>Et</strong></span> <span class='ocrx_word' id='word_1_179' title='bbox 2020 3200 2111 3259; x_wconf 82' lang='lat' dir='ltr'><strong>Ja-</strong></span> 
     </span>
    </p>
   </div>
   <div class='ocr_carea' id='block_1_29' title="bbox 2200 2039 3781 2122">
    <p class='ocr_par' dir='ltr' id='par_1_29' title="bbox 2200 2039 3781 2122">
     <span class='ocr_line' id='line_1_30' title="bbox 2200 2039 3781 2122; baseline 0 -15"><span class='ocrx_word' id='word_1_180' title='bbox 2200 2050 2393 2107; x_wconf 87' lang='lat' dir='ltr'><strong>Filium</strong></span> <span class='ocrx_word' id='word_1_181' title='bbox 2417 2066 2573 2107; x_wconf 89' lang='lat' dir='ltr'><strong>suum</strong></span> <span class='ocrx_word' id='word_1_182' title='bbox 2595 2051 2736 2108; x_wconf 88' lang='lat' dir='ltr'><strong>Deus</strong></span> <span class='ocrx_word' id='word_1_183' title='bbox 2763 2065 2860 2122; x_wconf 92' lang='lat' dir='ltr'><strong>pro</strong></span> <span class='ocrx_word' id='word_1_184' title='bbox 2888 2060 3069 2108; x_wconf 88' lang='lat' dir='ltr'><strong>nostra</strong></span> <span class='ocrx_word' id='word_1_185' title='bbox 3097 2052 3271 2107; x_wconf 89' lang='lat' dir='ltr'><strong>salute</strong></span> <span class='ocrx_word' id='word_1_186' title='bbox 3292 2051 3461 2107; x_wconf 91' lang='lat' dir='ltr'><strong>voluit</strong></span> <span class='ocrx_word' id='word_1_187' title='bbox 3487 2039 3781 2107; x_wconf 64' lang='lat' dir='ltr'><strong>incarnari&#39;.</strong></span> 
     </span>
    </p>
   </div>
   <div class='ocr_carea' id='block_1_30' title="bbox 2198 2143 3788 2214">
    <p class='ocr_par' dir='ltr' id='par_1_30' title="bbox 2198 2143 3788 2214">
     <span class='ocr_line' id='line_1_31' title="bbox 2198 2143 3788 2214; baseline 0 -15"><span class='ocrx_word' id='word_1_188' title='bbox 2198 2143 2374 2200; x_wconf 89' lang='lat' dir='ltr'><strong>Lucas</strong></span> <span class='ocrx_word' id='word_1_189' title='bbox 2400 2159 2529 2201; x_wconf 91' lang='lat' dir='ltr'><strong>vero</strong></span> <span class='ocrx_word' id='word_1_190' title='bbox 2556 2159 2587 2200; x_wconf 93' lang='lat' dir='ltr'><strong>a</strong></span> <span class='ocrx_word' id='word_1_191' title='bbox 2628 2143 2901 2200; x_wconf 63' lang='lat' dir='ltr'><strong>Zachariae</strong></span> <span class='ocrx_word' id='word_1_192' title='bbox 2927 2144 3230 2200; x_wconf 88' lang='lat' dir='ltr'><strong>sacerdotio</strong></span> <span class='ocrx_word' id='word_1_193' title='bbox 3259 2144 3465 2214; x_wconf 89' lang='lat' dir='ltr'><strong>incipit,</strong></span> <span class='ocrx_word' id='word_1_194' title='bbox 3496 2153 3557 2199; x_wconf 85' lang='lat' dir='ltr'><strong>ut</strong></span> <span class='ocrx_word' id='word_1_195' title='bbox 3585 2144 3707 2214; x_wconf 90' lang='lat' dir='ltr'><strong>ejus</strong></span> <span class='ocrx_word' id='word_1_196' title='bbox 3733 2144 3788 2199; x_wconf 84' lang='lat' dir='ltr'><strong>ﬁ-</strong></span> 
     </span>
    </p>
   </div>
   <div class='ocr_carea' id='block_1_31' title="bbox 2202 2236 3784 2309">
    <p class='ocr_par' dir='ltr' id='par_1_31' title="bbox 2202 2236 3784 2309">
     <span class='ocr_line' id='line_1_32' title="bbox 2202 2236 3784 2309; baseline 0 -16"><span class='ocrx_word' id='word_1_197' title='bbox 2202 2236 2264 2293; x_wconf 92' lang='lat' dir='ltr'><strong>lii</strong></span> <span class='ocrx_word' id='word_1_198' title='bbox 2291 2238 2549 2295; x_wconf 86' lang='lat' dir='ltr'><strong>miraculo</strong></span> <span class='ocrx_word' id='word_1_199' title='bbox 2579 2237 2895 2303; x_wconf 81' lang='lat' dir='ltr'><strong>nativitatis,</strong></span> <span class='ocrx_word' id='word_1_200' title='bbox 2924 2246 2977 2294; x_wconf 90' lang='lat' dir='ltr'><strong>et</strong></span> <span class='ocrx_word' id='word_1_201' title='bbox 3015 2238 3146 2293; x_wconf 90' lang='lat' dir='ltr'><strong>tanti</strong></span> <span class='ocrx_word' id='word_1_202' title='bbox 3174 2236 3541 2309; x_wconf 69' lang='lat' dir='ltr'><strong>prmdicatoris</strong></span> <span class='ocrx_word' id='word_1_203' title='bbox 3568 2237 3784 2307; x_wconf 84' lang='lat' dir='ltr'><strong>officio,</strong></span> 
     </span>
    </p>
   </div>
   <div class='ocr_carea' id='block_1_32' title="bbox 2202 2329 3789 2387">
    <p class='ocr_par' dir='ltr' id='par_1_32' title="bbox 2202 2329 3789 2387">
     <span class='ocr_line' id='line_1_33' title="bbox 2202 2329 3789 2387; baseline 0 -2"><span class='ocrx_word' id='word_1_204' title='bbox 2202 2330 2540 2387; x_wconf 76' lang='lat' dir='ltr'><strong>divinitatem</strong></span> <span class='ocrx_word' id='word_1_205' title='bbox 2587 2329 2787 2387; x_wconf 87' lang='lat' dir='ltr'><strong>Christi</strong></span> <span class='ocrx_word' id='word_1_206' title='bbox 2844 2330 3108 2387; x_wconf 87' lang='lat' dir='ltr'><strong>Gentibus</strong></span> <span class='ocrx_word' id='word_1_207' title='bbox 3156 2330 3480 2386; x_wconf 89' lang='lat' dir='ltr'><strong>declararet.</strong></span> <span class='ocrx_word' id='word_1_208' title='bbox 3526 2330 3680 2386; x_wconf 89' lang='lat' dir='ltr'><strong>Unde</strong></span> <span class='ocrx_word' id='word_1_209' title='bbox 3734 2340 3789 2386; x_wconf 90' lang='lat' dir='ltr'><strong>et</strong></span> 
     </span>
    </p>
   </div>
   <div class='ocr_carea' id='block_1_33' title="bbox 2204 2421 3788 2494">
    <p class='ocr_par' dir='ltr' id='par_1_33' title="bbox 2204 2421 3788 2494">
     <span class='ocr_line' id='line_1_34' title="bbox 2204 2421 3788 2494; baseline 0 -17"><span class='ocrx_word' id='word_1_210' title='bbox 2204 2422 2413 2479; x_wconf 83' lang='lat' dir='ltr'><strong>Marcus</strong></span> <span class='ocrx_word' id='word_1_211' title='bbox 2440 2422 2659 2493; x_wconf 87' lang='lat' dir='ltr'><strong>antiqua</strong></span> <span class='ocrx_word' id='word_1_212' title='bbox 2690 2421 2987 2493; x_wconf 89' lang='lat' dir='ltr'><strong>prophetici</strong></span> <span class='ocrx_word' id='word_1_213' title='bbox 3020 2421 3261 2494; x_wconf 89' lang='lat' dir='ltr'><strong>mysterii</strong></span> <span class='ocrx_word' id='word_1_214' title='bbox 3294 2423 3657 2493; x_wconf 79' lang='lat' dir='ltr'><strong>competentia</strong></span> <span class='ocrx_word' id='word_1_215' title='bbox 3696 2422 3788 2477; x_wconf 83' lang='lat' dir='ltr'><strong>ad-</strong></span> 
     </span>
    </p>
   </div>
   <div class='ocr_carea' id='block_1_34' title="bbox 2204 2514 3789 2586">
    <p class='ocr_par' dir='ltr' id='par_1_34' title="bbox 2204 2514 3789 2586">
     <span class='ocr_line' id='line_1_35' title="bbox 2204 2514 3789 2586; baseline -0.002 -15"><span class='ocrx_word' id='word_1_216' title='bbox 2204 2515 2390 2571; x_wconf 82' lang='lat' dir='ltr'><strong>ventui</strong></span> <span class='ocrx_word' id='word_1_217' title='bbox 2420 2514 2619 2572; x_wconf 90' lang='lat' dir='ltr'><strong>Christi</strong></span> <span class='ocrx_word' id='word_1_218' title='bbox 2650 2515 2925 2571; x_wconf 87' lang='lat' dir='ltr'><strong>declarat:</strong></span> <span class='ocrx_word' id='word_1_219' title='bbox 2960 2524 3019 2569; x_wconf 92' lang='lat' dir='ltr'><strong>ut</strong></span> <span class='ocrx_word' id='word_1_220' title='bbox 3046 2529 3155 2571; x_wconf 91' lang='lat' dir='ltr'><strong>non</strong></span> <span class='ocrx_word' id='word_1_221' title='bbox 3176 2529 3334 2583; x_wconf 89' lang='lat' dir='ltr'><strong>nova,</strong></span> <span class='ocrx_word' id='word_1_222' title='bbox 3365 2515 3461 2571; x_wconf 87' lang='lat' dir='ltr'><strong>sed</strong></span> <span class='ocrx_word' id='word_1_223' title='bbox 3490 2515 3789 2586; x_wconf 87' lang='lat' dir='ltr'><strong>antiquitus</strong></span> 
     </span>
    </p>
   </div>
   <div class='ocr_carea' id='block_1_35' title="bbox 2206 2606 3787 2679">
    <p class='ocr_par' dir='ltr' id='par_1_35' title="bbox 2206 2606 3787 2679">
     <span class='ocr_line' id='line_1_36' title="bbox 2206 2606 3787 2679; baseline 0.003 -19"><span class='ocrx_word' id='word_1_224' title='bbox 2206 2608 2419 2679; x_wconf 85' lang='lat' dir='ltr'><strong>prolata</strong></span> <span class='ocrx_word' id='word_1_225' title='bbox 2465 2606 2581 2676; x_wconf 88' lang='lat' dir='ltr'><strong>ejus</strong></span> <span class='ocrx_word' id='word_1_226' title='bbox 2636 2606 2943 2677; x_wconf 78' lang='lat' dir='ltr'><strong>prtedicatio</strong></span> <span class='ocrx_word' id='word_1_227' title='bbox 2989 2607 3329 2678; x_wconf 89' lang='lat' dir='ltr'><strong>probaretur.</strong></span> <span class='ocrx_word' id='word_1_228' title='bbox 3375 2608 3483 2662; x_wconf 87' lang='lat' dir='ltr'><strong>Aut</strong></span> <span class='ocrx_word' id='word_1_229' title='bbox 3535 2624 3631 2678; x_wconf 88' lang='lat' dir='ltr'><strong>per</strong></span> <span class='ocrx_word' id='word_1_230' title='bbox 3688 2608 3787 2664; x_wconf 90' lang='lat' dir='ltr'><strong>hoc</strong></span> 
     </span>
    </p>
   </div>
   <div class='ocr_carea' id='block_1_36' title="bbox 2207 2696 3789 2769">
    <p class='ocr_par' dir='ltr' id='par_1_36' title="bbox 2207 2696 3789 2769">
     <span class='ocr_line' id='line_1_37' title="bbox 2207 2696 3789 2769; baseline 0 -16"><span class='ocrx_word' id='word_1_231' title='bbox 2207 2696 2555 2768; x_wconf 86' lang='lat' dir='ltr'><strong>evangelistis</strong></span> <span class='ocrx_word' id='word_1_232' title='bbox 2590 2710 2734 2752; x_wconf 64' lang='lat' dir='ltr'><strong>cura:</strong></span> <span class='ocrx_word' id='word_1_233' title='bbox 2771 2696 2894 2766; x_wconf 82' lang='lat' dir='ltr'><strong>fuit,</strong></span> <span class='ocrx_word' id='word_1_234' title='bbox 2924 2712 2991 2754; x_wconf 88' lang='lat' dir='ltr'><strong>eo</strong></span> <span class='ocrx_word' id='word_1_235' title='bbox 3016 2698 3091 2753; x_wconf 90' lang='lat' dir='ltr'><strong>uti</strong></span> <span class='ocrx_word' id='word_1_236' title='bbox 3121 2700 3413 2768; x_wconf 74' lang='lat' dir='ltr'><strong>prooemio,</strong></span> <span class='ocrx_word' id='word_1_237' title='bbox 3445 2699 3587 2769; x_wconf 92' lang='lat' dir='ltr'><strong>quod</strong></span> <span class='ocrx_word' id='word_1_238' title='bbox 3620 2714 3789 2753; x_wconf 79' lang='lat' dir='ltr'><strong>unus-</strong></span> 
     </span>
    </p>
   </div>
   <div class='ocr_carea' id='block_1_37' title="bbox 2207 2789 3791 2862">
    <p class='ocr_par' dir='ltr' id='par_1_37' title="bbox 2207 2789 3791 2862">
     <span class='ocr_line' id='line_1_38' title="bbox 2207 2789 3791 2862; baseline -0.001 -15"><span class='ocrx_word' id='word_1_239' title='bbox 2207 2790 2439 2861; x_wconf 86' lang='lat' dir='ltr'><strong>quisque</strong></span> <span class='ocrx_word' id='word_1_240' title='bbox 2467 2790 2742 2861; x_wconf 87' lang='lat' dir='ltr'><strong>judicabat</strong></span> <span class='ocrx_word' id='word_1_241' title='bbox 2789 2789 3121 2847; x_wconf 87' lang='lat' dir='ltr'><strong>auditoribus</strong></span> <span class='ocrx_word' id='word_1_242' title='bbox 3161 2799 3435 2860; x_wconf 78' lang='lat' dir='ltr'><strong>expetere.</strong></span> <span class='ocrx_word' id='word_1_243' title='bbox 3475 2790 3622 2846; x_wconf 87' lang='lat' dir='ltr'><strong>Nihil</strong></span> <span class='ocrx_word' id='word_1_244' title='bbox 3656 2806 3791 2862; x_wconf 81' lang='lat' dir='ltr'><strong>ergo</strong></span> 
     </span>
    </p>
   </div>
   <div class='ocr_carea' id='block_1_38' title="bbox 2209 2881 3791 2955">
    <p class='ocr_par' dir='ltr' id='par_1_38' title="bbox 2209 2881 3791 2955">
     <span class='ocr_line' id='line_1_39' title="bbox 2209 2881 3791 2955; baseline -0.001 -14"><span class='ocrx_word' id='word_1_245' title='bbox 2209 2884 2538 2941; x_wconf 89' lang='lat' dir='ltr'><strong>contrarium</strong></span> <span class='ocrx_word' id='word_1_246' title='bbox 2588 2882 2884 2954; x_wconf 88' lang='lat' dir='ltr'><strong>reperitur,</strong></span> <span class='ocrx_word' id='word_1_247' title='bbox 2925 2884 3017 2940; x_wconf 92' lang='lat' dir='ltr'><strong>ubi</strong></span> <span class='ocrx_word' id='word_1_248' title='bbox 3047 2884 3173 2940; x_wconf 91' lang='lat' dir='ltr'><strong>licet</strong></span> <span class='ocrx_word' id='word_1_249' title='bbox 3197 2884 3425 2941; x_wconf 89' lang='lat' dir='ltr'><strong>diversis</strong></span> <span class='ocrx_word' id='word_1_250' title='bbox 3449 2883 3688 2955; x_wconf 90' lang='lat' dir='ltr'><strong>scriptis,</strong></span> <span class='ocrx_word' id='word_1_251' title='bbox 3722 2881 3791 2939; x_wconf 91' lang='lat' dir='ltr'><strong>ad</strong></span> 
     </span>
    </p>
   </div>
   <div class='ocr_carea' id='block_1_39' title="bbox 2213 2974 3272 3047">
    <p class='ocr_par' dir='ltr' id='par_1_39' title="bbox 2213 2974 3272 3047">
     <span class='ocr_line' id='line_1_40' title="bbox 2213 2974 3272 3047; baseline 0.001 -17"><span class='ocrx_word' id='word_1_252' title='bbox 2213 2974 2459 3031; x_wconf 82' lang='lat' dir='ltr'><strong>eamdem</strong></span> <span class='ocrx_word' id='word_1_253' title='bbox 2485 2982 2666 3032; x_wconf 87' lang='lat' dir='ltr'><strong>tamen</strong></span> <span class='ocrx_word' id='word_1_254' title='bbox 2688 2976 2918 3047; x_wconf 90' lang='lat' dir='ltr'><strong>patriam</strong></span> <span class='ocrx_word' id='word_1_255' title='bbox 2942 2976 3272 3047; x_wconf 88' lang='lat' dir='ltr'><strong>pervenitur.</strong></span> 
     </span>
    </p>
   </div>
   <div class='ocr_carea' id='block_1_40' title="bbox 2212 3107 3793 3184">
    <p class='ocr_par' dir='ltr' id='par_1_40' title="bbox 2212 3107 3793 3184">
     <span class='ocr_line' id='line_1_41' title="bbox 2212 3107 3793 3184; baseline 0.003 -19"><span class='ocrx_word' id='word_1_256' title='bbox 2212 3107 2341 3166; x_wconf 76' lang='lat' dir='ltr'><strong>lum</strong></span> <span class='ocrx_word' id='word_1_257' title='bbox 2360 3124 2410 3166; x_wconf 81' lang='lat' dir='ltr'><strong>IN</strong></span> <span class='ocrx_word' id='word_1_258' title='bbox 2434 3122 2590 3165; x_wconf 75' lang='lat' dir='ltr'><strong>tuon</strong></span> <span class='ocrx_word' id='word_1_259' title='bbox 2612 3126 2624 3162; x_wconf 90' lang='lat'><strong>:</strong></span> <span class='ocrx_word' id='word_1_260' title='bbox 2648 3108 2986 3184; x_wconf 57' lang='lat' dir='ltr'><strong>Noliyocare</strong></span> <span class='ocrx_word' id='word_1_261' title='bbox 3008 3110 3208 3184; x_wconf 82' lang='lat' dir='ltr'><strong>amicos</strong></span> <span class='ocrx_word' id='word_1_262' title='bbox 3230 3120 3372 3184; x_wconf 86' lang='lat' dir='ltr'><strong>tuos,</strong></span> <span class='ocrx_word' id='word_1_263' title='bbox 3392 3111 3497 3184; x_wconf 79' lang='lat' dir='ltr'><strong>sed</strong></span> <span class='ocrx_word' id='word_1_264' title='bbox 3524 3125 3793 3184; x_wconf 82' lang='lat' dir='ltr'><strong>pauperes</strong></span> 
     </span>
    </p>
   </div>
   <div class='ocr_carea' id='block_1_41' title="bbox 2571 3179 3436 3250">
    <p class='ocr_par' dir='ltr' id='par_1_41' title="bbox 2571 3179 3436 3250">
     <span class='ocr_line' id='line_1_42' title="bbox 2571 3179 3436 3250; baseline 0 -13"><span class='ocrx_word' id='word_1_265' title='bbox 2571 3188 2627 3237; x_wconf 89' lang='lat' dir='ltr'><strong>et</strong></span> <span class='ocrx_word' id='word_1_266' title='bbox 2654 3179 2878 3248; x_wconf 88' lang='lat' dir='ltr'><strong>debiles,</strong></span> <span class='ocrx_word' id='word_1_267' title='bbox 2910 3191 3016 3238; x_wconf 92' lang='lat' dir='ltr'><strong>etc.</strong></span> <span class='ocrx_word' id='word_1_268' title='bbox 3049 3181 3178 3238; x_wconf 74' lang='lat' dir='ltr'><strong>Luc.</strong></span> <span class='ocrx_word' id='word_1_269' title='bbox 3207 3198 3318 3250; x_wconf 82' lang='lat' dir='ltr'><strong>xw,</strong></span> <span class='ocrx_word' id='word_1_270' title='bbox 3347 3182 3436 3238; x_wconf 75' lang='grc'><strong>12.</strong></span> 
     </span>
    </p>
   </div>
   <div class='ocr_carea' id='block_1_42' title="bbox 526 3281 3798 3367">
    <p class='ocr_par' dir='ltr' id='par_1_42' title="bbox 526 3281 3798 3367">
     <span class='ocr_line' id='line_1_43' title="bbox 526 3281 3798 3367; baseline -0 -14"><span class='ocrx_word' id='word_1_271' title='bbox 526 3295 720 3353; x_wconf 92' lang='lat' dir='ltr'><strong>cobum</strong></span> <span class='ocrx_word' id='word_1_272' title='bbox 744 3296 957 3366; x_wconf 80' lang='lat' dir='ltr'><strong>quidem</strong></span> <span class='ocrx_word' id='word_1_273' title='bbox 981 3295 1332 3351; x_wconf 87' lang='lat' dir='ltr'><strong>novissimum</strong></span> <span class='ocrx_word' id='word_1_274' title='bbox 1350 3295 1608 3365; x_wconf 83' lang='lat' dir='ltr'><strong>martyrio</strong></span> <span class='ocrx_word' id='word_1_275' title='bbox 1626 3292 2110 3353; x_wconf 71' lang='lat' dir='ltr'><strong>eousummandum</strong></span> <span class='ocrx_word' id='word_1_276' title='bbox 2140 3281 2190 3345; x_wconf 87' lang='lat' dir='ltr'><strong>B</strong></span> <span class='ocrx_word' id='word_1_277' title='bbox 2286 3292 2550 3363; x_wconf 60' lang='lat' dir='ltr'><strong>Praecepit</strong></span> <span class='ocrx_word' id='word_1_278' title='bbox 2578 3309 2687 3350; x_wconf 91' lang='lat' dir='ltr'><strong>non</strong></span> <span class='ocrx_word' id='word_1_279' title='bbox 2730 3293 2963 3360; x_wconf 87' lang='lat' dir='ltr'><strong>amicos,</strong></span> <span class='ocrx_word' id='word_1_280' title='bbox 3005 3292 3101 3350; x_wconf 88' lang='lat' dir='ltr'><strong>sed</strong></span> <span class='ocrx_word' id='word_1_281' title='bbox 3143 3294 3389 3352; x_wconf 85' lang='lat' dir='ltr'><strong>inﬁrmos</strong></span> <span class='ocrx_word' id='word_1_282' title='bbox 3416 3309 3660 3367; x_wconf 80' lang='lat' dir='ltr'><strong>quosque</strong></span> <span class='ocrx_word' id='word_1_283' title='bbox 3702 3311 3798 3352; x_wconf 90' lang='lat' dir='ltr'><strong>vo-</strong></span> 
     </span>
    </p>
   </div>
   <div class='ocr_carea' id='block_1_43' title="bbox 528 3386 2113 3458">
    <p class='ocr_par' dir='ltr' id='par_1_43' title="bbox 528 3386 2113 3458">
     <span class='ocr_line' id='line_1_44' title="bbox 528 3386 2113 3458; baseline 0.002 -18"><span class='ocrx_word' id='word_1_284' title='bbox 528 3386 728 3457; x_wconf 83' lang='lat' dir='ltr'><strong>(Actor.</strong></span> <span class='ocrx_word' id='word_1_285' title='bbox 759 3402 863 3453; x_wconf 78' lang='lat' dir='ltr'><strong>xu,</strong></span> <span class='ocrx_word' id='word_1_286' title='bbox 887 3386 977 3458; x_wconf 78' lang='lat'><strong>‘2),</strong></span> <span class='ocrx_word' id='word_1_287' title='bbox 1011 3386 1228 3443; x_wconf 88' lang='lat' dir='ltr'><strong>fratrem</strong></span> <span class='ocrx_word' id='word_1_288' title='bbox 1259 3402 1387 3443; x_wconf 89' lang='lat' dir='ltr'><strong>vero</strong></span> <span class='ocrx_word' id='word_1_289' title='bbox 1415 3388 1533 3456; x_wconf 90' lang='lat' dir='ltr'><strong>ejus</strong></span> <span class='ocrx_word' id='word_1_290' title='bbox 1557 3386 1821 3443; x_wconf 85' lang='lat' dir='ltr'><strong>Joannem</strong></span> <span class='ocrx_word' id='word_1_291' title='bbox 1858 3386 2113 3443; x_wconf 87' lang='lat' dir='ltr'><strong>transitu-</strong></span> 
     </span>
    </p>
   </div>
   <div class='ocr_carea' id='block_1_44' title="bbox 528 3478 2115 3551">
    <p class='ocr_par' dir='ltr' id='par_1_44' title="bbox 528 3478 2115 3551">
     <span class='ocr_line' id='line_1_45' title="bbox 528 3478 2115 3551; baseline -0.001 -17"><span class='ocrx_word' id='word_1_292' title='bbox 528 3493 649 3535; x_wconf 91' lang='lat' dir='ltr'><strong>rum</strong></span> <span class='ocrx_word' id='word_1_293' title='bbox 676 3479 879 3550; x_wconf 88' lang='lat' dir='ltr'><strong>absque</strong></span> <span class='ocrx_word' id='word_1_294' title='bbox 906 3481 1202 3551; x_wconf 84' lang='lat' dir='ltr'><strong>martyrio;</strong></span> <span class='ocrx_word' id='word_1_295' title='bbox 1232 3482 1479 3550; x_wconf 88' lang='lat' dir='ltr'><strong>quamvis</strong></span> <span class='ocrx_word' id='word_1_296' title='bbox 1518 3488 1573 3534; x_wconf 92' lang='lat' dir='ltr'><strong>et</strong></span> <span class='ocrx_word' id='word_1_297' title='bbox 1601 3478 1921 3535; x_wconf 86' lang='lat' dir='ltr'><strong>afflictiones</strong></span> <span class='ocrx_word' id='word_1_298' title='bbox 1948 3479 2115 3548; x_wconf 84' lang='lat' dir='ltr'><strong>pluri-</strong></span> 
     </span>
    </p>
   </div>
   <div class='ocr_carea' id='block_1_45' title="bbox 528 3570 2115 3640">
    <p class='ocr_par' dir='ltr' id='par_1_45' title="bbox 528 3570 2115 3640">
     <span class='ocr_line' id='line_1_46' title="bbox 528 3570 2115 3640; baseline -0.001 -13"><span class='ocrx_word' id='word_1_299' title='bbox 528 3585 675 3637; x_wconf 87' lang='lat' dir='ltr'><strong>mas,</strong></span> <span class='ocrx_word' id='word_1_300' title='bbox 710 3581 765 3628; x_wconf 90' lang='lat' dir='ltr'><strong>et</strong></span> <span class='ocrx_word' id='word_1_301' title='bbox 796 3572 984 3627; x_wconf 80' lang='lat' dir='ltr'><strong>exsilia</strong></span> <span class='ocrx_word' id='word_1_302' title='bbox 1013 3572 1299 3627; x_wconf 88' lang='lat' dir='ltr'><strong>tolerarit:</strong></span> <span class='ocrx_word' id='word_1_303' title='bbox 1342 3570 1437 3626; x_wconf 89' lang='lat' dir='ltr'><strong>sed</strong></span> <span class='ocrx_word' id='word_1_304' title='bbox 1478 3579 1829 3639; x_wconf 82' lang='lat' dir='ltr'><strong>praeparatam</strong></span> <span class='ocrx_word' id='word_1_305' title='bbox 1856 3570 2115 3640; x_wconf 84' lang='lat' dir='ltr'><strong>martyrio</strong></span> 
     </span>
    </p>
   </div>
   <div class='ocr_carea' id='block_1_46' title="bbox 532 3661 2117 3732">
    <p class='ocr_par' dir='ltr' id='par_1_46' title="bbox 532 3661 2117 3732">
     <span class='ocr_line' id='line_1_47' title="bbox 532 3661 2117 3732; baseline -0.003 -11"><span class='ocrx_word' id='word_1_306' title='bbox 532 3674 768 3721; x_wconf 88' lang='lat' dir='ltr'><strong>mentem</strong></span> <span class='ocrx_word' id='word_1_307' title='bbox 794 3663 1043 3719; x_wconf 87' lang='lat' dir='ltr'><strong>Christus</strong></span> <span class='ocrx_word' id='word_1_308' title='bbox 1071 3671 1364 3732; x_wconf 85' lang='lat' dir='ltr'><strong>martyrem</strong></span> <span class='ocrx_word' id='word_1_309' title='bbox 1378 3661 1657 3731; x_wconf 85' lang='lat' dir='ltr'><strong>judicavit.</strong></span> <span class='ocrx_word' id='word_1_310' title='bbox 1676 3662 1807 3717; x_wconf 86' lang='lat' dir='ltr'><strong>Nam</strong></span> <span class='ocrx_word' id='word_1_311' title='bbox 1826 3661 2117 3732; x_wconf 86' lang='lat' dir='ltr'><strong>Apostolus</strong></span> 
     </span>
    </p>
   </div>
   <div class='ocr_carea' id='block_1_47' title="bbox 532 3753 2115 3826">
    <p class='ocr_par' dir='ltr' id='par_1_47' title="bbox 532 3753 2115 3826">
     <span class='ocr_line' id='line_1_48' title="bbox 532 3753 2115 3826; baseline -0.001 -13"><span class='ocrx_word' id='word_1_312' title='bbox 532 3756 755 3813; x_wconf 87' lang='lat' dir='ltr'><strong>Paulus:</strong></span> <span class='ocrx_word' id='word_1_313' title='bbox 784 3755 1042 3824; x_wconf 78' lang='lat' dir='ltr'><strong>Quotidie,</strong></span> <span class='ocrx_word' id='word_1_314' title='bbox 1078 3755 1269 3825; x_wconf 89' lang='lat' dir='ltr'><strong>inquit,</strong></span> <span class='ocrx_word' id='word_1_315' title='bbox 1293 3754 1482 3809; x_wconf 84' lang='lat' dir='ltr'><strong>morior</strong></span> <span class='ocrx_word' id='word_1_316' title='bbox 1505 3753 1560 3825; x_wconf 89' lang='grc' dir='ltr'>(ι</span> <span class='ocrx_word' id='word_1_317' title='bbox 1584 3755 1701 3810; x_wconf 83' lang='lat' dir='ltr'><strong>Cor.</strong></span> <span class='ocrx_word' id='word_1_318' title='bbox 1728 3771 1818 3822; x_wconf 81' lang='lat' dir='ltr'><strong>xv,</strong></span> <span class='ocrx_word' id='word_1_319' title='bbox 1842 3754 1966 3826; x_wconf 75' lang='lat'><strong>51);</strong></span> <span class='ocrx_word' id='word_1_320' title='bbox 1989 3753 2115 3812; x_wconf 89' lang='lat' dir='ltr'><strong>dum</strong></span> 
     </span>
    </p>
   </div>
   <div class='ocr_carea' id='block_1_48' title="bbox 533 3846 2115 3918">
    <p class='ocr_par' dir='ltr' id='par_1_48' title="bbox 533 3846 2115 3918">
     <span class='ocr_line' id='line_1_49' title="bbox 533 3846 2115 3918; baseline 0.002 -16"><span class='ocrx_word' id='word_1_321' title='bbox 533 3846 864 3916; x_wconf 88' lang='lat' dir='ltr'><strong>impossibile</strong></span> <span class='ocrx_word' id='word_1_322' title='bbox 892 3848 960 3902; x_wconf 89' lang='lat' dir='ltr'><strong>sit</strong></span> <span class='ocrx_word' id='word_1_323' title='bbox 980 3846 1218 3918; x_wconf 87' lang='lat' dir='ltr'><strong>quotidie</strong></span> <span class='ocrx_word' id='word_1_324' title='bbox 1248 3847 1383 3902; x_wconf 89' lang='lat' dir='ltr'><strong>mori</strong></span> <span class='ocrx_word' id='word_1_325' title='bbox 1408 3846 1678 3903; x_wconf 86' lang='lat' dir='ltr'><strong>hominem</strong></span> <span class='ocrx_word' id='word_1_326' title='bbox 1706 3862 1770 3903; x_wconf 88' lang='lat' dir='ltr'><strong>ea</strong></span> <span class='ocrx_word' id='word_1_327' title='bbox 1793 3856 1967 3903; x_wconf 86' lang='lat' dir='ltr'><strong>morte</strong></span> <span class='ocrx_word' id='word_1_328' title='bbox 2011 3861 2115 3917; x_wconf 77' lang='lat' dir='ltr'><strong>qua</strong></span> 
     </span>
    </p>
   </div>
   <div class='ocr_carea' id='block_1_49' title="bbox 536 3937 2115 4011">
    <p class='ocr_par' dir='ltr' id='par_1_49' title="bbox 536 3937 2115 4011">
     <span class='ocr_line' id='line_1_50' title="bbox 536 3937 2115 4011; baseline 0.002 -16"><span class='ocrx_word' id='word_1_329' title='bbox 536 3937 704 3995; x_wconf 89' lang='lat' dir='ltr'><strong>semel</strong></span> <span class='ocrx_word' id='word_1_330' title='bbox 726 3938 835 3994; x_wconf 90' lang='lat' dir='ltr'><strong>vita</strong></span> <span class='ocrx_word' id='word_1_331' title='bbox 856 3939 971 3995; x_wconf 79' lang='lat' dir='ltr'><strong>hmc</strong></span> <span class='ocrx_word' id='word_1_332' title='bbox 991 3938 1192 3995; x_wconf 84' lang='lat' dir='ltr'><strong>ﬁnitur.</strong></span> <span class='ocrx_word' id='word_1_333' title='bbox 1211 3939 1318 3996; x_wconf 89' lang='lat' dir='ltr'><strong>Sed</strong></span> <span class='ocrx_word' id='word_1_334' title='bbox 1343 3941 1595 4011; x_wconf 91' lang='lat' dir='ltr'><strong>quoniam</strong></span> <span class='ocrx_word' id='word_1_335' title='bbox 1620 3955 1719 4011; x_wconf 91' lang='lat' dir='ltr'><strong>pro</strong></span> <span class='ocrx_word' id='word_1_336' title='bbox 1739 3940 2026 4011; x_wconf 86' lang='lat' dir='ltr'><strong>Evangelio</strong></span> <span class='ocrx_word' id='word_1_337' title='bbox 2046 3941 2115 3998; x_wconf 85' lang='lat' dir='ltr'><strong>ad</strong></span> 
     </span>
    </p>
   </div>
   <div class='ocr_carea' id='block_1_50' title="bbox 535 4028 2117 4103">
    <p class='ocr_par' dir='ltr' id='par_1_50' title="bbox 535 4028 2117 4103">
     <span class='ocr_line' id='line_1_51' title="bbox 535 4028 2117 4103; baseline 0.004 -19"><span class='ocrx_word' id='word_1_338' title='bbox 535 4038 763 4085; x_wconf 89' lang='lat' dir='ltr'><strong>mortem</strong></span> <span class='ocrx_word' id='word_1_339' title='bbox 782 4028 979 4100; x_wconf 90' lang='lat' dir='ltr'><strong>jugiter</strong></span> <span class='ocrx_word' id='word_1_340' title='bbox 1000 4037 1116 4086; x_wconf 86' lang='lat' dir='ltr'><strong>erat</strong></span> <span class='ocrx_word' id='word_1_341' title='bbox 1136 4040 1488 4101; x_wconf 70' lang='lat' dir='ltr'><strong>praeparatus,</strong></span> <span class='ocrx_word' id='word_1_342' title='bbox 1527 4045 1588 4087; x_wconf 88' lang='lat' dir='ltr'><strong>se</strong></span> <span class='ocrx_word' id='word_1_343' title='bbox 1609 4030 1745 4087; x_wconf 91' lang='lat' dir='ltr'><strong>mori</strong></span> <span class='ocrx_word' id='word_1_344' title='bbox 1764 4031 2000 4103; x_wconf 89' lang='lat' dir='ltr'><strong>quotidie</strong></span> <span class='ocrx_word' id='word_1_345' title='bbox 2016 4032 2117 4090; x_wconf 88' lang='lat' dir='ltr'><strong>sub</strong></span> 
     </span>
    </p>
   </div>
   <div class='ocr_carea' id='block_1_51' title="bbox 534 4120 2144 4196">
    <p class='ocr_par' dir='ltr' id='par_1_51' title="bbox 534 4120 2144 4196">
     <span class='ocr_line' id='line_1_52' title="bbox 534 4120 2144 4196; baseline 0.004 -20"><span class='ocrx_word' id='word_1_346' title='bbox 534 4134 601 4176; x_wconf 87' lang='lat' dir='ltr'><strong>ea</strong></span> <span class='ocrx_word' id='word_1_347' title='bbox 630 4120 1014 4190; x_wconf 82' lang='lat' dir='ltr'><strong>significatione</strong></span> <span class='ocrx_word' id='word_1_348' title='bbox 1038 4130 1261 4179; x_wconf 88' lang='lat' dir='ltr'><strong>testatus</strong></span> <span class='ocrx_word' id='word_1_349' title='bbox 1279 4132 1379 4179; x_wconf 86' lang='lat' dir='ltr'><strong>est.</strong></span> <span class='ocrx_word' id='word_1_350' title='bbox 1414 4122 1630 4193; x_wconf 79' lang='lat' dir='ltr'><strong>Legitur</strong></span> <span class='ocrx_word' id='word_1_351' title='bbox 1659 4123 1751 4196; x_wconf 82' lang='lat' dir='ltr'><strong>(In</strong></span> <span class='ocrx_word' id='word_1_352' title='bbox 1780 4122 1956 4195; x_wconf 79' lang='lat' dir='ltr'><strong>gestis)</strong></span> <span class='ocrx_word' id='word_1_353' title='bbox 1983 4132 2038 4181; x_wconf 94' lang='lat' dir='ltr'><strong>et</strong></span> <span class='ocrx_word' id='word_1_354' title='bbox 2063 4127 2144 4182; x_wconf 76' lang='lat' dir='ltr'><strong>in‘</strong></span> 
     </span>
    </p>
   </div>
   <div class='ocr_carea' id='block_1_52' title="bbox 536 4211 2117 4285">
    <p class='ocr_par' dir='ltr' id='par_1_52' title="bbox 536 4211 2117 4285">
     <span class='ocr_line' id='line_1_53' title="bbox 536 4211 2117 4285; baseline 0.006 -19"><span class='ocrx_word' id='word_1_355' title='bbox 536 4211 680 4268; x_wconf 92' lang='lat' dir='ltr'><strong>dolio</strong></span> <span class='ocrx_word' id='word_1_356' title='bbox 702 4212 956 4268; x_wconf 85' lang='lat' dir='ltr'><strong>ferventis</strong></span> <span class='ocrx_word' id='word_1_357' title='bbox 975 4214 1079 4271; x_wconf 85' lang='lat' dir='ltr'><strong>olei</strong></span> <span class='ocrx_word' id='word_1_358' title='bbox 1103 4228 1199 4285; x_wconf 90' lang='lat' dir='ltr'><strong>pro</strong></span> <span class='ocrx_word' id='word_1_359' title='bbox 1224 4216 1441 4272; x_wconf 89' lang='lat' dir='ltr'><strong>nomine</strong></span> <span class='ocrx_word' id='word_1_360' title='bbox 1459 4214 1659 4273; x_wconf 85' lang='lat' dir='ltr'><strong>Christi</strong></span> <span class='ocrx_word' id='word_1_361' title='bbox 1680 4216 1869 4273; x_wconf 87' lang='lat' dir='ltr'><strong>beatus</strong></span> <span class='ocrx_word' id='word_1_362' title='bbox 1883 4215 2117 4275; x_wconf 85' lang='lat' dir='ltr'><strong>Joannes</strong></span> 
     </span>
    </p>
   </div>
   <div class='ocr_carea' id='block_1_53' title="bbox 533 4300 1021 4360">
    <p class='ocr_par' dir='ltr' id='par_1_53' title="bbox 533 4300 1021 4360">
     <span class='ocr_line' id='line_1_54' title="bbox 533 4300 1021 4360; baseline 0.008 -5"><span class='ocrx_word' id='word_1_363' title='bbox 533 4300 699 4359; x_wconf 81' lang='lat' dir='ltr'><strong>fuisse</strong></span> <span class='ocrx_word' id='word_1_364' title='bbox 723 4302 1021 4360; x_wconf 89' lang='lat' dir='ltr'><strong>demersus.</strong></span> 
     </span>
    </p>
   </div>
   <div class='ocr_carea' id='block_1_54' title="bbox 662 4412 1981 4479">
    <p class='ocr_par' dir='ltr' id='par_1_54' title="bbox 662 4412 1981 4479">
     <span class='ocr_line' id='line_1_55' title="bbox 662 4412 1981 4479; baseline 0.008 -10"><span class='ocrx_word' id='word_1_365' title='bbox 662 4412 793 4470; x_wconf 75' lang='lat' dir='ltr'><strong>lusu</strong></span> <span class='ocrx_word' id='word_1_366' title='bbox 822 4430 889 4469; x_wconf 75' lang='lat' dir='ltr'><strong>ne</strong></span> <span class='ocrx_word' id='word_1_367' title='bbox 917 4428 1085 4471; x_wconf 78' lang='lat' dir='ltr'><strong>lNlTlO</strong></span> <span class='ocrx_word' id='word_1_368' title='bbox 1108 4414 1398 4474; x_wconf 74' lang='lat' dir='ltr'><strong>EVANGELII</strong></span> <span class='ocrx_word' id='word_1_369' title='bbox 1427 4433 1701 4476; x_wconf 79' lang='lat' dir='ltr'><strong>secmvnuu</strong></span> <span class='ocrx_word' id='word_1_370' title='bbox 1727 4419 1981 4479; x_wconf 72' lang='lat' dir='ltr'><strong>MARCUI.</strong></span> 
     </span>
    </p>
   </div>
   <div class='ocr_carea' id='block_1_55' title="bbox 606 4528 2119 4603">
    <p class='ocr_par' dir='ltr' id='par_1_55' title="bbox 606 4528 2119 4603">
     <span class='ocr_line' id='line_1_56' title="bbox 606 4528 2119 4603; baseline 0.006 -21"><span class='ocrx_word' id='word_1_371' title='bbox 606 4528 1018 4585; x_wconf 75' lang='lat' dir='ltr'><strong>Rationabiliter</strong></span> <span class='ocrx_word' id='word_1_372' title='bbox 1038 4530 1385 4600; x_wconf 76' lang='lat' dir='ltr'><strong>evangelista:</strong></span> <span class='ocrx_word' id='word_1_373' title='bbox 1407 4531 1688 4603; x_wconf 88' lang='lat' dir='ltr'><strong>principiis</strong></span> <span class='ocrx_word' id='word_1_374' title='bbox 1710 4533 1938 4590; x_wconf 88' lang='lat' dir='ltr'><strong>diversis</strong></span> <span class='ocrx_word' id='word_1_375' title='bbox 1959 4542 2119 4591; x_wconf 91' lang='lat' dir='ltr'><strong>utun-</strong></span> 
     </span>
    </p>
   </div>
   <div class='ocr_carea' id='block_1_56' title="bbox 535 4617 2110 4690">
    <p class='ocr_par' dir='ltr' id='par_1_56' title="bbox 535 4617 2110 4690">
     <span class='ocr_line' id='line_1_57' title="bbox 535 4617 2110 4690; baseline 0.005 -18"><span class='ocrx_word' id='word_1_376' title='bbox 535 4624 655 4681; x_wconf 92' lang='lat' dir='ltr'><strong>tur,</strong></span> <span class='ocrx_word' id='word_1_377' title='bbox 703 4617 947 4687; x_wconf 87' lang='lat' dir='ltr'><strong>quamvis</strong></span> <span class='ocrx_word' id='word_1_378' title='bbox 986 4622 1105 4675; x_wconf 50' lang='lat' dir='ltr'><strong>una’</strong></span> <span class='ocrx_word' id='word_1_379' title='bbox 1139 4620 1435 4690; x_wconf 89' lang='lat' dir='ltr'><strong>eademque</strong></span> <span class='ocrx_word' id='word_1_380' title='bbox 1480 4623 1880 4689; x_wconf 81' lang='lat' dir='ltr'><strong>evangelizandi</strong></span> <span class='ocrx_word' id='word_1_381' title='bbox 1924 4638 2110 4680; x_wconf 89' lang='lat' dir='ltr'><strong>eorum</strong></span> 
     </span>
    </p>
   </div>
   <div class='ocr_carea' id='block_1_57' title="bbox 2216 3384 3798 3462">
    <p class='ocr_par' dir='ltr' id='par_1_57' title="bbox 2216 3384 3798 3462">
     <span class='ocr_line' id='line_1_58' title="bbox 2216 3384 3798 3462; baseline 0.004 -21"><span class='ocrx_word' id='word_1_382' title='bbox 2216 3384 2417 3442; x_wconf 86' lang='lat' dir='ltr'><strong>candos</strong></span> <span class='ocrx_word' id='word_1_383' title='bbox 2449 3385 2515 3441; x_wconf 92' lang='lat' dir='ltr'><strong>ad</strong></span> <span class='ocrx_word' id='word_1_384' title='bbox 2545 3387 2848 3456; x_wconf 90' lang='lat' dir='ltr'><strong>prandium.</strong></span> <span class='ocrx_word' id='word_1_385' title='bbox 2887 3387 3041 3454; x_wconf 85' lang='lat' dir='ltr'><strong>Quod</strong></span> <span class='ocrx_word' id='word_1_386' title='bbox 3072 3389 3120 3443; x_wconf 89' lang='lat' dir='ltr'><strong>si</strong></span> <span class='ocrx_word' id='word_1_387' title='bbox 3147 3389 3403 3458; x_wconf 87' lang='lat' dir='ltr'><strong>claudus,</strong></span> <span class='ocrx_word' id='word_1_388' title='bbox 3446 3400 3543 3446; x_wconf 88' lang='lat' dir='ltr'><strong>aut</strong></span> <span class='ocrx_word' id='word_1_389' title='bbox 3568 3391 3798 3462; x_wconf 86' lang='lat' dir='ltr'><strong>quilibet</strong></span> 
     </span>
    </p>
   </div>
   <div class='ocr_carea' id='block_1_58' title="bbox 2217 3476 3798 3549">
    <p class='ocr_par' dir='ltr' id='par_1_58' title="bbox 2217 3476 3798 3549">
     <span class='ocr_line' id='line_1_59' title="bbox 2217 3476 3798 3549; baseline 0.001 -13"><span class='ocrx_word' id='word_1_390' title='bbox 2217 3493 2404 3536; x_wconf 90' lang='lat' dir='ltr'><strong>eorum</strong></span> <span class='ocrx_word' id='word_1_391' title='bbox 2419 3477 2725 3545; x_wconf 90' lang='lat' dir='ltr'><strong>sitamicus,</strong></span> <span class='ocrx_word' id='word_1_392' title='bbox 2742 3477 2859 3533; x_wconf 89' lang='lat' dir='ltr'><strong>sine</strong></span> <span class='ocrx_word' id='word_1_393' title='bbox 2878 3476 3040 3535; x_wconf 92' lang='lat' dir='ltr'><strong>dubio</strong></span> <span class='ocrx_word' id='word_1_394' title='bbox 3059 3478 3180 3533; x_wconf 84' lang='lat' dir='ltr'><strong>talis</strong></span> <span class='ocrx_word' id='word_1_395' title='bbox 3202 3493 3300 3549; x_wconf 90' lang='lat' dir='ltr'><strong>pro</strong></span> <span class='ocrx_word' id='word_1_396' title='bbox 3321 3480 3554 3536; x_wconf 87' lang='lat' dir='ltr'><strong>amicitia</strong></span> <span class='ocrx_word' id='word_1_397' title='bbox 3576 3481 3798 3538; x_wconf 85' lang='lat' dir='ltr'><strong>minime</strong></span> 
     </span>
    </p>
   </div>
   <div class='ocr_carea' id='block_1_59' title="bbox 2216 3567 3799 3643">
    <p class='ocr_par' dir='ltr' id='par_1_59' title="bbox 2216 3567 3799 3643">
     <span class='ocr_line' id='line_1_60' title="bbox 2216 3567 3799 3643; baseline 0.003 -18"><span class='ocrx_word' id='word_1_398' title='bbox 2216 3578 2300 3626; x_wconf 89' lang='lat' dir='ltr'><strong>est</strong></span> <span class='ocrx_word' id='word_1_399' title='bbox 2326 3568 2595 3640; x_wconf 79' lang='lat' dir='ltr'><strong>rogandus</strong></span> <span class='ocrx_word' id='word_1_400' title='bbox 2622 3585 2634 3621; x_wconf 91' lang='lat'><strong>:</strong></span> <span class='ocrx_word' id='word_1_401' title='bbox 2662 3567 2804 3624; x_wconf 87' lang='lat' dir='ltr'><strong>unde</strong></span> <span class='ocrx_word' id='word_1_402' title='bbox 2827 3569 2943 3638; x_wconf 88' lang='lat' dir='ltr'><strong>ipsa</strong></span> <span class='ocrx_word' id='word_1_403' title='bbox 2966 3569 3122 3637; x_wconf 90' lang='lat' dir='ltr'><strong>quasi</strong></span> <span class='ocrx_word' id='word_1_404' title='bbox 3139 3569 3385 3626; x_wconf 86' lang='lat' dir='ltr'><strong>videntur</strong></span> <span class='ocrx_word' id='word_1_405' title='bbox 3404 3586 3462 3626; x_wconf 90' lang='lat' dir='ltr'><strong>se</strong></span> <span class='ocrx_word' id='word_1_406' title='bbox 3480 3572 3799 3643; x_wconf 74' lang='lat' dir='ltr'><strong>impugnare</strong></span> 
     </span>
    </p>
   </div>
   <div class='ocr_carea' id='block_1_60' title="bbox 2216 3658 3799 3728">
    <p class='ocr_par' dir='ltr' id='par_1_60' title="bbox 2216 3658 3799 3728">
     <span class='ocr_line' id='line_1_61' title="bbox 2216 3658 3799 3728; baseline 0.006 -16"><span class='ocrx_word' id='word_1_407' title='bbox 2216 3658 2487 3714; x_wconf 88' lang='lat' dir='ltr'><strong>mandata.</strong></span> <span class='ocrx_word' id='word_1_408' title='bbox 2514 3658 2648 3714; x_wconf 86' lang='lat' dir='ltr'><strong>Nam</strong></span> <span class='ocrx_word' id='word_1_409' title='bbox 2679 3659 2725 3714; x_wconf 88' lang='lat' dir='ltr'><strong>si</strong></span> <span class='ocrx_word' id='word_1_410' title='bbox 2749 3674 2859 3715; x_wconf 92' lang='lat' dir='ltr'><strong>non</strong></span> <span class='ocrx_word' id='word_1_411' title='bbox 2884 3659 3066 3728; x_wconf 86' lang='lat' dir='ltr'><strong>amici,</strong></span> <span class='ocrx_word' id='word_1_412' title='bbox 3093 3659 3190 3716; x_wconf 89' lang='lat' dir='ltr'><strong>sed</strong></span> <span class='ocrx_word' id='word_1_413' title='bbox 3214 3661 3393 3718; x_wconf 84' lang='lat' dir='ltr'><strong>claudi</strong></span> <span class='ocrx_word' id='word_1_414' title='bbox 3421 3672 3475 3718; x_wconf 87' lang='lat' dir='ltr'><strong>et</strong></span> <span class='ocrx_word' id='word_1_415' title='bbox 3503 3665 3634 3719; x_wconf 67' lang='lat' dir='ltr'><strong>caeci</strong></span> <span class='ocrx_word' id='word_1_416' title='bbox 3672 3673 3799 3721; x_wconf 87' lang='lat' dir='ltr'><strong>sunt</strong></span> 
     </span>
    </p>
   </div>
   <div class='ocr_carea' id='block_1_61' title="bbox 2217 3751 3798 3826">
    <p class='ocr_par' dir='ltr' id='par_1_61' title="bbox 2217 3751 3798 3826">
     <span class='ocr_line' id='line_1_62' title="bbox 2217 3751 3798 3826; baseline 0 -17"><span class='ocrx_word' id='word_1_417' title='bbox 2217 3751 2508 3819; x_wconf 88' lang='lat' dir='ltr'><strong>invitandi,</strong></span> <span class='ocrx_word' id='word_1_418' title='bbox 2549 3754 2805 3823; x_wconf 89' lang='lat' dir='ltr'><strong>ipsosque</strong></span> <span class='ocrx_word' id='word_1_419' title='bbox 2834 3766 3047 3823; x_wconf 89' lang='lat' dir='ltr'><strong>quoque</strong></span> <span class='ocrx_word' id='word_1_420' title='bbox 3086 3753 3289 3810; x_wconf 87' lang='lat' dir='ltr'><strong>amicos</strong></span> <span class='ocrx_word' id='word_1_421' title='bbox 3334 3768 3457 3811; x_wconf 87' lang='lat' dir='ltr'><strong>esse</strong></span> <span class='ocrx_word' id='word_1_422' title='bbox 3498 3756 3798 3826; x_wconf 86' lang='lat' dir='ltr'><strong>contingat,</strong></span> 
     </span>
    </p>
   </div>
   <div class='ocr_carea' id='block_1_62' title="bbox 2217 3843 3796 3916">
    <p class='ocr_par' dir='ltr' id='par_1_62' title="bbox 2217 3843 3796 3916">
     <span class='ocr_line' id='line_1_63' title="bbox 2217 3843 3796 3916; baseline 0.002 -17"><span class='ocrx_word' id='word_1_423' title='bbox 2217 3858 2556 3915; x_wconf 87' lang='lat' dir='ltr'><strong>nequaquam</strong></span> <span class='ocrx_word' id='word_1_424' title='bbox 2584 3858 2779 3914; x_wconf 88' lang='lat' dir='ltr'><strong>rogare</strong></span> <span class='ocrx_word' id='word_1_425' title='bbox 2804 3843 3094 3900; x_wconf 90' lang='lat' dir='ltr'><strong>debemus.</strong></span> <span class='ocrx_word' id='word_1_426' title='bbox 3124 3845 3232 3901; x_wconf 88' lang='lat' dir='ltr'><strong>Sed</strong></span> <span class='ocrx_word' id='word_1_427' title='bbox 3259 3845 3462 3904; x_wconf 88' lang='lat' dir='ltr'><strong>amicos</strong></span> <span class='ocrx_word' id='word_1_428' title='bbox 3486 3888 3504 3916; x_wconf 94' lang='lat'><strong>,</strong></span> <span class='ocrx_word' id='word_1_429' title='bbox 3542 3848 3796 3913; x_wconf 86' lang='lat' dir='ltr'><strong>arbitror,</strong></span> 
     </span>
    </p>
   </div>
   <div class='ocr_carea' id='block_1_63' title="bbox 2217 3927 3798 4011">
    <p class='ocr_par' dir='ltr' id='par_1_63' title="bbox 2217 3927 3798 4011">
     <span class='ocr_line' id='line_1_64' title="bbox 2217 3927 3798 4011; baseline 0.003 -18"><span class='ocrx_word' id='word_1_430' title='bbox 2217 3936 2445 4007; x_wconf 78' lang='lat' dir='ltr'><strong>intelligi</strong></span> <span class='ocrx_word' id='word_1_431' title='bbox 2460 3927 2561 3993; x_wconf 91' lang='lat' dir='ltr'><strong>hoc</strong></span> <span class='ocrx_word' id='word_1_432' title='bbox 2577 3936 2696 3993; x_wconf 92' lang='lat' dir='ltr'><strong>loco</strong></span> <span class='ocrx_word' id='word_1_433' title='bbox 2724 3936 2983 3993; x_wconf 90' lang='lat' dir='ltr'><strong>debemus</strong></span> <span class='ocrx_word' id='word_1_434' title='bbox 2999 3938 3144 4005; x_wconf 90' lang='lat' dir='ltr'><strong>illos,</strong></span> <span class='ocrx_word' id='word_1_435' title='bbox 3165 3954 3303 4011; x_wconf 91' lang='lat' dir='ltr'><strong>quos</strong></span> <span class='ocrx_word' id='word_1_436' title='bbox 3317 3954 3416 4009; x_wconf 90' lang='lat' dir='ltr'><strong>pro</strong></span> <span class='ocrx_word' id='word_1_437' title='bbox 3433 3941 3620 3997; x_wconf 90' lang='lat' dir='ltr'><strong>mundi</strong></span> <span class='ocrx_word' id='word_1_438' title='bbox 3638 3940 3798 4011; x_wconf 86' lang='lat' dir='ltr'><strong>hujus</strong></span> 
     </span>
    </p>
   </div>
   <div class='ocr_carea' id='block_1_64' title="bbox 2218 4030 3800 4103">
    <p class='ocr_par' dir='ltr' id='par_1_64' title="bbox 2218 4030 3800 4103">
     <span class='ocr_line' id='line_1_65' title="bbox 2218 4030 3800 4103; baseline 0.004 -19"><span class='ocrx_word' id='word_1_439' title='bbox 2218 4036 2430 4086; x_wconf 88' lang='lat' dir='ltr'><strong>terrena</strong></span> <span class='ocrx_word' id='word_1_440' title='bbox 2479 4030 2910 4087; x_wconf 88' lang='lat' dir='ltr'><strong>consideratione</strong></span> <span class='ocrx_word' id='word_1_441' title='bbox 2957 4031 3257 4103; x_wconf 83' lang='lat' dir='ltr'><strong>diligimus,</strong></span> <span class='ocrx_word' id='word_1_442' title='bbox 3304 4048 3413 4089; x_wconf 89' lang='lat' dir='ltr'><strong>non</strong></span> <span class='ocrx_word' id='word_1_443' title='bbox 3460 4048 3563 4103; x_wconf 90' lang='lat' dir='ltr'><strong>pro</strong></span> <span class='ocrx_word' id='word_1_444' title='bbox 3601 4034 3800 4090; x_wconf 61' lang='lat' dir='ltr'><strong>divinae</strong></span> 
     </span>
    </p>
   </div>
   <div class='ocr_carea' id='block_1_65' title="bbox 2218 4119 3800 4192">
    <p class='ocr_par' dir='ltr' id='par_1_65' title="bbox 2218 4119 3800 4192">
     <span class='ocr_line' id='line_1_66' title="bbox 2218 4119 3800 4192; baseline 0.004 -19"><span class='ocrx_word' id='word_1_445' title='bbox 2218 4119 2685 4189; x_wconf 88' lang='lat' dir='ltr'><strong>contemplationis</strong></span> <span class='ocrx_word' id='word_1_446' title='bbox 2731 4119 2949 4176; x_wconf 89' lang='lat' dir='ltr'><strong>intuitu.</strong></span> <span class='ocrx_word' id='word_1_447' title='bbox 2984 4119 3048 4175; x_wconf 89' lang='lat' dir='ltr'><strong>lli</strong></span> <span class='ocrx_word' id='word_1_448' title='bbox 3072 4128 3197 4176; x_wconf 87' lang='lat' dir='ltr'><strong>sunt</strong></span> <span class='ocrx_word' id='word_1_449' title='bbox 3237 4121 3399 4192; x_wconf 83' lang='lat' dir='ltr'><strong>igitur</strong></span> <span class='ocrx_word' id='word_1_450' title='bbox 3436 4123 3593 4179; x_wconf 88' lang='lat' dir='ltr'><strong>amici</strong></span> <span class='ocrx_word' id='word_1_451' title='bbox 3633 4124 3800 4181; x_wconf 86' lang='lat' dir='ltr'><strong>relin-</strong></span> 
     </span>
    </p>
   </div>
   <div class='ocr_carea' id='block_1_66' title="bbox 2218 4211 3797 4286">
    <p class='ocr_par' dir='ltr' id='par_1_66' title="bbox 2218 4211 3797 4286">
     <span class='ocr_line' id='line_1_67' title="bbox 2218 4211 3797 4286; baseline 0.003 -19"><span class='ocrx_word' id='word_1_452' title='bbox 2218 4211 2436 4282; x_wconf 88' lang='lat' dir='ltr'><strong>quendi.</strong></span> <span class='ocrx_word' id='word_1_453' title='bbox 2466 4212 2737 4283; x_wconf 87' lang='lat' dir='ltr'><strong>Denique,</strong></span> <span class='ocrx_word' id='word_1_454' title='bbox 2771 4212 2893 4270; x_wconf 90' lang='lat' dir='ltr'><strong>ideo</strong></span> <span class='ocrx_word' id='word_1_455' title='bbox 2918 4211 3175 4269; x_wconf 89' lang='lat' dir='ltr'><strong>debilium</strong></span> <span class='ocrx_word' id='word_1_456' title='bbox 3211 4215 3461 4286; x_wconf 82' lang='lat' dir='ltr'><strong>exempla</strong></span> <span class='ocrx_word' id='word_1_457' title='bbox 3489 4217 3797 4286; x_wconf 85' lang='lat' dir='ltr'><strong>proposuit,</strong></span> 
     </span>
    </p>
   </div>
   <div class='ocr_carea' id='block_1_67' title="bbox 2218 4302 3799 4375">
    <p class='ocr_par' dir='ltr' id='par_1_67' title="bbox 2218 4302 3799 4375">
     <span class='ocr_line' id='line_1_68' title="bbox 2218 4302 3799 4375; baseline 0.004 -16"><span class='ocrx_word' id='word_1_458' title='bbox 2218 4317 2353 4375; x_wconf 88' lang='lat' dir='ltr'><strong>quos</strong></span> <span class='ocrx_word' id='word_1_459' title='bbox 2383 4316 2479 4372; x_wconf 93' lang='lat' dir='ltr'><strong>pro</strong></span> <span class='ocrx_word' id='word_1_460' title='bbox 2514 4302 2715 4359; x_wconf 87' lang='lat' dir='ltr'><strong>nullius</strong></span> <span class='ocrx_word' id='word_1_461' title='bbox 2743 4316 3027 4372; x_wconf 91' lang='lat' dir='ltr'><strong>possumus</strong></span> <span class='ocrx_word' id='word_1_462' title='bbox 3055 4310 3311 4374; x_wconf 88' lang='lat' dir='ltr'><strong>appetere</strong></span> <span class='ocrx_word' id='word_1_463' title='bbox 3352 4307 3675 4364; x_wconf 87' lang='lat' dir='ltr'><strong>necessitate</strong></span> <span class='ocrx_word' id='word_1_464' title='bbox 3702 4322 3799 4365; x_wconf 87' lang='lat' dir='ltr'><strong>ne-</strong></span> 
     </span>
    </p>
   </div>
   <div class='ocr_carea' id='block_1_68' title="bbox 2220 4396 3787 4476">
    <p class='ocr_par' dir='ltr' id='par_1_68' title="bbox 2220 4396 3787 4476">
     <span class='ocr_line' id='line_1_69' title="bbox 2220 4396 3787 4476; baseline 0.003 -23"><span class='ocrx_word' id='word_1_465' title='bbox 2220 4396 2370 4469; x_wconf 86' lang='lat' dir='ltr'><strong>g0tii,</strong></span> <span class='ocrx_word' id='word_1_466' title='bbox 2400 4396 2504 4454; x_wconf 87' lang='lat' dir='ltr'><strong>nisi</strong></span> <span class='ocrx_word' id='word_1_467' title='bbox 2530 4404 2736 4454; x_wconf 88' lang='lat' dir='ltr'><strong>tantum</strong></span> <span class='ocrx_word' id='word_1_468' title='bbox 2759 4412 2859 4469; x_wconf 91' lang='lat' dir='ltr'><strong>pro</strong></span> <span class='ocrx_word' id='word_1_469' title='bbox 2881 4398 3059 4455; x_wconf 87' lang='lat' dir='ltr'><strong>fructu</strong></span> <span class='ocrx_word' id='word_1_470' title='bbox 3084 4398 3455 4458; x_wconf 86' lang='lat' dir='ltr'><strong>retributionis</strong></span> <span class='ocrx_word' id='word_1_471' title='bbox 3484 4408 3722 4458; x_wconf 56' lang='lat' dir='ltr'><strong>aeternae.</strong></span> <span class='ocrx_word' id='word_1_472' title='bbox 3782 4472 3787 4476; x_wconf 24' lang='grc'><strong><em>⁸</em></strong></span> 
     </span>
    </p>
   </div>
   <div class='ocr_carea' id='block_1_69' title="bbox 2223 4526 3795 4602">
    <p class='ocr_par' dir='ltr' id='par_1_69' title="bbox 2223 4526 3795 4602">
     <span class='ocr_line' id='line_1_70' title="bbox 2223 4526 3795 4602; baseline 0.006 -20"><span class='ocrx_word' id='word_1_473' title='bbox 2223 4526 2350 4586; x_wconf 76' lang='lat' dir='ltr'><strong>lusu</strong></span> <span class='ocrx_word' id='word_1_474' title='bbox 2380 4544 2432 4584; x_wconf 83' lang='lat' dir='ltr'><strong>IN</strong></span> <span class='ocrx_word' id='word_1_475' title='bbox 2453 4543 2648 4586; x_wconf 82' lang='lat' dir='ltr'><strong>lLLUD:</strong></span> <span class='ocrx_word' id='word_1_476' title='bbox 2680 4529 2837 4602; x_wconf 83' lang='lat' dir='ltr'><strong>Opus</strong></span> <span class='ocrx_word' id='word_1_477' title='bbox 2853 4532 3239 4602; x_wconf 85' lang='lat' dir='ltr'><strong>consummavi,</strong></span> <span class='ocrx_word' id='word_1_478' title='bbox 3268 4532 3408 4602; x_wconf 92' lang='lat' dir='ltr'><strong>quod</strong></span> <span class='ocrx_word' id='word_1_479' title='bbox 3436 4533 3632 4593; x_wconf 88' lang='lat' dir='ltr'><strong>dedisti</strong></span> <span class='ocrx_word' id='word_1_480' title='bbox 3660 4534 3795 4592; x_wconf 89' lang='lat' dir='ltr'><strong>mihi</strong></span> 
     </span>
    </p>
   </div>
   <div class='ocr_carea' id='block_1_70' title="bbox 2664 4601 3370 4672">
    <p class='ocr_par' dir='ltr' id='par_1_70' title="bbox 2664 4601 3370 4672">
     <span class='ocr_line' id='line_1_71' title="bbox 2664 4601 3370 4672; baseline 0.004 -16"><span class='ocrx_word' id='word_1_481' title='bbox 2664 4608 2721 4656; x_wconf 93' lang='lat' dir='ltr'><strong>ut</strong></span> <span class='ocrx_word' id='word_1_482' title='bbox 2740 4601 2951 4657; x_wconf 80' lang='lat' dir='ltr'><strong>faciam.</strong></span> <span class='ocrx_word' id='word_1_483' title='bbox 2973 4601 3133 4659; x_wconf 85' lang='lat' dir='ltr'><strong>Joan.</strong></span> <span class='ocrx_word' id='word_1_484' title='bbox 3162 4601 3297 4672; x_wconf 42' lang='lat' dir='ltr'><strong>xvu,’</strong></span> <span class='ocrx_word' id='word_1_485' title='bbox 3314 4604 3370 4661; x_wconf 74' lang='grc' dir='ltr'>ι.</span> 
     </span>
    </p>
   </div>
   <div class='ocr_carea' id='block_1_71' title="bbox 535 4671 3800 4787">
    <p class='ocr_par' dir='ltr' id='par_1_71' title="bbox 535 4671 3800 4787">
     <span class='ocr_line' id='line_1_72' title="bbox 535 4671 3800 4787; baseline 0.005 -27"><span class='ocrx_word' id='word_1_486' title='bbox 535 4706 791 4776; x_wconf 89' lang='lat' dir='ltr'><strong>probetur</strong></span> <span class='ocrx_word' id='word_1_487' title='bbox 814 4708 1062 4763; x_wconf 89' lang='lat' dir='ltr'><strong>intentio.</strong></span> <span class='ocrx_word' id='word_1_488' title='bbox 1083 4671 1365 4766; x_wconf 63' lang='lat' dir='ltr'><strong>Matthaaus</strong></span> <span class='ocrx_word' id='word_1_489' title='bbox 1384 4719 1443 4765; x_wconf 93' lang='lat' dir='ltr'><strong>ut</strong></span> <span class='ocrx_word' id='word_1_490' title='bbox 1469 4711 1707 4769; x_wconf 64' lang='lat' dir='ltr'><strong>Hebraeis</strong></span> <span class='ocrx_word' id='word_1_491' title='bbox 1733 4713 1996 4781; x_wconf 88' lang='lat' dir='ltr'><strong>scribens,</strong></span> <span class='ocrx_word' id='word_1_492' title='bbox 2020 4730 2112 4785; x_wconf 83' lang='lat' dir='ltr'><strong>ge-</strong></span> <span class='ocrx_word' id='word_1_493' title='bbox 2136 4671 2184 4735; x_wconf 61' lang='grc' dir='ltr'>ε</span> <span class='ocrx_word' id='word_1_494' title='bbox 2290 4712 2571 4781; x_wconf 87' lang='lat' dir='ltr'><strong>Quomodo</strong></span> <span class='ocrx_word' id='word_1_495' title='bbox 2591 4728 2726 4785; x_wconf 92' lang='lat' dir='ltr'><strong>opus</strong></span> <span class='ocrx_word' id='word_1_496' title='bbox 2741 4714 2930 4771; x_wconf 89' lang='lat' dir='ltr'><strong>salutis</strong></span> <span class='ocrx_word' id='word_1_497' title='bbox 2950 4714 3202 4771; x_wconf 76' lang='lat' dir='ltr'><strong>humana:</strong></span> <span class='ocrx_word' id='word_1_498' title='bbox 3221 4715 3546 4787; x_wconf 88' lang='lat' dir='ltr'><strong>adimplesse</strong></span> <span class='ocrx_word' id='word_1_499' title='bbox 3566 4732 3800 4775; x_wconf 82' lang='lat' dir='ltr'><strong>comme-</strong></span> 
     </span>
    </p>
   </div>
   <div class='ocr_carea' id='block_1_72' title="bbox 536 4796 2113 4870">
    <p class='ocr_par' dir='ltr' id='par_1_72' title="bbox 536 4796 2113 4870">
     <span class='ocr_line' id='line_1_73' title="bbox 536 4796 2113 4870; baseline 0.008 -20"><span class='ocrx_word' id='word_1_500' title='bbox 536 4796 794 4865; x_wconf 75' lang='lat' dir='ltr'><strong>nealogia:</strong></span> <span class='ocrx_word' id='word_1_501' title='bbox 823 4796 1024 4852; x_wconf 88' lang='lat' dir='ltr'><strong>Christi</strong></span> <span class='ocrx_word' id='word_1_502' title='bbox 1051 4799 1297 4855; x_wconf 89' lang='lat' dir='ltr'><strong>ordinem</strong></span> <span class='ocrx_word' id='word_1_503' title='bbox 1327 4802 1516 4870; x_wconf 80' lang='lat' dir='ltr'><strong>texuit,</strong></span> <span class='ocrx_word' id='word_1_504' title='bbox 1545 4811 1604 4858; x_wconf 91' lang='lat' dir='ltr'><strong>ut</strong></span> <span class='ocrx_word' id='word_1_505' title='bbox 1624 4803 1933 4860; x_wconf 90' lang='lat' dir='ltr'><strong>ostenderet</strong></span> <span class='ocrx_word' id='word_1_506' title='bbox 1960 4806 2028 4861; x_wconf 89' lang='lat' dir='ltr'><strong>ab</strong></span> <span class='ocrx_word' id='word_1_507' title='bbox 2050 4820 2113 4863; x_wconf 84' lang='lat' dir='ltr'><strong>ea</strong></span> 
     </span>
    </p>
   </div>
   <div class='ocr_carea' id='block_1_73' title="bbox 534 4886 2115 4966">
    <p class='ocr_par' dir='ltr' id='par_1_73' title="bbox 534 4886 2115 4966">
     <span class='ocr_line' id='line_1_74' title="bbox 534 4886 2115 4966; baseline 0.008 -25"><span class='ocrx_word' id='word_1_508' title='bbox 534 4886 809 4943; x_wconf 87' lang='lat' dir='ltr'><strong>Christum</strong></span> <span class='ocrx_word' id='word_1_509' title='bbox 838 4888 1188 4947; x_wconf 90' lang='lat' dir='ltr'><strong>descendisse</strong></span> <span class='ocrx_word' id='word_1_510' title='bbox 1218 4893 1476 4962; x_wconf 79' lang='lat' dir='ltr'><strong>progenie</strong></span> <span class='ocrx_word' id='word_1_511' title='bbox 1500 4893 1569 4951; x_wconf 92' lang='lat' dir='ltr'><strong>de</strong></span> <span class='ocrx_word' id='word_1_512' title='bbox 1604 4910 1705 4966; x_wconf 85' lang='lat' dir='ltr'><strong>qua</strong></span> <span class='ocrx_word' id='word_1_513' title='bbox 1731 4910 1853 4953; x_wconf 91' lang='lat' dir='ltr'><strong>eum</strong></span> <span class='ocrx_word' id='word_1_514' title='bbox 1881 4899 2115 4955; x_wconf 89' lang='lat' dir='ltr'><strong>nascitu-</strong></span> 
     </span>
    </p>
   </div>
   <div class='ocr_carea' id='block_1_74' title="bbox 534 4980 2116 5052">
    <p class='ocr_par' dir='ltr' id='par_1_74' title="bbox 534 4980 2116 5052">
     <span class='ocr_line' id='line_1_75' title="bbox 534 4980 2116 5052; baseline 0.008 -17"><span class='ocrx_word' id='word_1_515' title='bbox 534 4992 653 5035; x_wconf 87' lang='lat' dir='ltr'><strong>rum</strong></span> <span class='ocrx_word' id='word_1_516' title='bbox 684 4980 919 5038; x_wconf 87' lang='lat' dir='ltr'><strong>universi</strong></span> <span class='ocrx_word' id='word_1_517' title='bbox 945 4982 1220 5052; x_wconf 72' lang='lat' dir='ltr'><strong>pr0phette</strong></span> <span class='ocrx_word' id='word_1_518' title='bbox 1240 4985 1569 5043; x_wconf 91' lang='lat' dir='ltr'><strong>cecinerant.</strong></span> <span class='ocrx_word' id='word_1_519' title='bbox 1598 4989 1830 5046; x_wconf 86' lang='lat' dir='ltr'><strong>Joannes</strong></span> <span class='ocrx_word' id='word_1_520' title='bbox 1847 5001 2026 5047; x_wconf 89' lang='lat' dir='ltr'><strong>autem</strong></span> <span class='ocrx_word' id='word_1_521' title='bbox 2049 4991 2116 5048; x_wconf 90' lang='lat' dir='ltr'><strong>ad</strong></span> 
     </span>
    </p>
   </div>
   <div class='ocr_carea' id='block_1_75' title="bbox 534 5070 2118 5150">
    <p class='ocr_par' dir='ltr' id='par_1_75' title="bbox 534 5070 2118 5150">
     <span class='ocr_line' id='line_1_76' title="bbox 534 5070 2118 5150; baseline 0.011 -23"><span class='ocrx_word' id='word_1_522' title='bbox 534 5070 805 5143; x_wconf 85' lang='lat' dir='ltr'><strong>Ephesum</strong></span> <span class='ocrx_word' id='word_1_523' title='bbox 826 5076 1154 5145; x_wconf 90' lang='lat' dir='ltr'><strong>constitutis,</strong></span> <span class='ocrx_word' id='word_1_524' title='bbox 1180 5077 1270 5148; x_wconf 91' lang='lat' dir='ltr'><strong>qui</strong></span> <span class='ocrx_word' id='word_1_525' title='bbox 1293 5078 1467 5148; x_wconf 86' lang='lat' dir='ltr'><strong>legem</strong></span> <span class='ocrx_word' id='word_1_526' title='bbox 1491 5088 1744 5150; x_wconf 87' lang='lat' dir='ltr'><strong>tanquam</strong></span> <span class='ocrx_word' id='word_1_527' title='bbox 1766 5096 1831 5140; x_wconf 81' lang='lat' dir='ltr'><strong>ex</strong></span> <span class='ocrx_word' id='word_1_528' title='bbox 1851 5082 2118 5144; x_wconf 88' lang='lat' dir='ltr'><strong>Gentibus</strong></span> 
     </span>
    </p>
   </div>
   <div class='ocr_carea' id='block_1_76' title="bbox 567 5247 2101 5330">
    <p class='ocr_par' dir='ltr' id='par_1_76' title="bbox 567 5247 2101 5330">
     <span class='ocr_line' id='line_1_77' title="bbox 567 5247 2101 5330; baseline 0.01 -27"><span class='ocrx_word' id='word_1_529' title='bbox 567 5318 579 5330; x_wconf 78' lang='lat'><strong>_</strong></span> <span class='ocrx_word' id='word_1_530' title='bbox 607 5256 633 5286; x_wconf 70' lang='grc' dir='ltr'><em>α</em></span> <span class='ocrx_word' id='word_1_531' title='bbox 650 5247 776 5305; x_wconf 73' lang='lat' dir='ltr'><strong>Hazc</strong></span> <span class='ocrx_word' id='word_1_532' title='bbox 793 5249 1270 5330; x_wconf 60' lang='lat' dir='ltr'><strong>VictorCapuauus</strong></span> <span class='ocrx_word' id='word_1_533' title='bbox 1287 5253 1368 5310; x_wconf 91' lang='lat' dir='ltr'><strong>vir</strong></span> <span class='ocrx_word' id='word_1_534' title='bbox 1395 5255 1583 5330; x_wconf 70' lang='lat' dir='ltr'><strong>Graece</strong></span> <span class='ocrx_word' id='word_1_535' title='bbox 1611 5258 1866 5328; x_wconf 88' lang='lat' dir='ltr'><strong>etLatine</strong></span> <span class='ocrx_word' id='word_1_536' title='bbox 1891 5261 2101 5329; x_wconf 90' lang='lat' dir='ltr'><strong>doctus,</strong></span> 
     </span>
    </p>
   </div>
   <div class='ocr_carea' id='block_1_77' title="bbox 533 5323 2106 5401">
    <p class='ocr_par' dir='ltr' id='par_1_77' title="bbox 533 5323 2106 5401">
     <span class='ocr_line' id='line_1_78' title="bbox 533 5323 2106 5401; baseline 0.01 -29"><span class='ocrx_word' id='word_1_537' title='bbox 533 5323 675 5401; x_wconf 73' lang='lat' dir='ltr'><strong>circa</strong></span> <span class='ocrx_word' id='word_1_538' title='bbox 711 5323 1110 5401; x_wconf 36' lang='lat' dir='ltr'><strong>annum‘ng.</strong></span> <span class='ocrx_word' id='word_1_539' title='bbox 1156 5326 1286 5401; x_wconf 74' lang='lat'><strong>480,</strong></span> <span class='ocrx_word' id='word_1_540' title='bbox 1331 5342 1399 5381; x_wconf 83' lang='lat' dir='ltr'><strong>ex</strong></span> <span class='ocrx_word' id='word_1_541' title='bbox 1438 5327 1627 5385; x_wconf 71' lang='lat' dir='ltr'><strong>Graeco</strong></span> <span class='ocrx_word' id='word_1_542' title='bbox 1670 5323 2106 5401; x_wconf 40' lang='lat' dir='ltr'><strong>&quot;Responsionutn</strong></span> 
     </span>
    </p>
   </div>
   <div class='ocr_carea' id='block_1_78' title="bbox 534 5388 2104 5470">
    <p class='ocr_par' dir='ltr' id='par_1_78' title="bbox 534 5388 2104 5470">
     <span class='ocr_line' id='line_1_79' title="bbox 534 5388 2104 5470; baseline 0.01 -27"><span class='ocrx_word' id='word_1_543' title='bbox 534 5388 887 5470; x_wconf 75' lang='lat' dir='ltr'><strong>capitulorum</strong></span> <span class='ocrx_word' id='word_1_544' title='bbox 911 5392 978 5470; x_wconf 71' lang='grc' dir='ltr'><strong>β.</strong></span> <span class='ocrx_word' id='word_1_545' title='bbox 1004 5388 1493 5470; x_wconf 40' lang='grc' dir='ltr'><strong>Ροιγοθτρίηψιειιι</strong></span> <span class='ocrx_word' id='word_1_546' title='bbox 1522 5407 1709 5455; x_wconf 88' lang='lat' dir='ltr'><strong>nactus</strong></span> <span class='ocrx_word' id='word_1_547' title='bbox 1729 5388 1865 5467; x_wconf 67' lang='lat' dir='ltr'><strong>er&#39;at,</strong></span> <span class='ocrx_word' id='word_1_548' title='bbox 1894 5403 2104 5470; x_wconf 88' lang='lat' dir='ltr'><strong>codice,</strong></span> 
     </span>
    </p>
   </div>
   <div class='ocr_carea' id='block_1_79' title="bbox 534 5460 2109 5537">
    <p class='ocr_par' dir='ltr' id='par_1_79' title="bbox 534 5460 2109 5537">
     <span class='ocr_line' id='line_1_80' title="bbox 534 5460 2109 5537; baseline 0.01 -24"><span class='ocrx_word' id='word_1_549' title='bbox 534 5472 572 5537; x_wconf 56' lang='grc' dir='ltr'><strong>ξε</strong></span> <span class='ocrx_word' id='word_1_550' title='bbox 592 5473 651 5514; x_wconf 89' lang='lat' dir='ltr'><strong>se</strong></span> <span class='ocrx_word' id='word_1_551' title='bbox 679 5460 867 5517; x_wconf 86' lang='lat' dir='ltr'><strong>Latina</strong></span> <span class='ocrx_word' id='word_1_552' title='bbox 906 5462 1045 5537; x_wconf 82' lang='lat' dir='ltr'><strong>facta</strong></span> <span class='ocrx_word' id='word_1_553' title='bbox 1083 5460 1398 5523; x_wconf 61' lang='lat' dir='ltr'><strong>r&#39;ecen&#39;suit&#39;:</strong></span> <span class='ocrx_word' id='word_1_554' title='bbox 1436 5479 1491 5524; x_wconf 89' lang='lat' dir='ltr'><strong>et</strong></span> <span class='ocrx_word' id='word_1_555' title='bbox 1530 5470 1583 5524; x_wconf 92' lang='lat' dir='ltr'><strong>in</strong></span> <span class='ocrx_word' id='word_1_556' title='bbox 1630 5483 1791 5537; x_wconf 87' lang='lat' dir='ltr'><strong>supra</strong></span> <span class='ocrx_word' id='word_1_557' title='bbox 1835 5460 2109 5530; x_wconf 77' lang='lat' dir='ltr'><strong>nominata</strong></span> 
     </span>
    </p>
   </div>
   <div class='ocr_carea' id='block_1_80' title="bbox 533 5526 2109 5613">
    <p class='ocr_par' dir='ltr' id='par_1_80' title="bbox 533 5526 2109 5613">
     <span class='ocr_line' id='line_1_81' title="bbox 533 5526 2109 5613; baseline 0.015 -32"><span class='ocrx_word' id='word_1_558' title='bbox 533 5526 736 5588; x_wconf 87' lang='lat' dir='ltr'><strong>Catena</strong></span> <span class='ocrx_word' id='word_1_559' title='bbox 762 5535 1142 5608; x_wconf 75' lang='lat' dir='ltr'><strong>manuscripts,</strong></span> <span class='ocrx_word' id='word_1_560' title='bbox 1167 5552 1329 5609; x_wconf 84' lang='lat' dir='ltr'><strong>quam</strong></span> <span class='ocrx_word' id='word_1_561' title='bbox 1359 5552 1525 5610; x_wconf 85' lang='lat' dir='ltr'><strong>penes</strong></span> <span class='ocrx_word' id='word_1_562' title='bbox 1553 5552 1640 5598; x_wconf 86' lang='lat' dir='ltr'><strong>me</strong></span> <span class='ocrx_word' id='word_1_563' title='bbox 1657 5526 1863 5613; x_wconf 68' lang='lat' dir='ltr'><strong>habeo,</strong></span> <span class='ocrx_word' id='word_1_564' title='bbox 1880 5526 2109 5612; x_wconf 44' lang='lat' dir='ltr'><strong>etIcum</strong></span> 
     </span>
    </p>
   </div>
   <div class='ocr_carea' id='block_1_81' title="bbox 2220 4805 3805 4873">
    <p class='ocr_par' dir='ltr' id='par_1_81' title="bbox 2220 4805 3805 4873">
     <span class='ocr_line' id='line_1_82' title="bbox 2220 4805 3805 4873; baseline 0.003 -12"><span class='ocrx_word' id='word_1_565' title='bbox 2220 4812 2414 4873; x_wconf 87' lang='lat' dir='ltr'><strong>morat,</strong></span> <span class='ocrx_word' id='word_1_566' title='bbox 2460 4819 2583 4861; x_wconf 92' lang='lat' dir='ltr'><strong>cum</strong></span> <span class='ocrx_word' id='word_1_567' title='bbox 2613 4805 2842 4863; x_wconf 90' lang='lat' dir='ltr'><strong>necdum</strong></span> <span class='ocrx_word' id='word_1_568' title='bbox 2886 4806 3065 4863; x_wconf 90' lang='lat' dir='ltr'><strong>crucis</strong></span> <span class='ocrx_word' id='word_1_569' title='bbox 3091 4807 3345 4865; x_wconf 79' lang='lat' dir='ltr'><strong>vexillum</strong></span> <span class='ocrx_word' id='word_1_570' title='bbox 3375 4810 3805 4868; x_wconf 77' lang='lat' dir='ltr'><strong>conscenderat?</strong></span> 
     </span>
    </p>
   </div>
   <div class='ocr_carea' id='block_1_82' title="bbox 2219 4895 3800 4968">
    <p class='ocr_par' dir='ltr' id='par_1_82' title="bbox 2219 4895 3800 4968">
     <span class='ocr_line' id='line_1_83' title="bbox 2219 4895 3800 4968; baseline 0.001 -13"><span class='ocrx_word' id='word_1_571' title='bbox 2219 4896 2325 4955; x_wconf 87' lang='lat' dir='ltr'><strong>Sed</strong></span> <span class='ocrx_word' id='word_1_572' title='bbox 2352 4895 2665 4953; x_wconf 82' lang='lat' dir='ltr'><strong>definitione</strong></span> <span class='ocrx_word' id='word_1_573' title='bbox 2688 4895 2999 4963; x_wconf 88' lang='lat' dir='ltr'><strong>voluntatis,</strong></span> <span class='ocrx_word' id='word_1_574' title='bbox 3033 4896 3102 4954; x_wconf 91' lang='lat' dir='ltr'><strong>de</strong></span> <span class='ocrx_word' id='word_1_575' title='bbox 3138 4912 3243 4968; x_wconf 87' lang='lat' dir='ltr'><strong>qua</strong></span> <span class='ocrx_word' id='word_1_576' title='bbox 3265 4905 3461 4955; x_wconf 83' lang='lat' dir='ltr'><strong>cuncta</strong></span> <span class='ocrx_word' id='word_1_577' title='bbox 3479 4901 3800 4956; x_wconf 61' lang='lat' dir='ltr'><strong>veneranda</strong></span> 
     </span>
    </p>
   </div>
   <div class='ocr_carea' id='block_1_83' title="bbox 2222 4988 3800 5065">
    <p class='ocr_par' dir='ltr' id='par_1_83' title="bbox 2222 4988 3800 5065">
     <span class='ocr_line' id='line_1_84' title="bbox 2222 4988 3800 5065; baseline 0.003 -21"><span class='ocrx_word' id='word_1_578' title='bbox 2222 4988 2486 5060; x_wconf 85' lang='lat' dir='ltr'><strong>passionis</strong></span> <span class='ocrx_word' id='word_1_579' title='bbox 2511 4989 2738 5061; x_wconf 89' lang='lat' dir='ltr'><strong>insignia</strong></span> <span class='ocrx_word' id='word_1_580' title='bbox 2759 4989 2913 5048; x_wconf 90' lang='lat' dir='ltr'><strong>adire</strong></span> <span class='ocrx_word' id='word_1_581' title='bbox 2938 4989 3275 5061; x_wconf 88' lang='lat' dir='ltr'><strong>decreverat,</strong></span> <span class='ocrx_word' id='word_1_582' title='bbox 3295 4991 3418 5063; x_wconf 87' lang='lat' dir='ltr'><strong>jure</strong></span> <span class='ocrx_word' id='word_1_583' title='bbox 3432 5005 3495 5051; x_wconf 90' lang='lat' dir='ltr'><strong>se</strong></span> <span class='ocrx_word' id='word_1_584' title='bbox 3515 5007 3653 5065; x_wconf 88' lang='lat' dir='ltr'><strong>opus</strong></span> <span class='ocrx_word' id='word_1_585' title='bbox 3674 5008 3800 5065; x_wconf 83' lang='lat' dir='ltr'><strong>pcr—</strong></span> 
     </span>
    </p>
   </div>
   <div class='ocr_carea' id='block_1_84' title="bbox 2222 5079 2938 5153">
    <p class='ocr_par' dir='ltr' id='par_1_84' title="bbox 2222 5079 2938 5153">
     <span class='ocr_line' id='line_1_85' title="bbox 2222 5079 2938 5153; baseline 0.003 -16"><span class='ocrx_word' id='word_1_586' title='bbox 2222 5079 2416 5138; x_wconf 82' lang='lat' dir='ltr'><strong>lecisse</strong></span> <span class='ocrx_word' id='word_1_587' title='bbox 2441 5080 2728 5153; x_wconf 87' lang='lat' dir='ltr'><strong>significat,</strong></span> <span class='ocrx_word' id='word_1_588' title='bbox 2754 5092 2858 5140; x_wconf 89' lang='lat' dir='ltr'><strong>etc.</strong></span> <span class='ocrx_word' id='word_1_589' title='bbox 2890 5092 2938 5139; x_wconf 76' lang='grc' dir='ltr'><strong>ει.</strong></span> 
     </span>
    </p>
   </div>
   <div class='ocr_carea' id='block_1_85' title="bbox 2207 5253 3874 5337">
    <p class='ocr_par' dir='ltr' id='par_1_85' title="bbox 2207 5253 3874 5337">
     <span class='ocr_line' id='line_1_86' title="bbox 2207 5253 3874 5337; baseline 0.003 -19"><span class='ocrx_word' id='word_1_590' title='bbox 2207 5276 2304 5337; x_wconf 83' lang='lat' dir='ltr'><strong>per</strong></span> <span class='ocrx_word' id='word_1_591' title='bbox 2349 5265 2712 5335; x_wconf 84' lang='lat' dir='ltr'><strong>typographos</strong></span> <span class='ocrx_word' id='word_1_592' title='bbox 2758 5267 2978 5333; x_wconf 90' lang='lat' dir='ltr'><strong>licebit,</strong></span> <span class='ocrx_word' id='word_1_593' title='bbox 3042 5267 3299 5326; x_wconf 86' lang='lat' dir='ltr'><strong>studiosis</strong></span> <span class='ocrx_word' id='word_1_594' title='bbox 3338 5270 3753 5327; x_wconf 75' lang='lat' dir='ltr'><strong>communicabo</strong></span> <span class='ocrx_word' id='word_1_595' title='bbox 3781 5309 3801 5337; x_wconf 91' lang='lat'><strong>,</strong></span> <span class='ocrx_word' id='word_1_596' title='bbox 3852 5253 3874 5323; x_wconf 70' lang='grc' dir='ltr'><strong>ὲ</strong></span> 
     </span>
    </p>
   </div>
   <div class='ocr_carea' id='block_1_86' title="bbox 2208 5334 3798 5413">
    <p class='ocr_par' dir='ltr' id='par_1_86' title="bbox 2208 5334 3798 5413">
     <span class='ocr_line' id='line_1_87' title="bbox 2208 5334 3798 5413; baseline 0.003 -22"><span class='ocrx_word' id='word_1_597' title='bbox 2208 5334 2440 5413; x_wconf 79' lang='lat' dir='ltr'><strong>citantur</strong></span> <span class='ocrx_word' id='word_1_598' title='bbox 2470 5334 2497 5390; x_wconf 69' lang='grc' dir='ltr'>Ξ</span> <span class='ocrx_word' id='word_1_599' title='bbox 2518 5334 2639 5406; x_wconf 84' lang='lat' dir='ltr'><strong>quae</strong></span> <span class='ocrx_word' id='word_1_600' title='bbox 2683 5339 2737 5394; x_wconf 90' lang='lat' dir='ltr'><strong>in</strong></span> <span class='ocrx_word' id='word_1_601' title='bbox 2763 5337 2907 5413; x_wconf 83' lang='lat' dir='ltr'><strong>hunc</strong></span> <span class='ocrx_word' id='word_1_602' title='bbox 2933 5339 3111 5413; x_wconf 87' lang='lat' dir='ltr'><strong>locum</strong></span> <span class='ocrx_word' id='word_1_603' title='bbox 3142 5340 3397 5413; x_wconf 77' lang='lat' dir='ltr'><strong>inserere</strong></span> <span class='ocrx_word' id='word_1_604' title='bbox 3415 5348 3578 5413; x_wconf 87' lang='lat' dir='ltr'><strong>atque</strong></span> <span class='ocrx_word' id='word_1_605' title='bbox 3616 5334 3798 5413; x_wconf 58' lang='lat' dir='ltr'><strong>publi-&#39;-</strong></span> 
     </span>
    </p>
   </div>
   <div class='ocr_carea' id='block_1_87' title="bbox 2210 5407 3795 5487">
    <p class='ocr_par' dir='ltr' id='par_1_87' title="bbox 2210 5407 3795 5487">
     <span class='ocr_line' id='line_1_88' title="bbox 2210 5407 3795 5487; baseline 0.006 -27"><span class='ocrx_word' id='word_1_606' title='bbox 2210 5418 2336 5487; x_wconf 65' lang='grc' dir='ltr'><strong>ραι-θ</strong></span> <span class='ocrx_word' id='word_1_607' title='bbox 2382 5407 2552 5463; x_wconf 90' lang='lat' dir='ltr'><strong>visum</strong></span> <span class='ocrx_word' id='word_1_608' title='bbox 2574 5416 2739 5487; x_wconf 90' lang='lat' dir='ltr'><strong>_est,__</strong></span> <span class='ocrx_word' id='word_1_609' title='bbox 2762 5409 2906 5478; x_wconf 93' lang='lat' dir='ltr'><strong>quod</strong></span> <span class='ocrx_word' id='word_1_610' title='bbox 2956 5410 3212 5470; x_wconf 87' lang='lat' dir='ltr'><strong>hactenus</strong></span> <span class='ocrx_word' id='word_1_611' title='bbox 3255 5407 3505 5471; x_wconf 58' lang='lat' dir='ltr'><strong>nondum&#39;</strong></span> <span class='ocrx_word' id='word_1_612' title='bbox 3542 5407 3795 5487; x_wconf 76' lang='lat' dir='ltr'><strong>evulgata</strong></span> 
     </span>
    </p>
   </div>
   <div class='ocr_carea' id='block_1_88' title="bbox 2212 5475 3129 5539">
    <p class='ocr_par' dir='ltr' id='par_1_88' title="bbox 2212 5475 3129 5539">
     <span class='ocr_line' id='line_1_89' title="bbox 2212 5475 3129 5539; baseline 0.003 -5"><span class='ocrx_word' id='word_1_613' title='bbox 2212 5475 2377 5536; x_wconf 88' lang='lat' dir='ltr'><strong>fuisse</strong></span> <span class='ocrx_word' id='word_1_614' title='bbox 2402 5478 2665 5538; x_wconf 89' lang='lat' dir='ltr'><strong>noverim.</strong></span> <span class='ocrx_word' id='word_1_615' title='bbox 2695 5475 3129 5539; x_wconf 68' lang='lat' dir='ltr'><strong>Fsbannsmms.</strong></span> 
     </span>
    </p>
   </div>
  </div>
