4004 6354
538 244 641 302 3&3
1983 239 2037 294 S.

2081 238 2346 295 NlCETll.

3702 253 3817 307 564

536 360 699 424 enim,
731 357 941 430 inquit,
972 359 1037 414 de
1079 360 1457 415 monachorum
1481 399 1495 423 ,
1528 358 1621 413 sed
1653 357 1722 413 de
1752 358 2009 413 laicorum
2041 358 2116 412 vi-
2145 360 2197 419 Λ
2222 359 2549 419 Turonensis
2579 365 2667 435 (f).
2706 366 2901 422 llarum
2944 368 3237 425 litterarum
3284 370 3495 426 initium
3544 372 3822 441 ejusmod:

535 452 674 512 giliis
694 453 867 519 agitur
889 492 902 515 ,
932 465 1027 505 nec
1048 451 1252 504 abbatis
1277 450 1362 504 hic
1386 464 1563 503 sermo
1585 458 1670 505 est
1699 448 1763 502 ad
1800 450 2115 513 monachus,

535 543 629 597 sed
670 544 907 613 episcopi
952 545 1202 613 populum
1242 542 1598 610 alloquentis,
1648 552 1705 595 ut
1755 551 1897 611 patet
1930 542 2013 596 vel
2044 557 2111 594 ex

536 636 618 689 his
651 636 829 691 verbis
860 634 935 705 (a)
972 652 985 687 :
1018 634 1128 688 Nec
1162 651 1282 688 sane
1303 650 1571 688 onerosum
1600 634 1677 688 vel
1720 634 1923 703 di/ﬁcile
1955 634 2113 686 videri

533 735 675 787 debet
691 735 840 787 etiam
858 732 1085 785 delicatis
1104 732 1179 785 vel
1196 732 1411 799 inﬁrmis
1427 731 1746 799 corporibus,
1767 732 1819 783 in
1837 732 2118 798 septimana

536 830 759 878 duarum
790 825 1040 889 noctium,
1080 823 1134 877 id
1176 834 1247 877 est
1274 822 1465 876 sabbati
1495 832 1645 893 atque
1674 822 1961 886 dominico),
1993 839 2113 891 por-

534 924 717 974 tionem
760 918 979 987 aliquam
1031 916 1127 971 Dei
1174 917 1451 972 ministerio
1504 916 1751 986 deputare
1779 931 1798 968 :
1835 915 1935 969 ista
1984 915 2117 968 enim

534 1010 682 1078 quasi
700 1007 991 1077 puriﬁcatio
1013 1013 1085 1061 est
1107 1007 1307 1061 dierum
1330 1007 1551 1077 quinque
1574 1008 1649 1061 vel
1673 1008 1918 1071 noctium,
1937 1005 2117 1075 quibus

533 1113 738 1171 stupore
784 1099 985 1153 carnali
1036 1100 1460 1170 ingravescimus,
1510 1109 1598 1153 aut
1624 1099 1896 1154 mundanis
1924 1100 2117 1153 actibus

532 1194 715 1247 obsessi
738 1193 989 1246 laetamur.
1029 1208 1047 1241 ι
1082 1192 1204 1245 Πωο
1228 1190 1290 1245 V.
1318 1190 1380 1244 C.

600 1286 692 1341 lli.
726 1287 860 1341 Hinc
892 1287 1030 1340 inter
1058 1300 1217 1355 opera
1259 1292 1445 1338 sancto
1474 1282 1798 1351 Hieronymo
1829 1295 2110 1351 perperam

526 1381 757 1450 ascripta
795 1380 872 1449 (b)
921 1378 1120 1432 rectius
1165 1376 1393 1431 fortasse
1445 1373 1757 1428 inscribitur
1811 1371 2113 1441 hujusmodi

528 1472 841 1543 opusculum
870 1471 942 1524 De
969 1470 1328 1524 Observatione
1344 1467 1657 1539 vigiliarum.
1689 1464 1772 1521 Cl.
1795 1465 2108 1529 Vallarsius,

527 1566 613 1635 qui
638 1563 776 1618 haud
807 1562 877 1616 ita
906 1561 1110 1631 pridem
1140 1569 1444 1615 accuratam
1472 1558 1710 1613 doctoris
1736 1556 1954 1611 maximi
1999 1556 2112 1609 edi-

527 1658 722 1711 tionem
755 1654 1070 1717 adornavit,
1091 1650 1465 1707 animadvertit
1496 1649 1569 1719 (c)
1602 1647 1843 1703 codicem
1883 1646 2112 1715 Sangar-

2223 464 2305 509 est
2338 472 2349 506 :
2385 455 2512 509 Cum
2541 462 2732 527 legatos
2760 470 2947 513 restros
2976 476 3066 531 per
3092 458 3411 516 Francorum
3436 472 3576 537 reges
3600 481 3819 535 germa-

2223 562 2315 600 nos
2341 557 2453 600 tuos
2483 549 2558 601 ire
2586 551 2947 621 conspicimus,
2971 561 3075 607 etc.
3106 552 3181 607 Ex
3213 554 3404 624 quibus
3431 557 3611 611 verbis
3643 558 3818 627 liquet

2221 653 2314 693 eas
2377 641 2657 708 scripsisse
2709 652 2949 697 Sanctum
3002 646 3285 713 praesulem
3345 636 3694 717 regnantibus
3766 652 3816 704 in

2222 730 2446 786 Francia
2469 729 2690 787 Clotarii
2716 732 2870 798 ﬁliis;
2897 749 3048 803 CIIJIIS
3071 736 3270 804 obitus,
3296 747 3428 793 teste
3448 740 3613 794 Mario
3635 743 3819 795 Arcu-

2225 822 2413 878 ticensi
2440 822 2546 892 (g),
2579 825 2801 894 cout'git
2827 800 2976 880 anno.
2999 835 3118 895 post
3140 800 3471 885 consulatum
3501 833 3681 887 Basilii
3716 800 3840 897 9.0,i

2224 911 2273 965 id
2299 922 2383 967 est
2410 912 2607 968 Christi
2653 915 2779 970 561.
2814 916 2923 972 lloc
2951 916 3129 987 itaque
3154 933 3315 985 anno,
3342 921 3455 975 sive
3486 931 3542 975 ut
3570 924 3812 976 maxime

2222 1001 2538 1073 insequente
2572 1006 2699 1072 562,
2740 1006 2835 1061 has
2863 1007 3068 1063 litteras
3094 1009 3369 1078 scripserit
3398 1011 3636 1067 Nicetius
3660 1030 3816 1069 arre-

2220 1100 2306 1161 pta
2335 1094 2617 1148 occasione
2646 1096 2924 1164 legationis
2943 1113 3100 1167 quam
3129 1099 3192 1152 ad
3218 1098 3412 1154 fratres
3441 1116 3568 1165 suos
3601 1104 3818 1156 miserit

2219 1185 2532 1240 Chlotsinda
2580 1201 2701 1242 cum
2744 1186 2813 1243 de
2860 1189 3023 1257 patris
3051 1189 3198 1244 obitu
3228 1191 3521 1247 condolens
3547 1237 3561 1260 ,
3599 1204 3714 1247 tum
3746 1196 3815 1248 de

2221 1292 2386 1347 regno
2416 1281 2483 1333 ab
2516 1278 2705 1334 iisdem
2752 1289 3002 1350 suscepto
3050 1280 3222 1336 fausta
3266 1284 3443 1337 omnia
3492 1283 3809 1353 adprecata.

2220 1370 2309 1425 Sic
2336 1386 2465 1426 sane
2494 1383 2617 1443 post
2640 1373 2883 1428 eruditos
2920 1374 3060 1428 viros
3087 1373 3312 1430 subinde
3335 1373 3580 1429 laudatos
3610 1390 3814 1429 cense-

2218 1476 2336 1516 mus
2374 1462 2481 1532 (h).
2510 1463 2613 1518 Alii
2652 1479 2782 1519 vero
2808 1465 2947 1520 circa
2983 1464 3180 1520 Christi
3212 1479 3409 1520 annum
3442 1464 3546 1520 565
3574 1468 3815 1535 scriptas

2217 1553 2525 1611 existimant
2568 1556 2653 1626 (i).
2696 1556 3012 1613 Sirmondus
3054 1568 3231 1613 autem
3278 1572 3476 1612 annum
3526 1558 3814 1628 assignare

2218 1645 2427 1701 videtur
2457 1646 2589 1713 565,
2622 1648 2764 1718 quod
2806 1663 2873 1703 ne
2914 1649 2999 1702 vix
3040 1648 3254 1718 quidem
3302 1648 3715 1703 admittendum.
3754 1649 3808 1702 In

526 1762 835 1802 mauensem
857 1744 1140 1814 autiquarii
1162 1740 1442 1797 oscitantia
1472 1741 1676 1810 aliquot
1702 1736 1835 1792 locis
1863 1738 2103 1792 mutilum
2139 1735 2185 1794 Β
2214 1737 2298 1792 his
2327 1752 2486 1806 porro
2515 1737 2708 1792 litteris
2745 1736 3112 1792 Chlotsindam
3143 1738 3341 1793 excitat
3369 1749 3585 1793 sanctus
3617 1737 3807 1804 Pater,

527 1839 731 1900 haberi,
772 1844 963 1892 caetera
992 1849 1100 1889 non
1132 1832 1561 1896 inemendatutn;
1606 1837 1665 1884 ut
1700 1838 1981 1899 propterea
2017 1843 2110 1880 ve-

526 1941 690 1986 terem
720 1929 1008 1985 editionem
1031 1940 1153 1981 cum
1188 1925 1521 1980 Dacheriana
1550 1922 1872 1987 contulerit,
1902 1920 2111 1974 varian~

529 2034 717 2093 tesque
757 2022 1014 2079 lectiones
1050 2018 1452 2077 adnotaritzcx
1480 2017 1677 2086 quibus
1721 2014 1947 2083 proinde
1989 2030 2106 2077 nos,

524 2122 581 2169 ut
624 2128 717 2184 par
743 2120 899 2178 erat,
945 2124 1039 2166 eas
1081 2109 1371 2179 selegimus
1400 2121 1519 2177 qua:
1555 2114 1796 2161 nostrum
1830 2104 2107 2171 exemplar

524 2204 858 2260 emendatius
878 2200 1107 2257 reddere
1129 2200 1362 2254 valeant.
1381 2198 1562 2265 Neque
1580 2195 1710 2249 illud
1728 2194 2108 2256 omittendum,

522 2295 665 2365 quod
691 2295 772 2347 vir
802 2292 1041 2347 eruditus
1069 2289 1169 2345 sub
1200 2289 1360 2342 finem
1390 2286 1773 2341 admonitionis
1802 2286 1998 2351 habet,
2029 2289 2110 2339 sic

522 2383 807 2454 inquiens:
842 2379 1066 2437 Sanctus
1096 2377 1329 2433 Isidorus
1359 2376 1685 2448 Hispalensis
1727 2377 1934 2430 minime
1979 2392 2105 2429 eru-

523 2475 629 2529 buit
656 2474 909 2543 integrum
949 2486 1064 2539 cap.
1099 2469 1165 2523 21
1207 2467 1683 2523 Ecclesiasticorum
1719 2467 2011 2538 Oﬂiciorum
2050 2483 2113 2519 ea:

537 2580 597 2620 eo
641 2563 826 2635 (sancti
856 2559 1049 2616 Nicetii
1087 2569 1331 2628 tractatu)
1360 2566 1568 2613 tandem
1597 2562 1702 2628 fere
1733 2558 1893 2612 verbis
1921 2557 2113 2612 descri-

524 2657 656 2711 bere.
700 2653 957 2711 Nimirum
1004 2667 1070 2707 ex
1128 2666 1247 2721 cap.
1288 2652 1322 2705 5
1368 2650 1615 2720 opusculi
1653 2649 1821 2705 sancti
1866 2648 2111 2720 praesulis

522 2746 864 2803 Trevirensis
906 2743 1159 2798 nonnulla
1188 2741 1447 2813 excripsit
1494 2741 1659 2796 verbo
1689 2751 1846 2796 tenus
1888 2751 2109 2796 sanctus

522 2839 613 2894 ille
627 2838 786 2893 Pater
807 2852 913 2891 non
934 2836 1109 2891 solum
1132 2849 1251 2903 cap.
1274 2834 1340 2894 21
1372 2834 1463 2889 lib.
1498 2849 1514 2888 ι
1545 2832 1686 2887 Eccl.
1716 2832 1886 2903 0/ﬁc.,
1910 2849 2026 2901 qum
2057 2833 2108 2887 in

522 2931 664 2986 notis
677 2928 931 3000 subjectis
946 2927 1319 2983 indicavimus.
1339 2926 1443 2982 Sed
1462 2926 1683 2979 minime
1699 2925 2107 2989 admittendum,

521 3023 661 3095 quod
683 3022 823 3078 idem
854 3021 1148 3076 Vallarsius
1179 3020 1337 3075 verba
1370 3018 1573 3074 faciens
1596 3018 1663 3074 de
1697 3018 1941 3088 opusculi
1977 3034 2106 3073 auc-

524 3126 639 3171 tore
657 3116 750 3180 ait,
779 3112 1038 3169 Nicetium
1066 3113 1135 3167 de
1163 3128 1268 3182 quo
1291 3112 1578 3182 loquimur,
1611 3112 1837 3166 summis
1859 3112 2105 3168 laudibus
2134 3099 2179 3163 C

521 3208 845 3265 celebratum
906 3206 1128 3263 Sidonio
1184 3203 1515 3274 Apollinari,
1574 3203 1659 3258 cui
1717 3204 1877 3261 etiam
1948 3204 2108 3261 fuerit

520 3301 777 3356 affinitate
813 3298 1181 3369 coniunctum.
1217 3296 1420 3352 Laudat
1469 3297 1681 3366 quidem
1728 3297 1984 3354 Sidonius
2029 3300 2106 3369 (ά)

522 3390 766 3448 Flavium
800 3390 1064 3446 Nicetium
1094 3388 1546 3459 Lugdunensem,
1579 3402 1645 3442 ex
1678 3388 1937 3444 advocato
1963 3391 2105 3445 sedis

521 3484 857 3552 praetorianas
886 3491 940 3538 et
963 3496 1239 3538 assessore
1268 3483 1438 3535 virum
1461 3481 1807 3549 spectabilem
1838 3498 1853 3536 :
1885 3482 1978 3536 sed
2012 3481 2103 3535 Ni-

521 3576 718 3631 cetium
766 3582 1008 3630 nostrum
1069 3574 1441 3629 Trevirensem
1491 3574 1806 3644 episcOpum
1856 3576 2102 3643 nuSpimn

523 3666 785 3737 agnoscit.
841 3664 982 3731 Quin
1033 3673 1086 3720 et
1144 3664 1490 3720 Vallarsianze
1548 3666 1829 3720 sententiae
1887 3666 2104 3723 ob~tare

521 3757 742 3812 omnino
768 3755 1015 3810 videntur
1037 3769 1156 3825 qua:
1176 3754 1243 3808 de
1267 3769 1407 3807 anno
1431 3753 1635 3809 Sidonii
1664 3756 1944 3809 emortuali
1976 3756 2101 3810 alibi

522 3846 871 3904 disseruimus
917 3845 1010 3919 (e).
1068 3845 1164 3900 Hic
1212 3858 1444 3913 namque
1510 3845 1864 3900 Arvernensis
1908 3846 2101 3916 praesul

521 3953 831 4009 supremum
871 3935 1012 3993 diem
1058 3936 1258 3991 obiisse
1288 3934 1597 4003 perhibetur
1634 3950 1776 3991 anno
1804 3934 1943 4001 48L;
1974 3939 2101 3992 Tre-

526 4031 755 4086 virensis
787 4038 986 4098 autem,
1014 4036 1073 4082 ut
1097 4028 1344 4096 superius
1364 4026 1655 4095 innuimus,
1688 4043 1720 4084 e
1746 4028 1881 4085 vivis
1910 4045 2100 4084 exces-

522 4123 660 4178 sisse
699 4120 838 4177 circa
867 4134 1066 4175 annum
1110 4119 1236 4173 566.
1266 4118 1394 4187 Quae
1420 4118 1633 4188 quidem
1668 4127 1968 4189 temporum
2003 4136 2100 4174 uo-

522 4215 770 4281 tationes,
802 4213 850 4269 si
877 4213 980 4268 rite
1003 4220 1343 4281 spectentur,
1388 4212 1554 4282 magis
1585 4212 1861 4283 magisque
1904 4214 2101 4269 contir-

518 4316 668 4363 mant
690 4304 952 4362 Nicetium
984 4310 1224 4359 nostrum
1255 4302 1477 4359 Sidonio
1509 4318 1729 4371 prorsus
1765 4306 2023 4373 ignotum.

590 4397 679 4454 IV.
721 4397 797 4452 De
824 4395 1120 4468 posteriore
1156 4396 1296 4451 beati
1324 4395 1575 4451 antistitis
1596 4400 1877 4467 opusculo,
1908 4398 2099 4453 inscri-

516 4496 613 4563 pto
644 4486 720 4541 De
750 4485 1063 4541 Psalmodia:
1090 4485 1257 4550 Bono,
1289 4487 1419 4542 nihil
1449 4487 1673 4543 interest
1693 4488 1853 4545 verba
1880 4488 2054 4543 facere
2081 4507 2093 4542 :
2128 4470 2176 4529 D

519 4581 731 4635 videtur
768 4577 911 4632 enim
950 4578 1018 4632 ab
1058 4587 1275 4633 auctore
1324 4580 1487 4633 veluti
1533 4580 1880 4648 appendicem
1934 4580 2098 4635 illlSse

517 4670 687 4744 priori
734 4667 1031 4723 subnexum
1083 4686 1095 4721 :
1142 4679 1201 4723 ut
1246 4668 1468 4738 proinde
1513 4670 1775 4738 reliquum
1823 4669 1982 4725 fuerit
2030 4678 2097 4734 de

518 4761 727 4817 duabus
754 4758 920 4829 ipsius
944 4760 1185 4830 epistolis
1210 4761 1461 4815 nonnulla
1493 4760 1777 4824 disserere,
1810 4778 1940 4830 quas
1970 4781 2089 4823 eum

519 4852 622 4906 sub
648 4850 771 4905 vita:
811 4865 921 4906 sum
950 4851 1108 4907 finem
1137 4852 1415 4920 scripsisse
1445 4862 1774 4918 compertum
1808 4854 2084 4915 habemus.

519 4941 585 4995 Et
613 4942 840 5011 priorem
868 4944 1079 5013 quidem
1112 4944 1383 5011 inscripsit
1427 4942 1757 5000 (ΞΙιιοιεὶηάιε
1802 4962 1895 5003 seu
1933 4955 2095 5005 Luto-

517 5031 791 5103 dosvindte
812 5034 1033 5091 Clotarii
1060 5036 1384 5090 Francorum
1405 5035 1548 5104 regis
1571 5035 1712 5104 illim,
1732 5056 1848 5111 quae
1864 5043 2094 5101 Alboino

516 5126 631 5196 regi
662 5126 1132 5199 Longobardomm
1176 5134 1465 5193 nupserat,
1508 5134 1566 5181 ut
1613 5130 1772 5186 tradit
1815 5132 2102 5204 Gregorius

591 5260 667 5329 (a)
708 5261 879 5316 Nicet.
910 5260 976 5314 de
1005 5258 1189 5329 Vigil.,
1213 5274 1332 5328 cap.
1362 5261 1416 5315 2.

969 5329 1079 5383 edit
1102 5344 1227 5399 opp.
1263 5332 1479 5387 Hieron.
1508 5343 1634 5389 tom.
1663 5336 1753 5404 Xl,
1779 5352 1828 5408 p.
1860 5338 1986 5394 222.

594 5470 673 5542 (ά)
714 5472 900 5524 Sidon.
934 5470 1026 5525 lib.
1057 5486 1147 5525 vttt
1178 5472 1332 5542 epist.
1364 5473 1415 5528 6.

556 5546 660 5665 t(4a.)
977 5541 1238 5602 PP,-tom.
1273 5543 1350 5614 Χ,
1377 5544 1670 5617 prolegom.
1711 5562 1829 5621 cap.
1867 5550 1961 5618 ll,
2000 5550 2025 5622 ξ
2061 5552 2095 5607 5

519 5625 575 5665 et
602 5625 655 5675 4,
690 5625 808 5677 pag.
843 5626 950 5673 xx].
1068 5668 1103 5675 ς.

590 5679 659 5750 (Ι)
699 5678 854 5749 Greg.
888 5682 1014 5737 'l'ur.
1051 5672 1185 5739 llist.
1213 5685 1404 5741 Franc.
1440 5686 1531 5742 lib.
1567 5704 1639 5755 tv,
1672 5704 1786 5760 cap.
1815 5692 1866 5747 5.

2215 1843 2273 1888 ut
2302 1834 2433 1904 regii
2467 1832 2710 1903 conjugis
2753 1832 2835 1886 sui
2879 1832 3094 1887 Alboini
3140 1833 3328 1887 haeresi
3361 1835 3570 1887 Arianae
3599 1831 3808 1885 addicti

2214 1926 2371 1980 saluti
2399 1928 2703 1993 prospicere
2732 1924 2975 1991 studeat,
3009 1938 3239 1994 eumque
3281 1922 3347 1976 ad
3386 1935 3588 1977 rectam
3637 1921 3808 1975 fidem

2213 2018 2569 2089 profitendam
2594 2018 2789 2072 nitatur
2810 2016 2918 2071 Deo
2938 2016 3168 2085 propitio
3198 2014 3452 2069 reducere
3483 2032 3497 2067 :
3525 2014 3808 2081 simulque

2214 2120 2271 2163 ut
2302 2124 2363 2164 ea
2406 2108 2613 2163 facilius
2640 2122 2751 2163 rem
2784 2116 2970 2176 gerat,
3005 2105 3188 2161 Ariani
3215 2105 3477 2174 dogmatis
3510 2104 3804 2158 falsitatem

2214 2216 2279 2256 ex
2300 2200 2463 2256 variis
2479 2215 2748 2255 sacrarum
2769 2198 3161 2267 Scripturarum
3179 2197 3305 2252 locis
3324 2196 3422 2265 ipsi
3437 2197 3802 2257 demonstrat,

2214 2304 2373 2361 atque
2402 2303 2461 2347 ut
2502 2293 2688 2347 eadem
2716 2292 2828 2363 regi
2872 2300 3131 2360 propOuat
3156 2290 3421 2344 hortatur.
3457 2288 3521 2341 Et
3547 2288 3801 2357 quoniam

2212 2386 2279 2438 ad
2308 2384 2714 2454 persuadendum
2744 2382 3095 2453 potentissima
3135 2389 3253 2433 sunt
3293 2380 3566 2443 miracula,
3594 2378 3805 2448 Longa-

2164 2514 2179 2526 .
2212 2476 2393 2530 bardos
2416 2486 2578 2547 urget,
2605 2485 2659 2528 ut
2680 2476 2775 2528 iter
2798 2476 2849 2527 in
2874 2472 3145 2527 Franciam
3170 2473 3453 2541 suscipiant
3478 2472 3803 2541 inquirendm

2212 2570 2432 2623 veritatis
2457 2584 2629 2631 causa,
2656 2568 2995 2621 nobilissimas
3019 2562 3308 2619 Galliarum
3337 2564 3503 2631 urbes,
3534 2564 3801 2629 Turonos,

2211 2661 2624 2726 Altissiodorum,
2658 2659 2966 2725 Pictavium,
3000 2658 3205 2726 Trecas,
3239 2657 3419 2711 [lentas
3460 2669 3508 2711 et
3555 2660 3801 2714 Suessioc

2211 2770 2327 2807 nem
2353 2756 2556 2819 adeant,
2587 2752 2751 2821 ibique
2771 2752 3056 2805 curationes
3077 2751 3363 2803 morborum
3387 2752 3802 2817 contemplemur

2211 2862 2241 2897 a
2273 2844 2380 2898 Deo
2411 2848 2571 2909 [actas
2610 2845 2675 2896 ad
2720 2846 2941 2897 tumulos
2997 2843 3398 2897 beatissimorum
3447 2842 3759 2912 pon'ifirum
3782 2883 3800 2908 ,

2212 2934 2447 3000 Martini,
2483 2934 2740 2999 Germani,
2779 2934 2991 2999 Hilarii,
3019 2933 3171 3006 Lupi,
3206 2936 3422 3007 Remigii
3451 2945 3497 2987 et
3529 2934 3801 2999 Medardi,

2210 3029 2294 3097 qui
2327 3025 2525 3081 Filium
2554 3026 2705 3079 Patri
2730 3026 3212 3079 consubstantialem
3239 3027 3582 3091 crediderunt,
3610 3036 3653 3078 et
3684 3033 3805 3077 act-

2209 3135 2380 3173 versus
2407 3121 2667 3173 luereticos
2694 3135 2899 3171 suorum
2922 3129 3205 3186 temporum
3226 3119 3425 3189 egregie
3446 3120 3799 3172 derertarunt.

2212 3210 2385 3265 Verba
2416 3220 2542 3265 sunt
2578 3208 2772 3264 Coimii
2807 3209 2898 3282 (j)
2937 3226 2949 3263 :
2982 3208 3071 3279 qui
3114 3218 3168 3263 et
3213 3208 3341 3262 illud
3374 3208 3661 3272 observat,
3701 3223 3802 3274 po-

2210 3304 2361 3373 pulos
2402 3303 2590 3374 quibus
2622 3303 2880 3357 Alboinus
2923 3310 3169 3371 praeerat,
3216 3300 3420 3356 Gathos
3471 3316 3531 3355 ac
3577 3299 3803 3369 Longo-

2210 3394 2406 3451 bardos
2450 3394 2501 3447 in
2551 3391 2816 3461 praedictis
2858 3390 3051 3446 litteris
3101 3404 3319 3444 vocasse
3349 3389 3633 3453 Nicetium,
3664 3392 3802 3459 quia

2208 3499 2338 3556 gens
2367 3480 2840 3552 Longobardorum
2883 3479 3105 3535 Gothica
3138 3488 3255 3534 erat
3292 3480 3515 3549 origine,
3542 3490 3597 3535 et
3623 3495 3651 3532 a
3683 3496 3802 3535 cae-

2210 3576 2339 3631 teris
2368 3573 2555 3630 Gothis
2582 3572 2832 3643 peculiari
2863 3570 3288 3640 distinguebatur
3313 3572 3543 3633 nomine,
3581 3571 3733 3641 quod
3766 3586 3800 3627 θ

2209 3669 2380 3739 longis
2406 3665 2585 3721 barbis
2615 3664 2715 3718 fuit
2735 3665 2943 3718 sortita.

2281 3759 2343 3813 V.
2386 3757 2466 3812 Ad
2510 3756 2859 3825 posteriorem
2897 3774 2930 3811 δ
2987 3754 3194 3809 etclam
3241 3755 3381 3824 quod
3428 3754 3634 3818 attinet,
3667 3768 3801 3809 eam

2207 3848 2422 3919 scripsit
2467 3846 2704 3901 Nicetius
2743 3845 2809 3900 ad
2854 3844 3211 3900 Justinianum
3246 3845 3644 3915 imperatorem,
3684 3860 3803 3914 qua

2205 3942 2356 3997 illum
2387 3953 2642 3994 revocare
2687 3937 2892 3992 studuit
2931 3936 2999 3991 ab
3035 3937 3226 3991 haeresi
3278 3935 3804 4006 Aphthartodocita.

2206 4048 2323 4087 rum
2364 4033 2417 4085 in
2462 4046 2621 4101 quam
2672 4030 2850 4099 lapsus
2894 4030 3083 4095 fuerat,
3117 4029 3292 4083 edicto
3318 4044 3417 4083 suo
3444 4028 3507 4083 de
3538 4029 3805 4083 incol-ru-

2207 4126 2491 4195 ptibilitate
2521 4124 2765 4193 corporis
2792 4124 2991 4179 Christi
3024 4124 3356 4195 promulgata
3385 4124 3596 4179 ineunte
3635 4140 3805 4179 anno

2206 4219 2313 4276 565
2336 4257 2352 4282 ,
2386 4232 2491 4287 quo
2520 4216 2638 4287 ipso
2678 4230 2819 4271 anno
2847 4216 3009 4269 vitam
3039 4229 3159 4270 cum
3204 4224 3376 4272 morte
3418 4217 3805 4273 commutavit.

2206 4312 2283 4366 De
2324 4309 2423 4364 hac
2459 4307 2715 4379 temporis
2745 4306 3017 4361 notatione
3049 4304 3289 4376 pluribus
3328 4305 3559 4375 disputat
3590 4305 3806 4375 Pagius

2206 4405 2466 4461 adversus
2495 4401 2761 4457 Cointium
2796 4399 2902 4471 (It);
2945 4400 3034 4470 qui
3059 4414 3181 4456 cum
3214 4399 3444 4455 Baronio
3469 4399 3808 4454 existimans

2207 4499 2440 4554 edictum
2484 4494 2610 4549 illud
2659 4491 2945 4549 Justiniani
2976 4491 3234 4547 emissum
3286 4490 3450 4545 fuisse
3483 4504 3622 4543 anno
3657 4490 3803 4559 563,

2206 4590 2429 4659 ejusque
2458 4587 2660 4641 obitum
2703 4585 2757 4639 in
2806 4600 3003 4638 annum
3033 4584 3139 4639 566
3164 4584 3449 4646 differens,
3481 4598 3544 4636 ex
3593 4582 3808 4650 depra-

2206 4689 2326 4736 vata
2358 4676 2659 4747 huiusmodi
2693 4675 3035 4745 chronologia
3068 4674 3301 4745 conjecit
3323 4674 3411 4746 (l),
3437 4673 3810 4729 beatissimum

2206 4774 2484 4828 antistitem
2512 4772 2617 4826 suis
2648 4768 2832 4824 litteris
2862 4786 2963 4823 non
3004 4786 3185 4839 parum
3226 4769 3496 4845 profecisse
3518 4767 3664 4834 apud
3700 4770 3811 4821 im-

2209 4876 2514 4937 peratorem,
2558 4872 2609 4915 ut
2639 4862 2752 4933 ejus
2782 4863 3013 4915 animum
3042 4862 3103 4917 ab
3130 4862 3293 4915 edicto
3315 4862 3451 4930 quod
3486 4860 3807 4916 orthodoxa

2209 4958 2328 5029 ﬁdei
2383 4956 2693 5008 contrarium
2739 4954 3027 5023 scripserat,
3086 4952 3458 5023 prontulgaudo
3505 4965 3808 5004 revocare:

2209 5064 2330 5106 cum
2362 5054 2577 5111 contra,
2610 5044 2763 5098 valde
2792 5043 3082 5099 verisimile
3109 5044 3178 5097 sit
3215 5043 3566 5097 Iustinianum
3599 5040 3809 5096 Nicetii

2210 5141 2415 5197 litteras
2467 5151 2570 5192 non
2613 5135 2883 5205 recepisse
2928 5144 3100 5190 morte
3145 5143 3486 5204 prtereptum.
3521 5130 3656 5186 Utul
3689 5146 3808 5197 est,

2298 5274 2357 5396 ἕ)
2395 5273 2524 5355 Mar.
2559 5274 2751 5354 .Avent.
2776 5270 2978 5327 Chron.

2335 5348 2353 5396 i
2397 5346 2515 5396 Hist
2540 5346 2643 5396 litt.
2672 5347 2738 5396 de
2763 5345 2810 5396 Ia
2843 5342 2978 5396 Fran

2335 5338 2353 5415 )
2397 5346 2515 5399 Hist
2540 5345 2643 5415 litt.
2672 5347 2738 5397 de
2763 5345 2810 5415 Ia
2843 5342 3059 5415 Francn
3086 5350 3223 5415 tom.
3249 5342 3336 5407 Ill,
3365 5357 3415 5408 p.
3450 5338 3579 5415 9.2.5.

2302 5396 2351 5483 i)'
2382 5396 2561 5469 Cbint.
2591 5396 2808 5468 l.c.7ad
2837 5396 2965 5468 ann.
2994 5396 3118 5474 565,
3155 5411 3181 5481 §
3217 5414 3273 5479 7,
3306 5396 3434 5467 toin.
3470 5396 3535 5474 ll:
3571 5426 3623 5479 p.
3662 5412 3768 5467 9.5.

2320 5488 2354 5555 i)
2395 5483 2572 5539 Coint.
2603 5485 2639 5538 Ι.
2673 5500 2747 5550 c.,
2784 5483 2810 5555 ᾗ
2844 5484 2895 5555 9,
2927 5499 3045 5555 pag.
3067 5484 3162 5537 27.

2336 5505 2354 5555 )
2395 5505 2572 5539 buunt.
2604 5505 2639 5538 I.
2673 5505 2747 5550 c.,
2784 5505 2810 5555 θ
2845 5505 2895 5547 υ,
2928 5505 3045 5552 tum.

2298 5505 2355 5625 ί)
2395 5555 2517 5625 Pagi
2548 5556 2613 5608 ad
2645 5570 2771 5609 ann.
2802 5554 2927 5616 565,
2961 5553 3067 5625 δὶς

2298 5561 2355 5625 lt)
2396 5561 2517 5620 Pagi
2548 5561 2613 5608 ad
2645 5570 2771 5609 ann.
2802 5561 2927 5616 565,
2961 5561 2987 5623 §
3016 5561 3067 5606 2.

2274 5561 2341 5696 il)
2385 5624 2559 5679 Coiut.
2593 5625 2655 5680 ad
2680 5641 2804 5680 anu.
2837 5625 2963 5691 566,
2990 5623 3015 5692 §
3046 5621 3114 5678 59
3139 5664 3155 5690 ,
3184 5624 3221 5676 l.
3253 5637 3326 5685 c.,
3353 5638 3407 5691 p.
3433 5619 3524 5675 84.
