4026 6458
258 364 363 420 365

1696 362 2053 438 opuscuna

3406 390 3509 441 566

259 478 506 534 eumdem
541 478 867 535 Francorum
898 481 1233 541 Annalistam
1267 486 1332 540 de
1363 486 1505 542 hisce
1527 488 1718 544 litteris
1746 492 1836 546 Ni-
1862 495 1915 555 Α
1939 493 2214 564 imperator
2245 498 2492 554 venerari
2522 501 2806 565 debuisset,
2841 504 2903 556 ad
2935 504 3109 559 czcdes
3135 547 3147 566 .
3177 504 3240 557 ad
3270 506 3508 559 diversas

257 570 382 624 cetii
411 570 490 624 sic
514 571 816 643 loquentem
844 574 1144 630 inducimus
1169 576 1242 647 (a)
1274 593 1289 630 :
1318 577 1607 649 Egregiam,
1633 582 1826 651 inquit,

255 663 460 715 laudem
509 675 726 720 meretur
773 665 1006 721 Nicetius
1046 669 1354 725 Trevirensis
1379 673 1676 743 episcopus;
1718 679 1823 742 qui,

252 751 374 805 licet
413 754 606 819 positus
631 766 760 809 esset
789 758 841 810 in
882 758 1075 812 ultimis
1107 762 1339 827 partibus
1383 764 1705 831 Occidentis,
1745 770 1831 821 ubi

256 843 432 897 nullus
460 861 649 899 veneno
674 847 903 903 Nestorii
931 851 1009 905 vel
1030 851 1326 923 Eutychetis
1352 858 1692 925 inﬁciebatur,
1726 872 1830 916 sta-

255 934 348 987 tim
377 951 438 987 ac
460 937 651 989 audivit
699 938 920 994 Orientis
951 940 1303 1011 imperatorem
1364 950 1529 1014 pravis
1567 953 1830 1009 adhazrette

251 1024 570 1093 dogmatibus
608 1042 719 1093 qua
762 1029 1161 1099 divulgabantur
1195 1051 1228 1088 a
1258 1037 1437 1089 talium
1477 1039 1831 1098 hwreticorum

249 1114 481 1182 asseclis,
511 1133 648 1183 mox,
676 1128 728 1171 ut
754 1122 1091 1190 resipis'ceret,
1126 1141 1215 1193 per
1236 1124 1432 1182 litteras
1451 1133 1665 1185 monuit.
1695 1132 1831 1189 Usus

248 1211 324 1255 est
354 1206 460 1257 acri
487 1207 637 1275 stylo,
667 1224 781 1277 qute
800 1211 894 1263 sibi
923 1223 1132 1267 narrata
1158 1216 1366 1282 fuerunt
1407 1234 1506 1271 non
1535 1221 1831 1277 dissimula-

246 1293 341 1357 vit,
390 1295 492 1348 imo
533 1298 682 1365 plura
720 1302 1055 1371 gravioraque
1079 1346 1094 1371 ,
1128 1322 1281 1373 quam
1319 1310 1489 1361 cceteri
1532 1313 1823 1380 scriptores,

244 1387 499 1456 congessit
532 1390 950 1460 exprobravitque
997 1397 1257 1455 crimina:
1294 1415 1412 1451 nam
1463 1400 1645 1479 Patres
1695 1422 1823 1474 quos

324 1518 404 1589 (a)
443 1518 621 1577 Coint.
651 1523 716 1579 ad
745 1540 871 1581 ann.
896 1526 1023 1593 566,
1054 1528 1081 1600 ζ)
1117 1531 1217 1596 59,
1252 1530 1288 1583 1.
1320 1546 1394 1599 c.,
1430 1549 1551 1603 pag.
1584 1537 1673 1593 85.

1935 600 2122 640 cruces
2148 591 2328 644 missos
2354 594 2589 645 asseruit.
2623 592 2817 649 Deinde
2846 594 3062 657 subiecit
3092 614 3244 666 quam
3274 599 3505 652 odiosum

1934 687 2059 727 esset
2106 676 2246 731 illius
2285 697 2464 735 nomen
2507 685 2647 748 apud
2700 701 2870 740 omnes
2919 685 3104 752 Italos,
3149 690 3291 753 apud
3330 692 3504 758 Afros,

1934 768 2076 831 apud
2122 767 2403 837 Hispanos,
2454 774 2592 840 apud
2620 773 2815 835 Gallos,
2869 777 3107 843 aquibus
3162 780 3223 830 ob
3276 779 3507 833 liceresim

1942 857 2489 916 anathematizabatur.
2534 864 2655 918 llaec
2690 866 2747 919 ν.
2782 868 2841 921 C.

1936 974 1939 977 ‘
2008 964 2159 1029 Quod
2183 968 2443 1037 reliquum
2467 982 2569 1039 est,
2594 974 2846 1031 lectorem
2876 978 3203 1034 admonitum
3231 981 3505 1046 Volumus;

1940 1236 2093 1290 nobis
2119 1240 2440 1310 exciderint,
2474 1244 2598 1299 dum
2630 1248 2749 1302 aliis
2785 1249 2972 1305 intenti
3021 1254 3223 1323 reliqua
3274 1271 3503 1326 sequen-

1932 1325 2063 1379 tium
2089 1329 2408 1399 scriptorum
2435 1350 2774 1393 monumenta
2804 1342 2943 1411 typis
2966 1344 3324 1414 consignanda
3351 1325 3508 1417 para-

1927 1412 2133 1470 bamus.

234 1666 3499 1770 Μ

1213 1844 1776 1957 SANCTI
1902 1859 2515 2013 meum
2974 1880 2977 1881 *

1410 2109 1472 2157 ω
1525 2088 2233 2202 OPUSCULA.

1350 2344 1899 2421 OPUSCULUM
1956 2362 2341 2431 PRIMUM.

1422 2470 1510 2531 De
1554 2474 1804 2554 Vigiliis
1830 2500 2149 2549 servorum
2186 2491 2318 2553 Dei.

754 2604 978 2662 CAPUT
1007 2607 1289 2664 PRIMUM.

306 2692 451 2748 Bona
471 2702 495 2731 ι
513 2703 564 2750 et
591 2694 748 2766 digna
769 2707 821 2749 et
850 2707 1031 2752 sancta
1060 2714 1165 2760 res,
1184 2710 1235 2756 et
1258 2710 1377 2770 apta
1406 2718 1625 2772 prorsus
1650 2708 1809 2764 satis-

232 2796 341 2852 que
369 2785 694 2839 conveniens
736 2785 802 2840 de
830 2788 1027 2841 sauciis
1084 2790 1275 2859 vigiliis
1322 2808 1461 2848 nunc
1507 2796 1703 2864 dicere,
1755 2809 1812 2856 et

229 2872 479 2927 conferre
509 2889 833 2939 sermonem,
885 2877 1093 2944 quando
1122 2880 1234 2947 ipsa
1279 2881 1574 2940 lucubratio
1606 2891 1808 2956 geritur

230 2976 259 3015 a
288 2963 532 3018 sollicitis
558 2975 611 3019 et
642 2966 904 3034 religiosis
940 2985 952 3019 :
982 2984 1081 3022 nox
1114 2985 1253 3023 catca
1285 2984 1391 3037 est,
1420 2982 1474 3027 et
1503 2981 1808 3035 necessaria

227 3051 401 3121 caligo
447 3054 781 3121 corporibus,
838 3071 957 3125 qua:
1009 3073 1116 3113 non
1166 3060 1336 3116 solum
1392 3064 1655 3137 homines,
1710 3073 1805 3127 sed

225 3143 390 3195 etiam
422 3140 475 3196 in
506 3158 695 3199 somno
719 3146 917 3200 detinet
938 3149 1257 3216 animantes,
1291 3160 1367 3216 ut,
1393 3159 1650 3222 reparatis
1674 3158 1700 3197 δ
1729 3162 1808 3215 vi-

226 3232 379 3287 ribus
400 3250 495 3304 per
516 3250 783 3304 50porem,
812 3240 1017 3307 possint
1041 3239 1265 3297 diurnos
1297 3244 1504 3301 labores
1534 3254 1805 3307 sustinere

223 3323 527 3394 vigilantes.
556 3328 733 3383 Bonus
766 3329 926 3395 Deus,
959 3331 1047 3402 qui
1072 3332 1142 3386 ita
1174 3338 1465 3405 prospexit,
1500 3339 1571 3393 ita
1600 3344 1802 3396 consti-

223 3417 351 3481 tuit,
384 3426 443 3471 ut
465 3417 627 3474 homo
645 3422 888 3474 exiturus
911 3422 976 3476 ad
1006 3438 1139 3492 opus
1162 3438 1314 3480 suum
1346 3437 1401 3482 et
1438 3430 1504 3484 ad
1530 3435 1801 3501 operatio-

222 3521 348 3562 nem
370 3524 519 3564 suam
543 3525 711 3581 usque
730 3512 796 3566 ad
820 3528 1116 3583 vesperam,
1146 3515 1367 3572 haberet
1388 3521 1640 3577 vicarium
1670 3534 1803 3580 tem-

220 3611 344 3666 pus,
398 3598 450 3653 in
480 3616 585 3670 quo
622 3616 651 3656 a
695 3603 965 3658 laboribus
1010 3606 1158 3660 duris
1201 3616 1253 3661 et
1300 3611 1464 3665 multa
1497 3612 1802 3684 fatigatione

220 3691 586 3761 requiesceret
612 3692 783 3765 (Psal.
827 3711 935 3762 cut,
995 3696 1112 3768 25).
1159 3698 1297 3770 Ergo
1347 3703 1486 3758 diem
1532 3706 1598 3760 ad
1645 3723 1797 3779 opus,

219 3794 435 3839 noctem
465 3783 591 3840 fecit
616 3786 682 3841 ad
712 3789 948 3858 requiem
974 3806 989 3855 ;
1021 3798 1073 3845 et
1102 3806 1201 3860 pro
1233 3794 1354 3860 hoc,
1385 3797 1527 3851 sicut
1559 3813 1653 3867 pro
1681 3816 1798 3857 om-

218 3873 400 3943 nibus,
430 3876 626 3945 gratias
653 3876 908 3933 debemus
929 3895 1088 3949 agere
1112 3881 1189 3936 illi
1216 3884 1303 3953 qui
1334 3887 1583 3953 prmstitit
1618 3899 1662 3944 α.
1692 3890 1798 3947 No—

217 3969 399 4024 vimus
424 3980 601 4027 autem
627 3974 819 4027 multos
843 3973 1137 4042 hominum,
1163 3987 1219 4031 ιιι
1247 3988 1337 4034 aut
1362 3981 1655 4052 majoribus
1684 3988 1796 4043 suis
1824 4008 1870 4070 ρ

218 4060 488 4129 placeant,
521 4071 612 4116 aut
638 4062 742 4117 sibi
769 4065 965 4135 aliquid
999 4068 1337 4135 peculiariter
1366 4075 1593 4141 prosint,
1625 4078 1798 4133 noctis

217 4152 534 4219 particulam
564 4153 630 4208 ad
659 4154 873 4227 aliquod
922 4160 1235 4227 opusculum
1289 4176 1593 4234 segregare,
1642 4179 1697 4222 et
1742 4169 1794 4224 id

218 4258 315 4311 pro
343 4244 491 4299 lucro
518 4245 737 4313 ducere,
760 4248 900 4319 quod
932 4248 1088 4305 furati
1119 4252 1185 4306 de
1215 4268 1409 4323 sopore
1431 4272 1551 4321 suo,
1581 4262 1793 4327 aperari

218 4343 509 4402 potuerunt
536 4334 586 4390 δ.
626 4339 778 4404 Quod
807 4340 853 4394 si
901 4340 953 4394 in
985 4343 1288 4398 carnalibus
1317 4344 1711 4416 instrumentis,
1743 4352 1794 4405 id

216 4436 329 4491 est,
388 4428 547 4483 victui
596 4442 657 4481 ac
704 4430 915 4482 vestitui
947 4434 1285 4499 necessariis,
1326 4436 1415 4503 qui
1445 4437 1663 4505 vigilant
1692 4456 1794 4494 non

214 4516 709 4583 reprehenduntur,
744 4521 851 4571 imo
898 4521 1220 4587 laudantur;
1254 4535 1451 4593 quanto
1499 4529 1667 4598 magis
1699 4546 1796 4586 nos

215 4623 401 4663 sacras
430 4610 660 4678 vigilias,
695 4622 801 4666 tam
831 4613 1091 4680 spirituali
1124 4632 1203 4685 op:
1226 4632 1286 4670 re
1331 4618 1649 4688 lructuosas,
1675 4639 1795 4679 ora-

216 4695 453 4751 tionibus
498 4698 721 4766 scilicet,
756 4701 989 4772 hymnis,
1021 4703 1343 4761 lectionibus
1372 4708 1646 4778 feeundas,
1697 4714 1792 4803 ob;

214 4800 435 4843 servare
460 4795 515 4841 et
539 4802 717 4844 amare
736 4791 1016 4860 debemus,
1058 4804 1113 4849 ut
1138 4810 1167 4849 a
1201 4798 1421 4853 Domino
1445 4799 1554 4855 Deo
1582 4791 1792 4858 merce:

212 4877 338 4934 dem
366 4879 685 4949 recipiamus
707 4878 731 4905 ⁸
756 4883 779 4937 i

835 4973 1061 5030 CAPUT
1099 4977 1159 5032 ll.

284 5079 541 5152 Equidem
572 5095 695 5139 sunt
726 5086 970 5142 homines
998 5092 1085 5158 qui
1121 5092 1216 5146 ista
1249 5096 1666 5165 reprehendunt,
1697 5102 1790 5155 sed

1847 2626 1895 2684 B
1922 2638 1952 2677 a
1984 2628 2090 2682 fide
2121 2633 2380 2689 catholica
2410 2650 2462 2691 et
2493 2640 2747 2710 religione
2777 2645 2934 2701 alieni
2966 2662 3110 2707 sunt.
3143 2652 3249 2711 Sed
3280 2674 3384 2715 non
3413 2676 3499 2721 est

1900 2720 2128 2785 mirum.
2167 2727 2444 2791 Quomodo
2472 2735 2612 2788 enim
2646 2736 2821 2806 impiis
2866 2752 2921 2797 et
2970 2746 3205 2812 profanis
3246 2754 3494 2824 religiosa

1915 2808 2126 2875 placere
2168 2821 2422 2882 possunt?
2450 2822 2653 2888 Quibus
2678 2829 2721 2881 si
2752 2832 3043 2898 placerent.
3093 2844 3261 2898 nostri
3286 2860 3488 2913 essent,

1912 2904 2052 2969 quod
2080 2918 2267 2962 sumus
2295 2906 2313 2946 τ
2349 2912 2527 2982 utique
2555 2916 2873 2977 Christiani.
2903 2926 2958 2979 Si
3000 2943 3128 2983 vero
3169 2936 3334 2989 nostri
3366 2904 3491 2992 sunt

1911 3006 2044 3060 quos
2077 2995 2371 3066 vigiliarum
2400 3015 2702 3064 sanctarum
2745 3013 2987 3071 salutifer
3037 3031 3187 3076 actus
3229 3025 3485 3093 offendit,

1911 3093 1966 3138 ut
1988 3086 2119 3142 nihil
2142 3090 2207 3145 de
2231 3092 2313 3147 his
2343 3094 2578 3153 deterius
2623 3108 2877 3174 suspicet,
2912 3121 3003 3164 aut
3050 3116 3179 3183 p‘gri
3224 3128 3367 3183 sunt,
3395 3086 3487 3173 aut

1909 3179 2274 3248 somniculosi,
2298 3196 2390 3240 aut
2409 3202 2566 3244 senes
2587 3204 2728 3259 sunt,
2753 3207 2843 3249 aut
2870 3179 3084 3254 infirmi.
3108 3179 3163 3257 Si
3189 3207 3317 3273 pigri
3342 3220 3486 3269 sunt.

1909 3268 2256 3337 erubescant;
2281 3275 2403 3342 quia
2430 3277 2534 3331 illis
2551 3281 2798 3338 insonant
2826 3285 3110 3343 Proverbia
3137 3268 3441 3349 Salomonis
3470 3317 3482 3349 :

1924 3355 2058 3411 Vade
2107 3362 2177 3413 ad
2222 3366 2509 3441 formicam,
2564 3385 2592 3423 o
2626 3373 2813 3441 piger;
2858 3386 2905 3430 et
2951 3380 3195 3435 tumulare
3243 3386 3345 3440 uias
3375 3391 3485 3458 ejus

1910 3444 2095 3516 (Prov.
2126 3465 2200 3518 vr,
2250 3453 2328 3520 6).
2361 3454 2418 3510 Si
2468 3460 2812 3516 somniculosi
2843 3476 2988 3531 sunt,
3022 3444 3482 3541 expergiscantur,

1909 3538 2183 3609 Scriptura
2236 3546 2636 3611 proclamante:
2673 3552 2716 3605 Ο
2756 3547 2921 3626 p'iger,
2959 3538 3217 3630 quousque
3243 3538 3484 3620 dormis?

1912 3628 2130 3695 Quando
2183 3645 2350 3713 autem
2382 3638 2446 3692 de
2496 3656 2671 3695 somno
2707 3646 2912 3715 surgis?
2966 3628 3230 3721 Modicum
3281 3658 3480 3725 quidem

1907 3723 2119 3792 dormis,
2144 3710 2399 3780 modicum
2418 3730 2584 3794 sedes,
2609 3736 2863 3788 modicum
2890 3750 3057 3793 autem
3084 3741 3350 3809 dormitas,
3385 3764 3485 3816 pu-

1904 3819 2078 3873 sillum
2106 3830 2273 3875 autem
2316 3826 2551 3882 manibus
2579 3831 2896 3902 amplecteris
2925 3846 3119 3907 pectus.
3154 3840 3367 3909 Deinde,
3396 3864 3485 3900 stt-

1905 3913 2155 3979 perveniet
2189 3915 2281 3968 tibi
2320 3926 2566 3986 tanquam
2593 3922 2754 3978 uiator
2792 3939 3088 3996 paupertas,
3118 3933 3288 4003 inopia
3308 3948 3478 3991 autem

1904 4006 2034 4058 sicut
2066 4007 2224 4063 bonus
2253 4026 2433 4065 cursor
2453 4011 2643 4083 (Ibid.,
2671 4015 2764 4070 9-1
2783 4019 2851 4087 ι).
2877 4019 2934 4073 Si
2955 4031 3130 4078 autem
3152 4040 3309 4081 senes
3331 4038 3481 4095 sunt,

1894 4098 2025 4171 quis
2066 4114 2159 4154 eos
2205 4103 2479 4171 compellit
2529 4114 2587 4161 ut
2634 4108 2886 4178 vigileut?
2914 4126 3216 4183 quanquam
3266 4128 3321 4171 et
3375 4135 3485 4175 non

1905 4190 2165 4256 compulsi
2206 4192 2427 4260 vigilare
2442 4195 2650 4250 .debent
2677 4212 2774 4266 pro
2813 4200 2925 4269 ipsa
2956 4213 3112 4257 aetate
3138 4220 3254 4272 sua,
3288 4216 3341 4261 et
3371 4208 3477 4261 Do—

1906 4281 2107 4335 minum
2134 4283 2300 4338 Deum
2327 4290 2612 4343 instantius
2631 4305 2808 4346 orare.
2839 4293 3064 4362 Vigilare
3083 4297 3260 4365 itaque
3281 4300 3481 4354 debent

1905 4369 2177 4436 sedentes,
2199 4372 2242 4426 si
2271 4382 2414 4428 stare
2435 4391 2540 4430 non
2567 4379 2881 4445 praevalent.
2905 4380 2960 4434 Si
2985 4397 3111 4436 vero
3140 4385 3332 4437 intirmi
3355 4397 3483 4441 sunt

1906 4461 2182 4527 membris,
2216 4464 2356 4531 quod
2387 4466 2489 4533 ipsi
2537 4466 2713 4522 facere
2743 4483 2849 4524 non
2881 4481 3124 4539 possunt,
3155 4490 3260 4529 non
3297 4492 3481 4543 repre-

1905 4548 2139 4603 hendant
2170 4567 2182 4602 :
2218 4551 2327 4607 ituo
2355 4556 2648 4610 secundum
2680 4559 2993 4629 prophetam
3023 4565 3199 4635 rigent
3222 4567 3473 4638 lacryutis

1886 4648 2125 4705 ,stratum
2181 4658 2358 4711 suum,
2391 4653 2445 4700 et
2498 4647 2679 4705 dicant
2716 4668 2728 4703 :
2763 4650 2854 4707 Sic
2880 4669 3072 4709 memor
3096 4658 3172 4728 fui
3219 4660 3294 4713 tui
3321 4679 3474 4731 super

1897 4727 2114 4788 stratum
2136 4751 2301 4789 meum
2324 4735 2497 4806 (Psal.
2526 4756 2666 4805 uix,
2697 4743 2775 4814 7).
2800 4727 3182 4805 Commendent
3210 4727 3474 4807 etiam'vi-

1896 4823 2202 4894 gilantibus,
2226 4837 2282 4881 ut
2303 4843 2396 4883 eos
2430 4833 2539 4887 suis
2568 4835 2821 4901 precibus
2847 4837 3118 4908 adjnvent,
3149 4843 3289 4911 quod
3320 4846 3473 4912 adju-

1897 4916 1936 4969 ti
1968 4930 1998 4968 a
2024 4916 2249 4972 Domino
2275 4934 2435 4989 super
2463 4923 2658 4978 lectum
2689 4927 2891 4982 doloris
2920 4931 3003 4984 sui
3025 4938 3469 5004 canereqnando-

1896 5025 2000 5077 que
2029 5021 2351 5077 mereantur,
2383 5015 2619 5073 dicentes
2652 5037 2665 5072 :
2700 5018 2766 5074 In
2796 5026 3055 5076 matutinis
3095 5029 3374 5081 meditabor
3415 5032 3466 5082 in

1900 5112 1965 5164 te,
1992 5100 2227 5167 Domine,
2253 5106 2371 5173 quia
2412 5113 2579 5177 factus
2609 5128 2660 5165 es
2684 5113 2892 5181 adjutor
2920 5133 3059 5170 meus
3092 5119 3108 5179 (
3116 5118 3295 5189 1ὺιά.).
3324 5124 3468 5175 Alio-

284 5220 314 5311 :
344 5211 658 5311 Exsmtlioe’
680 5216 990 5311 qpusculutn
1015 5217 1154 5311 igter
1183 5223 1426 5311 opera/‘8“.
1461 5224 1789 5311 llieronymo
1816 5237 1869 5299 ι)
1892 5232 2115 5311 gilanter
2153 5244 2370 5311 exercet.
2402 5232 2615 5311 Addidit
2642 5241 2817 5308 etiam,
2848 5246 2983 5311 quod
3010 5263 3073 5300 ea:
3100 5251 3195 5301 ltoc
3218 5252 3331 5303 laus
3361 5254 3468 5305 ιιι-ο

213 5281 455 5360 tributa,“
462 5285 594 5360 edit.
621 5281 845 5360 Vallars.
877 5294 1007 5341 tom.
1032 5287 1122 5352 XI,
1157 5281 1273 5360 pag.
1317 5292 1443 5347 222.
1481 5296 1575 5350 Ubi
1610 5281 1686 5352 sic
1709 5281 1789 5353 in:

210 5353 379 5420 cipit:
413 5350 639 5423 Dignum
674 5366 767 5421 est,
811 5356 1012 5426 fratres,
1047 5350 1322 5427 aptumque
1352 5381 1583 5428 prorsus.
1618 5350 1784 5424 ιιξιῖε

210 5426 443 5507 εοιιίεζιςε
467 5440 765 5507 sermonem,
800 5429 1005 5507 quando
1035 5426 1147 5496 ipsa
1190 5426 1478 5507 lucubratio
1515 5438 1734 5507 exigitur
1758 5456 1789 5493 a

208 5490 464 5567 sollicitis.
497 5492 620 5567 os:
648 5509 757 5567 ecce
783 5490 853 5550 est
878 5490 1314 5567 caligpfcorporis.

279 5558 305 5597 δ
336 5561 447 5630 ΑΙ..
474 5562 780 5630 reformatis.

282 5638 304 5695 ς
337 5629 463 5685 Haec
491 5629 714 5688 deerant
740 5635 794 5689 in
822 5635 966 5691 edito
991 5636 1207 5695 Hieron.

276 5694 304 5734 τι
340 5701 479 5757 Edit.
508 5703 748 5772 Hieron.,
778 5704 1062 5763 Potuerint.
1096 5709 1139 5763 A
1162 5694 1439 5769 Salomone
1457 5731 1572 5771 vero
1598 5716 1779 5770 lauda-

210 5780 268 5820 ur
292 5778 339 5823 et
361 5773 572 5844 femina,
604 5792 717 5845 quce
744 5793 901 5847 pensa
926 5788 970 5833 et
998 5779 1281 5849 laniﬁcium
1311 5785 1378 5839 ad
1410 5786 1669 5842 lucernam
1698 5790 1772 5843 ri-

1895 5304 2006 5371 ejus
2027 5304 2370 5387 portishet
2392 5309 2556 5387 gloria
2588 5328 2773 5387 magna
2798 5304 3059 5369 nascatur.
3090 5319 3241 5384 Quod
3271 5323 3333 5387 si,
3360 5335 3464 5379 etc.

1969 5373 2185 5458 °.lbid.,
2237 5373 2425 5456 Mirari
2473 5395 2551 5458 me
2578 5373 2761 5449 faie’or,
2802 5402 2906 5439 esse
2934 5373 3131 5455 aliqua;
3158 5391 3244 5458 qui
3292 5373 3466 5446 aberas

1894 5443 2091 5523 uigilias
2134 5449 2540 5523 tam_sp_irituali
2578 5443 2726 5521 opere
2751 5443 3079 5521 fructuosus,
3129 5443 3463 5523 aiationfbus.

1895 5513 2098 5582 hymnis
2144 5516 2538 5597 lectionibusque
2564 5513 2829 5597 fecundas,
2860 5537 2945 5578 aut
2975 5513 3256 5597 super/luas

1891 5592 2168 5665 mant,naut
2194 5589 2403 5665 otiosas,
2433 5594 2714 5665 aut,_quod
2732 5594 2807 5647 Itis
2838 5608 2913 5649 est
2945 5589 3182 5665 deterius,
3209 5602 3460 5657 imnortuo

1890 5667 2015 5736 ηαξ..
2036 5652 2103 5708 Et
2118 5656 2384 5738 quidemsi
2403 5668 2518 5713 sunt
2532 5652 2780 5738 'homines
2799 5682 2829 5717 α
2849 5667 3092 5738 religione
3112 5652 3283 5726 nostra
3310 5677 3462 5730 alieni

1887 5724 1977 5794 qui
1997 5724 2186 5794 istasic
2208 5729 2451 5790 sentiunt,
2481 5747 2583 5785 non
2621 5742 2691 5785 est
2715 5737 2921 5793 mirum.

1958 5791 1977 5830 ί
2004 5793 2163 5862 lbid.,
2184 5795 2362 5849 simus.
2397 5800 2504 5859 ΑΙ..
2532 5806 2735 5857 scimus.
