  <div class='ocr_page' id='page_1' title='image "/cluster/home/n/w/nwhite01/storage/ocr_20150623/68/hvd.32044015469331/189.png"; bbox 0 0 4004 6354; ppageno 0'>
   <div class='ocr_carea' id='block_1_1' title="bbox 542 278 642 331">
    <p class='ocr_par' dir='ltr' id='par_1_1' title="bbox 542 278 642 331">
     <span class='ocr_line' id='line_1_1' title="bbox 542 278 642 331; baseline 0.01 -1"><span class='ocrx_word' id='word_1_1' title='bbox 542 278 642 331; x_wconf 74' lang='grc'><strong>337</strong></span> 
     </span>
    </p>
   </div>
   <div class='ocr_carea' id='block_1_2' title="bbox 2011 274 2355 330">
    <p class='ocr_par' dir='ltr' id='par_1_2' title="bbox 2011 274 2355 330">
     <span class='ocr_line' id='line_1_2' title="bbox 2011 274 2355 330; baseline -0.003 0"><span class='ocrx_word' id='word_1_2' title='bbox 2011 276 2069 330; x_wconf 87' lang='lat' dir='ltr'><strong>S.</strong></span> <span class='ocrx_word' id='word_1_3' title='bbox 2113 274 2355 330; x_wconf 75' lang='lat' dir='ltr'><strong>NlCETll</strong></span> 
     </span>
    </p>
   </div>
   <div class='ocr_carea' id='block_1_3' title="bbox 3683 281 3791 336">
    <p class='ocr_par' dir='ltr' id='par_1_3' title="bbox 3683 281 3791 336">
     <span class='ocr_line' id='line_1_3' title="bbox 3683 281 3791 336; baseline 0.019 -3"><span class='ocrx_word' id='word_1_4' title='bbox 3683 281 3791 336; x_wconf 68' lang='lat'><strong>363</strong></span> 
     </span>
    </p>
   </div>
   <div class='ocr_carea' id='block_1_4' title="bbox 539 386 3788 464">
    <p class='ocr_par' dir='ltr' id='par_1_4' title="bbox 539 386 3788 464">
     <span class='ocr_line' id='line_1_4' title="bbox 539 386 3788 464; baseline 0.001 -20"><span class='ocrx_word' id='word_1_5' title='bbox 539 394 668 464; x_wconf 80' lang='lat' dir='ltr'><strong>quin</strong></span> <span class='ocrx_word' id='word_1_6' title='bbox 697 393 942 456; x_wconf 86' lang='lat' dir='ltr'><strong>stultum,</strong></span> <span class='ocrx_word' id='word_1_7' title='bbox 995 401 1049 445; x_wconf 90' lang='lat' dir='ltr'><strong>et</strong></span> <span class='ocrx_word' id='word_1_8' title='bbox 1075 393 1202 445; x_wconf 78' lang='lat' dir='ltr'><strong>satis</strong></span> <span class='ocrx_word' id='word_1_9' title='bbox 1231 399 1542 446; x_wconf 75' lang='lat' dir='ltr'><strong>extraneum</strong></span> <span class='ocrx_word' id='word_1_10' title='bbox 1596 401 1677 445; x_wconf 91' lang='lat' dir='ltr'><strong>est</strong></span> <span class='ocrx_word' id='word_1_11' title='bbox 1711 397 1733 424; x_wconf 67' lang='grc' dir='ltr'><strong>ί·</strong></span> <span class='ocrx_word' id='word_1_12' title='bbox 1760 404 1793 444; x_wconf 91' lang='lat' dir='ltr'><strong>a</strong></span> <span class='ocrx_word' id='word_1_13' title='bbox 1825 389 2103 458; x_wconf 82' lang='lat' dir='ltr'><strong>religione,</strong></span> <span class='ocrx_word' id='word_1_14' title='bbox 2139 390 2180 446; x_wconf 83' lang='lat' dir='ltr'><strong>A</strong></span> <span class='ocrx_word' id='word_1_15' title='bbox 2209 386 2348 443; x_wconf 90' lang='lat' dir='ltr'><strong>betis</strong></span> <span class='ocrx_word' id='word_1_16' title='bbox 2391 400 2448 444; x_wconf 93' lang='lat' dir='ltr'><strong>et</strong></span> <span class='ocrx_word' id='word_1_17' title='bbox 2477 399 2684 460; x_wconf 89' lang='lat' dir='ltr'><strong>tempus</strong></span> <span class='ocrx_word' id='word_1_18' title='bbox 2717 403 3053 459; x_wconf 78' lang='lat' dir='ltr'><strong>expressum,</strong></span> <span class='ocrx_word' id='word_1_19' title='bbox 3088 397 3139 443; x_wconf 91' lang='lat' dir='ltr'><strong>et</strong></span> <span class='ocrx_word' id='word_1_20' title='bbox 3169 391 3484 460; x_wconf 72' lang='lat' dir='ltr'><strong>exsurgendi</strong></span> <span class='ocrx_word' id='word_1_21' title='bbox 3531 391 3788 448; x_wconf 85' lang='lat' dir='ltr'><strong>sollicitu-</strong></span> 
     </span>
    </p>
   </div>
   <div class='ocr_carea' id='block_1_5' title="bbox 543 480 2114 552">
    <p class='ocr_par' dir='ltr' id='par_1_5' title="bbox 543 480 2114 552">
     <span class='ocr_line' id='line_1_5' title="bbox 543 480 2114 552; baseline -0.001 -18"><span class='ocrx_word' id='word_1_22' title='bbox 543 493 602 536; x_wconf 93' lang='lat' dir='ltr'><strong>ut</strong></span> <span class='ocrx_word' id='word_1_23' title='bbox 638 483 761 552; x_wconf 89' lang='lat' dir='ltr'><strong>quia</strong></span> <span class='ocrx_word' id='word_1_24' title='bbox 811 483 910 552; x_wconf 84' lang='lat' dir='ltr'><strong>ipsi</strong></span> <span class='ocrx_word' id='word_1_25' title='bbox 940 496 1155 536; x_wconf 87' lang='lat' dir='ltr'><strong>currere</strong></span> <span class='ocrx_word' id='word_1_26' title='bbox 1185 495 1287 534; x_wconf 93' lang='lat' dir='ltr'><strong>non</strong></span> <span class='ocrx_word' id='word_1_27' title='bbox 1317 481 1575 543; x_wconf 86' lang='lat' dir='ltr'><strong>valemus,</strong></span> <span class='ocrx_word' id='word_1_28' title='bbox 1609 481 1747 535; x_wconf 83' lang='lat' dir='ltr'><strong>bene</strong></span> <span class='ocrx_word' id='word_1_29' title='bbox 1774 480 2114 535; x_wconf 89' lang='lat' dir='ltr'><strong>currentibus</strong></span> 
     </span>
    </p>
   </div>
   <div class='ocr_carea' id='block_1_6' title="bbox 546 572 2111 643">
    <p class='ocr_par' dir='ltr' id='par_1_6' title="bbox 546 572 2111 643">
     <span class='ocr_line' id='line_1_6' title="bbox 546 572 2111 643; baseline -0.002 -16"><span class='ocrx_word' id='word_1_30' title='bbox 546 575 898 643; x_wconf 86' lang='lat' dir='ltr'><strong>derogemus;</strong></span> <span class='ocrx_word' id='word_1_31' title='bbox 929 575 1049 641; x_wconf 85' lang='lat' dir='ltr'><strong>quia</strong></span> <span class='ocrx_word' id='word_1_32' title='bbox 1089 574 1188 627; x_wconf 90' lang='lat' dir='ltr'><strong>etsi</strong></span> <span class='ocrx_word' id='word_1_33' title='bbox 1237 587 1338 626; x_wconf 90' lang='lat' dir='ltr'><strong>non</strong></span> <span class='ocrx_word' id='word_1_34' title='bbox 1369 585 1673 639; x_wconf 88' lang='lat' dir='ltr'><strong>possumus,</strong></span> <span class='ocrx_word' id='word_1_35' title='bbox 1705 572 1960 627; x_wconf 85' lang='lat' dir='ltr'><strong>debemus</strong></span> <span class='ocrx_word' id='word_1_36' title='bbox 2008 586 2111 624; x_wconf 89' lang='lat' dir='ltr'><strong>non</strong></span> 
     </span>
    </p>
   </div>
   <div class='ocr_carea' id='block_1_7' title="bbox 545 662 2110 733">
    <p class='ocr_par' dir='ltr' id='par_1_7' title="bbox 545 662 2110 733">
     <span class='ocr_line' id='line_1_7' title="bbox 545 662 2110 733; baseline -0.002 -16"><span class='ocrx_word' id='word_1_37' title='bbox 545 663 805 730; x_wconf 78' lang='lat' dir='ltr'><strong>invidere,</strong></span> <span class='ocrx_word' id='word_1_38' title='bbox 828 664 920 718; x_wconf 90' lang='lat' dir='ltr'><strong>sed</strong></span> <span class='ocrx_word' id='word_1_39' title='bbox 945 662 1301 733; x_wconf 84' lang='lat' dir='ltr'><strong>congratulari</strong></span> <span class='ocrx_word' id='word_1_40' title='bbox 1323 663 1649 731; x_wconf 91' lang='lat' dir='ltr'><strong>potentibus.</strong></span> <span class='ocrx_word' id='word_1_41' title='bbox 1676 663 1824 717; x_wconf 83' lang='lat' dir='ltr'><strong>Sicut</strong></span> <span class='ocrx_word' id='word_1_42' title='bbox 1853 663 1995 717; x_wconf 88' lang='lat' dir='ltr'><strong>enim</strong></span> <span class='ocrx_word' id='word_1_43' title='bbox 2021 663 2110 730; x_wconf 89' lang='lat' dir='ltr'><strong>qui</strong></span> 
     </span>
    </p>
   </div>
   <div class='ocr_carea' id='block_1_8' title="bbox 546 753 2114 822">
    <p class='ocr_par' dir='ltr' id='par_1_8' title="bbox 546 753 2114 822">
     <span class='ocr_line' id='line_1_8' title="bbox 546 753 2114 822; baseline -0.003 -14"><span class='ocrx_word' id='word_1_44' title='bbox 546 755 804 809; x_wconf 86' lang='lat' dir='ltr'><strong>consentit</strong></span> <span class='ocrx_word' id='word_1_45' title='bbox 835 755 1070 817; x_wconf 64' lang='lat' dir='ltr'><strong>malitiae,</strong></span> <span class='ocrx_word' id='word_1_46' title='bbox 1104 754 1370 821; x_wconf 76' lang='lat' dir='ltr'><strong>particeps</strong></span> <span class='ocrx_word' id='word_1_47' title='bbox 1397 763 1481 816; x_wconf 84' lang='lat' dir='ltr'><strong>est</strong></span> <span class='ocrx_word' id='word_1_48' title='bbox 1501 768 1693 822; x_wconf 66' lang='lat' dir='ltr'><strong>paena),</strong></span> <span class='ocrx_word' id='word_1_49' title='bbox 1726 754 1802 808; x_wconf 89' lang='lat' dir='ltr'><strong>sic</strong></span> <span class='ocrx_word' id='word_1_50' title='bbox 1833 753 2114 820; x_wconf 86' lang='lat' dir='ltr'><strong>participa-</strong></span> 
     </span>
    </p>
   </div>
   <div class='ocr_carea' id='block_1_9' title="bbox 546 842 2110 912">
    <p class='ocr_par' dir='ltr' id='par_1_9' title="bbox 546 842 2110 912">
     <span class='ocr_line' id='line_1_9' title="bbox 546 842 2110 912; baseline 0.001 -17"><span class='ocrx_word' id='word_1_51' title='bbox 546 844 618 896; x_wconf 92' lang='lat' dir='ltr'><strong>tio</strong></span> <span class='ocrx_word' id='word_1_52' title='bbox 665 844 844 912; x_wconf 74' lang='lat' dir='ltr'><strong>gloria:</strong></span> <span class='ocrx_word' id='word_1_53' title='bbox 893 842 1154 910; x_wconf 86' lang='lat' dir='ltr'><strong>speranda</strong></span> <span class='ocrx_word' id='word_1_54' title='bbox 1199 851 1281 897; x_wconf 88' lang='lat' dir='ltr'><strong>est</strong></span> <span class='ocrx_word' id='word_1_55' title='bbox 1330 843 1397 897; x_wconf 89' lang='lat' dir='ltr'><strong>de</strong></span> <span class='ocrx_word' id='word_1_56' title='bbox 1452 843 1808 899; x_wconf 90' lang='lat' dir='ltr'><strong>consensione</strong></span> <span class='ocrx_word' id='word_1_57' title='bbox 1837 844 2110 900; x_wconf 78' lang='lat' dir='ltr'><strong>bonitatis.</strong></span> 
     </span>
    </p>
   </div>
   <div class='ocr_carea' id='block_1_10' title="bbox 547 931 2112 1004">
    <p class='ocr_par' dir='ltr' id='par_1_10' title="bbox 547 931 2112 1004">
     <span class='ocr_line' id='line_1_10' title="bbox 547 931 2112 1004; baseline 0.001 -18"><span class='ocrx_word' id='word_1_58' title='bbox 547 934 696 989; x_wconf 79' lang='lat' dir='ltr'><strong>Alios</strong></span> <span class='ocrx_word' id='word_1_59' title='bbox 721 934 862 989; x_wconf 90' lang='lat' dir='ltr'><strong>enim</strong></span> <span class='ocrx_word' id='word_1_60' title='bbox 890 941 1110 987; x_wconf 69' lang='lat' dir='ltr'><strong>coronat</strong></span> <span class='ocrx_word' id='word_1_61' title='bbox 1149 932 1368 988; x_wconf 86' lang='lat' dir='ltr'><strong>all‘ectus</strong></span> <span class='ocrx_word' id='word_1_62' title='bbox 1399 931 1451 1001; x_wconf 71' lang='grc' dir='ltr'><strong>ι’,</strong></span> <span class='ocrx_word' id='word_1_63' title='bbox 1477 935 1609 990; x_wconf 89' lang='lat' dir='ltr'><strong>alios</strong></span> <span class='ocrx_word' id='word_1_64' title='bbox 1637 935 1885 990; x_wconf 83' lang='lat' dir='ltr'><strong>voluntas</strong></span> <span class='ocrx_word' id='word_1_65' title='bbox 1915 935 1995 1004; x_wconf 89' lang='lat' dir='ltr'><strong>pia</strong></span> <span class='ocrx_word' id='word_1_66' title='bbox 2027 934 2112 988; x_wconf 69' lang='lat' dir='ltr'><strong>lae-</strong></span> 
     </span>
    </p>
   </div>
   <div class='ocr_carea' id='block_1_11' title="bbox 545 1013 1974 1078">
    <p class='ocr_par' dir='ltr' id='par_1_11' title="bbox 545 1013 1974 1078">
     <span class='ocr_line' id='line_1_11' title="bbox 545 1013 1974 1078; baseline 0.012 -3"><span class='ocrx_word' id='word_1_67' title='bbox 545 1024 733 1078; x_wconf 87' lang='lat' dir='ltr'><strong>tiﬁcat.</strong></span> <span class='ocrx_word' id='word_1_68' title='bbox 1961 1013 1974 1028; x_wconf 71' lang='grc'><em>“</em></span> 
     </span>
    </p>
   </div>
   <div class='ocr_carea' id='block_1_12' title="bbox 615 1113 2112 1170">
    <p class='ocr_par' dir='ltr' id='par_1_12' title="bbox 615 1113 2112 1170">
     <span class='ocr_line' id='line_1_12' title="bbox 615 1113 2112 1170; baseline -0.001 -3"><span class='ocrx_word' id='word_1_69' title='bbox 615 1115 723 1168; x_wconf 88' lang='lat' dir='ltr'><strong>Nec</strong></span> <span class='ocrx_word' id='word_1_70' title='bbox 748 1127 875 1167; x_wconf 87' lang='lat' dir='ltr'><strong>sane</strong></span> <span class='ocrx_word' id='word_1_71' title='bbox 904 1127 1190 1169; x_wconf 90' lang='lat' dir='ltr'><strong>onerosum</strong></span> <span class='ocrx_word' id='word_1_72' title='bbox 1219 1113 1298 1169; x_wconf 93' lang='lat' dir='ltr'><strong>vel</strong></span> <span class='ocrx_word' id='word_1_73' title='bbox 1325 1113 1543 1168; x_wconf 91' lang='lat' dir='ltr'><strong>difﬁcile</strong></span> <span class='ocrx_word' id='word_1_74' title='bbox 1565 1114 1734 1169; x_wconf 87' lang='lat' dir='ltr'><strong>videri</strong></span> <span class='ocrx_word' id='word_1_75' title='bbox 1763 1115 1922 1170; x_wconf 88' lang='lat' dir='ltr'><strong>debet</strong></span> <span class='ocrx_word' id='word_1_76' title='bbox 1954 1116 2112 1169; x_wconf 88' lang='lat' dir='ltr'><strong>etiam</strong></span> 
     </span>
    </p>
   </div>
   <div class='ocr_carea' id='block_1_13' title="bbox 543 1202 2115 1274">
    <p class='ocr_par' dir='ltr' id='par_1_13' title="bbox 543 1202 2115 1274">
     <span class='ocr_line' id='line_1_13' title="bbox 543 1202 2115 1274; baseline 0.001 -18"><span class='ocrx_word' id='word_1_77' title='bbox 543 1203 782 1258; x_wconf 85' lang='lat' dir='ltr'><strong>delicatis</strong></span> <span class='ocrx_word' id='word_1_78' title='bbox 809 1202 888 1256; x_wconf 85' lang='lat' dir='ltr'><strong>vel</strong></span> <span class='ocrx_word' id='word_1_79' title='bbox 913 1202 1136 1256; x_wconf 90' lang='lat' dir='ltr'><strong>inﬁrmis</strong></span> <span class='ocrx_word' id='word_1_80' title='bbox 1153 1205 1469 1272; x_wconf 88' lang='lat' dir='ltr'><strong>corporibus</strong></span> <span class='ocrx_word' id='word_1_81' title='bbox 1494 1205 1544 1258; x_wconf 92' lang='lat' dir='ltr'><strong>in</strong></span> <span class='ocrx_word' id='word_1_82' title='bbox 1573 1206 1869 1274; x_wconf 90' lang='lat' dir='ltr'><strong>septimana</strong></span> <span class='ocrx_word' id='word_1_83' title='bbox 1892 1205 2115 1260; x_wconf 91' lang='lat' dir='ltr'><strong>duarum</strong></span> 
     </span>
    </p>
   </div>
   <div class='ocr_carea' id='block_1_14' title="bbox 546 1281 2115 1366">
    <p class='ocr_par' dir='ltr' id='par_1_14' title="bbox 546 1281 2115 1366">
     <span class='ocr_line' id='line_1_14' title="bbox 546 1281 2115 1366; baseline 0.003 -18"><span class='ocrx_word' id='word_1_84' title='bbox 546 1294 801 1359; x_wconf 89' lang='lat' dir='ltr'><strong>noctium,</strong></span> <span class='ocrx_word' id='word_1_85' title='bbox 845 1295 895 1348; x_wconf 89' lang='lat' dir='ltr'><strong>id</strong></span> <span class='ocrx_word' id='word_1_86' title='bbox 925 1304 1027 1361; x_wconf 89' lang='lat' dir='ltr'><strong>est,</strong></span> <span class='ocrx_word' id='word_1_87' title='bbox 1055 1296 1258 1349; x_wconf 82' lang='lat' dir='ltr'><strong>sabbati</strong></span> <span class='ocrx_word' id='word_1_88' title='bbox 1290 1281 1448 1366; x_wconf 82' lang='lat' dir='ltr'><strong>atque</strong></span> <span class='ocrx_word' id='word_1_89' title='bbox 1477 1297 1778 1361; x_wconf 71' lang='lat' dir='ltr'><strong>dominicae,</strong></span> <span class='ocrx_word' id='word_1_90' title='bbox 1813 1299 2115 1366; x_wconf 90' lang='lat' dir='ltr'><strong>portionem</strong></span> 
     </span>
    </p>
   </div>
   <div class='ocr_carea' id='block_1_15' title="bbox 544 1387 2119 1457">
    <p class='ocr_par' dir='ltr' id='par_1_15' title="bbox 544 1387 2119 1457">
     <span class='ocr_line' id='line_1_15' title="bbox 544 1387 2119 1457; baseline 0 -17"><span class='ocrx_word' id='word_1_91' title='bbox 544 1388 774 1456; x_wconf 85' lang='lat' dir='ltr'><strong>aliquam</strong></span> <span class='ocrx_word' id='word_1_92' title='bbox 808 1387 899 1441; x_wconf 92' lang='lat' dir='ltr'><strong>Dei</strong></span> <span class='ocrx_word' id='word_1_93' title='bbox 924 1387 1220 1441; x_wconf 89' lang='lat' dir='ltr'><strong>ministerio</strong></span> <span class='ocrx_word' id='word_1_94' title='bbox 1241 1387 1496 1457; x_wconf 85' lang='lat' dir='ltr'><strong>deputare</strong></span> <span class='ocrx_word' id='word_1_95' title='bbox 1522 1407 1534 1440; x_wconf 89' lang='lat'>:</span> <span class='ocrx_word' id='word_1_96' title='bbox 1567 1390 1663 1442; x_wconf 90' lang='lat' dir='ltr'><strong>ista</strong></span> <span class='ocrx_word' id='word_1_97' title='bbox 1688 1389 1828 1442; x_wconf 91' lang='lat' dir='ltr'><strong>enim</strong></span> <span class='ocrx_word' id='word_1_98' title='bbox 1851 1390 1997 1457; x_wconf 89' lang='lat' dir='ltr'><strong>quasi</strong></span> <span class='ocrx_word' id='word_1_99' title='bbox 2026 1404 2119 1455; x_wconf 85' lang='lat' dir='ltr'><strong>pu-</strong></span> 
     </span>
    </p>
   </div>
   <div class='ocr_carea' id='block_1_16' title="bbox 545 1477 2120 1547">
    <p class='ocr_par' dir='ltr' id='par_1_16' title="bbox 545 1477 2120 1547">
     <span class='ocr_line' id='line_1_16' title="bbox 545 1477 2120 1547; baseline -0.001 -16"><span class='ocrx_word' id='word_1_100' title='bbox 545 1478 772 1532; x_wconf 88' lang='lat' dir='ltr'><strong>riﬁeatio</strong></span> <span class='ocrx_word' id='word_1_101' title='bbox 802 1489 880 1532; x_wconf 73' lang='grc' dir='ltr'><strong>εει</strong></span> <span class='ocrx_word' id='word_1_102' title='bbox 908 1477 1114 1532; x_wconf 89' lang='lat' dir='ltr'><strong>dierum</strong></span> <span class='ocrx_word' id='word_1_103' title='bbox 1145 1479 1375 1547; x_wconf 87' lang='lat' dir='ltr'><strong>quinque</strong></span> <span class='ocrx_word' id='word_1_104' title='bbox 1396 1478 1479 1532; x_wconf 86' lang='lat' dir='ltr'><strong>vel</strong></span> <span class='ocrx_word' id='word_1_105' title='bbox 1510 1479 1770 1543; x_wconf 89' lang='lat' dir='ltr'><strong>noctium,</strong></span> <span class='ocrx_word' id='word_1_106' title='bbox 1797 1479 1988 1547; x_wconf 89' lang='lat' dir='ltr'><strong>quibus</strong></span> <span class='ocrx_word' id='word_1_107' title='bbox 2011 1489 2120 1530; x_wconf 85' lang='lat' dir='ltr'><strong>stu-</strong></span> 
     </span>
    </p>
   </div>
   <div class='ocr_carea' id='block_1_17' title="bbox 547 1567 2118 1638">
    <p class='ocr_par' dir='ltr' id='par_1_17' title="bbox 547 1567 2118 1638">
     <span class='ocr_line' id='line_1_17' title="bbox 547 1567 2118 1638; baseline 0.003 -19"><span class='ocrx_word' id='word_1_108' title='bbox 547 1582 674 1635; x_wconf 88' lang='lat' dir='ltr'><strong>pore</strong></span> <span class='ocrx_word' id='word_1_109' title='bbox 700 1568 900 1622; x_wconf 81' lang='lat' dir='ltr'><strong>carnali</strong></span> <span class='ocrx_word' id='word_1_110' title='bbox 929 1578 950 1606; x_wconf 73' lang='grc' dir='ltr'><strong>ε</strong></span> <span class='ocrx_word' id='word_1_111' title='bbox 982 1567 1418 1638; x_wconf 87' lang='lat' dir='ltr'><strong>ingravescimus,</strong></span> <span class='ocrx_word' id='word_1_112' title='bbox 1452 1580 1539 1622; x_wconf 89' lang='lat' dir='ltr'><strong>aut</strong></span> <span class='ocrx_word' id='word_1_113' title='bbox 1597 1569 1880 1623; x_wconf 90' lang='lat' dir='ltr'><strong>mundanis</strong></span> <span class='ocrx_word' id='word_1_114' title='bbox 1910 1569 2118 1623; x_wconf 85' lang='lat' dir='ltr'><strong>actibus</strong></span> 
     </span>
    </p>
   </div>
   <div class='ocr_carea' id='block_1_18' title="bbox 546 1652 2120 1728">
    <p class='ocr_par' dir='ltr' id='par_1_18' title="bbox 546 1652 2120 1728">
     <span class='ocr_line' id='line_1_18' title="bbox 546 1652 2120 1728; baseline 0 -16"><span class='ocrx_word' id='word_1_115' title='bbox 546 1656 750 1714; x_wconf 86' lang='lat' dir='ltr'><strong>obsessi</strong></span> <span class='ocrx_word' id='word_1_116' title='bbox 802 1658 1043 1712; x_wconf 65' lang='lat' dir='ltr'><strong>leuantur</strong></span> <span class='ocrx_word' id='word_1_117' title='bbox 1072 1655 1122 1712; x_wconf 77' lang='grc' dir='ltr'><strong>ἀ.</strong></span> <span class='ocrx_word' id='word_1_118' title='bbox 1169 1657 1278 1712; x_wconf 85' lang='lat' dir='ltr'><strong>Nec</strong></span> <span class='ocrx_word' id='word_1_119' title='bbox 1326 1659 1605 1713; x_wconf 88' lang='lat' dir='ltr'><strong>erubescat</strong></span> <span class='ocrx_word' id='word_1_120' title='bbox 1656 1660 1848 1728; x_wconf 83' lang='lat' dir='ltr'><strong>aliquis</strong></span> <span class='ocrx_word' id='word_1_121' title='bbox 1897 1652 2120 1712; x_wconf 19' lang='lat' dir='ltr'><strong>in‘hnno</strong></span> 
     </span>
    </p>
   </div>
   <div class='ocr_carea' id='block_1_19' title="bbox 2217 483 3588 552">
    <p class='ocr_par' dir='ltr' id='par_1_19' title="bbox 2217 483 3588 552">
     <span class='ocr_line' id='line_1_19' title="bbox 2217 483 3588 552; baseline 0.001 -15"><span class='ocrx_word' id='word_1_122' title='bbox 2217 483 2414 548; x_wconf 91' lang='lat' dir='ltr'><strong>dinem,</strong></span> <span class='ocrx_word' id='word_1_123' title='bbox 2446 483 2712 552; x_wconf 90' lang='lat' dir='ltr'><strong>quomodo</strong></span> <span class='ocrx_word' id='word_1_124' title='bbox 2742 483 3100 538; x_wconf 89' lang='lat' dir='ltr'><strong>conﬁteamini</strong></span> <span class='ocrx_word' id='word_1_125' title='bbox 3133 483 3260 548; x_wconf 91' lang='lat' dir='ltr'><strong>Deo,</strong></span> <span class='ocrx_word' id='word_1_126' title='bbox 3299 493 3588 539; x_wconf 87' lang='lat' dir='ltr'><strong>ostensam.</strong></span> 
     </span>
    </p>
   </div>
   <div class='ocr_carea' id='block_1_20' title="bbox 2288 573 3789 639">
    <p class='ocr_par' dir='ltr' id='par_1_20' title="bbox 2288 573 3789 639">
     <span class='ocr_line' id='line_1_20' title="bbox 2288 573 3789 639; baseline 0 -11"><span class='ocrx_word' id='word_1_127' title='bbox 2288 574 2477 628; x_wconf 82' lang='lat' dir='ltr'><strong>Adhuc</strong></span> <span class='ocrx_word' id='word_1_128' title='bbox 2506 573 2867 629; x_wconf 82' lang='lat' dir='ltr'><strong>consideranti</strong></span> <span class='ocrx_word' id='word_1_129' title='bbox 2899 574 3027 628; x_wconf 92' lang='lat' dir='ltr'><strong>mihi</strong></span> <span class='ocrx_word' id='word_1_130' title='bbox 3073 574 3421 629; x_wconf 90' lang='lat' dir='ltr'><strong>intentionem</strong></span> <span class='ocrx_word' id='word_1_131' title='bbox 3458 585 3789 639; x_wconf 89' lang='lat' dir='ltr'><strong>sanctorum,</strong></span> 
     </span>
    </p>
   </div>
   <div class='ocr_carea' id='block_1_21' title="bbox 2219 664 3789 733">
    <p class='ocr_par' dir='ltr' id='par_1_21' title="bbox 2219 664 3789 733">
     <span class='ocr_line' id='line_1_21' title="bbox 2219 664 3789 733; baseline 0.001 -17"><span class='ocrx_word' id='word_1_132' title='bbox 2219 664 2387 731; x_wconf 82' lang='lat' dir='ltr'><strong>majus</strong></span> <span class='ocrx_word' id='word_1_133' title='bbox 2409 665 2602 733; x_wconf 88' lang='lat' dir='ltr'><strong>aliquid</strong></span> <span class='ocrx_word' id='word_1_134' title='bbox 2633 679 2695 718; x_wconf 92' lang='lat' dir='ltr'><strong>ac</strong></span> <span class='ocrx_word' id='word_1_135' title='bbox 2727 665 3041 718; x_wconf 86' lang='lat' dir='ltr'><strong>laboriosius</strong></span> <span class='ocrx_word' id='word_1_136' title='bbox 3071 666 3322 728; x_wconf 91' lang='lat' dir='ltr'><strong>occurrit,</strong></span> <span class='ocrx_word' id='word_1_137' title='bbox 3343 676 3392 717; x_wconf 81' lang='lat' dir='ltr'><strong>et</strong></span> <span class='ocrx_word' id='word_1_138' title='bbox 3417 667 3553 717; x_wconf 88' lang='lat' dir='ltr'><strong>ultra</strong></span> <span class='ocrx_word' id='word_1_139' title='bbox 3583 676 3789 718; x_wconf 67' lang='lat' dir='ltr'><strong>natura:</strong></span> 
     </span>
    </p>
   </div>
   <div class='ocr_carea' id='block_1_22' title="bbox 2220 755 3816 824">
    <p class='ocr_par' dir='ltr' id='par_1_22' title="bbox 2220 755 3816 824">
     <span class='ocr_line' id='line_1_22' title="bbox 2220 755 3816 824; baseline 0.001 -18"><span class='ocrx_word' id='word_1_140' title='bbox 2220 755 2463 808; x_wconf 69' lang='lat' dir='ltr'><strong>humana:</strong></span> <span class='ocrx_word' id='word_1_141' title='bbox 2501 755 2859 808; x_wconf 83' lang='lat' dir='ltr'><strong>conditionem</strong></span> <span class='ocrx_word' id='word_1_142' title='bbox 2892 756 3212 824; x_wconf 70' lang='lat' dir='ltr'><strong>suggeritur,</strong></span> <span class='ocrx_word' id='word_1_143' title='bbox 3242 770 3358 808; x_wconf 89' lang='lat' dir='ltr'><strong>cum</strong></span> <span class='ocrx_word' id='word_1_144' title='bbox 3391 756 3637 808; x_wconf 89' lang='lat' dir='ltr'><strong>eumdem</strong></span> <span class='ocrx_word' id='word_1_145' title='bbox 3669 763 3816 824; x_wconf 69' lang='lat' dir='ltr'><strong>pro-‘</strong></span> 
     </span>
    </p>
   </div>
   <div class='ocr_carea' id='block_1_23' title="bbox 2220 845 3815 914">
    <p class='ocr_par' dir='ltr' id='par_1_23' title="bbox 2220 845 3815 914">
     <span class='ocr_line' id='line_1_23' title="bbox 2220 845 3815 914; baseline 0.002 -17"><span class='ocrx_word' id='word_1_146' title='bbox 2220 846 2427 913; x_wconf 88' lang='lat' dir='ltr'><strong>phetam</strong></span> <span class='ocrx_word' id='word_1_147' title='bbox 2449 845 2603 899; x_wconf 87' lang='lat' dir='ltr'><strong>audis</strong></span> <span class='ocrx_word' id='word_1_148' title='bbox 2631 847 2701 898; x_wconf 90' lang='lat' dir='ltr'><strong>ita</strong></span> <span class='ocrx_word' id='word_1_149' title='bbox 2731 846 3038 914; x_wconf 90' lang='lat' dir='ltr'><strong>psallentcm</strong></span> <span class='ocrx_word' id='word_1_150' title='bbox 3071 863 3083 897; x_wconf 92' lang='lat'><strong>:</strong></span> <span class='ocrx_word' id='word_1_151' title='bbox 3118 846 3179 900; x_wconf 88' lang='lat' dir='ltr'><strong>Si</strong></span> <span class='ocrx_word' id='word_1_152' title='bbox 3218 848 3489 899; x_wconf 82' lang='lat' dir='ltr'><strong>ascendero</strong></span> <span class='ocrx_word' id='word_1_153' title='bbox 3532 849 3584 900; x_wconf 87' lang='lat' dir='ltr'><strong>in</strong></span> <span class='ocrx_word' id='word_1_154' title='bbox 3608 845 3815 907; x_wconf 64' lang='lat' dir='ltr'><strong>lectum}</strong></span> 
     </span>
    </p>
   </div>
   <div class='ocr_carea' id='block_1_24' title="bbox 2215 936 3792 1006">
    <p class='ocr_par' dir='ltr' id='par_1_24' title="bbox 2215 936 3792 1006">
     <span class='ocr_line' id='line_1_24' title="bbox 2215 936 3792 1006; baseline 0.001 -17"><span class='ocrx_word' id='word_1_155' title='bbox 2215 937 2360 989; x_wconf 80' lang='lat' dir='ltr'><strong>strati</strong></span> <span class='ocrx_word' id='word_1_156' title='bbox 2384 938 2480 990; x_wconf 84' lang='lat' dir='ltr'><strong>mei</strong></span> <span class='ocrx_word' id='word_1_157' title='bbox 2509 951 2528 989; x_wconf 90' lang='lat'><strong><em>:</em></strong></span> <span class='ocrx_word' id='word_1_158' title='bbox 2550 937 2594 989; x_wconf 86' lang='lat' dir='ltr'><strong>si</strong></span> <span class='ocrx_word' id='word_1_159' title='bbox 2622 936 2806 990; x_wconf 80' lang='lat' dir='ltr'><strong>dedero</strong></span> <span class='ocrx_word' id='word_1_160' title='bbox 2839 952 3069 989; x_wconf 81' lang='lat' dir='ltr'><strong>somnum</strong></span> <span class='ocrx_word' id='word_1_161' title='bbox 3099 937 3256 988; x_wconf 86' lang='lat' dir='ltr'><strong>oculis</strong></span> <span class='ocrx_word' id='word_1_162' title='bbox 3285 936 3427 1001; x_wconf 85' lang='lat' dir='ltr'><strong>meis,</strong></span> <span class='ocrx_word' id='word_1_163' title='bbox 3459 947 3505 989; x_wconf 83' lang='lat' dir='ltr'><strong>et</strong></span> <span class='ocrx_word' id='word_1_164' title='bbox 3535 937 3792 1006; x_wconf 75' lang='lat' dir='ltr'><strong>palpebris</strong></span> 
     </span>
    </p>
   </div>
   <div class='ocr_carea' id='block_1_25' title="bbox 2218 1025 3792 1093">
    <p class='ocr_par' dir='ltr' id='par_1_25' title="bbox 2218 1025 3792 1093">
     <span class='ocr_line' id='line_1_25' title="bbox 2218 1025 3792 1093; baseline -0.001 -15"><span class='ocrx_word' id='word_1_165' title='bbox 2218 1026 2339 1078; x_wconf 84' lang='lat' dir='ltr'><strong>meis</strong></span> <span class='ocrx_word' id='word_1_166' title='bbox 2369 1025 2802 1089; x_wconf 86' lang='lat' dir='ltr'><strong>dormitatiouem,</strong></span> <span class='ocrx_word' id='word_1_167' title='bbox 2834 1034 2920 1078; x_wconf 88' lang='lat' dir='ltr'><strong>aut</strong></span> <span class='ocrx_word' id='word_1_168' title='bbox 2945 1025 3163 1093; x_wconf 80' lang='lat' dir='ltr'><strong>requiem</strong></span> <span class='ocrx_word' id='word_1_169' title='bbox 3189 1025 3497 1093; x_wconf 78' lang='lat' dir='ltr'><strong>temporibus</strong></span> <span class='ocrx_word' id='word_1_170' title='bbox 3519 1025 3667 1088; x_wconf 82' lang='lat' dir='ltr'><strong>meis,</strong></span> <span class='ocrx_word' id='word_1_171' title='bbox 3701 1027 3792 1077; x_wconf 85' lang='lat' dir='ltr'><strong>do-</strong></span> 
     </span>
    </p>
   </div>
   <div class='ocr_carea' id='block_1_26' title="bbox 2219 1097 3790 1180">
    <p class='ocr_par' dir='ltr' id='par_1_26' title="bbox 2219 1097 3790 1180">
     <span class='ocr_line' id='line_1_26' title="bbox 2219 1097 3790 1180; baseline 0.001 -14"><span class='ocrx_word' id='word_1_172' title='bbox 2219 1131 2311 1168; x_wconf 86' lang='lat' dir='ltr'><strong>nec</strong></span> <span class='ocrx_word' id='word_1_173' title='bbox 2337 1097 2588 1168; x_wconf 73' lang='lat' dir='ltr'><strong>inveniam</strong></span> <span class='ocrx_word' id='word_1_174' title='bbox 2617 1114 2786 1168; x_wconf 88' lang='lat' dir='ltr'><strong>locum</strong></span> <span class='ocrx_word' id='word_1_175' title='bbox 2818 1115 3060 1180; x_wconf 78' lang='lat' dir='ltr'><strong>Domino,</strong></span> <span class='ocrx_word' id='word_1_176' title='bbox 3091 1115 3470 1168; x_wconf 83' lang='lat' dir='ltr'><strong>tabernaculum</strong></span> <span class='ocrx_word' id='word_1_177' title='bbox 3503 1115 3610 1167; x_wconf 88' lang='lat' dir='ltr'><strong>Deo</strong></span> <span class='ocrx_word' id='word_1_178' title='bbox 3633 1114 3790 1168; x_wconf 86' lang='lat' dir='ltr'><strong>Jacob</strong></span> 
     </span>
    </p>
   </div>
   <div class='ocr_carea' id='block_1_27' title="bbox 2219 1205 3790 1276">
    <p class='ocr_par' dir='ltr' id='par_1_27' title="bbox 2219 1205 3790 1276">
     <span class='ocr_line' id='line_1_27' title="bbox 2219 1205 3790 1276; baseline 0.002 -17"><span class='ocrx_word' id='word_1_179' title='bbox 2219 1206 2392 1276; x_wconf 83' lang='lat' dir='ltr'><strong>(Psal.</strong></span> <span class='ocrx_word' id='word_1_180' title='bbox 2435 1223 2617 1272; x_wconf 74' lang='lat' dir='ltr'><strong>emit,</strong></span> <span class='ocrx_word' id='word_1_181' title='bbox 2661 1205 2738 1275; x_wconf 81' lang='lat'><strong>3).</strong></span> <span class='ocrx_word' id='word_1_182' title='bbox 2787 1206 2916 1274; x_wconf 86' lang='lat' dir='ltr'><strong>Quis</strong></span> <span class='ocrx_word' id='word_1_183' title='bbox 2962 1223 3066 1262; x_wconf 89' lang='lat' dir='ltr'><strong>non</strong></span> <span class='ocrx_word' id='word_1_184' title='bbox 3117 1215 3324 1275; x_wconf 87' lang='lat' dir='ltr'><strong>stupeat</strong></span> <span class='ocrx_word' id='word_1_185' title='bbox 3366 1217 3562 1260; x_wconf 87' lang='lat' dir='ltr'><strong>tantam</strong></span> <span class='ocrx_word' id='word_1_186' title='bbox 3614 1208 3666 1260; x_wconf 92' lang='lat' dir='ltr'><strong>in</strong></span> <span class='ocrx_word' id='word_1_187' title='bbox 3701 1208 3790 1276; x_wconf 76' lang='lat' dir='ltr'><strong>Dei</strong></span> 
     </span>
    </p>
   </div>
   <div class='ocr_carea' id='block_1_28' title="bbox 2219 1297 3792 1367">
    <p class='ocr_par' dir='ltr' id='par_1_28' title="bbox 2219 1297 3792 1367">
     <span class='ocr_line' id='line_1_28' title="bbox 2219 1297 3792 1367; baseline 0.001 -17"><span class='ocrx_word' id='word_1_188' title='bbox 2219 1313 2399 1352; x_wconf 88' lang='lat' dir='ltr'><strong>amore</strong></span> <span class='ocrx_word' id='word_1_189' title='bbox 2438 1298 2602 1351; x_wconf 90' lang='lat' dir='ltr'><strong>animi</strong></span> <span class='ocrx_word' id='word_1_190' title='bbox 2634 1297 3004 1360; x_wconf 78' lang='lat' dir='ltr'><strong>devoﬁonem;</strong></span> <span class='ocrx_word' id='word_1_191' title='bbox 3038 1305 3096 1350; x_wconf 92' lang='lat' dir='ltr'><strong>ut</strong></span> <span class='ocrx_word' id='word_1_192' title='bbox 3125 1312 3367 1358; x_wconf 90' lang='lat' dir='ltr'><strong>somnum</strong></span> <span class='ocrx_word' id='word_1_193' title='bbox 3397 1299 3523 1362; x_wconf 88' lang='lat' dir='ltr'><strong>sibi,</strong></span> <span class='ocrx_word' id='word_1_194' title='bbox 3546 1299 3668 1352; x_wconf 86' lang='lat' dir='ltr'><strong>sine</strong></span> <span class='ocrx_word' id='word_1_195' title='bbox 3690 1314 3792 1367; x_wconf 83' lang='lat' dir='ltr'><strong>quo</strong></span> 
     </span>
    </p>
   </div>
   <div class='ocr_carea' id='block_1_29' title="bbox 2220 1387 3791 1458">
    <p class='ocr_par' dir='ltr' id='par_1_29' title="bbox 2220 1387 3791 1458">
     <span class='ocr_line' id='line_1_29' title="bbox 2220 1387 3791 1458; baseline 0 -17"><span class='ocrx_word' id='word_1_196' title='bbox 2220 1389 2401 1458; x_wconf 90' lang='lat' dir='ltr'><strong>utique</strong></span> <span class='ocrx_word' id='word_1_197' title='bbox 2429 1402 2655 1457; x_wconf 90' lang='lat' dir='ltr'><strong>corpora</strong></span> <span class='ocrx_word' id='word_1_198' title='bbox 2685 1388 2912 1442; x_wconf 89' lang='lat' dir='ltr'><strong>humana</strong></span> <span class='ocrx_word' id='word_1_199' title='bbox 2942 1387 3220 1452; x_wconf 89' lang='lat' dir='ltr'><strong>deliciunt,</strong></span> <span class='ocrx_word' id='word_1_200' title='bbox 3253 1387 3463 1455; x_wconf 88' lang='lat' dir='ltr'><strong>penitus</strong></span> <span class='ocrx_word' id='word_1_201' title='bbox 3501 1387 3791 1441; x_wconf 71' lang='lat' dir='ltr'><strong>interdixe-</strong></span> 
     </span>
    </p>
   </div>
   <div class='ocr_carea' id='block_1_30' title="bbox 2221 1477 3779 1546">
    <p class='ocr_par' dir='ltr' id='par_1_30' title="bbox 2221 1477 3779 1546">
     <span class='ocr_line' id='line_1_30' title="bbox 2221 1477 3779 1546; baseline -0.002 -13"><span class='ocrx_word' id='word_1_202' title='bbox 2221 1479 2307 1543; x_wconf 91' lang='lat' dir='ltr'><strong>rit,</strong></span> <span class='ocrx_word' id='word_1_203' title='bbox 2341 1479 2510 1532; x_wconf 90' lang='lat' dir='ltr'><strong>donec</strong></span> <span class='ocrx_word' id='word_1_204' title='bbox 2548 1477 2720 1532; x_wconf 90' lang='lat' dir='ltr'><strong>locum</strong></span> <span class='ocrx_word' id='word_1_205' title='bbox 2753 1493 2814 1532; x_wconf 91' lang='lat' dir='ltr'><strong>ac</strong></span> <span class='ocrx_word' id='word_1_206' title='bbox 2865 1478 3116 1546; x_wconf 90' lang='lat' dir='ltr'><strong>templum</strong></span> <span class='ocrx_word' id='word_1_207' title='bbox 3160 1478 3383 1531; x_wconf 91' lang='lat' dir='ltr'><strong>Domino</strong></span> <span class='ocrx_word' id='word_1_208' title='bbox 3419 1477 3779 1532; x_wconf 72' lang='lat' dir='ltr'><strong>fabricandum</strong></span> 
     </span>
    </p>
   </div>
   <div class='ocr_carea' id='block_1_31' title="bbox 2221 1567 3783 1638">
    <p class='ocr_par' dir='ltr' id='par_1_31' title="bbox 2221 1567 3783 1638">
     <span class='ocr_line' id='line_1_31' title="bbox 2221 1567 3783 1638; baseline 0 -16"><span class='ocrx_word' id='word_1_209' title='bbox 2221 1585 2311 1624; x_wconf 76' lang='lat' dir='ltr'><strong>res</strong></span> <span class='ocrx_word' id='word_1_210' title='bbox 2337 1577 2389 1623; x_wconf 90' lang='lat' dir='ltr'><strong>et</strong></span> <span class='ocrx_word' id='word_1_211' title='bbox 2413 1568 2664 1638; x_wconf 87' lang='lat' dir='ltr'><strong>propheta</strong></span> <span class='ocrx_word' id='word_1_212' title='bbox 2693 1568 2985 1636; x_wconf 84' lang='lat' dir='ltr'><strong>reperiret?</strong></span> <span class='ocrx_word' id='word_1_213' title='bbox 3011 1568 3136 1633; x_wconf 69' lang='lat' dir='ltr'><strong>Qum</strong></span> <span class='ocrx_word' id='word_1_214' title='bbox 3169 1582 3255 1624; x_wconf 90' lang='lat' dir='ltr'><strong>res</strong></span> <span class='ocrx_word' id='word_1_215' title='bbox 3278 1582 3373 1623; x_wconf 92' lang='lat' dir='ltr'><strong>nos</strong></span> <span class='ocrx_word' id='word_1_216' title='bbox 3391 1567 3549 1622; x_wconf 80' lang='lat' dir='ltr'><strong>debet</strong></span> <span class='ocrx_word' id='word_1_217' title='bbox 3575 1568 3783 1622; x_wconf 79' lang='lat' dir='ltr'><strong>fortiter</strong></span> 
     </span>
    </p>
   </div>
   <div class='ocr_carea' id='block_1_32' title="bbox 2222 1658 3789 1729">
    <p class='ocr_par' dir='ltr' id='par_1_32' title="bbox 2222 1658 3789 1729">
     <span class='ocr_line' id='line_1_32' title="bbox 2222 1658 3789 1729; baseline 0 -16"><span class='ocrx_word' id='word_1_218' title='bbox 2222 1661 2530 1724; x_wconf 77' lang='lat' dir='ltr'><strong>admone&#39;e,</strong></span> <span class='ocrx_word' id='word_1_219' title='bbox 2565 1669 2621 1714; x_wconf 94' lang='lat' dir='ltr'><strong>ut</strong></span> <span class='ocrx_word' id='word_1_220' title='bbox 2647 1661 2692 1714; x_wconf 90' lang='lat' dir='ltr'><strong>si</strong></span> <span class='ocrx_word' id='word_1_221' title='bbox 2723 1659 2823 1729; x_wconf 91' lang='lat' dir='ltr'><strong>ipsi</strong></span> <span class='ocrx_word' id='word_1_222' title='bbox 2852 1660 2999 1714; x_wconf 91' lang='lat' dir='ltr'><strong>locus</strong></span> <span class='ocrx_word' id='word_1_223' title='bbox 3032 1659 3124 1714; x_wconf 91' lang='lat' dir='ltr'><strong>Dei</strong></span> <span class='ocrx_word' id='word_1_224' title='bbox 3155 1674 3274 1714; x_wconf 88' lang='lat' dir='ltr'><strong>esse</strong></span> <span class='ocrx_word' id='word_1_225' title='bbox 3313 1658 3591 1724; x_wconf 88' lang='lat' dir='ltr'><strong>volumus;</strong></span> <span class='ocrx_word' id='word_1_226' title='bbox 3633 1668 3687 1713; x_wconf 90' lang='lat' dir='ltr'><strong>et</strong></span> <span class='ocrx_word' id='word_1_227' title='bbox 3714 1669 3789 1713; x_wconf 84' lang='lat' dir='ltr'><strong>ta-</strong></span> 
     </span>
    </p>
   </div>
   <div class='ocr_carea' id='block_1_33' title="bbox 545 1748 3793 1818">
    <p class='ocr_par' dir='ltr' id='par_1_33' title="bbox 545 1748 3793 1818">
     <span class='ocr_line' id='line_1_33' title="bbox 545 1748 3793 1818; baseline -0 -16"><span class='ocrx_word' id='word_1_228' title='bbox 545 1749 722 1804; x_wconf 89' lang='lat' dir='ltr'><strong>studio</strong></span> <span class='ocrx_word' id='word_1_229' title='bbox 774 1748 1086 1811; x_wconf 88' lang='lat' dir='ltr'><strong>sanctitatis,</strong></span> <span class='ocrx_word' id='word_1_230' title='bbox 1149 1749 1270 1817; x_wconf 90' lang='lat' dir='ltr'><strong>quia</strong></span> <span class='ocrx_word' id='word_1_231' title='bbox 1303 1763 1403 1802; x_wconf 90' lang='lat' dir='ltr'><strong>non</strong></span> <span class='ocrx_word' id='word_1_232' title='bbox 1454 1749 1776 1804; x_wconf 86' lang='lat' dir='ltr'><strong>erubescunt</strong></span> <span class='ocrx_word' id='word_1_233' title='bbox 1806 1749 2028 1817; x_wconf 87' lang='lat' dir='ltr'><strong>improbi</strong></span> <span class='ocrx_word' id='word_1_234' title='bbox 2063 1749 2114 1802; x_wconf 89' lang='lat' dir='ltr'><strong>in</strong></span> <span class='ocrx_word' id='word_1_235' title='bbox 2149 1749 2194 1806; x_wconf 90' lang='lat' dir='ltr'><strong>B</strong></span> <span class='ocrx_word' id='word_1_236' title='bbox 2225 1751 2570 1806; x_wconf 63' lang='lat' dir='ltr'><strong>bernai-ulum</strong></span> <span class='ocrx_word' id='word_1_237' title='bbox 2608 1751 2726 1818; x_wconf 88' lang='lat' dir='ltr'><strong>ejus</strong></span> <span class='ocrx_word' id='word_1_238' title='bbox 2754 1764 2818 1806; x_wconf 86' lang='lat' dir='ltr'><strong>ac</strong></span> <span class='ocrx_word' id='word_1_239' title='bbox 2857 1750 3109 1818; x_wconf 83' lang='lat' dir='ltr'><strong>templum</strong></span> <span class='ocrx_word' id='word_1_240' title='bbox 3131 1748 3375 1818; x_wconf 87' lang='lat' dir='ltr'><strong>cupimus</strong></span> <span class='ocrx_word' id='word_1_241' title='bbox 3403 1748 3582 1804; x_wconf 87' lang='lat' dir='ltr'><strong>haberi</strong></span> <span class='ocrx_word' id='word_1_242' title='bbox 3610 1763 3793 1818; x_wconf 88' lang='lat' dir='ltr'><strong>perpe-</strong></span> 
     </span>
    </p>
   </div>
   <div class='ocr_carea' id='block_1_34' title="bbox 549 1838 2118 1908">
    <p class='ocr_par' dir='ltr' id='par_1_34' title="bbox 549 1838 2118 1908">
     <span class='ocr_line' id='line_1_34' title="bbox 549 1838 2118 1908; baseline -0.001 -14"><span class='ocrx_word' id='word_1_243' title='bbox 549 1838 904 1907; x_wconf 87' lang='lat' dir='ltr'><strong>perpetrando</strong></span> <span class='ocrx_word' id='word_1_244' title='bbox 949 1853 1110 1907; x_wconf 91' lang='lat' dir='ltr'><strong>opere</strong></span> <span class='ocrx_word' id='word_1_245' title='bbox 1147 1839 1420 1893; x_wconf 63' lang='lat' dir='ltr'><strong>foeditatis.</strong></span> <span class='ocrx_word' id='word_1_246' title='bbox 1469 1839 1659 1894; x_wconf 84' lang='lat' dir='ltr'><strong>Merito</strong></span> <span class='ocrx_word' id='word_1_247' title='bbox 1683 1854 1814 1908; x_wconf 84' lang='lat' dir='ltr'><strong>ergo</strong></span> <span class='ocrx_word' id='word_1_248' title='bbox 1843 1840 2118 1907; x_wconf 82' lang='lat' dir='ltr'><strong>Scriptura</strong></span> 
     </span>
    </p>
   </div>
   <div class='ocr_carea' id='block_1_35' title="bbox 545 1929 2120 2001">
    <p class='ocr_par' dir='ltr' id='par_1_35' title="bbox 545 1929 2120 2001">
     <span class='ocr_line' id='line_1_35' title="bbox 545 1929 2120 2001; baseline -0.001 -17"><span class='ocrx_word' id='word_1_249' title='bbox 545 1929 599 1984; x_wconf 88' lang='lat' dir='ltr'><strong>in</strong></span> <span class='ocrx_word' id='word_1_250' title='bbox 639 1929 944 1984; x_wconf 83' lang='lat' dir='ltr'><strong>Proverbiis</strong></span> <span class='ocrx_word' id='word_1_251' title='bbox 991 1930 1157 1983; x_wconf 90' lang='lat' dir='ltr'><strong>dicit:</strong></span> <span class='ocrx_word' id='word_1_252' title='bbox 1192 1929 1285 1983; x_wconf 79' lang='lat' dir='ltr'><strong>Est</strong></span> <span class='ocrx_word' id='word_1_253' title='bbox 1316 1932 1548 1999; x_wconf 76' lang='lat' dir='ltr'><strong>confusio</strong></span> <span class='ocrx_word' id='word_1_254' title='bbox 1592 1948 1706 2000; x_wconf 74' lang='grc' dir='ltr'><strong>ᾳιιιυ</strong></span> <span class='ocrx_word' id='word_1_255' title='bbox 1754 1929 1965 1984; x_wconf 84' lang='lat' dir='ltr'><strong>adducit</strong></span> <span class='ocrx_word' id='word_1_256' title='bbox 2002 1949 2034 2001; x_wconf 87' lang='lat' dir='ltr'><strong>p</strong></span> <span class='ocrx_word' id='word_1_257' title='bbox 2066 1947 2120 1984; x_wconf 82' lang='lat' dir='ltr'><strong>c-</strong></span> 
     </span>
    </p>
   </div>
   <div class='ocr_carea' id='block_1_36' title="bbox 545 2017 2115 2091">
    <p class='ocr_par' dir='ltr' id='par_1_36' title="bbox 545 2017 2115 2091">
     <span class='ocr_line' id='line_1_36' title="bbox 545 2017 2115 2091; baseline 0.003 -19"><span class='ocrx_word' id='word_1_258' title='bbox 545 2028 716 2073; x_wconf 77' lang='lat' dir='ltr'><strong>entum</strong></span> <span class='ocrx_word' id='word_1_259' title='bbox 741 2018 928 2091; x_wconf 86' lang='lat' dir='ltr'><strong>(Eccli.</strong></span> <span class='ocrx_word' id='word_1_260' title='bbox 961 2035 1032 2084; x_wconf 88' lang='lat' dir='ltr'><strong>tv,</strong></span> <span class='ocrx_word' id='word_1_261' title='bbox 1063 2017 1178 2089; x_wconf 76' lang='lat'><strong>25).</strong></span> <span class='ocrx_word' id='word_1_262' title='bbox 1211 2019 1266 2072; x_wconf 89' lang='lat' dir='ltr'><strong>ltt</strong></span> <span class='ocrx_word' id='word_1_263' title='bbox 1295 2019 1433 2076; x_wconf 91' lang='lat' dir='ltr'><strong>bono</strong></span> <span class='ocrx_word' id='word_1_264' title='bbox 1468 2021 1610 2076; x_wconf 90' lang='lat' dir='ltr'><strong>enim</strong></span> <span class='ocrx_word' id='word_1_265' title='bbox 1639 2035 1802 2091; x_wconf 88' lang='lat' dir='ltr'><strong>opere</strong></span> <span class='ocrx_word' id='word_1_266' title='bbox 1841 2021 2115 2087; x_wconf 84' lang='lat' dir='ltr'><strong>confundi,</strong></span> 
     </span>
    </p>
   </div>
   <div class='ocr_carea' id='block_1_37' title="bbox 546 2109 2118 2179">
    <p class='ocr_par' dir='ltr' id='par_1_37' title="bbox 546 2109 2118 2179">
     <span class='ocr_line' id='line_1_37' title="bbox 546 2109 2118 2179; baseline 0.002 -14"><span class='ocrx_word' id='word_1_267' title='bbox 546 2119 820 2179; x_wconf 83' lang='lat' dir='ltr'><strong>peccatum</strong></span> <span class='ocrx_word' id='word_1_268' title='bbox 849 2118 952 2176; x_wconf 89' lang='lat' dir='ltr'><strong>est,</strong></span> <span class='ocrx_word' id='word_1_269' title='bbox 999 2109 1138 2164; x_wconf 80' lang='lat' dir='ltr'><strong>sicut</strong></span> <span class='ocrx_word' id='word_1_270' title='bbox 1192 2109 1244 2164; x_wconf 92' lang='lat' dir='ltr'><strong>in</strong></span> <span class='ocrx_word' id='word_1_271' title='bbox 1295 2110 1682 2166; x_wconf 88' lang='lat' dir='ltr'><strong>malefaciendo</strong></span> <span class='ocrx_word' id='word_1_272' title='bbox 1721 2127 1827 2166; x_wconf 92' lang='lat' dir='ltr'><strong>non</strong></span> <span class='ocrx_word' id='word_1_273' title='bbox 1860 2113 2118 2168; x_wconf 87' lang='lat' dir='ltr'><strong>confundi</strong></span> 
     </span>
    </p>
   </div>
   <div class='ocr_carea' id='block_1_38' title="bbox 545 2200 2121 2273">
    <p class='ocr_par' dir='ltr' id='par_1_38' title="bbox 545 2200 2121 2273">
     <span class='ocr_line' id='line_1_38' title="bbox 545 2200 2121 2273; baseline 0.001 -16"><span class='ocrx_word' id='word_1_274' title='bbox 545 2202 809 2272; x_wconf 78' lang='lat' dir='ltr'><strong>pernicies</strong></span> <span class='ocrx_word' id='word_1_275' title='bbox 831 2211 933 2257; x_wconf 91' lang='lat' dir='ltr'><strong>est.</strong></span> <span class='ocrx_word' id='word_1_276' title='bbox 961 2200 1020 2257; x_wconf 91' lang='lat' dir='ltr'><strong>Si</strong></span> <span class='ocrx_word' id='word_1_277' title='bbox 1041 2202 1209 2257; x_wconf 87' lang='lat' dir='ltr'><strong>sancti</strong></span> <span class='ocrx_word' id='word_1_278' title='bbox 1238 2203 1394 2269; x_wconf 87' lang='lat' dir='ltr'><strong>estis,</strong></span> <span class='ocrx_word' id='word_1_279' title='bbox 1426 2210 1600 2257; x_wconf 90' lang='lat' dir='ltr'><strong>amate</strong></span> <span class='ocrx_word' id='word_1_280' title='bbox 1627 2203 1832 2273; x_wconf 79' lang='lat' dir='ltr'><strong>vigilias</strong></span> <span class='ocrx_word' id='word_1_281' title='bbox 1859 2221 1872 2268; x_wconf 93' lang='lat'><strong>;</strong></span> <span class='ocrx_word' id='word_1_282' title='bbox 1923 2214 1979 2259; x_wconf 87' lang='lat' dir='ltr'><strong>ut</strong></span> <span class='ocrx_word' id='word_1_283' title='bbox 2002 2206 2121 2260; x_wconf 87' lang='lat' dir='ltr'><strong>the-</strong></span> 
     </span>
    </p>
   </div>
   <div class='ocr_carea' id='block_1_39' title="bbox 545 2293 2118 2364">
    <p class='ocr_par' dir='ltr' id='par_1_39' title="bbox 545 2293 2118 2364">
     <span class='ocr_line' id='line_1_39' title="bbox 545 2293 2118 2364; baseline 0 -14"><span class='ocrx_word' id='word_1_284' title='bbox 545 2309 760 2350; x_wconf 84' lang='lat' dir='ltr'><strong>saurum</strong></span> <span class='ocrx_word' id='word_1_285' title='bbox 791 2302 1027 2349; x_wconf 86' lang='lat' dir='ltr'><strong>vestrum</strong></span> <span class='ocrx_word' id='word_1_286' title='bbox 1057 2293 1326 2363; x_wconf 84' lang='lat' dir='ltr'><strong>vigilando</strong></span> <span class='ocrx_word' id='word_1_287' title='bbox 1354 2293 1735 2358; x_wconf 85' lang='lat' dir='ltr'><strong>custodientes,</strong></span> <span class='ocrx_word' id='word_1_288' title='bbox 1769 2295 1868 2364; x_wconf 91' lang='lat' dir='ltr'><strong>ipsi</strong></span> <span class='ocrx_word' id='word_1_289' title='bbox 1913 2296 1965 2350; x_wconf 87' lang='lat' dir='ltr'><strong>in</strong></span> <span class='ocrx_word' id='word_1_290' title='bbox 1996 2313 2118 2350; x_wconf 89' lang='lat' dir='ltr'><strong>san-</strong></span> 
     </span>
    </p>
   </div>
   <div class='ocr_carea' id='block_1_40' title="bbox 543 2384 2115 2457">
    <p class='ocr_par' dir='ltr' id='par_1_40' title="bbox 543 2384 2115 2457">
     <span class='ocr_line' id='line_1_40' title="bbox 543 2384 2115 2457; baseline 0.002 -16"><span class='ocrx_word' id='word_1_291' title='bbox 543 2387 725 2442; x_wconf 88' lang='lat' dir='ltr'><strong>ctitate</strong></span> <span class='ocrx_word' id='word_1_292' title='bbox 761 2384 1068 2440; x_wconf 86' lang='lat' dir='ltr'><strong>servemini.</strong></span> <span class='ocrx_word' id='word_1_293' title='bbox 1095 2385 1150 2442; x_wconf 88' lang='lat' dir='ltr'><strong>Si</strong></span> <span class='ocrx_word' id='word_1_294' title='bbox 1185 2393 1496 2454; x_wconf 90' lang='lat' dir='ltr'><strong>peccatores</strong></span> <span class='ocrx_word' id='word_1_295' title='bbox 1522 2386 1676 2452; x_wconf 90' lang='lat' dir='ltr'><strong>estis,</strong></span> <span class='ocrx_word' id='word_1_296' title='bbox 1705 2388 1878 2457; x_wconf 86' lang='lat' dir='ltr'><strong>magis</strong></span> <span class='ocrx_word' id='word_1_297' title='bbox 1897 2389 2038 2442; x_wconf 87' lang='lat' dir='ltr'><strong>curri</strong></span> <span class='ocrx_word' id='word_1_298' title='bbox 2064 2404 2115 2453; x_wconf 86' lang='lat' dir='ltr'><strong>e,</strong></span> 
     </span>
    </p>
   </div>
   <div class='ocr_carea' id='block_1_41' title="bbox 544 2477 2119 2548">
    <p class='ocr_par' dir='ltr' id='par_1_41' title="bbox 544 2477 2119 2548">
     <span class='ocr_line' id='line_1_41' title="bbox 544 2477 2119 2548; baseline 0.001 -16"><span class='ocrx_word' id='word_1_299' title='bbox 544 2485 604 2533; x_wconf 89' lang='lat' dir='ltr'><strong>ut</strong></span> <span class='ocrx_word' id='word_1_300' title='bbox 629 2477 934 2548; x_wconf 75' lang='lat' dir='ltr'><strong>vigilantes,</strong></span> <span class='ocrx_word' id='word_1_301' title='bbox 958 2483 1014 2532; x_wconf 88' lang='lat' dir='ltr'><strong>et</strong></span> <span class='ocrx_word' id='word_1_302' title='bbox 1040 2477 1204 2532; x_wconf 90' lang='lat' dir='ltr'><strong>Deum</strong></span> <span class='ocrx_word' id='word_1_303' title='bbox 1249 2485 1489 2544; x_wconf 88' lang='lat' dir='ltr'><strong>orantes,</strong></span> <span class='ocrx_word' id='word_1_304' title='bbox 1547 2478 1875 2547; x_wconf 81' lang='lat' dir='ltr'><strong>purgemini;</strong></span> <span class='ocrx_word' id='word_1_305' title='bbox 1918 2489 1970 2533; x_wconf 93' lang='lat' dir='ltr'><strong>ut</strong></span> <span class='ocrx_word' id='word_1_306' title='bbox 2000 2491 2119 2534; x_wconf 89' lang='lat' dir='ltr'><strong>tun-</strong></span> 
     </span>
    </p>
   </div>
   <div class='ocr_carea' id='block_1_42' title="bbox 546 2567 2118 2640">
    <p class='ocr_par' dir='ltr' id='par_1_42' title="bbox 546 2567 2118 2640">
     <span class='ocr_line' id='line_1_42' title="bbox 546 2567 2118 2640; baseline 0.001 -16"><span class='ocrx_word' id='word_1_307' title='bbox 546 2569 732 2626; x_wconf 87' lang='lat' dir='ltr'><strong>dentes</strong></span> <span class='ocrx_word' id='word_1_308' title='bbox 761 2576 975 2640; x_wconf 88' lang='lat' dir='ltr'><strong>pectora</strong></span> <span class='ocrx_word' id='word_1_309' title='bbox 1005 2567 1336 2638; x_wconf 78' lang='lat' dir='ltr'><strong>frequentius</strong></span> <span class='ocrx_word' id='word_1_310' title='bbox 1364 2569 1608 2624; x_wconf 90' lang='lat' dir='ltr'><strong>clametis</strong></span> <span class='ocrx_word' id='word_1_311' title='bbox 1636 2569 1702 2624; x_wconf 88' lang='lat' dir='ltr'><strong>ad</strong></span> <span class='ocrx_word' id='word_1_312' title='bbox 1737 2569 2015 2624; x_wconf 88' lang='lat' dir='ltr'><strong>Dominum</strong></span> <span class='ocrx_word' id='word_1_313' title='bbox 2052 2586 2118 2625; x_wconf 82' lang='lat' dir='ltr'><strong>ex</strong></span> 
     </span>
    </p>
   </div>
   <div class='ocr_carea' id='block_1_43' title="bbox 545 2659 2119 2727">
    <p class='ocr_par' dir='ltr' id='par_1_43' title="bbox 545 2659 2119 2727">
     <span class='ocr_line' id='line_1_43' title="bbox 545 2659 2119 2727; baseline 0.001 -11"><span class='ocrx_word' id='word_1_314' title='bbox 545 2670 658 2717; x_wconf 89' lang='lat' dir='ltr'><strong>toto</strong></span> <span class='ocrx_word' id='word_1_315' title='bbox 681 2661 844 2718; x_wconf 88' lang='lat' dir='ltr'><strong>corde</strong></span> <span class='ocrx_word' id='word_1_316' title='bbox 869 2659 1109 2716; x_wconf 89' lang='lat' dir='ltr'><strong>dicentes</strong></span> <span class='ocrx_word' id='word_1_317' title='bbox 1135 2674 1151 2714; x_wconf 90' lang='lat'><strong>:</strong></span> <span class='ocrx_word' id='word_1_318' title='bbox 1187 2660 1258 2715; x_wconf 79' lang='lat' dir='ltr'><strong>Ab</strong></span> <span class='ocrx_word' id='word_1_319' title='bbox 1287 2661 1497 2715; x_wconf 77' lang='lat' dir='ltr'><strong>occultis</strong></span> <span class='ocrx_word' id='word_1_320' title='bbox 1522 2661 1644 2716; x_wconf 83' lang='lat' dir='ltr'><strong>meis</strong></span> <span class='ocrx_word' id='word_1_321' title='bbox 1665 2661 1853 2716; x_wconf 86' lang='lat' dir='ltr'><strong>munda</strong></span> <span class='ocrx_word' id='word_1_322' title='bbox 1882 2678 1977 2727; x_wconf 88' lang='lat' dir='ltr'><strong>me,</strong></span> <span class='ocrx_word' id='word_1_323' title='bbox 2015 2663 2119 2717; x_wconf 90' lang='lat' dir='ltr'><strong>Do-</strong></span> 
     </span>
    </p>
   </div>
   <div class='ocr_carea' id='block_1_44' title="bbox 541 2750 2108 2824">
    <p class='ocr_par' dir='ltr' id='par_1_44' title="bbox 541 2750 2108 2824">
     <span class='ocr_line' id='line_1_44' title="bbox 541 2750 2108 2824; baseline 0.002 -18"><span class='ocrx_word' id='word_1_324' title='bbox 541 2753 694 2818; x_wconf 90' lang='lat' dir='ltr'><strong>mine,</strong></span> <span class='ocrx_word' id='word_1_325' title='bbox 727 2760 776 2807; x_wconf 90' lang='lat' dir='ltr'><strong>et</strong></span> <span class='ocrx_word' id='word_1_326' title='bbox 815 2751 878 2804; x_wconf 88' lang='lat' dir='ltr'><strong>ab</strong></span> <span class='ocrx_word' id='word_1_327' title='bbox 903 2750 1091 2805; x_wconf 88' lang='lat' dir='ltr'><strong>alienis</strong></span> <span class='ocrx_word' id='word_1_328' title='bbox 1121 2767 1277 2822; x_wconf 86' lang='lat' dir='ltr'><strong>parce</strong></span> <span class='ocrx_word' id='word_1_329' title='bbox 1303 2767 1444 2805; x_wconf 85' lang='lat' dir='ltr'><strong>servo</strong></span> <span class='ocrx_word' id='word_1_330' title='bbox 1477 2763 1560 2805; x_wconf 89' lang='lat' dir='ltr'><strong>tuo</strong></span> <span class='ocrx_word' id='word_1_331' title='bbox 1594 2751 1766 2822; x_wconf 86' lang='lat' dir='ltr'><strong>(Psal.</strong></span> <span class='ocrx_word' id='word_1_332' title='bbox 1813 2769 1959 2820; x_wconf 78' lang='lat' dir='ltr'><strong>xvut,</strong></span> <span class='ocrx_word' id='word_1_333' title='bbox 2006 2753 2108 2824; x_wconf 78' lang='grc'><strong>15).</strong></span> 
     </span>
    </p>
   </div>
   <div class='ocr_carea' id='block_1_45' title="bbox 544 2841 2115 2914">
    <p class='ocr_par' dir='ltr' id='par_1_45' title="bbox 544 2841 2115 2914">
     <span class='ocr_line' id='line_1_45' title="bbox 544 2841 2115 2914; baseline 0.001 -16"><span class='ocrx_word' id='word_1_334' title='bbox 544 2843 646 2912; x_wconf 88' lang='lat' dir='ltr'><strong>Qui</strong></span> <span class='ocrx_word' id='word_1_335' title='bbox 680 2843 822 2897; x_wconf 87' lang='lat' dir='ltr'><strong>enim</strong></span> <span class='ocrx_word' id='word_1_336' title='bbox 853 2841 920 2894; x_wconf 92' lang='lat' dir='ltr'><strong>ab</strong></span> <span class='ocrx_word' id='word_1_337' title='bbox 949 2841 1172 2894; x_wconf 90' lang='lat' dir='ltr'><strong>occultis</strong></span> <span class='ocrx_word' id='word_1_338' title='bbox 1202 2841 1508 2895; x_wconf 83' lang='lat' dir='ltr'><strong>desiderant</strong></span> <span class='ocrx_word' id='word_1_339' title='bbox 1531 2843 1639 2910; x_wconf 87' lang='lat' dir='ltr'><strong>jam</strong></span> <span class='ocrx_word' id='word_1_340' title='bbox 1671 2843 1903 2914; x_wconf 82' lang='lat' dir='ltr'><strong>purgari,</strong></span> <span class='ocrx_word' id='word_1_341' title='bbox 1937 2846 2115 2900; x_wconf 90' lang='lat' dir='ltr'><strong>nescio</strong></span> 
     </span>
    </p>
   </div>
   <div class='ocr_carea' id='block_1_46' title="bbox 541 2932 1758 3007">
    <p class='ocr_par' dir='ltr' id='par_1_46' title="bbox 541 2932 1758 3007">
     <span class='ocr_line' id='line_1_46' title="bbox 541 2932 1758 3007; baseline 0.002 -17"><span class='ocrx_word' id='word_1_342' title='bbox 541 2953 610 2991; x_wconf 90' lang='lat' dir='ltr'><strong>an</strong></span> <span class='ocrx_word' id='word_1_343' title='bbox 636 2949 730 2990; x_wconf 89' lang='lat' dir='ltr'><strong>eos</strong></span> <span class='ocrx_word' id='word_1_344' title='bbox 755 2934 988 2988; x_wconf 88' lang='lat' dir='ltr'><strong>delectet</strong></span> <span class='ocrx_word' id='word_1_345' title='bbox 1008 2932 1195 2989; x_wconf 90' lang='lat' dir='ltr'><strong>iisdem</strong></span> <span class='ocrx_word' id='word_1_346' title='bbox 1219 2935 1448 2989; x_wconf 88' lang='lat' dir='ltr'><strong>miseriis</strong></span> <span class='ocrx_word' id='word_1_347' title='bbox 1471 2937 1758 3007; x_wconf 87' lang='lat' dir='ltr'><strong>inquinari.</strong></span> 
     </span>
    </p>
   </div>
   <div class='ocr_carea' id='block_1_47' title="bbox 1135 3027 1472 3084">
    <p class='ocr_par' dir='ltr' id='par_1_47' title="bbox 1135 3027 1472 3084">
     <span class='ocr_line' id='line_1_47' title="bbox 1135 3027 1472 3084; baseline 0.006 -2"><span class='ocrx_word' id='word_1_348' title='bbox 1135 3027 1364 3083; x_wconf 73' lang='lat' dir='ltr'><strong>CAPUT</strong></span> <span class='ocrx_word' id='word_1_349' title='bbox 1388 3027 1472 3084; x_wconf 90' lang='lat' dir='ltr'><strong>lll.</strong></span> 
     </span>
    </p>
   </div>
   <div class='ocr_carea' id='block_1_48' title="bbox 2225 1837 3792 1908">
    <p class='ocr_par' dir='ltr' id='par_1_48' title="bbox 2225 1837 3792 1908">
     <span class='ocr_line' id='line_1_48' title="bbox 2225 1837 3792 1908; baseline -0.003 -14"><span class='ocrx_word' id='word_1_350' title='bbox 2225 1851 2336 1904; x_wconf 90' lang='lat' dir='ltr'><strong>tuo,</strong></span> <span class='ocrx_word' id='word_1_351' title='bbox 2367 1842 2503 1894; x_wconf 89' lang='lat' dir='ltr'><strong>sicut</strong></span> <span class='ocrx_word' id='word_1_352' title='bbox 2529 1840 2725 1896; x_wconf 85' lang='lat' dir='ltr'><strong>Paulus</strong></span> <span class='ocrx_word' id='word_1_353' title='bbox 2751 1840 3024 1908; x_wconf 70' lang='lat' dir='ltr'><strong>apostolus</strong></span> <span class='ocrx_word' id='word_1_354' title='bbox 3051 1840 3243 1895; x_wconf 89' lang='lat' dir='ltr'><strong>asserit</strong></span> <span class='ocrx_word' id='word_1_355' title='bbox 3274 1839 3458 1894; x_wconf 89' lang='lat' dir='ltr'><strong>dicens</strong></span> <span class='ocrx_word' id='word_1_356' title='bbox 3483 1856 3497 1892; x_wconf 92' lang='lat'><strong>:</strong></span> <span class='ocrx_word' id='word_1_357' title='bbox 3539 1837 3641 1892; x_wconf 82' lang='lat' dir='ltr'><strong>Vos</strong></span> <span class='ocrx_word' id='word_1_358' title='bbox 3679 1840 3792 1891; x_wconf 84' lang='lat' dir='ltr'><strong>estis</strong></span> 
     </span>
    </p>
   </div>
   <div class='ocr_carea' id='block_1_49' title="bbox 2224 1929 3792 2002">
    <p class='ocr_par' dir='ltr' id='par_1_49' title="bbox 2224 1929 3792 2002">
     <span class='ocr_line' id='line_1_49' title="bbox 2224 1929 3792 2002; baseline -0.001 -19"><span class='ocrx_word' id='word_1_359' title='bbox 2224 1932 2464 2002; x_wconf 81' lang='lat' dir='ltr'><strong>tentplum</strong></span> <span class='ocrx_word' id='word_1_360' title='bbox 2496 1931 2588 1986; x_wconf 90' lang='lat' dir='ltr'><strong>Dei</strong></span> <span class='ocrx_word' id='word_1_361' title='bbox 2613 1930 2700 1999; x_wconf 81' lang='lat' dir='ltr'><strong>(II</strong></span> <span class='ocrx_word' id='word_1_362' title='bbox 2729 1929 2850 1985; x_wconf 88' lang='lat' dir='ltr'><strong>Cor.</strong></span> <span class='ocrx_word' id='word_1_363' title='bbox 2881 1947 2954 1997; x_wconf 88' lang='lat' dir='ltr'><strong>vt,</strong></span> <span class='ocrx_word' id='word_1_364' title='bbox 2990 1930 3080 2000; x_wconf 81' lang='grc'><strong>16)</strong></span> <span class='ocrx_word' id='word_1_365' title='bbox 3106 1947 3120 1984; x_wconf 88' lang='lat'><strong>:</strong></span> <span class='ocrx_word' id='word_1_366' title='bbox 3153 1931 3206 1984; x_wconf 92' lang='lat' dir='ltr'><strong>in</strong></span> <span class='ocrx_word' id='word_1_367' title='bbox 3227 1939 3480 2000; x_wconf 90' lang='lat' dir='ltr'><strong>quantum</strong></span> <span class='ocrx_word' id='word_1_368' title='bbox 3511 1944 3792 1999; x_wconf 87' lang='lat' dir='ltr'><strong>possumus</strong></span> 
     </span>
    </p>
   </div>
   <div class='ocr_carea' id='block_1_50' title="bbox 2219 2019 3792 2094">
    <p class='ocr_par' dir='ltr' id='par_1_50' title="bbox 2219 2019 3792 2094">
     <span class='ocr_line' id='line_1_50' title="bbox 2219 2019 3792 2094; baseline -0.004 -13"><span class='ocrx_word' id='word_1_369' title='bbox 2219 2024 2468 2094; x_wconf 79' lang='lat' dir='ltr'><strong>exemplo</strong></span> <span class='ocrx_word' id='word_1_370' title='bbox 2489 2035 2796 2079; x_wconf 88' lang='lat' dir='ltr'><strong>sanctorum</strong></span> <span class='ocrx_word' id='word_1_371' title='bbox 2816 2023 3021 2093; x_wconf 73' lang='lat' dir='ltr'><strong>vigilias</strong></span> <span class='ocrx_word' id='word_1_372' title='bbox 3039 2021 3340 2092; x_wconf 78' lang='lat' dir='ltr'><strong>diligamus,</strong></span> <span class='ocrx_word' id='word_1_373' title='bbox 3365 2036 3435 2076; x_wconf 87' lang='lat' dir='ltr'><strong>ne</strong></span> <span class='ocrx_word' id='word_1_374' title='bbox 3462 2031 3517 2076; x_wconf 90' lang='lat' dir='ltr'><strong>et</strong></span> <span class='ocrx_word' id='word_1_375' title='bbox 3545 2019 3616 2076; x_wconf 89' lang='lat' dir='ltr'><strong>de</strong></span> <span class='ocrx_word' id='word_1_376' title='bbox 3647 2021 3792 2074; x_wconf 68' lang='lat' dir='ltr'><strong>nobis</strong></span> 
     </span>
    </p>
   </div>
   <div class='ocr_carea' id='block_1_51' title="bbox 2221 2110 3790 2178">
    <p class='ocr_par' dir='ltr' id='par_1_51' title="bbox 2221 2110 3790 2178">
     <span class='ocr_line' id='line_1_51' title="bbox 2221 2110 3790 2178; baseline -0.006 -8"><span class='ocrx_word' id='word_1_377' title='bbox 2221 2116 2428 2170; x_wconf 86' lang='lat' dir='ltr'><strong>dicatur</strong></span> <span class='ocrx_word' id='word_1_378' title='bbox 2460 2113 2487 2152; x_wconf 75' lang='grc' dir='ltr'><strong>ιι</strong></span> <span class='ocrx_word' id='word_1_379' title='bbox 2525 2131 2538 2167; x_wconf 88' lang='lat'><strong>:</strong></span> <span class='ocrx_word' id='word_1_380' title='bbox 2571 2113 2901 2168; x_wconf 84' lang='lat' dir='ltr'><strong>Dormierunt</strong></span> <span class='ocrx_word' id='word_1_381' title='bbox 2945 2128 3201 2178; x_wconf 82' lang='lat' dir='ltr'><strong>somnum,</strong></span> <span class='ocrx_word' id='word_1_382' title='bbox 3250 2121 3296 2165; x_wconf 90' lang='lat' dir='ltr'><strong>et</strong></span> <span class='ocrx_word' id='word_1_383' title='bbox 3334 2110 3462 2165; x_wconf 75' lang='lat' dir='ltr'><strong>nihil</strong></span> <span class='ocrx_word' id='word_1_384' title='bbox 3502 2111 3790 2164; x_wconf 70' lang='lat' dir='ltr'><strong>invenerunt</strong></span> 
     </span>
    </p>
   </div>
   <div class='ocr_carea' id='block_1_52' title="bbox 2223 2200 3792 2276">
    <p class='ocr_par' dir='ltr' id='par_1_52' title="bbox 2223 2200 3792 2276">
     <span class='ocr_line' id='line_1_52' title="bbox 2223 2200 3792 2276; baseline -0.004 -18"><span class='ocrx_word' id='word_1_385' title='bbox 2223 2205 2395 2275; x_wconf 86' lang='lat' dir='ltr'><strong>(Psal.</strong></span> <span class='ocrx_word' id='word_1_386' title='bbox 2433 2221 2590 2275; x_wconf 73' lang='lat' dir='ltr'><strong>Lxsv,</strong></span> <span class='ocrx_word' id='word_1_387' title='bbox 2624 2203 2719 2276; x_wconf 86' lang='lat'><strong>6):</strong></span> <span class='ocrx_word' id='word_1_388' title='bbox 2746 2202 2874 2274; x_wconf 87' lang='lat' dir='ltr'><strong>qttin</strong></span> <span class='ocrx_word' id='word_1_389' title='bbox 2912 2203 3086 2273; x_wconf 89' lang='lat' dir='ltr'><strong>potius</strong></span> <span class='ocrx_word' id='word_1_390' title='bbox 3113 2211 3167 2258; x_wconf 89' lang='lat' dir='ltr'><strong>et</strong></span> <span class='ocrx_word' id='word_1_391' title='bbox 3187 2200 3610 2270; x_wconf 85' lang='lat' dir='ltr'><strong>gratulabundus</strong></span> <span class='ocrx_word' id='word_1_392' title='bbox 3643 2215 3792 2253; x_wconf 82' lang='lat' dir='ltr'><strong>unus-</strong></span> 
     </span>
    </p>
   </div>
   <div class='ocr_carea' id='block_1_53' title="bbox 2221 2291 3792 2366">
    <p class='ocr_par' dir='ltr' id='par_1_53' title="bbox 2221 2291 3792 2366">
     <span class='ocr_line' id='line_1_53' title="bbox 2221 2291 3792 2366; baseline -0.003 -17"><span class='ocrx_word' id='word_1_393' title='bbox 2221 2298 2445 2366; x_wconf 85' lang='lat' dir='ltr'><strong>quisque</strong></span> <span class='ocrx_word' id='word_1_394' title='bbox 2465 2306 2699 2350; x_wconf 88' lang='lat' dir='ltr'><strong>vestrum</strong></span> <span class='ocrx_word' id='word_1_395' title='bbox 2723 2295 2832 2365; x_wconf 88' lang='lat' dir='ltr'><strong>jam</strong></span> <span class='ocrx_word' id='word_1_396' title='bbox 2863 2293 3009 2348; x_wconf 90' lang='lat' dir='ltr'><strong>dicat</strong></span> <span class='ocrx_word' id='word_1_397' title='bbox 3035 2311 3048 2347; x_wconf 90' lang='lat'>:</span> <span class='ocrx_word' id='word_1_398' title='bbox 3081 2291 3148 2347; x_wconf 87' lang='lat' dir='ltr'><strong>In</strong></span> <span class='ocrx_word' id='word_1_399' title='bbox 3187 2293 3270 2347; x_wconf 87' lang='lat' dir='ltr'><strong>die</strong></span> <span class='ocrx_word' id='word_1_400' title='bbox 3294 2292 3640 2346; x_wconf 79' lang='lat' dir='ltr'><strong>tribulationis</strong></span> <span class='ocrx_word' id='word_1_401' title='bbox 3679 2308 3792 2345; x_wconf 82' lang='lat' dir='ltr'><strong>mea:</strong></span> 
     </span>
    </p>
   </div>
   <div class='ocr_carea' id='block_1_54' title="bbox 2222 2385 3791 2458">
    <p class='ocr_par' dir='ltr' id='par_1_54' title="bbox 2222 2385 3791 2458">
     <span class='ocr_line' id='line_1_54' title="bbox 2222 2385 3791 2458; baseline -0.003 -19"><span class='ocrx_word' id='word_1_402' title='bbox 2222 2385 2388 2441; x_wconf 86' lang='lat' dir='ltr'><strong>Deum</strong></span> <span class='ocrx_word' id='word_1_403' title='bbox 2425 2387 2668 2458; x_wconf 72' lang='lat' dir='ltr'><strong>exquisivi</strong></span> <span class='ocrx_word' id='word_1_404' title='bbox 2699 2385 2933 2439; x_wconf 85' lang='lat' dir='ltr'><strong>manibus</strong></span> <span class='ocrx_word' id='word_1_405' title='bbox 2961 2387 3084 2438; x_wconf 89' lang='lat' dir='ltr'><strong>meis</strong></span> <span class='ocrx_word' id='word_1_406' title='bbox 3107 2393 3250 2438; x_wconf 88' lang='lat' dir='ltr'><strong>nocte</strong></span> <span class='ocrx_word' id='word_1_407' title='bbox 3296 2400 3465 2438; x_wconf 86' lang='lat' dir='ltr'><strong>coram</strong></span> <span class='ocrx_word' id='word_1_408' title='bbox 3485 2399 3570 2447; x_wconf 90' lang='lat' dir='ltr'><strong>eo,</strong></span> <span class='ocrx_word' id='word_1_409' title='bbox 3623 2393 3671 2436; x_wconf 84' lang='lat' dir='ltr'><strong>et</strong></span> <span class='ocrx_word' id='word_1_410' title='bbox 3700 2398 3791 2436; x_wconf 83' lang='lat' dir='ltr'><strong>non</strong></span> 
     </span>
    </p>
   </div>
   <div class='ocr_carea' id='block_1_55' title="bbox 2220 2473 3789 2548">
    <p class='ocr_par' dir='ltr' id='par_1_55' title="bbox 2220 2473 3789 2548">
     <span class='ocr_line' id='line_1_55' title="bbox 2220 2473 3789 2548; baseline -0.006 -15"><span class='ocrx_word' id='word_1_411' title='bbox 2220 2495 2332 2533; x_wconf 81' lang='lat' dir='ltr'><strong>sum</strong></span> <span class='ocrx_word' id='word_1_412' title='bbox 2361 2479 2594 2548; x_wconf 83' lang='lat' dir='ltr'><strong>deceptus</strong></span> <span class='ocrx_word' id='word_1_413' title='bbox 2621 2476 2790 2547; x_wconf 86' lang='lat' dir='ltr'><strong>(Psal.</strong></span> <span class='ocrx_word' id='word_1_414' title='bbox 2823 2491 3004 2541; x_wconf 67' lang='lat' dir='ltr'><strong>LXXVI,</strong></span> <span class='ocrx_word' id='word_1_415' title='bbox 3037 2475 3115 2543; x_wconf 80' lang='lat'><strong>&#39;5),</strong></span> <span class='ocrx_word' id='word_1_416' title='bbox 3148 2475 3280 2542; x_wconf 85' lang='lat' dir='ltr'><strong>Quia</strong></span> <span class='ocrx_word' id='word_1_417' title='bbox 3309 2474 3495 2527; x_wconf 85' lang='lat' dir='ltr'><strong>bonum</strong></span> <span class='ocrx_word' id='word_1_418' title='bbox 3526 2483 3602 2526; x_wconf 84' lang='lat' dir='ltr'><strong>est</strong></span> <span class='ocrx_word' id='word_1_419' title='bbox 3634 2473 3789 2538; x_wconf 83' lang='lat' dir='ltr'><strong>con/i-</strong></span> 
     </span>
    </p>
   </div>
   <div class='ocr_carea' id='block_1_56' title="bbox 2221 2564 3788 2640">
    <p class='ocr_par' dir='ltr' id='par_1_56' title="bbox 2221 2564 3788 2640">
     <span class='ocr_line' id='line_1_56' title="bbox 2221 2564 3788 2640; baseline -0.007 -17"><span class='ocrx_word' id='word_1_420' title='bbox 2221 2570 2313 2623; x_wconf 85' lang='lat' dir='ltr'><strong>teri</strong></span> <span class='ocrx_word' id='word_1_421' title='bbox 2347 2568 2585 2634; x_wconf 89' lang='lat' dir='ltr'><strong>Domino,</strong></span> <span class='ocrx_word' id='word_1_422' title='bbox 2617 2578 2660 2622; x_wconf 87' lang='lat' dir='ltr'><strong>et</strong></span> <span class='ocrx_word' id='word_1_423' title='bbox 2688 2567 2906 2637; x_wconf 83' lang='lat' dir='ltr'><strong>psallere</strong></span> <span class='ocrx_word' id='word_1_424' title='bbox 2935 2568 3127 2619; x_wconf 86' lang='lat' dir='ltr'><strong>nomini</strong></span> <span class='ocrx_word' id='word_1_425' title='bbox 3167 2575 3273 2630; x_wconf 87' lang='lat' dir='ltr'><strong>tuo,</strong></span> <span class='ocrx_word' id='word_1_426' title='bbox 3299 2564 3587 2625; x_wconf 83' lang='lat' dir='ltr'><strong>Altissime;</strong></span> <span class='ocrx_word' id='word_1_427' title='bbox 3612 2565 3684 2615; x_wconf 84' lang='lat' dir='ltr'><strong>ad</strong></span> <span class='ocrx_word' id='word_1_428' title='bbox 3702 2581 3788 2640; x_wconf 82' lang='lat' dir='ltr'><strong>an-</strong></span> 
     </span>
    </p>
   </div>
   <div class='ocr_carea' id='block_1_57' title="bbox 2221 2654 3789 2720">
    <p class='ocr_par' dir='ltr' id='par_1_57' title="bbox 2221 2654 3789 2720">
     <span class='ocr_line' id='line_1_57' title="bbox 2221 2654 3789 2720; baseline -0.004 -8"><span class='ocrx_word' id='word_1_429' title='bbox 2221 2659 2554 2713; x_wconf 83' lang='lat' dir='ltr'><strong>nuntiundum</strong></span> <span class='ocrx_word' id='word_1_430' title='bbox 2609 2675 2756 2712; x_wconf 89' lang='lat' dir='ltr'><strong>mane</strong></span> <span class='ocrx_word' id='word_1_431' title='bbox 2788 2658 3188 2711; x_wconf 87' lang='lat' dir='ltr'><strong>misericordiam</strong></span> <span class='ocrx_word' id='word_1_432' title='bbox 3240 2667 3400 2720; x_wconf 84' lang='lat' dir='ltr'><strong>luant,</strong></span> <span class='ocrx_word' id='word_1_433' title='bbox 3444 2665 3491 2709; x_wconf 89' lang='lat' dir='ltr'><strong>et</strong></span> <span class='ocrx_word' id='word_1_434' title='bbox 3536 2654 3789 2708; x_wconf 67' lang='lat' dir='ltr'><strong>veritatem</strong></span> 
     </span>
    </p>
   </div>
   <div class='ocr_carea' id='block_1_58' title="bbox 2222 2747 3787 2821">
    <p class='ocr_par' dir='ltr' id='par_1_58' title="bbox 2222 2747 3787 2821">
     <span class='ocr_line' id='line_1_58' title="bbox 2222 2747 3787 2821; baseline -0.003 -19"><span class='ocrx_word' id='word_1_435' title='bbox 2222 2765 2312 2816; x_wconf 85' lang='lat' dir='ltr'><strong>per</strong></span> <span class='ocrx_word' id='word_1_436' title='bbox 2352 2759 2544 2803; x_wconf 89' lang='lat' dir='ltr'><strong>noctem</strong></span> <span class='ocrx_word' id='word_1_437' title='bbox 2576 2748 2746 2821; x_wconf 79' lang='lat' dir='ltr'><strong>(Psal.</strong></span> <span class='ocrx_word' id='word_1_438' title='bbox 2782 2763 2886 2814; x_wconf 83' lang='lat' dir='ltr'><strong>xct,</strong></span> <span class='ocrx_word' id='word_1_439' title='bbox 2913 2748 2969 2814; x_wconf 75' lang='lat'><strong>‘2,</strong></span> <span class='ocrx_word' id='word_1_440' title='bbox 2995 2749 3072 2814; x_wconf 75' lang='lat'><strong>3).</strong></span> <span class='ocrx_word' id='word_1_441' title='bbox 3107 2747 3228 2802; x_wconf 66' lang='lat' dir='ltr'><strong>Haec</strong></span> <span class='ocrx_word' id='word_1_442' title='bbox 3259 2756 3311 2802; x_wconf 89' lang='lat' dir='ltr'><strong>et</strong></span> <span class='ocrx_word' id='word_1_443' title='bbox 3357 2748 3620 2814; x_wconf 80' lang='lat' dir='ltr'><strong>ejusmodi</strong></span> <span class='ocrx_word' id='word_1_444' title='bbox 3656 2756 3787 2799; x_wconf 80' lang='lat' dir='ltr'><strong>tanta</strong></span> 
     </span>
    </p>
   </div>
   <div class='ocr_carea' id='block_1_59' title="bbox 2220 2837 3790 2908">
    <p class='ocr_par' dir='ltr' id='par_1_59' title="bbox 2220 2837 3790 2908">
     <span class='ocr_line' id='line_1_59' title="bbox 2220 2837 3790 2908; baseline -0.002 -14"><span class='ocrx_word' id='word_1_445' title='bbox 2220 2856 2280 2894; x_wconf 91' lang='lat' dir='ltr'><strong>ac</strong></span> <span class='ocrx_word' id='word_1_446' title='bbox 2307 2840 2426 2894; x_wconf 91' lang='lat' dir='ltr'><strong>talia</strong></span> <span class='ocrx_word' id='word_1_447' title='bbox 2461 2841 2578 2894; x_wconf 90' lang='lat' dir='ltr'><strong>ideo</strong></span> <span class='ocrx_word' id='word_1_448' title='bbox 2607 2841 2772 2894; x_wconf 88' lang='lat' dir='ltr'><strong>sancti</strong></span> <span class='ocrx_word' id='word_1_449' title='bbox 2793 2841 2872 2893; x_wconf 83' lang='lat' dir='ltr'><strong>illi</strong></span> <span class='ocrx_word' id='word_1_450' title='bbox 2905 2840 3232 2902; x_wconf 88' lang='lat' dir='ltr'><strong>cecinerunt,</strong></span> <span class='ocrx_word' id='word_1_451' title='bbox 3259 2847 3313 2892; x_wconf 83' lang='lat' dir='ltr'><strong>et</strong></span> <span class='ocrx_word' id='word_1_452' title='bbox 3344 2839 3536 2908; x_wconf 88' lang='lat' dir='ltr'><strong>scripta</strong></span> <span class='ocrx_word' id='word_1_453' title='bbox 3565 2837 3790 2908; x_wconf 86' lang='lat' dir='ltr'><strong>relique-</strong></span> 
     </span>
    </p>
   </div>
   <div class='ocr_carea' id='block_1_60' title="bbox 2219 2929 3788 3000">
    <p class='ocr_par' dir='ltr' id='par_1_60' title="bbox 2219 2929 3788 3000">
     <span class='ocr_line' id='line_1_60' title="bbox 2219 2929 3788 3000; baseline -0.003 -13"><span class='ocrx_word' id='word_1_454' title='bbox 2219 2940 2362 2998; x_wconf 82' lang='lat' dir='ltr'><strong>runt,</strong></span> <span class='ocrx_word' id='word_1_455' title='bbox 2408 2939 2465 2985; x_wconf 89' lang='lat' dir='ltr'><strong>ut</strong></span> <span class='ocrx_word' id='word_1_456' title='bbox 2494 2946 2590 2985; x_wconf 91' lang='lat' dir='ltr'><strong>nos</strong></span> <span class='ocrx_word' id='word_1_457' title='bbox 2617 2947 2799 2986; x_wconf 83' lang='lat' dir='ltr'><strong>eorum</strong></span> <span class='ocrx_word' id='word_1_458' title='bbox 2834 2929 3029 3000; x_wconf 90' lang='lat' dir='ltr'><strong>posteri</strong></span> <span class='ocrx_word' id='word_1_459' title='bbox 3063 2930 3274 2998; x_wconf 83' lang='lat' dir='ltr'><strong>paribus</strong></span> <span class='ocrx_word' id='word_1_460' title='bbox 3318 2944 3503 2985; x_wconf 89' lang='lat' dir='ltr'><strong>eorum</strong></span> <span class='ocrx_word' id='word_1_461' title='bbox 3535 2931 3788 2984; x_wconf 75' lang='lat' dir='ltr'><strong>excitare-</strong></span> 
     </span>
    </p>
   </div>
   <div class='ocr_carea' id='block_1_61' title="bbox 2218 3019 3787 3091">
    <p class='ocr_par' dir='ltr' id='par_1_61' title="bbox 2218 3019 3787 3091">
     <span class='ocr_line' id='line_1_61' title="bbox 2218 3019 3787 3091; baseline -0.001 -14"><span class='ocrx_word' id='word_1_462' title='bbox 2218 3038 2336 3077; x_wconf 90' lang='lat' dir='ltr'><strong>mur</strong></span> <span class='ocrx_word' id='word_1_463' title='bbox 2356 3023 2638 3091; x_wconf 80' lang='lat' dir='ltr'><strong>exemplis,</strong></span> <span class='ocrx_word' id='word_1_464' title='bbox 2669 3023 2734 3077; x_wconf 91' lang='lat' dir='ltr'><strong>ad</strong></span> <span class='ocrx_word' id='word_1_465' title='bbox 2763 3019 3108 3078; x_wconf 82' lang='lat' dir='ltr'><strong>celebrandas</strong></span> <span class='ocrx_word' id='word_1_466' title='bbox 3132 3021 3290 3077; x_wconf 85' lang='lat' dir='ltr'><strong>etiam</strong></span> <span class='ocrx_word' id='word_1_467' title='bbox 3323 3020 3567 3075; x_wconf 66' lang='lat' dir='ltr'><strong>noctibus</strong></span> <span class='ocrx_word' id='word_1_468' title='bbox 3596 3032 3787 3075; x_wconf 70' lang='lat' dir='ltr'><strong>nostris</strong></span> 
     </span>
    </p>
   </div>
   <div class='ocr_carea' id='block_1_62' title="bbox 611 3107 2112 3192">
    <p class='ocr_par' dir='ltr' id='par_1_62' title="bbox 611 3118 2110 3192">
     <span class='ocr_line' id='line_1_62' title="bbox 611 3118 2110 3192; baseline 0.003 -17"><span class='ocrx_word' id='word_1_469' title='bbox 611 3121 842 3188; x_wconf 87' lang='lat' dir='ltr'><strong>Tempus</strong></span> <span class='ocrx_word' id='word_1_470' title='bbox 867 3118 1031 3192; x_wconf 78' lang='lat' dir='ltr'><strong>exigit</strong></span> <span class='ocrx_word' id='word_1_471' title='bbox 1062 3129 1111 3185; x_wconf 75' lang='grc' dir='ltr'><strong>ο,</strong></span> <span class='ocrx_word' id='word_1_472' title='bbox 1139 3119 1456 3188; x_wconf 79' lang='lat' dir='ltr'><strong>chariSsimi,</strong></span> <span class='ocrx_word' id='word_1_473' title='bbox 1492 3132 1546 3176; x_wconf 93' lang='lat' dir='ltr'><strong>ut</strong></span> <span class='ocrx_word' id='word_1_474' title='bbox 1587 3124 1651 3179; x_wconf 87' lang='lat' dir='ltr'><strong>de</strong></span> <span class='ocrx_word' id='word_1_475' title='bbox 1682 3127 1994 3181; x_wconf 75' lang='lat' dir='ltr'><strong>auctoritate</strong></span> <span class='ocrx_word' id='word_1_476' title='bbox 2036 3125 2110 3180; x_wconf 88' lang='lat' dir='ltr'><strong>vi-</strong></span> 
     </span>
    </p>
   </div>
   <div class='ocr_carea' id='block_1_63' title="bbox 2218 3107 2712 3192">
    <p class='ocr_par' dir='ltr' id='par_1_63' title="bbox 2218 3115 2712 3170">
     <span class='ocr_line' id='line_1_63' title="bbox 2218 3115 2712 3170; baseline 0 -2"><span class='ocrx_word' id='word_1_477' title='bbox 2218 3116 2402 3169; x_wconf 79' lang='lat' dir='ltr'><strong>salutis</strong></span> <span class='ocrx_word' id='word_1_478' title='bbox 2439 3115 2712 3170; x_wconf 81' lang='lat' dir='ltr'><strong>excubias.</strong></span> 
     </span>
    </p>
   </div>
   <div class='ocr_carea' id='block_1_64' title="bbox 540 3209 2113 3284">
    <p class='ocr_par' dir='ltr' id='par_1_64' title="bbox 540 3209 2113 3284">
     <span class='ocr_line' id='line_1_64' title="bbox 540 3209 2113 3284; baseline 0.003 -20"><span class='ocrx_word' id='word_1_479' title='bbox 540 3210 807 3280; x_wconf 84' lang='lat' dir='ltr'><strong>giliarum,</strong></span> <span class='ocrx_word' id='word_1_480' title='bbox 840 3209 908 3265; x_wconf 93' lang='lat' dir='ltr'><strong>de</strong></span> <span class='ocrx_word' id='word_1_481' title='bbox 934 3211 1268 3281; x_wconf 89' lang='lat' dir='ltr'><strong>antiquitate,</strong></span> <span class='ocrx_word' id='word_1_482' title='bbox 1309 3210 1481 3282; x_wconf 87' lang='lat' dir='ltr'><strong>deque</strong></span> <span class='ocrx_word' id='word_1_483' title='bbox 1533 3214 1644 3282; x_wconf 89' lang='lat' dir='ltr'><strong>ipsa</strong></span> <span class='ocrx_word' id='word_1_484' title='bbox 1676 3215 1903 3270; x_wconf 86' lang='lat' dir='ltr'><strong>utilitate</strong></span> <span class='ocrx_word' id='word_1_485' title='bbox 1947 3230 2113 3284; x_wconf 89' lang='lat' dir='ltr'><strong>pauca</strong></span> 
     </span>
    </p>
   </div>
   <div class='ocr_carea' id='block_1_65' title="bbox 541 3302 2117 3372">
    <p class='ocr_par' dir='ltr' id='par_1_65' title="bbox 541 3302 2117 3372">
     <span class='ocr_line' id='line_1_65' title="bbox 541 3302 2117 3372; baseline 0.003 -16"><span class='ocrx_word' id='word_1_486' title='bbox 541 3303 780 3357; x_wconf 91' lang='lat' dir='ltr'><strong>dicamus</strong></span> <span class='ocrx_word' id='word_1_487' title='bbox 812 3318 828 3358; x_wconf 91' lang='lat'><strong>:</strong></span> <span class='ocrx_word' id='word_1_488' title='bbox 869 3303 1034 3372; x_wconf 84' lang='lat' dir='ltr'><strong>magis</strong></span> <span class='ocrx_word' id='word_1_489' title='bbox 1062 3302 1208 3357; x_wconf 90' lang='lat' dir='ltr'><strong>enim</strong></span> <span class='ocrx_word' id='word_1_490' title='bbox 1249 3303 1470 3372; x_wconf 91' lang='lat' dir='ltr'><strong>quilibet</strong></span> <span class='ocrx_word' id='word_1_491' title='bbox 1499 3303 1650 3358; x_wconf 87' lang='lat' dir='ltr'><strong>labor</strong></span> <span class='ocrx_word' id='word_1_492' title='bbox 1694 3305 1924 3361; x_wconf 85' lang='lat' dir='ltr'><strong>libenter</strong></span> <span class='ocrx_word' id='word_1_493' title='bbox 1946 3320 2052 3360; x_wconf 73' lang='lat' dir='ltr'><strong>sus«</strong></span> <span class='ocrx_word' id='word_1_494' title='bbox 2072 3306 2117 3360; x_wconf 86' lang='lat' dir='ltr'><strong>i-</strong></span> 
     </span>
    </p>
   </div>
   <div class='ocr_carea' id='block_1_66' title="bbox 547 3393 2115 3464">
    <p class='ocr_par' dir='ltr' id='par_1_66' title="bbox 547 3393 2115 3464">
     <span class='ocr_line' id='line_1_66' title="bbox 547 3393 2115 3464; baseline 0.001 -16"><span class='ocrx_word' id='word_1_495' title='bbox 547 3394 708 3461; x_wconf 85' lang='lat' dir='ltr'><strong>pitur,</strong></span> <span class='ocrx_word' id='word_1_496' title='bbox 739 3393 783 3448; x_wconf 92' lang='lat' dir='ltr'><strong>si</strong></span> <span class='ocrx_word' id='word_1_497' title='bbox 808 3403 931 3447; x_wconf 89' lang='lat' dir='ltr'><strong>ante</strong></span> <span class='ocrx_word' id='word_1_498' title='bbox 958 3393 1146 3448; x_wconf 91' lang='lat' dir='ltr'><strong>oculos</strong></span> <span class='ocrx_word' id='word_1_499' title='bbox 1176 3403 1502 3463; x_wconf 72' lang='lat' dir='ltr'><strong>proponatur</strong></span> <span class='ocrx_word' id='word_1_500' title='bbox 1531 3396 1698 3464; x_wconf 78' lang='lat' dir='ltr'><strong>ipsius</strong></span> <span class='ocrx_word' id='word_1_501' title='bbox 1743 3395 1939 3450; x_wconf 89' lang='lat' dir='ltr'><strong>laboris</strong></span> <span class='ocrx_word' id='word_1_502' title='bbox 1972 3397 2115 3450; x_wconf 91' lang='lat' dir='ltr'><strong>utili-</strong></span> 
     </span>
    </p>
   </div>
   <div class='ocr_carea' id='block_1_67' title="bbox 541 3481 2111 3552">
    <p class='ocr_par' dir='ltr' id='par_1_67' title="bbox 541 3481 2111 3552">
     <span class='ocr_line' id='line_1_67' title="bbox 541 3481 2111 3552; baseline 0.001 -15"><span class='ocrx_word' id='word_1_503' title='bbox 541 3494 642 3538; x_wconf 87' lang='lat' dir='ltr'><strong>tas.</strong></span> <span class='ocrx_word' id='word_1_504' title='bbox 675 3481 902 3552; x_wconf 83' lang='lat' dir='ltr'><strong>Antiqua</strong></span> <span class='ocrx_word' id='word_1_505' title='bbox 931 3493 1014 3536; x_wconf 89' lang='lat' dir='ltr'><strong>est</strong></span> <span class='ocrx_word' id='word_1_506' title='bbox 1038 3482 1338 3552; x_wconf 85' lang='lat' dir='ltr'><strong>vigiliarum</strong></span> <span class='ocrx_word' id='word_1_507' title='bbox 1361 3483 1595 3550; x_wconf 77' lang='lat' dir='ltr'><strong>devotio,</strong></span> <span class='ocrx_word' id='word_1_508' title='bbox 1623 3484 1884 3540; x_wconf 83' lang='lat' dir='ltr'><strong>familiare</strong></span> <span class='ocrx_word' id='word_1_509' title='bbox 1913 3486 2111 3540; x_wconf 88' lang='lat' dir='ltr'><strong>bontun</strong></span> 
     </span>
    </p>
   </div>
   <div class='ocr_carea' id='block_1_68' title="bbox 540 3573 2113 3645">
    <p class='ocr_par' dir='ltr' id='par_1_68' title="bbox 540 3573 2113 3645">
     <span class='ocr_line' id='line_1_68' title="bbox 540 3573 2113 3645; baseline 0.004 -21"><span class='ocrx_word' id='word_1_510' title='bbox 540 3574 788 3629; x_wconf 79' lang='lat' dir='ltr'><strong>omnibus</strong></span> <span class='ocrx_word' id='word_1_511' title='bbox 826 3575 1042 3628; x_wconf 90' lang='lat' dir='ltr'><strong>sanctis.</strong></span> <span class='ocrx_word' id='word_1_512' title='bbox 1085 3573 1248 3628; x_wconf 90' lang='lat' dir='ltr'><strong>Isaias</strong></span> <span class='ocrx_word' id='word_1_513' title='bbox 1277 3575 1505 3644; x_wconf 85' lang='lat' dir='ltr'><strong>denique</strong></span> <span class='ocrx_word' id='word_1_514' title='bbox 1534 3578 1790 3645; x_wconf 87' lang='lat' dir='ltr'><strong>propheta</strong></span> <span class='ocrx_word' id='word_1_515' title='bbox 1820 3578 2012 3631; x_wconf 89' lang='lat' dir='ltr'><strong>clamat</strong></span> <span class='ocrx_word' id='word_1_516' title='bbox 2049 3580 2113 3631; x_wconf 84' lang='lat' dir='ltr'><strong>ad</strong></span> 
     </span>
    </p>
   </div>
   <div class='ocr_carea' id='block_1_69' title="bbox 541 3662 2115 3735">
    <p class='ocr_par' dir='ltr' id='par_1_69' title="bbox 541 3662 2115 3735">
     <span class='ocr_line' id='line_1_69' title="bbox 541 3662 2115 3735; baseline 0.002 -18"><span class='ocrx_word' id='word_1_517' title='bbox 541 3663 822 3718; x_wconf 91' lang='lat' dir='ltr'><strong>Dominum</strong></span> <span class='ocrx_word' id='word_1_518' title='bbox 860 3663 1043 3718; x_wconf 88' lang='lat' dir='ltr'><strong>dicens</strong></span> <span class='ocrx_word' id='word_1_519' title='bbox 1077 3679 1092 3714; x_wconf 73' lang='grc' dir='ltr'><em>τ</em></span> <span class='ocrx_word' id='word_1_520' title='bbox 1127 3662 1201 3716; x_wconf 93' lang='lat' dir='ltr'><strong>De</strong></span> <span class='ocrx_word' id='word_1_521' title='bbox 1230 3674 1373 3716; x_wconf 82' lang='lat' dir='ltr'><strong>nocte</strong></span> <span class='ocrx_word' id='word_1_522' title='bbox 1419 3664 1593 3734; x_wconf 70' lang='lat' dir='ltr'><strong>vigilat</strong></span> <span class='ocrx_word' id='word_1_523' title='bbox 1618 3665 1830 3735; x_wconf 82' lang='lat' dir='ltr'><strong>spiritus</strong></span> <span class='ocrx_word' id='word_1_524' title='bbox 1875 3681 2012 3718; x_wconf 88' lang='lat' dir='ltr'><strong>meus</strong></span> <span class='ocrx_word' id='word_1_525' title='bbox 2047 3669 2115 3720; x_wconf 80' lang='lat' dir='ltr'><strong>ad</strong></span> 
     </span>
    </p>
   </div>
   <div class='ocr_carea' id='block_1_70' title="bbox 540 3751 2111 3827">
    <p class='ocr_par' dir='ltr' id='par_1_70' title="bbox 540 3751 2111 3827">
     <span class='ocr_line' id='line_1_70' title="bbox 540 3751 2111 3827; baseline 0.003 -21"><span class='ocrx_word' id='word_1_526' title='bbox 540 3765 608 3818; x_wconf 91' lang='lat' dir='ltr'><strong>te,</strong></span> <span class='ocrx_word' id='word_1_527' title='bbox 634 3751 792 3817; x_wconf 81' lang='lat' dir='ltr'><strong>Deus,</strong></span> <span class='ocrx_word' id='word_1_528' title='bbox 811 3754 928 3822; x_wconf 87' lang='lat' dir='ltr'><strong>quia</strong></span> <span class='ocrx_word' id='word_1_529' title='bbox 945 3751 1037 3805; x_wconf 77' lang='lat' dir='ltr'><strong>tua:</strong></span> <span class='ocrx_word' id='word_1_530' title='bbox 1056 3762 1306 3823; x_wconf 68' lang='lat' dir='ltr'><strong>prlecepta</strong></span> <span class='ocrx_word' id='word_1_531' title='bbox 1325 3763 1410 3807; x_wconf 89' lang='lat' dir='ltr'><strong>tua</strong></span> <span class='ocrx_word' id='word_1_532' title='bbox 1430 3764 1546 3807; x_wconf 87' lang='lat' dir='ltr'><strong>sunt</strong></span> <span class='ocrx_word' id='word_1_533' title='bbox 1566 3771 1718 3824; x_wconf 83' lang='lat' dir='ltr'><strong>super</strong></span> <span class='ocrx_word' id='word_1_534' title='bbox 1746 3765 1930 3808; x_wconf 77' lang='lat' dir='ltr'><strong>terram</strong></span> <span class='ocrx_word' id='word_1_535' title='bbox 1957 3755 2111 3827; x_wconf 66' lang='lat' dir='ltr'><strong>(lsai.</strong></span> 
     </span>
    </p>
   </div>
   <div class='ocr_carea' id='block_1_71' title="bbox 540 3839 2114 3916">
    <p class='ocr_par' dir='ltr' id='par_1_71' title="bbox 540 3839 2114 3916">
     <span class='ocr_line' id='line_1_71' title="bbox 540 3839 2114 3916; baseline 0.003 -20"><span class='ocrx_word' id='word_1_536' title='bbox 540 3857 684 3906; x_wconf 74' lang='lat' dir='ltr'><strong>sxw,</strong></span> <span class='ocrx_word' id='word_1_537' title='bbox 711 3839 766 3907; x_wconf 89' lang='lat'><strong>9,</strong></span> <span class='ocrx_word' id='word_1_538' title='bbox 795 3857 896 3895; x_wconf 87' lang='lat' dir='ltr'><strong>sec.</strong></span> <span class='ocrx_word' id='word_1_539' title='bbox 926 3841 1114 3908; x_wconf 75' lang='lat' dir='ltr'><strong>LXX).</strong></span> <span class='ocrx_word' id='word_1_540' title='bbox 1148 3842 1311 3896; x_wconf 87' lang='lat' dir='ltr'><strong>David</strong></span> <span class='ocrx_word' id='word_1_541' title='bbox 1338 3853 1390 3898; x_wconf 90' lang='lat' dir='ltr'><strong>et</strong></span> <span class='ocrx_word' id='word_1_542' title='bbox 1420 3845 1566 3915; x_wconf 80' lang='lat' dir='ltr'><strong>regio</strong></span> <span class='ocrx_word' id='word_1_543' title='bbox 1594 3856 1648 3899; x_wconf 92' lang='lat' dir='ltr'><strong>et</strong></span> <span class='ocrx_word' id='word_1_544' title='bbox 1675 3845 1986 3914; x_wconf 87' lang='lat' dir='ltr'><strong>prophetico</strong></span> <span class='ocrx_word' id='word_1_545' title='bbox 2007 3849 2114 3916; x_wconf 82' lang='lat' dir='ltr'><strong>spi-</strong></span> 
     </span>
    </p>
   </div>
   <div class='ocr_carea' id='block_1_72' title="bbox 539 3937 2114 4006">
    <p class='ocr_par' dir='ltr' id='par_1_72' title="bbox 539 3937 2114 4006">
     <span class='ocr_line' id='line_1_72' title="bbox 539 3937 2114 4006; baseline 0.003 -14"><span class='ocrx_word' id='word_1_546' title='bbox 539 3937 646 3992; x_wconf 77' lang='lat' dir='ltr'><strong>ritu</strong></span> <span class='ocrx_word' id='word_1_547' title='bbox 676 3937 1035 3992; x_wconf 89' lang='lat' dir='ltr'><strong>sanetiﬁcatus</strong></span> <span class='ocrx_word' id='word_1_548' title='bbox 1053 3946 1343 4006; x_wconf 82' lang='lat' dir='ltr'><strong>unguento,</strong></span> <span class='ocrx_word' id='word_1_549' title='bbox 1377 3939 1447 3992; x_wconf 90' lang='lat' dir='ltr'><strong>ita</strong></span> <span class='ocrx_word' id='word_1_550' title='bbox 1466 3939 1611 3992; x_wconf 87' lang='lat' dir='ltr'><strong>canit</strong></span> <span class='ocrx_word' id='word_1_551' title='bbox 1641 3938 1658 3976; x_wconf 71' lang='grc' dir='ltr'><em>τ</em></span> <span class='ocrx_word' id='word_1_552' title='bbox 1687 3955 1699 3992; x_wconf 88' lang='lat'><strong>:</strong></span> <span class='ocrx_word' id='word_1_553' title='bbox 1728 3939 1944 3993; x_wconf 86' lang='lat' dir='ltr'><strong>Domine</strong></span> <span class='ocrx_word' id='word_1_554' title='bbox 1979 3942 2114 3997; x_wconf 83' lang='lat' dir='ltr'><strong>Deus</strong></span> 
     </span>
    </p>
   </div>
   <div class='ocr_carea' id='block_1_73' title="bbox 538 4029 2107 4105">
    <p class='ocr_par' dir='ltr' id='par_1_73' title="bbox 538 4029 2107 4105">
     <span class='ocr_line' id='line_1_73' title="bbox 538 4029 2107 4105; baseline 0.005 -21"><span class='ocrx_word' id='word_1_555' title='bbox 538 4029 717 4084; x_wconf 88' lang='lat' dir='ltr'><strong>salutis</strong></span> <span class='ocrx_word' id='word_1_556' title='bbox 743 4045 867 4084; x_wconf 71' lang='lat' dir='ltr'><strong>mea:</strong></span> <span class='ocrx_word' id='word_1_557' title='bbox 895 4032 947 4084; x_wconf 89' lang='lat' dir='ltr'><strong>in</strong></span> <span class='ocrx_word' id='word_1_558' title='bbox 977 4031 1060 4083; x_wconf 79' lang='lat' dir='ltr'><strong>die</strong></span> <span class='ocrx_word' id='word_1_559' title='bbox 1096 4032 1335 4098; x_wconf 88' lang='lat' dir='ltr'><strong>clamavi,</strong></span> <span class='ocrx_word' id='word_1_560' title='bbox 1384 4036 1432 4086; x_wconf 80' lang='lat' dir='ltr'><strong>et</strong></span> <span class='ocrx_word' id='word_1_561' title='bbox 1475 4041 1616 4086; x_wconf 86' lang='lat' dir='ltr'><strong>nocte</strong></span> <span class='ocrx_word' id='word_1_562' title='bbox 1661 4049 1832 4088; x_wconf 88' lang='lat' dir='ltr'><strong>coram</strong></span> <span class='ocrx_word' id='word_1_563' title='bbox 1864 4044 1909 4089; x_wconf 89' lang='lat' dir='ltr'><strong>te</strong></span> <span class='ocrx_word' id='word_1_564' title='bbox 1936 4035 2107 4105; x_wconf 80' lang='lat' dir='ltr'><strong>(Psal.</strong></span> 
     </span>
    </p>
   </div>
   <div class='ocr_carea' id='block_1_74' title="bbox 539 4121 2110 4191">
    <p class='ocr_par' dir='ltr' id='par_1_74' title="bbox 539 4121 2110 4191">
     <span class='ocr_line' id='line_1_74' title="bbox 539 4121 2110 4191; baseline 0.004 -15"><span class='ocrx_word' id='word_1_565' title='bbox 539 4137 778 4189; x_wconf 78' lang='lat' dir='ltr'><strong>uxxvu,</strong></span> <span class='ocrx_word' id='word_1_566' title='bbox 807 4121 890 4191; x_wconf 74' lang='lat'><strong>2).</strong></span> <span class='ocrx_word' id='word_1_567' title='bbox 920 4121 1050 4178; x_wconf 83' lang='lat' dir='ltr'><strong>Item</strong></span> <span class='ocrx_word' id='word_1_568' title='bbox 1081 4121 1206 4178; x_wconf 89' lang='lat' dir='ltr'><strong>dicit</strong></span> <span class='ocrx_word' id='word_1_569' title='bbox 1233 4141 1245 4175; x_wconf 93' lang='lat'>:</span> <span class='ocrx_word' id='word_1_570' title='bbox 1275 4123 1585 4179; x_wconf 81' lang='lat' dir='ltr'><strong>Memoratus</strong></span> <span class='ocrx_word' id='word_1_571' title='bbox 1613 4143 1725 4179; x_wconf 89' lang='lat' dir='ltr'><strong>sum</strong></span> <span class='ocrx_word' id='word_1_572' title='bbox 1754 4127 1805 4181; x_wconf 89' lang='lat' dir='ltr'><strong>in</strong></span> <span class='ocrx_word' id='word_1_573' title='bbox 1845 4139 1986 4182; x_wconf 85' lang='lat' dir='ltr'><strong>nocte</strong></span> <span class='ocrx_word' id='word_1_574' title='bbox 2015 4147 2110 4182; x_wconf 86' lang='lat' dir='ltr'><strong>na-</strong></span> 
     </span>
    </p>
   </div>
   <div class='ocr_carea' id='block_1_75' title="bbox 538 4213 2113 4288">
    <p class='ocr_par' dir='ltr' id='par_1_75' title="bbox 538 4213 2113 4288">
     <span class='ocr_line' id='line_1_75' title="bbox 538 4213 2113 4288; baseline 0.006 -23"><span class='ocrx_word' id='word_1_575' title='bbox 538 4215 687 4268; x_wconf 87' lang='lat' dir='ltr'><strong>minis</strong></span> <span class='ocrx_word' id='word_1_576' title='bbox 707 4213 802 4278; x_wconf 80' lang='lat' dir='ltr'><strong>tui,</strong></span> <span class='ocrx_word' id='word_1_577' title='bbox 823 4213 1054 4279; x_wconf 82' lang='lat' dir='ltr'><strong>Domine,</strong></span> <span class='ocrx_word' id='word_1_578' title='bbox 1075 4224 1123 4268; x_wconf 84' lang='lat' dir='ltr'><strong>et</strong></span> <span class='ocrx_word' id='word_1_579' title='bbox 1143 4215 1392 4269; x_wconf 83' lang='lat' dir='ltr'><strong>custodivi</strong></span> <span class='ocrx_word' id='word_1_580' title='bbox 1408 4215 1563 4286; x_wconf 83' lang='lat' dir='ltr'><strong>legem</strong></span> <span class='ocrx_word' id='word_1_581' title='bbox 1587 4225 1724 4270; x_wconf 87' lang='lat' dir='ltr'><strong>tuam</strong></span> <span class='ocrx_word' id='word_1_582' title='bbox 1739 4216 1909 4288; x_wconf 89' lang='lat' dir='ltr'><strong>(Psal.</strong></span> <span class='ocrx_word' id='word_1_583' title='bbox 1932 4233 2113 4286; x_wconf 76' lang='lat' dir='ltr'><strong>cxvut,</strong></span> 
     </span>
    </p>
   </div>
   <div class='ocr_carea' id='block_1_76' title="bbox 537 4303 2115 4380">
    <p class='ocr_par' dir='ltr' id='par_1_76' title="bbox 537 4303 2115 4380">
     <span class='ocr_line' id='line_1_76' title="bbox 537 4303 2115 4380; baseline 0.006 -24"><span class='ocrx_word' id='word_1_584' title='bbox 537 4303 629 4375; x_wconf 89' lang='lat'><strong>55)</strong></span> <span class='ocrx_word' id='word_1_585' title='bbox 656 4313 705 4358; x_wconf 71' lang='grc' dir='ltr'><strong>Β.</strong></span> <span class='ocrx_word' id='word_1_586' title='bbox 735 4303 930 4373; x_wconf 86' lang='lat' dir='ltr'><strong>Accipe</strong></span> <span class='ocrx_word' id='word_1_587' title='bbox 955 4305 1192 4375; x_wconf 84' lang='lat' dir='ltr'><strong>ejusdem</strong></span> <span class='ocrx_word' id='word_1_588' title='bbox 1223 4307 1496 4376; x_wconf 69' lang='lat' dir='ltr'><strong>propheta:</strong></span> <span class='ocrx_word' id='word_1_589' title='bbox 1543 4309 1696 4363; x_wconf 89' lang='lat' dir='ltr'><strong>aliam</strong></span> <span class='ocrx_word' id='word_1_590' title='bbox 1744 4325 1949 4375; x_wconf 89' lang='lat' dir='ltr'><strong>vocem,</strong></span> <span class='ocrx_word' id='word_1_591' title='bbox 1995 4328 2115 4380; x_wconf 67' lang='lat' dir='ltr'><strong>quae</strong></span> 
     </span>
    </p>
   </div>
   <div class='ocr_carea' id='block_1_77' title="bbox 533 4395 2112 4467">
    <p class='ocr_par' dir='ltr' id='par_1_77' title="bbox 533 4395 2112 4467">
     <span class='ocr_line' id='line_1_77' title="bbox 533 4395 2112 4467; baseline 0.003 -17"><span class='ocrx_word' id='word_1_592' title='bbox 533 4403 590 4451; x_wconf 76' lang='lat' dir='ltr'><strong>et</strong></span> <span class='ocrx_word' id='word_1_593' title='bbox 618 4405 828 4464; x_wconf 88' lang='lat' dir='ltr'><strong>tempus</strong></span> <span class='ocrx_word' id='word_1_594' title='bbox 863 4403 917 4450; x_wconf 91' lang='lat' dir='ltr'><strong>et</strong></span> <span class='ocrx_word' id='word_1_595' title='bbox 947 4395 1181 4451; x_wconf 88' lang='lat' dir='ltr'><strong>habitum</strong></span> <span class='ocrx_word' id='word_1_596' title='bbox 1222 4397 1560 4467; x_wconf 83' lang='lat' dir='ltr'><strong>deprecantis</strong></span> <span class='ocrx_word' id='word_1_597' title='bbox 1601 4400 1849 4455; x_wconf 88' lang='lat' dir='ltr'><strong>ostendat</strong></span> <span class='ocrx_word' id='word_1_598' title='bbox 1877 4415 1892 4456; x_wconf 87' lang='lat'><strong>:</strong></span> <span class='ocrx_word' id='word_1_599' title='bbox 1925 4398 1989 4453; x_wconf 84' lang='lat' dir='ltr'><strong>In</strong></span> <span class='ocrx_word' id='word_1_600' title='bbox 2021 4418 2112 4454; x_wconf 87' lang='lat' dir='ltr'><strong>no—</strong></span> 
     </span>
    </p>
   </div>
   <div class='ocr_carea' id='block_1_78' title="bbox 2289 3203 3788 3273">
    <p class='ocr_par' dir='ltr' id='par_1_78' title="bbox 2289 3203 3788 3273">
     <span class='ocr_line' id='line_1_78' title="bbox 2289 3203 3788 3273; baseline -0.003 -12"><span class='ocrx_word' id='word_1_601' title='bbox 2289 3205 2391 3261; x_wconf 89' lang='lat' dir='ltr'><strong>Sed</strong></span> <span class='ocrx_word' id='word_1_602' title='bbox 2412 3220 2441 3258; x_wconf 87' lang='lat' dir='ltr'><strong>a</strong></span> <span class='ocrx_word' id='word_1_603' title='bbox 2462 3204 2730 3261; x_wconf 86' lang='lat' dir='ltr'><strong>veteribus</strong></span> <span class='ocrx_word' id='word_1_604' title='bbox 2755 3204 3030 3260; x_wconf 88' lang='lat' dir='ltr'><strong>veniamus</strong></span> <span class='ocrx_word' id='word_1_605' title='bbox 3051 3204 3116 3259; x_wconf 91' lang='lat' dir='ltr'><strong>ad</strong></span> <span class='ocrx_word' id='word_1_606' title='bbox 3142 3218 3305 3269; x_wconf 88' lang='lat' dir='ltr'><strong>nova;</strong></span> <span class='ocrx_word' id='word_1_607' title='bbox 3330 3219 3360 3258; x_wconf 90' lang='lat' dir='ltr'><strong>a</strong></span> <span class='ocrx_word' id='word_1_608' title='bbox 3381 3203 3642 3259; x_wconf 84' lang='lat' dir='ltr'><strong>ministris</strong></span> <span class='ocrx_word' id='word_1_609' title='bbox 3666 3203 3788 3273; x_wconf 80' lang='lat' dir='ltr'><strong>legis</strong></span> 
     </span>
    </p>
   </div>
   <div class='ocr_carea' id='block_1_79' title="bbox 2209 3295 3787 3366">
    <p class='ocr_par' dir='ltr' id='par_1_79' title="bbox 2209 3295 3787 3366">
     <span class='ocr_line' id='line_1_79' title="bbox 2209 3295 3787 3366; baseline -0.001 -17"><span class='ocrx_word' id='word_1_610' title='bbox 2209 3296 2281 3350; x_wconf 81' lang='lat' dir='ltr'><strong>ad</strong></span> <span class='ocrx_word' id='word_1_611' title='bbox 2314 3296 2585 3351; x_wconf 85' lang='lat' dir='ltr'><strong>ministros</strong></span> <span class='ocrx_word' id='word_1_612' title='bbox 2617 3295 2912 3366; x_wconf 81' lang='lat' dir='ltr'><strong>Evangelii,</strong></span> <span class='ocrx_word' id='word_1_613' title='bbox 2934 3307 2991 3349; x_wconf 92' lang='lat' dir='ltr'><strong>ut</strong></span> <span class='ocrx_word' id='word_1_614' title='bbox 3015 3295 3083 3351; x_wconf 92' lang='lat' dir='ltr'><strong>de</strong></span> <span class='ocrx_word' id='word_1_615' title='bbox 3109 3295 3260 3350; x_wconf 82' lang='lat' dir='ltr'><strong>Novo</strong></span> <span class='ocrx_word' id='word_1_616' title='bbox 3289 3297 3448 3351; x_wconf 89' lang='lat' dir='ltr'><strong>etiam</strong></span> <span class='ocrx_word' id='word_1_617' title='bbox 3479 3295 3787 3350; x_wconf 87' lang='lat' dir='ltr'><strong>Testamen-</strong></span> 
     </span>
    </p>
   </div>
   <div class='ocr_carea' id='block_1_80' title="bbox 2219 3386 3783 3458">
    <p class='ocr_par' dir='ltr' id='par_1_80' title="bbox 2219 3386 3783 3458">
     <span class='ocr_line' id='line_1_80' title="bbox 2219 3386 3783 3458; baseline 0.002 -20"><span class='ocrx_word' id='word_1_618' title='bbox 2219 3397 2271 3440; x_wconf 91' lang='lat' dir='ltr'><strong>to</strong></span> <span class='ocrx_word' id='word_1_619' title='bbox 2301 3388 2594 3458; x_wconf 83' lang='lat' dir='ltr'><strong>vigiliarum</strong></span> <span class='ocrx_word' id='word_1_620' title='bbox 2624 3388 2787 3457; x_wconf 82' lang='lat' dir='ltr'><strong>gratia</strong></span> <span class='ocrx_word' id='word_1_621' title='bbox 2820 3389 3185 3456; x_wconf 77' lang='lat' dir='ltr'><strong>consignatur.</strong></span> <span class='ocrx_word' id='word_1_622' title='bbox 3216 3386 3369 3441; x_wconf 85' lang='lat' dir='ltr'><strong>Anna</strong></span> <span class='ocrx_word' id='word_1_623' title='bbox 3404 3388 3507 3441; x_wconf 90' lang='lat' dir='ltr'><strong>ﬁlia</strong></span> <span class='ocrx_word' id='word_1_624' title='bbox 3554 3387 3783 3443; x_wconf 82' lang='lat' dir='ltr'><strong>Phanuel</strong></span> 
     </span>
    </p>
   </div>
   <div class='ocr_carea' id='block_1_81' title="bbox 2218 3479 3785 3551">
    <p class='ocr_par' dir='ltr' id='par_1_81' title="bbox 2218 3479 3785 3551">
     <span class='ocr_line' id='line_1_81' title="bbox 2218 3479 3785 3551; baseline 0.001 -20"><span class='ocrx_word' id='word_1_625' title='bbox 2218 3481 2374 3534; x_wconf 83' lang='lat' dir='ltr'><strong>vidua</strong></span> <span class='ocrx_word' id='word_1_626' title='bbox 2417 3481 2685 3535; x_wconf 85' lang='lat' dir='ltr'><strong>coutinuis</strong></span> <span class='ocrx_word' id='word_1_627' title='bbox 2710 3480 3040 3536; x_wconf 85' lang='lat' dir='ltr'><strong>orationibus</strong></span> <span class='ocrx_word' id='word_1_628' title='bbox 3063 3495 3124 3535; x_wconf 92' lang='lat' dir='ltr'><strong>ac</strong></span> <span class='ocrx_word' id='word_1_629' title='bbox 3147 3479 3367 3551; x_wconf 86' lang='lat' dir='ltr'><strong>jejuniis</strong></span> <span class='ocrx_word' id='word_1_630' title='bbox 3397 3481 3662 3546; x_wconf 81' lang='lat' dir='ltr'><strong>serviens,</strong></span> <span class='ocrx_word' id='word_1_631' title='bbox 3689 3495 3785 3534; x_wconf 85' lang='lat' dir='ltr'><strong>non</strong></span> 
     </span>
    </p>
   </div>
   <div class='ocr_carea' id='block_1_82' title="bbox 2217 3570 3783 3641">
    <p class='ocr_par' dir='ltr' id='par_1_82' title="bbox 2217 3570 3783 3641">
     <span class='ocr_line' id='line_1_82' title="bbox 2217 3570 3783 3641; baseline 0.001 -18"><span class='ocrx_word' id='word_1_632' title='bbox 2217 3570 2539 3626; x_wconf 89' lang='lat' dir='ltr'><strong>discessitde</strong></span> <span class='ocrx_word' id='word_1_633' title='bbox 2573 3572 2768 3640; x_wconf 88' lang='lat' dir='ltr'><strong>templo</strong></span> <span class='ocrx_word' id='word_1_634' title='bbox 2795 3572 2880 3626; x_wconf 90' lang='lat' dir='ltr'><strong>die</strong></span> <span class='ocrx_word' id='word_1_635' title='bbox 2900 3585 2962 3626; x_wconf 87' lang='lat' dir='ltr'><strong>ac</strong></span> <span class='ocrx_word' id='word_1_636' title='bbox 2985 3581 3160 3626; x_wconf 90' lang='lat' dir='ltr'><strong>nocte.</strong></span> <span class='ocrx_word' id='word_1_637' title='bbox 3191 3571 3246 3625; x_wconf 91' lang='lat' dir='ltr'><strong>lu</strong></span> <span class='ocrx_word' id='word_1_638' title='bbox 3271 3571 3557 3640; x_wconf 79' lang='lat' dir='ltr'><strong>Evangelio</strong></span> <span class='ocrx_word' id='word_1_639' title='bbox 3579 3573 3783 3641; x_wconf 78' lang='lat' dir='ltr'><strong>legitur,</strong></span> 
     </span>
    </p>
   </div>
   <div class='ocr_carea' id='block_1_83' title="bbox 2217 3662 3786 3734">
    <p class='ocr_par' dir='ltr' id='par_1_83' title="bbox 2217 3662 3786 3734">
     <span class='ocr_line' id='line_1_83' title="bbox 2217 3662 3786 3734; baseline 0.001 -18"><span class='ocrx_word' id='word_1_640' title='bbox 2217 3662 2358 3732; x_wconf 88' lang='lat' dir='ltr'><strong>quod</strong></span> <span class='ocrx_word' id='word_1_641' title='bbox 2393 3672 2634 3732; x_wconf 87' lang='lat' dir='ltr'><strong>pastores</strong></span> <span class='ocrx_word' id='word_1_642' title='bbox 2686 3663 2760 3716; x_wconf 77' lang='lat' dir='ltr'><strong>ilii</strong></span> <span class='ocrx_word' id='word_1_643' title='bbox 2812 3662 3134 3717; x_wconf 85' lang='lat' dir='ltr'><strong>sanctissimi</strong></span> <span class='ocrx_word' id='word_1_644' title='bbox 3182 3663 3307 3717; x_wconf 91' lang='lat' dir='ltr'><strong>dum</strong></span> <span class='ocrx_word' id='word_1_645' title='bbox 3363 3679 3526 3732; x_wconf 90' lang='lat' dir='ltr'><strong>super</strong></span> <span class='ocrx_word' id='word_1_646' title='bbox 3575 3678 3786 3734; x_wconf 77' lang='lat' dir='ltr'><strong>gregem</strong></span> 
     </span>
    </p>
   </div>
   <div class='ocr_carea' id='block_1_84' title="bbox 2218 3755 3788 3825">
    <p class='ocr_par' dir='ltr' id='par_1_84' title="bbox 2218 3755 3788 3825">
     <span class='ocr_line' id='line_1_84' title="bbox 2218 3755 3788 3825; baseline -0.001 -16"><span class='ocrx_word' id='word_1_647' title='bbox 2218 3771 2368 3809; x_wconf 57' lang='lat' dir='ltr'><strong>Suum</strong></span> <span class='ocrx_word' id='word_1_648' title='bbox 2389 3765 2672 3809; x_wconf 72' lang='lat' dir='ltr'><strong>nocturnas</strong></span> <span class='ocrx_word' id='word_1_649' title='bbox 2695 3767 2945 3808; x_wconf 73' lang='lat' dir='ltr'><strong>exercent</strong></span> <span class='ocrx_word' id='word_1_650' title='bbox 2969 3755 3198 3824; x_wconf 82' lang='lat' dir='ltr'><strong>vigilias,</strong></span> <span class='ocrx_word' id='word_1_651' title='bbox 3221 3763 3275 3810; x_wconf 89' lang='lat' dir='ltr'><strong>et</strong></span> <span class='ocrx_word' id='word_1_652' title='bbox 3295 3755 3513 3825; x_wconf 78' lang='lat' dir='ltr'><strong>angelos</strong></span> <span class='ocrx_word' id='word_1_653' title='bbox 3539 3757 3589 3809; x_wconf 92' lang='lat' dir='ltr'><strong>in</strong></span> <span class='ocrx_word' id='word_1_654' title='bbox 3616 3757 3788 3824; x_wconf 80' lang='lat' dir='ltr'><strong>Splen-</strong></span> 
     </span>
    </p>
   </div>
   <div class='ocr_carea' id='block_1_85' title="bbox 2205 3841 3786 3917">
    <p class='ocr_par' dir='ltr' id='par_1_85' title="bbox 2205 3841 3786 3917">
     <span class='ocr_line' id='line_1_85' title="bbox 2205 3841 3786 3917; baseline -0.001 -16"><span class='ocrx_word' id='word_1_655' title='bbox 2205 3841 2349 3902; x_wconf 83' lang='lat' dir='ltr'><strong>dore</strong></span> <span class='ocrx_word' id='word_1_656' title='bbox 2377 3848 2578 3913; x_wconf 87' lang='lat' dir='ltr'><strong>videre,</strong></span> <span class='ocrx_word' id='word_1_657' title='bbox 2616 3856 2668 3902; x_wconf 91' lang='lat' dir='ltr'><strong>et</strong></span> <span class='ocrx_word' id='word_1_658' title='bbox 2693 3846 2966 3903; x_wconf 87' lang='lat' dir='ltr'><strong>Christum</strong></span> <span class='ocrx_word' id='word_1_659' title='bbox 3010 3856 3189 3901; x_wconf 90' lang='lat' dir='ltr'><strong>natum</strong></span> <span class='ocrx_word' id='word_1_660' title='bbox 3223 3847 3276 3902; x_wconf 91' lang='lat' dir='ltr'><strong>in</strong></span> <span class='ocrx_word' id='word_1_661' title='bbox 3308 3848 3466 3902; x_wconf 91' lang='lat' dir='ltr'><strong>terris</strong></span> <span class='ocrx_word' id='word_1_662' title='bbox 3491 3847 3649 3917; x_wconf 86' lang='lat' dir='ltr'><strong>primi</strong></span> <span class='ocrx_word' id='word_1_663' title='bbox 3693 3861 3786 3900; x_wconf 86' lang='lat' dir='ltr'><strong>au-</strong></span> 
     </span>
    </p>
   </div>
   <div class='ocr_carea' id='block_1_86' title="bbox 2218 3939 3787 3999">
    <p class='ocr_par' dir='ltr' id='par_1_86' title="bbox 2218 3939 3787 3999">
     <span class='ocr_line' id='line_1_86' title="bbox 2218 3939 3787 3999; baseline 0.001 -4"><span class='ocrx_word' id='word_1_664' title='bbox 2218 3940 2332 3995; x_wconf 90' lang='lat' dir='ltr'><strong>dire</strong></span> <span class='ocrx_word' id='word_1_665' title='bbox 2361 3939 2822 3997; x_wconf 83' lang='lat' dir='ltr'><strong>meruerunt.Jam</strong></span> <span class='ocrx_word' id='word_1_666' title='bbox 2847 3957 2975 3996; x_wconf 86' lang='lat' dir='ltr'><strong>vero</strong></span> <span class='ocrx_word' id='word_1_667' title='bbox 3003 3943 3262 3997; x_wconf 86' lang='lat' dir='ltr'><strong>institutio</strong></span> <span class='ocrx_word' id='word_1_668' title='bbox 3291 3943 3586 3999; x_wconf 89' lang='lat' dir='ltr'><strong>Salvatoris</strong></span> <span class='ocrx_word' id='word_1_669' title='bbox 3617 3959 3787 3998; x_wconf 88' lang='lat' dir='ltr'><strong>nonne</strong></span> 
     </span>
    </p>
   </div>
   <div class='ocr_carea' id='block_1_87' title="bbox 2218 4031 3784 4101">
    <p class='ocr_par' dir='ltr' id='par_1_87' title="bbox 2218 4031 3784 4101">
     <span class='ocr_line' id='line_1_87' title="bbox 2218 4031 3784 4101; baseline 0.001 -17"><span class='ocrx_word' id='word_1_670' title='bbox 2218 4041 2404 4086; x_wconf 89' lang='lat' dir='ltr'><strong>omnes</strong></span> <span class='ocrx_word' id='word_1_671' title='bbox 2451 4031 2516 4085; x_wconf 86' lang='lat' dir='ltr'><strong>ad</strong></span> <span class='ocrx_word' id='word_1_672' title='bbox 2567 4031 2892 4101; x_wconf 84' lang='lat' dir='ltr'><strong>vigilandum</strong></span> <span class='ocrx_word' id='word_1_673' title='bbox 2932 4031 3202 4086; x_wconf 88' lang='lat' dir='ltr'><strong>auditores</strong></span> <span class='ocrx_word' id='word_1_674' title='bbox 3252 4034 3559 4100; x_wconf 85' lang='lat' dir='ltr'><strong>exsuscitat,</strong></span> <span class='ocrx_word' id='word_1_675' title='bbox 3591 4035 3706 4088; x_wconf 88' lang='lat' dir='ltr'><strong>sive</strong></span> <span class='ocrx_word' id='word_1_676' title='bbox 3736 4033 3784 4086; x_wconf 92' lang='lat' dir='ltr'><strong>in</strong></span> 
     </span>
    </p>
   </div>
   <div class='ocr_carea' id='block_1_88' title="bbox 2220 4122 3787 4193">
    <p class='ocr_par' dir='ltr' id='par_1_88' title="bbox 2220 4122 3787 4193">
     <span class='ocr_line' id='line_1_88' title="bbox 2220 4122 3787 4193; baseline 0.001 -16"><span class='ocrx_word' id='word_1_677' title='bbox 2220 4122 2467 4193; x_wconf 87' lang='lat' dir='ltr'><strong>parabola</strong></span> <span class='ocrx_word' id='word_1_678' title='bbox 2505 4123 2628 4177; x_wconf 89' lang='lat' dir='ltr'><strong>boni</strong></span> <span class='ocrx_word' id='word_1_679' title='bbox 2658 4123 2996 4179; x_wconf 91' lang='lat' dir='ltr'><strong>seminatoris</strong></span> <span class='ocrx_word' id='word_1_680' title='bbox 3025 4124 3266 4179; x_wconf 88' lang='lat' dir='ltr'><strong>docendo</strong></span> <span class='ocrx_word' id='word_1_681' title='bbox 3294 4141 3306 4178; x_wconf 93' lang='lat'>:</span> <span class='ocrx_word' id='word_1_682' title='bbox 3340 4123 3475 4178; x_wconf 88' lang='lat' dir='ltr'><strong>Dum</strong></span> <span class='ocrx_word' id='word_1_683' title='bbox 3515 4126 3787 4179; x_wconf 82' lang='lat' dir='ltr'><strong>dormirent</strong></span> 
     </span>
    </p>
   </div>
   <div class='ocr_carea' id='block_1_89' title="bbox 2218 4215 3787 4286">
    <p class='ocr_par' dir='ltr' id='par_1_89' title="bbox 2218 4215 3787 4286">
     <span class='ocr_line' id='line_1_89' title="bbox 2218 4215 3787 4286; baseline 0.001 -18"><span class='ocrx_word' id='word_1_684' title='bbox 2218 4217 2463 4282; x_wconf 71' lang='lat' dir='ltr'><strong>homines,</strong></span> <span class='ocrx_word' id='word_1_685' title='bbox 2491 4217 2619 4269; x_wconf 79' lang='lat' dir='ltr'><strong>venit</strong></span> <span class='ocrx_word' id='word_1_686' title='bbox 2670 4215 2857 4282; x_wconf 88' lang='lat' dir='ltr'><strong>malus,</strong></span> <span class='ocrx_word' id='word_1_687' title='bbox 2890 4226 2936 4270; x_wconf 88' lang='lat' dir='ltr'><strong>et</strong></span> <span class='ocrx_word' id='word_1_688' title='bbox 2975 4219 3388 4286; x_wconf 86' lang='lat' dir='ltr'><strong>superseminavit</strong></span> <span class='ocrx_word' id='word_1_689' title='bbox 3416 4219 3615 4271; x_wconf 65' lang='lat' dir='ltr'><strong>zizan‘a</strong></span> <span class='ocrx_word' id='word_1_690' title='bbox 3663 4219 3787 4270; x_wconf 83' lang='lat' dir='ltr'><strong>inter</strong></span> 
     </span>
    </p>
   </div>
   <div class='ocr_carea' id='block_1_90' title="bbox 2219 4309 3783 4380">
    <p class='ocr_par' dir='ltr' id='par_1_90' title="bbox 2219 4309 3783 4380">
     <span class='ocr_line' id='line_1_90' title="bbox 2219 4309 3783 4380; baseline 0.001 -16"><span class='ocrx_word' id='word_1_691' title='bbox 2219 4312 2458 4374; x_wconf 87' lang='lat' dir='ltr'><strong>triticum,</strong></span> <span class='ocrx_word' id='word_1_692' title='bbox 2492 4319 2536 4362; x_wconf 87' lang='lat' dir='ltr'><strong>et</strong></span> <span class='ocrx_word' id='word_1_693' title='bbox 2562 4309 2683 4363; x_wconf 87' lang='lat' dir='ltr'><strong>abiit</strong></span> <span class='ocrx_word' id='word_1_694' title='bbox 2711 4309 2922 4380; x_wconf 81' lang='lat' dir='ltr'><strong>(Matth.</strong></span> <span class='ocrx_word' id='word_1_695' title='bbox 2963 4325 3073 4376; x_wconf 67' lang='grc' dir='ltr'><strong>χιιι,</strong></span> <span class='ocrx_word' id='word_1_696' title='bbox 3098 4311 3212 4379; x_wconf 73' lang='grc'>23).</span> <span class='ocrx_word' id='word_1_697' title='bbox 3237 4310 3336 4376; x_wconf 87' lang='lat' dir='ltr'><strong>Qui</strong></span> <span class='ocrx_word' id='word_1_698' title='bbox 3382 4311 3427 4364; x_wconf 82' lang='lat' dir='ltr'><strong>si</strong></span> <span class='ocrx_word' id='word_1_699' title='bbox 3459 4312 3783 4379; x_wconf 85' lang='lat' dir='ltr'><strong>vigilassent,</strong></span> 
     </span>
    </p>
   </div>
   <div class='ocr_carea' id='block_1_91' title="bbox 2220 4399 3785 4470">
    <p class='ocr_par' dir='ltr' id='par_1_91' title="bbox 2220 4399 3785 4470">
     <span class='ocr_line' id='line_1_91' title="bbox 2220 4399 3785 4470; baseline -0.001 -15"><span class='ocrx_word' id='word_1_700' title='bbox 2220 4416 2317 4456; x_wconf 89' lang='lat' dir='ltr'><strong>nec</strong></span> <span class='ocrx_word' id='word_1_701' title='bbox 2361 4402 2535 4455; x_wconf 90' lang='lat' dir='ltr'><strong>malus</strong></span> <span class='ocrx_word' id='word_1_702' title='bbox 2564 4399 2786 4455; x_wconf 85' lang='lat' dir='ltr'><strong>forsitan</strong></span> <span class='ocrx_word' id='word_1_703' title='bbox 2815 4400 3013 4454; x_wconf 83' lang='lat' dir='ltr'><strong>zizania</strong></span> <span class='ocrx_word' id='word_1_704' title='bbox 3052 4400 3314 4454; x_wconf 87' lang='lat' dir='ltr'><strong>seminare</strong></span> <span class='ocrx_word' id='word_1_705' title='bbox 3343 4401 3623 4470; x_wconf 74' lang='lat' dir='ltr'><strong>potuisset.</strong></span> <span class='ocrx_word' id='word_1_706' title='bbox 3666 4403 3785 4456; x_wconf 59' lang='lat' dir='ltr'><strong>Sive</strong></span> 
     </span>
    </p>
   </div>
   <div class='ocr_carea' id='block_1_92' title="bbox 535 4471 3786 4561">
    <p class='ocr_par' dir='ltr' id='par_1_92' title="bbox 535 4471 3786 4561">
     <span class='ocr_line' id='line_1_92' title="bbox 535 4471 3786 4561; baseline 0.002 -21"><span class='ocrx_word' id='word_1_707' title='bbox 535 4487 715 4552; x_wconf 87' lang='lat' dir='ltr'><strong>ctibus,</strong></span> <span class='ocrx_word' id='word_1_708' title='bbox 741 4487 931 4554; x_wconf 88' lang='lat' dir='ltr'><strong>inquit,</strong></span> <span class='ocrx_word' id='word_1_709' title='bbox 959 4489 1188 4542; x_wconf 74' lang='lat' dir='ltr'><strong>extollite</strong></span> <span class='ocrx_word' id='word_1_710' title='bbox 1214 4505 1393 4543; x_wconf 84' lang='lat' dir='ltr'><strong>manus</strong></span> <span class='ocrx_word' id='word_1_711' title='bbox 1429 4499 1620 4544; x_wconf 78' lang='lat' dir='ltr'><strong>vestras</strong></span> <span class='ocrx_word' id='word_1_712' title='bbox 1646 4493 1701 4545; x_wconf 90' lang='lat' dir='ltr'><strong>in</strong></span> <span class='ocrx_word' id='word_1_713' title='bbox 1729 4501 1921 4558; x_wconf 89' lang='lat' dir='ltr'><strong>sancta,</strong></span> <span class='ocrx_word' id='word_1_714' title='bbox 1955 4504 2001 4546; x_wconf 88' lang='lat' dir='ltr'><strong>et</strong></span> <span class='ocrx_word' id='word_1_715' title='bbox 2023 4495 2106 4547; x_wconf 81' lang='lat' dir='ltr'><strong>be-</strong></span> <span class='ocrx_word' id='word_1_716' title='bbox 2141 4471 2188 4529; x_wconf 73' lang='grc' dir='ltr'>ί)</span> <span class='ocrx_word' id='word_1_717' title='bbox 2215 4507 2335 4547; x_wconf 91' lang='lat' dir='ltr'><strong>cum</strong></span> <span class='ocrx_word' id='word_1_718' title='bbox 2365 4491 2495 4547; x_wconf 85' lang='lat' dir='ltr'><strong>dicit</strong></span> <span class='ocrx_word' id='word_1_719' title='bbox 2525 4509 2538 4545; x_wconf 90' lang='lat'><strong>:</strong></span> <span class='ocrx_word' id='word_1_720' title='bbox 2573 4491 2689 4546; x_wconf 86' lang='lat' dir='ltr'><strong>Sint</strong></span> <span class='ocrx_word' id='word_1_721' title='bbox 2722 4492 2878 4544; x_wconf 86' lang='lat' dir='ltr'><strong>lumbi</strong></span> <span class='ocrx_word' id='word_1_722' title='bbox 2907 4492 3059 4545; x_wconf 84' lang='lat' dir='ltr'><strong>vestri</strong></span> <span class='ocrx_word' id='word_1_723' title='bbox 3083 4493 3363 4561; x_wconf 78' lang='lat' dir='ltr'><strong>prwcincti,</strong></span> <span class='ocrx_word' id='word_1_724' title='bbox 3383 4503 3429 4546; x_wconf 88' lang='lat' dir='ltr'><strong>et</strong></span> <span class='ocrx_word' id='word_1_725' title='bbox 3453 4494 3679 4547; x_wconf 79' lang='lat' dir='ltr'><strong>lucerna:</strong></span> <span class='ocrx_word' id='word_1_726' title='bbox 3703 4510 3786 4546; x_wconf 75' lang='lat' dir='ltr'><strong>ar-</strong></span> 
     </span>
    </p>
   </div>
   <div class='ocr_carea' id='block_1_93' title="bbox 535 4576 2107 4652">
    <p class='ocr_par' dir='ltr' id='par_1_93' title="bbox 535 4576 2107 4652">
     <span class='ocr_line' id='line_1_93' title="bbox 535 4576 2107 4652; baseline 0.006 -21"><span class='ocrx_word' id='word_1_727' title='bbox 535 4576 750 4632; x_wconf 81' lang='lat' dir='ltr'><strong>nedicite</strong></span> <span class='ocrx_word' id='word_1_728' title='bbox 777 4576 1046 4629; x_wconf 87' lang='lat' dir='ltr'><strong>Dominum</strong></span> <span class='ocrx_word' id='word_1_729' title='bbox 1066 4579 1236 4649; x_wconf 87' lang='lat' dir='ltr'><strong>(Psal.</strong></span> <span class='ocrx_word' id='word_1_730' title='bbox 1259 4595 1476 4644; x_wconf 76' lang='lat' dir='ltr'><strong>cxxxut,</strong></span> <span class='ocrx_word' id='word_1_731' title='bbox 1498 4581 1576 4650; x_wconf 80' lang='lat'><strong>‘2).</strong></span> <span class='ocrx_word' id='word_1_732' title='bbox 1607 4583 1671 4635; x_wconf 88' lang='lat' dir='ltr'><strong>Et</strong></span> <span class='ocrx_word' id='word_1_733' title='bbox 1699 4596 1765 4636; x_wconf 88' lang='lat' dir='ltr'><strong>ne</strong></span> <span class='ocrx_word' id='word_1_734' title='bbox 1781 4585 2107 4652; x_wconf 88' lang='lat' dir='ltr'><strong>vespertinas</strong></span> 
     </span>
    </p>
   </div>
   <div class='ocr_carea' id='block_1_94' title="bbox 499 4661 2106 4738">
    <p class='ocr_par' dir='ltr' id='par_1_94' title="bbox 499 4661 2106 4738">
     <span class='ocr_line' id='line_1_94' title="bbox 499 4661 2106 4738; baseline 0.006 -16"><span class='ocrx_word' id='word_1_735' title='bbox 499 4661 508 4668; x_wconf 82' lang='grc'><strong>’</strong></span> <span class='ocrx_word' id='word_1_736' title='bbox 535 4676 740 4722; x_wconf 81' lang='lat' dir='ltr'><strong>tantum</strong></span> <span class='ocrx_word' id='word_1_737' title='bbox 782 4664 942 4720; x_wconf 84' lang='lat' dir='ltr'><strong>horas</strong></span> <span class='ocrx_word' id='word_1_738' title='bbox 973 4674 1158 4721; x_wconf 88' lang='lat' dir='ltr'><strong>noctes</strong></span> <span class='ocrx_word' id='word_1_739' title='bbox 1186 4670 1418 4723; x_wconf 84' lang='lat' dir='ltr'><strong>aestimes</strong></span> <span class='ocrx_word' id='word_1_740' title='bbox 1449 4671 1761 4738; x_wconf 83' lang='lat' dir='ltr'><strong>appellatas,</strong></span> <span class='ocrx_word' id='word_1_741' title='bbox 1793 4674 2023 4728; x_wconf 90' lang='lat' dir='ltr'><strong>occurrit</strong></span> <span class='ocrx_word' id='word_1_742' title='bbox 2053 4686 2106 4731; x_wconf 89' lang='lat' dir='ltr'><strong>et</strong></span> 
     </span>
    </p>
   </div>
   <div class='ocr_carea' id='block_1_95' title="bbox 532 4756 2104 4829">
    <p class='ocr_par' dir='ltr' id='par_1_95' title="bbox 532 4756 2104 4829">
     <span class='ocr_line' id='line_1_95' title="bbox 532 4756 2104 4829; baseline 0.005 -17"><span class='ocrx_word' id='word_1_743' title='bbox 532 4759 662 4813; x_wconf 85' lang='lat' dir='ltr'><strong>dicit</strong></span> <span class='ocrx_word' id='word_1_744' title='bbox 692 4774 707 4812; x_wconf 87' lang='lat'><strong>:</strong></span> <span class='ocrx_word' id='word_1_745' title='bbox 743 4756 918 4812; x_wconf 79' lang='lat' dir='ltr'><strong>Media</strong></span> <span class='ocrx_word' id='word_1_746' title='bbox 946 4765 1091 4808; x_wconf 87' lang='lat' dir='ltr'><strong>nocte</strong></span> <span class='ocrx_word' id='word_1_747' title='bbox 1116 4759 1380 4828; x_wconf 84' lang='lat' dir='ltr'><strong>surgebam</strong></span> <span class='ocrx_word' id='word_1_748' title='bbox 1409 4758 1477 4811; x_wconf 89' lang='lat' dir='ltr'><strong>ad</strong></span> <span class='ocrx_word' id='word_1_749' title='bbox 1516 4761 1859 4829; x_wconf 80' lang='lat' dir='ltr'><strong>conﬁtendum</strong></span> <span class='ocrx_word' id='word_1_750' title='bbox 1903 4765 1992 4820; x_wconf 88' lang='lat' dir='ltr'><strong>tibi</strong></span> <span class='ocrx_word' id='word_1_751' title='bbox 2018 4783 2104 4820; x_wconf 88' lang='lat' dir='ltr'><strong>su-</strong></span> 
     </span>
    </p>
   </div>
   <div class='ocr_carea' id='block_1_96' title="bbox 533 4846 2102 4924">
    <p class='ocr_par' dir='ltr' id='par_1_96' title="bbox 533 4846 2102 4924">
     <span class='ocr_line' id='line_1_96' title="bbox 533 4846 2102 4924; baseline -0.003 -20"><span class='ocrx_word' id='word_1_752' title='bbox 533 4865 623 4920; x_wconf 81' lang='lat' dir='ltr'><strong>per</strong></span> <span class='ocrx_word' id='word_1_753' title='bbox 659 4847 860 4920; x_wconf 84' lang='lat' dir='ltr'><strong>judicia</strong></span> <span class='ocrx_word' id='word_1_754' title='bbox 875 4847 1096 4918; x_wconf 71' lang='lat' dir='ltr'><strong>justitiae</strong></span> <span class='ocrx_word' id='word_1_755' title='bbox 1135 4854 1237 4901; x_wconf 74' lang='lat' dir='ltr'><strong>tua:</strong></span> <span class='ocrx_word' id='word_1_756' title='bbox 1276 4846 1447 4916; x_wconf 83' lang='lat' dir='ltr'><strong>(Psal.</strong></span> <span class='ocrx_word' id='word_1_757' title='bbox 1473 4863 1653 4919; x_wconf 83' lang='lat' dir='ltr'><strong>cxvut,</strong></span> <span class='ocrx_word' id='word_1_758' title='bbox 1687 4851 1801 4924; x_wconf 76' lang='lat'><strong>6‘2).</strong></span> <span class='ocrx_word' id='word_1_759' title='bbox 1832 4854 1965 4912; x_wconf 87' lang='lat' dir='ltr'><strong>Ecce</strong></span> <span class='ocrx_word' id='word_1_760' title='bbox 2007 4857 2102 4914; x_wconf 87' lang='lat' dir='ltr'><strong>ha-</strong></span> 
     </span>
    </p>
   </div>
   <div class='ocr_carea' id='block_1_97' title="bbox 604 5091 1476 5150">
    <p class='ocr_par' dir='ltr' id='par_1_97' title="bbox 604 5091 1476 5150">
     <span class='ocr_line' id='line_1_97' title="bbox 604 5091 1476 5150; baseline 0.003 -4"><span class='ocrx_word' id='word_1_761' title='bbox 604 5102 629 5130; x_wconf 78' lang='grc' dir='ltr'><strong>ι</strong></span> <span class='ocrx_word' id='word_1_762' title='bbox 661 5091 785 5147; x_wconf 80' lang='lat' dir='ltr'><strong>Haec</strong></span> <span class='ocrx_word' id='word_1_763' title='bbox 811 5091 1003 5147; x_wconf 92' lang='lat' dir='ltr'><strong>desunt</strong></span> <span class='ocrx_word' id='word_1_764' title='bbox 1028 5093 1083 5147; x_wconf 92' lang='lat' dir='ltr'><strong>in</strong></span> <span class='ocrx_word' id='word_1_765' title='bbox 1105 5091 1235 5149; x_wconf 90' lang='lat' dir='ltr'><strong>edit.</strong></span> <span class='ocrx_word' id='word_1_766' title='bbox 1260 5091 1476 5150; x_wconf 81' lang='lat' dir='ltr'><strong>Hieron.</strong></span> 
     </span>
    </p>
   </div>
   <div class='ocr_carea' id='block_1_98' title="bbox 597 5156 1560 5233">
    <p class='ocr_par' dir='ltr' id='par_1_98' title="bbox 597 5156 1560 5233">
     <span class='ocr_line' id='line_1_98' title="bbox 597 5156 1560 5233; baseline 0.004 -18"><span class='ocrx_word' id='word_1_767' title='bbox 597 5161 627 5201; x_wconf 71' lang='grc' dir='ltr'>δ</span> <span class='ocrx_word' id='word_1_768' title='bbox 657 5161 822 5233; x_wconf 79' lang='lat' dir='ltr'><strong>_lbid.,</strong></span> <span class='ocrx_word' id='word_1_769' title='bbox 853 5163 1074 5233; x_wconf 90' lang='lat' dir='ltr'><strong>_rectius,</strong></span> <span class='ocrx_word' id='word_1_770' title='bbox 1098 5156 1307 5216; x_wconf 66' lang='lat' dir='ltr'><strong>toronat</strong></span> <span class='ocrx_word' id='word_1_771' title='bbox 1329 5163 1560 5233; x_wconf 70' lang='lat' dir='ltr'><strong>eﬁ‘ectus.</strong></span> 
     </span>
    </p>
   </div>
   <div class='ocr_carea' id='block_1_99' title="bbox 602 5231 1150 5301">
    <p class='ocr_par' dir='ltr' id='par_1_99' title="bbox 602 5231 1150 5301">
     <span class='ocr_line' id='line_1_99' title="bbox 602 5231 1150 5301; baseline 0.002 -15"><span class='ocrx_word' id='word_1_772' title='bbox 602 5243 626 5272; x_wconf 74' lang='grc' dir='ltr'><strong>ε</strong></span> <span class='ocrx_word' id='word_1_773' title='bbox 654 5231 809 5301; x_wconf 90' lang='lat' dir='ltr'><strong>lbid.,</strong></span> <span class='ocrx_word' id='word_1_774' title='bbox 834 5231 1150 5288; x_wconf 74' lang='lat' dir='ltr'><strong>Camlium.</strong></span> 
     </span>
    </p>
   </div>
   <div class='ocr_carea' id='block_1_100' title="bbox 600 5303 1141 5370">
    <p class='ocr_par' dir='ltr' id='par_1_100' title="bbox 600 5303 1141 5370">
     <span class='ocr_line' id='line_1_100' title="bbox 600 5303 1141 5370; baseline -0.002 -13"><span class='ocrx_word' id='word_1_775' title='bbox 600 5304 626 5341; x_wconf 76' lang='grc' dir='ltr'>α</span> <span class='ocrx_word' id='word_1_776' title='bbox 655 5303 785 5358; x_wconf 91' lang='lat' dir='ltr'><strong>Ibid.</strong></span> <span class='ocrx_word' id='word_1_777' title='bbox 799 5343 813 5370; x_wconf 97' lang='lat'><strong>,</strong></span> <span class='ocrx_word' id='word_1_778' title='bbox 845 5303 1141 5358; x_wconf 81' lang='lat' dir='ltr'><strong>oscitamus.</strong></span> 
     </span>
    </p>
   </div>
   <div class='ocr_carea' id='block_1_101' title="bbox 605 5373 1152 5454">
    <p class='ocr_par' dir='ltr' id='par_1_101' title="bbox 605 5373 1152 5454">
     <span class='ocr_line' id='line_1_101' title="bbox 605 5373 1152 5454; baseline -0.005 -26"><span class='ocrx_word' id='word_1_779' title='bbox 605 5383 630 5454; x_wconf 68' lang='grc' dir='ltr'><strong><em>ξ</em></strong></span> <span class='ocrx_word' id='word_1_780' title='bbox 659 5374 818 5454; x_wconf 65' lang='lat' dir='ltr'><strong>ibid,</strong></span> <span class='ocrx_word' id='word_1_781' title='bbox 849 5373 948 5428; x_wconf 85' lang='lat' dir='ltr'><strong>Res</strong></span> <span class='ocrx_word' id='word_1_782' title='bbox 967 5373 1152 5454; x_wconf 61' lang='lat' dir='ltr'><strong>exigit:</strong></span> 
     </span>
    </p>
   </div>
   <div class='ocr_carea' id='block_1_102' title="bbox 605 5441 2102 5518">
    <p class='ocr_par' dir='ltr' id='par_1_102' title="bbox 605 5441 2102 5518">
     <span class='ocr_line' id='line_1_102' title="bbox 605 5441 2102 5518; baseline 0.003 -21"><span class='ocrx_word' id='word_1_783' title='bbox 605 5441 626 5481; x_wconf 73' lang='grc' dir='ltr'>ί</span> <span class='ocrx_word' id='word_1_784' title='bbox 641 5442 786 5518; x_wconf 60' lang='lat' dir='ltr'><strong>_liaac</strong></span> <span class='ocrx_word' id='word_1_785' title='bbox 807 5441 1094 5518; x_wconf 50' lang='lat' dir='ltr'><strong>exscripsit</strong></span> <span class='ocrx_word' id='word_1_786' title='bbox 1121 5442 1182 5498; x_wconf 92' lang='lat' dir='ltr'><strong>S.</strong></span> <span class='ocrx_word' id='word_1_787' title='bbox 1212 5443 1442 5518; x_wconf 83' lang='lat' dir='ltr'><strong>lsidorus</strong></span> <span class='ocrx_word' id='word_1_788' title='bbox 1466 5445 1795 5518; x_wconf 74' lang='lat' dir='ltr'><strong>lliSpalensis</strong></span> <span class='ocrx_word' id='word_1_789' title='bbox 1821 5449 2102 5518; x_wconf 84' lang='lat' dir='ltr'><strong>episcopus</strong></span> 
     </span>
    </p>
   </div>
   <div class='ocr_carea' id='block_1_103' title="bbox 529 5511 2098 5588">
    <p class='ocr_par' dir='ltr' id='par_1_103' title="bbox 529 5511 2098 5588">
     <span class='ocr_line' id='line_1_103' title="bbox 529 5511 2098 5588; baseline 0.003 -21"><span class='ocrx_word' id='word_1_790' title='bbox 529 5513 598 5588; x_wconf 81' lang='lat' dir='ltr'><strong>d_e</strong></span> <span class='ocrx_word' id='word_1_791' title='bbox 634 5511 784 5588; x_wconf 69' lang='lat' dir='ltr'><strong>Qiﬁc.</strong></span> <span class='ocrx_word' id='word_1_792' title='bbox 819 5511 964 5588; x_wconf 61' lang='lat' dir='ltr'><strong>Eccl.</strong></span> <span class='ocrx_word' id='word_1_793' title='bbox 999 5513 1092 5568; x_wconf 87' lang='lat' dir='ltr'><strong>lib.</strong></span> <span class='ocrx_word' id='word_1_794' title='bbox 1114 5529 1165 5588; x_wconf 89' lang='lat' dir='ltr'><strong>_t,</strong></span> <span class='ocrx_word' id='word_1_795' title='bbox 1194 5530 1312 5588; x_wconf 82' lang='lat' dir='ltr'><strong>cap.</strong></span> <span class='ocrx_word' id='word_1_796' title='bbox 1358 5517 1446 5582; x_wconf 58' lang='grc' dir='ltr'><strong>Ἡ,</strong></span> <span class='ocrx_word' id='word_1_797' title='bbox 1504 5511 1639 5586; x_wconf 74' lang='lat' dir='ltr'><strong>apud</strong></span> <span class='ocrx_word' id='word_1_798' title='bbox 1680 5511 2098 5588; x_wconf 42' lang='lat' dir='ltr'><strong>quem&#39;legit‘ur,</strong></span> 
     </span>
    </p>
   </div>
   <div class='ocr_carea' id='block_1_104' title="bbox 532 5582 2102 5655">
    <p class='ocr_par' dir='ltr' id='par_1_104' title="bbox 532 5582 2102 5655">
     <span class='ocr_line' id='line_1_104' title="bbox 532 5582 2102 5655; baseline 0.004 -18"><span class='ocrx_word' id='word_1_799' title='bbox 532 5583 700 5655; x_wconf 73' lang='lat' dir='ltr'><strong>Dauid</strong></span> <span class='ocrx_word' id='word_1_800' title='bbox 725 5582 865 5651; x_wconf 78' lang='lat' dir='ltr'><strong>regio</strong></span> <span class='ocrx_word' id='word_1_801' title='bbox 895 5591 943 5634; x_wconf 90' lang='lat' dir='ltr'><strong>et</strong></span> <span class='ocrx_word' id='word_1_802' title='bbox 972 5582 1273 5655; x_wconf 23' lang='lat' dir='ltr'><strong>praphrtico‘</strong></span> <span class='ocrx_word' id='word_1_803' title='bbox 1293 5582 1636 5654; x_wconf 77' lang='lat' dir='ltr'><strong>sancti/iratus</strong></span> <span class='ocrx_word' id='word_1_804' title='bbox 1659 5582 2102 5655; x_wconf 42' lang='lat' dir='ltr'><strong>unguentofreete</strong></span> 
     </span>
    </p>
   </div>
   <div class='ocr_carea' id='block_1_105' title="bbox 529 5653 2095 5728">
    <p class='ocr_par' dir='ltr' id='par_1_105' title="bbox 529 5653 2095 5728">
     <span class='ocr_line' id='line_1_105' title="bbox 529 5653 2095 5728; baseline 0.006 -23"><span class='ocrx_word' id='word_1_805' title='bbox 529 5654 726 5707; x_wconf 84' lang='lat' dir='ltr'><strong>omissa</strong></span> <span class='ocrx_word' id='word_1_806' title='bbox 753 5665 884 5728; x_wconf 87' lang='lat' dir='ltr'><strong>_voce</strong></span> <span class='ocrx_word' id='word_1_807' title='bbox 909 5653 1111 5728; x_wconf 72' lang='lat' dir='ltr'><strong>spiritu,</strong></span> <span class='ocrx_word' id='word_1_808' title='bbox 1135 5670 1252 5728; x_wconf 66' lang='lat' dir='ltr'><strong>qua:</strong></span> <span class='ocrx_word' id='word_1_809' title='bbox 1293 5653 1608 5712; x_wconf 88' lang='lat' dir='ltr'><strong>sententiam</strong></span> <span class='ocrx_word' id='word_1_810' title='bbox 1642 5653 1842 5724; x_wconf 83' lang='lat' dir='ltr'><strong>turbat,</strong></span> <span class='ocrx_word' id='word_1_811' title='bbox 1873 5673 2095 5728; x_wconf 59' lang='lat' dir='ltr'><strong>quaeque</strong></span> 
     </span>
    </p>
   </div>
   <div class='ocr_carea' id='block_1_106' title="bbox 528 5719 1391 5782">
    <p class='ocr_par' dir='ltr' id='par_1_106' title="bbox 528 5719 1391 5782">
     <span class='ocr_line' id='line_1_106' title="bbox 528 5719 1391 5782; baseline 0.006 -7"><span class='ocrx_word' id='word_1_812' title='bbox 528 5729 690 5782; x_wconf 78' lang='lat' dir='ltr'><strong>etiam</strong></span> <span class='ocrx_word' id='word_1_813' title='bbox 719 5719 872 5778; x_wconf 82' lang='lat' dir='ltr'><strong>abest</strong></span> <span class='ocrx_word' id='word_1_814' title='bbox 897 5719 964 5776; x_wconf 86' lang='lat' dir='ltr'><strong>ab</strong></span> <span class='ocrx_word' id='word_1_815' title='bbox 1000 5719 1391 5780; x_wconf 52' lang='lat' dir='ltr'><strong>edito&#39;llieron.</strong></span> 
     </span>
    </p>
   </div>
   <div class='ocr_carea' id='block_1_107' title="bbox 2215 4583 3782 4654">
    <p class='ocr_par' dir='ltr' id='par_1_107' title="bbox 2215 4583 3782 4654">
     <span class='ocr_line' id='line_1_107' title="bbox 2215 4583 3782 4654; baseline 0.001 -19"><span class='ocrx_word' id='word_1_816' title='bbox 2215 4583 2426 4648; x_wconf 83' lang='lat' dir='ltr'><strong>dentes;</strong></span> <span class='ocrx_word' id='word_1_817' title='bbox 2455 4591 2605 4636; x_wconf 85' lang='lat' dir='ltr'><strong>etvos</strong></span> <span class='ocrx_word' id='word_1_818' title='bbox 2641 4583 2830 4636; x_wconf 85' lang='lat' dir='ltr'><strong>similes</strong></span> <span class='ocrx_word' id='word_1_819' title='bbox 2870 4583 3273 4654; x_wconf 73' lang='lat' dir='ltr'><strong>exspectantibus</strong></span> <span class='ocrx_word' id='word_1_820' title='bbox 3315 4585 3595 4638; x_wconf 86' lang='lat' dir='ltr'><strong>Dominum</strong></span> <span class='ocrx_word' id='word_1_821' title='bbox 3638 4603 3782 4639; x_wconf 86' lang='lat' dir='ltr'><strong>suum</strong></span> 
     </span>
    </p>
   </div>
   <div class='ocr_carea' id='block_1_108' title="bbox 2207 4673 3784 4748">
    <p class='ocr_par' dir='ltr' id='par_1_108' title="bbox 2207 4673 3784 4748">
     <span class='ocr_line' id='line_1_108' title="bbox 2207 4673 3784 4748; baseline 0.002 -21"><span class='ocrx_word' id='word_1_822' title='bbox 2207 4675 2418 4745; x_wconf 62' lang='lat' dir='ltr'><strong>quando</strong></span> <span class='ocrx_word' id='word_1_823' title='bbox 2468 4682 2742 4726; x_wconf 87' lang='lat' dir='ltr'><strong>revertatur</strong></span> <span class='ocrx_word' id='word_1_824' title='bbox 2769 4689 2800 4726; x_wconf 90' lang='lat' dir='ltr'><strong>a</strong></span> <span class='ocrx_word' id='word_1_825' title='bbox 2823 4674 3034 4741; x_wconf 85' lang='lat' dir='ltr'><strong>nuptiis.</strong></span> <span class='ocrx_word' id='word_1_826' title='bbox 3077 4673 3224 4728; x_wconf 86' lang='lat' dir='ltr'><strong>Beati</strong></span> <span class='ocrx_word' id='word_1_827' title='bbox 3250 4679 3379 4730; x_wconf 79' lang='lat' dir='ltr'><strong>servi</strong></span> <span class='ocrx_word' id='word_1_828' title='bbox 3403 4677 3481 4731; x_wconf 88' lang='lat' dir='ltr'><strong>illi</strong></span> <span class='ocrx_word' id='word_1_829' title='bbox 3521 4696 3648 4748; x_wconf 86' lang='lat' dir='ltr'><strong>quos</strong></span> <span class='ocrx_word' id='word_1_830' title='bbox 3677 4695 3784 4731; x_wconf 84' lang='lat' dir='ltr'><strong>cum</strong></span> 
     </span>
    </p>
   </div>
   <div class='ocr_carea' id='block_1_109' title="bbox 2203 4760 3779 4841">
    <p class='ocr_par' dir='ltr' id='par_1_109' title="bbox 2203 4760 3779 4841">
     <span class='ocr_line' id='line_1_109' title="bbox 2203 4760 3779 4841; baseline 0.001 -21"><span class='ocrx_word' id='word_1_831' title='bbox 2203 4760 2249 4820; x_wconf 16' lang='lat' dir='ltr'><strong>7v.</strong></span> <span class='ocrx_word' id='word_1_832' title='bbox 2269 4765 2396 4820; x_wconf 87' lang='lat' dir='ltr'><strong>nerit</strong></span> <span class='ocrx_word' id='word_1_833' title='bbox 2420 4763 2688 4828; x_wconf 87' lang='lat' dir='ltr'><strong>Dominus,</strong></span> <span class='ocrx_word' id='word_1_834' title='bbox 2715 4766 2956 4819; x_wconf 87' lang='lat' dir='ltr'><strong>invenerit</strong></span> <span class='ocrx_word' id='word_1_835' title='bbox 2979 4766 3410 4841; x_wconf 84' lang='lat' dir='ltr'><strong>vigilantes(Luc.</strong></span> <span class='ocrx_word' id='word_1_836' title='bbox 3433 4784 3527 4832; x_wconf 79' lang='lat' dir='ltr'><strong>xu,</strong></span> <span class='ocrx_word' id='word_1_837' title='bbox 3555 4770 3743 4839; x_wconf 68' lang='lat'><strong>35-57)</strong></span> <span class='ocrx_word' id='word_1_838' title='bbox 3769 4788 3779 4822; x_wconf 94' lang='lat'>:</span> 
     </span>
    </p>
   </div>
   <div class='ocr_carea' id='block_1_110' title="bbox 2215 4855 3781 4927">
    <p class='ocr_par' dir='ltr' id='par_1_110' title="bbox 2215 4855 3781 4927">
     <span class='ocr_line' id='line_1_110' title="bbox 2215 4855 3781 4927; baseline 0.003 -16"><span class='ocrx_word' id='word_1_839' title='bbox 2215 4856 2286 4911; x_wconf 86' lang='lat' dir='ltr'><strong>Et</strong></span> <span class='ocrx_word' id='word_1_840' title='bbox 2316 4857 2359 4911; x_wconf 86' lang='lat' dir='ltr'><strong>si</strong></span> <span class='ocrx_word' id='word_1_841' title='bbox 2385 4855 2689 4924; x_wconf 86' lang='lat' dir='ltr'><strong>vespertina,</strong></span> <span class='ocrx_word' id='word_1_842' title='bbox 2718 4855 2905 4926; x_wconf 90' lang='lat' dir='ltr'><strong>inquit,</strong></span> <span class='ocrx_word' id='word_1_843' title='bbox 2929 4857 3054 4912; x_wconf 77' lang='lat' dir='ltr'><strong>liora</strong></span> <span class='ocrx_word' id='word_1_844' title='bbox 3072 4859 3276 4927; x_wconf 85' lang='lat' dir='ltr'><strong>venerit,</strong></span> <span class='ocrx_word' id='word_1_845' title='bbox 3295 4861 3405 4914; x_wconf 84' lang='lat' dir='ltr'><strong>etsi</strong></span> <span class='ocrx_word' id='word_1_846' title='bbox 3431 4861 3595 4914; x_wconf 80' lang='lat' dir='ltr'><strong>media</strong></span> <span class='ocrx_word' id='word_1_847' title='bbox 3621 4874 3781 4924; x_wconf 82' lang='lat' dir='ltr'><strong>nocte,</strong></span> 
     </span>
    </p>
   </div>
   <div class='ocr_carea' id='block_1_111' title="bbox 2289 5099 3778 5161">
    <p class='ocr_par' dir='ltr' id='par_1_111' title="bbox 2289 5099 3778 5161">
     <span class='ocr_line' id='line_1_111' title="bbox 2289 5099 3778 5161; baseline 0.009 -14"><span class='ocrx_word' id='word_1_848' title='bbox 2289 5109 2314 5147; x_wconf 76' lang='grc' dir='ltr'><strong><em>ε</em></strong></span> <span class='ocrx_word' id='word_1_849' title='bbox 2340 5099 2393 5153; x_wconf 85' lang='grc' dir='ltr'><strong>1η</strong></span> <span class='ocrx_word' id='word_1_850' title='bbox 2426 5099 2553 5156; x_wconf 89' lang='lat' dir='ltr'><strong>edit.</strong></span> <span class='ocrx_word' id='word_1_851' title='bbox 2588 5101 2801 5156; x_wconf 85' lang='lat' dir='ltr'><strong>Hieron.</strong></span> <span class='ocrx_word' id='word_1_852' title='bbox 2831 5101 2914 5155; x_wconf 90' lang='lat' dir='ltr'><strong>his</strong></span> <span class='ocrx_word' id='word_1_853' title='bbox 2939 5103 3117 5158; x_wconf 88' lang='lat' dir='ltr'><strong>verbis</strong></span> <span class='ocrx_word' id='word_1_854' title='bbox 3141 5105 3316 5158; x_wconf 90' lang='lat' dir='ltr'><strong>statim</strong></span> <span class='ocrx_word' id='word_1_855' title='bbox 3344 5105 3456 5160; x_wconf 67' lang='lat' dir='ltr'><strong>haec</strong></span> <span class='ocrx_word' id='word_1_856' title='bbox 3482 5105 3778 5161; x_wconf 87' lang='lat' dir='ltr'><strong>adduntur:</strong></span> 
     </span>
    </p>
   </div>
   <div class='ocr_carea' id='block_1_112' title="bbox 2217 5169 3781 5246">
    <p class='ocr_par' dir='ltr' id='par_1_112' title="bbox 2217 5169 3781 5246">
     <span class='ocr_line' id='line_1_112' title="bbox 2217 5169 3781 5246; baseline 0.003 -23"><span class='ocrx_word' id='word_1_857' title='bbox 2217 5169 2322 5246; x_wconf 80' lang='lat' dir='ltr'><strong>Sed</strong></span> <span class='ocrx_word' id='word_1_858' title='bbox 2350 5171 2564 5246; x_wconf 73' lang='lat' dir='ltr'><strong>forsitan</strong></span> <span class='ocrx_word' id='word_1_859' title='bbox 2592 5173 2640 5246; x_wconf 81' lang='lat' dir='ltr'><strong>in</strong></span> <span class='ocrx_word' id='word_1_860' title='bbox 2665 5173 2846 5226; x_wconf 85' lang='lat' dir='ltr'><strong>lectulo</strong></span> <span class='ocrx_word' id='word_1_861' title='bbox 2864 5187 2967 5246; x_wconf 77' lang='lat' dir='ltr'><strong>_suo</strong></span> <span class='ocrx_word' id='word_1_862' title='bbox 2996 5177 3190 5242; x_wconf 84' lang='lat' dir='ltr'><strong>positus</strong></span> <span class='ocrx_word' id='word_1_863' title='bbox 3216 5179 3322 5228; x_wconf 77' lang='lat' dir='ltr'><strong>liceo</strong></span> <span class='ocrx_word' id='word_1_864' title='bbox 3348 5177 3583 5246; x_wconf 83' lang='lat' dir='ltr'><strong>cantabat</strong></span> <span class='ocrx_word' id='word_1_865' title='bbox 3606 5192 3627 5229; x_wconf 88' lang='lat'><strong><em>:</em></strong></span> <span class='ocrx_word' id='word_1_866' title='bbox 3647 5178 3781 5246; x_wconf 87' lang='lat' dir='ltr'><strong>quod</strong></span> 
     </span>
    </p>
   </div>
   <div class='ocr_carea' id='block_1_113' title="bbox 2213 5241 3780 5312">
    <p class='ocr_par' dir='ltr' id='par_1_113' title="bbox 2213 5241 3780 5312">
     <span class='ocr_line' id='line_1_113' title="bbox 2213 5241 3780 5312; baseline 0.005 -22"><span class='ocrx_word' id='word_1_867' title='bbox 2213 5241 2462 5307; x_wconf 67' lang='lat' dir='ltr'><strong>aliquanti</strong></span> <span class='ocrx_word' id='word_1_868' title='bbox 2505 5243 2747 5312; x_wconf 84' lang='lat' dir='ltr'><strong>pigriores</strong></span> <span class='ocrx_word' id='word_1_869' title='bbox 2786 5241 3008 5309; x_wconf 71' lang='lat' dir='ltr'><strong>sufficere</strong></span> <span class='ocrx_word' id='word_1_870' title='bbox 3046 5254 3365 5309; x_wconf 87' lang='lat' dir='ltr'><strong>putaverunt,</strong></span> <span class='ocrx_word' id='word_1_871' title='bbox 3396 5245 3441 5297; x_wconf 87' lang='lat' dir='ltr'><strong>si</strong></span> <span class='ocrx_word' id='word_1_872' title='bbox 3487 5241 3688 5298; x_wconf 81' lang='lat' dir='ltr'><strong>tantum</strong></span> <span class='ocrx_word' id='word_1_873' title='bbox 3730 5248 3780 5298; x_wconf 85' lang='lat' dir='ltr'><strong>in</strong></span> 
     </span>
    </p>
   </div>
   <div class='ocr_carea' id='block_1_114' title="bbox 2210 5313 3781 5384">
    <p class='ocr_par' dir='ltr' id='par_1_114' title="bbox 2210 5313 3781 5384">
     <span class='ocr_line' id='line_1_114' title="bbox 2210 5313 3781 5384; baseline 0.004 -22"><span class='ocrx_word' id='word_1_874' title='bbox 2210 5319 2380 5363; x_wconf 87' lang='lat' dir='ltr'><strong>stratu</strong></span> <span class='ocrx_word' id='word_1_875' title='bbox 2400 5327 2492 5384; x_wconf 82' lang='lat' dir='ltr'><strong>suo</strong></span> <span class='ocrx_word' id='word_1_876' title='bbox 2520 5322 2607 5384; x_wconf 86' lang='lat' dir='ltr'><strong>aut</strong></span> <span class='ocrx_word' id='word_1_877' title='bbox 2634 5321 2741 5384; x_wconf 73' lang='lat' dir='ltr'><strong>oret</strong></span> <span class='ocrx_word' id='word_1_878' title='bbox 2765 5313 3130 5383; x_wconf 85' lang='lat' dir='ltr'><strong>unusquisque,</strong></span> <span class='ocrx_word' id='word_1_879' title='bbox 3159 5325 3247 5367; x_wconf 90' lang='lat' dir='ltr'><strong>aut</strong></span> <span class='ocrx_word' id='word_1_880' title='bbox 3276 5313 3524 5384; x_wconf 85' lang='lat' dir='ltr'><strong>psalmum</strong></span> <span class='ocrx_word' id='word_1_881' title='bbox 3547 5316 3781 5368; x_wconf 87' lang='lat' dir='ltr'><strong>submur-</strong></span> 
     </span>
    </p>
   </div>
   <div class='ocr_carea' id='block_1_115' title="bbox 2211 5381 3780 5456">
    <p class='ocr_par' dir='ltr' id='par_1_115' title="bbox 2211 5381 3780 5456">
     <span class='ocr_line' id='line_1_115' title="bbox 2211 5381 3780 5456; baseline 0.003 -25"><span class='ocrx_word' id='word_1_882' title='bbox 2211 5392 2394 5456; x_wconf 76' lang='lat' dir='ltr'><strong>muret.</strong></span> <span class='ocrx_word' id='word_1_883' title='bbox 2427 5381 2580 5442; x_wconf 79' lang='lat' dir='ltr'><strong>Quod</strong></span> <span class='ocrx_word' id='word_1_884' title='bbox 2603 5382 2802 5456; x_wconf 78' lang='lat' dir='ltr'><strong>quidem</strong></span> <span class='ocrx_word' id='word_1_885' title='bbox 2832 5381 3075 5456; x_wconf 73' lang='lat' dir='ltr'><strong>etipsum</strong></span> <span class='ocrx_word' id='word_1_886' title='bbox 3102 5381 3287 5456; x_wconf 76' lang='lat' dir='ltr'><strong>bonum</strong></span> <span class='ocrx_word' id='word_1_887' title='bbox 3311 5395 3388 5456; x_wconf 86' lang='lat' dir='ltr'><strong>est</strong></span> <span class='ocrx_word' id='word_1_888' title='bbox 3413 5401 3432 5438; x_wconf 93' lang='lat'><strong><em>:</em></strong></span> <span class='ocrx_word' id='word_1_889' title='bbox 3463 5385 3560 5456; x_wconf 80' lang='lat' dir='ltr'><strong>Dei</strong></span> <span class='ocrx_word' id='word_1_890' title='bbox 3584 5401 3780 5456; x_wconf 67' lang='lat' dir='ltr'><strong>semper</strong></span> 
     </span>
    </p>
   </div>
   <div class='ocr_carea' id='block_1_116' title="bbox 2208 5451 3780 5520">
    <p class='ocr_par' dir='ltr' id='par_1_116' title="bbox 2208 5451 3780 5520">
     <span class='ocr_line' id='line_1_116' title="bbox 2208 5451 3780 5520; baseline 0.004 -19"><span class='ocrx_word' id='word_1_891' title='bbox 2208 5459 2254 5501; x_wconf 89' lang='lat' dir='ltr'><strong>et</strong></span> <span class='ocrx_word' id='word_1_892' title='bbox 2294 5451 2475 5520; x_wconf 88' lang='lat' dir='ltr'><strong>ubique</strong></span> <span class='ocrx_word' id='word_1_893' title='bbox 2503 5452 2784 5505; x_wconf 87' lang='lat' dir='ltr'><strong>meminisse</strong></span> <span class='ocrx_word' id='word_1_894' title='bbox 2820 5453 3046 5506; x_wconf 82' lang='lat' dir='ltr'><strong>salutare</strong></span> <span class='ocrx_word' id='word_1_895' title='bbox 3072 5463 3165 5507; x_wconf 87' lang='lat' dir='ltr'><strong>est.</strong></span> <span class='ocrx_word' id='word_1_896' title='bbox 3210 5455 3316 5509; x_wconf 87' lang='lat' dir='ltr'><strong>Sed</strong></span> <span class='ocrx_word' id='word_1_897' title='bbox 3345 5456 3482 5516; x_wconf 83' lang='lat' dir='ltr'><strong>quod</strong></span> <span class='ocrx_word' id='word_1_898' title='bbox 3509 5455 3574 5508; x_wconf 88' lang='lat' dir='ltr'><strong>sit</strong></span> <span class='ocrx_word' id='word_1_899' title='bbox 3607 5451 3780 5508; x_wconf 70' lang='grc' dir='ltr'><strong>υιείἰιη</strong></span> 
     </span>
    </p>
   </div>
   <div class='ocr_carea' id='block_1_117' title="bbox 2208 5523 3778 5639">
    <p class='ocr_par' dir='ltr' id='par_1_117' title="bbox 2208 5523 3778 5639">
     <span class='ocr_line' id='line_1_117' title="bbox 2208 5523 3778 5639; baseline 0.003 -67"><span class='ocrx_word' id='word_1_900' title='bbox 2208 5535 2479 5639; x_wconf 52' lang='lat' dir='ltr'><strong>exsuzgere</strong></span> <span class='ocrx_word' id='word_1_901' title='bbox 2500 5531 2544 5573; x_wconf 87' lang='lat' dir='ltr'><strong>et</strong></span> <span class='ocrx_word' id='word_1_902' title='bbox 2571 5523 2858 5591; x_wconf 86' lang='lat' dir='ltr'><strong>conspectui</strong></span> <span class='ocrx_word' id='word_1_903' title='bbox 2884 5523 3051 5577; x_wconf 85' lang='lat' dir='ltr'><strong>divino</strong></span> <span class='ocrx_word' id='word_1_904' title='bbox 3072 5525 3327 5590; x_wconf 80' lang='lat' dir='ltr'><strong>assistere,</strong></span> <span class='ocrx_word' id='word_1_905' title='bbox 3351 5526 3524 5594; x_wconf 86' lang='lat' dir='ltr'><strong>accipe</strong></span> <span class='ocrx_word' id='word_1_906' title='bbox 3551 5526 3778 5595; x_wconf 85' lang='lat' dir='ltr'><strong>ejusdem</strong></span> 
     </span>
     <span class='ocr_line' id='line_1_118' title="bbox 2208 5601 2613 5639; baseline 0 0"><span class='ocrx_word' id='word_1_907' title='bbox 2208 5605 2335 5639; x_wconf 72' lang='lat' dir='ltr'><strong>DTOD</strong></span> <span class='ocrx_word' id='word_1_908' title='bbox 2375 5601 2485 5639; x_wconf 66' lang='lat' dir='ltr'><strong>etne-</strong></span> <span class='ocrx_word' id='word_1_909' title='bbox 2512 5601 2613 5639; x_wconf 69' lang='grc' dir='ltr'><strong>ειη.</strong></span> 
     </span>
    </p>
   </div>
   <div class='ocr_carea' id='block_1_118' title="bbox 2207 5601 2613 5658">
    <p class='ocr_par' dir='ltr' id='par_1_118' title="bbox 2207 5601 2613 5658">
     <span class='ocr_line' id='line_1_119' title="bbox 2207 5601 2613 5658; baseline 0.002 -16"><span class='ocrx_word' id='word_1_910' title='bbox 2207 5601 2485 5658; x_wconf 69' lang='lat' dir='ltr'><strong>prophetia,</strong></span> <span class='ocrx_word' id='word_1_911' title='bbox 2512 5601 2613 5645; x_wconf 83' lang='lat' dir='ltr'><strong>etc.</strong></span> 
     </span>
    </p>
   </div>
   <div class='ocr_carea' id='block_1_119' title="bbox 2280 5657 3774 5781">
    <p class='ocr_par' dir='ltr' id='par_1_119' title="bbox 2280 5657 3774 5781">
     <span class='ocr_line' id='line_1_120' title="bbox 2280 5657 3774 5781; baseline 0.002 -69"><span class='ocrx_word' id='word_1_912' title='bbox 2280 5657 2309 5694; x_wconf 61' lang='grc' dir='ltr'><strong>ἰ</strong></span> <span class='ocrx_word' id='word_1_913' title='bbox 2343 5658 2463 5781; x_wconf 40' lang='lat' dir='ltr'><strong>giae</strong></span> <span class='ocrx_word' id='word_1_914' title='bbox 2493 5664 2619 5718; x_wconf 87' lang='lat' dir='ltr'><strong>item</strong></span> <span class='ocrx_word' id='word_1_915' title='bbox 2650 5661 2822 5716; x_wconf 54' lang='lat' dir='ltr'><strong>omnia</strong></span> <span class='ocrx_word' id='word_1_916' title='bbox 2873 5662 2992 5719; x_wconf 90' lang='lat' dir='ltr'><strong>hinc</strong></span> <span class='ocrx_word' id='word_1_917' title='bbox 3031 5665 3256 5734; x_wconf 85' lang='lat' dir='ltr'><strong>sumpsit</strong></span> <span class='ocrx_word' id='word_1_918' title='bbox 3285 5663 3340 5719; x_wconf 89' lang='lat' dir='ltr'><strong>S.</strong></span> <span class='ocrx_word' id='word_1_919' title='bbox 3375 5663 3608 5720; x_wconf 81' lang='lat' dir='ltr'><strong>Isidorus</strong></span> <span class='ocrx_word' id='word_1_920' title='bbox 3659 5665 3694 5718; x_wconf 93' lang='grc' dir='ltr'><strong>Ι.</strong></span> <span class='ocrx_word' id='word_1_921' title='bbox 3726 5677 3774 5717; x_wconf 92' lang='lat' dir='ltr'><strong>c.</strong></span> 
     </span>
     <span class='ocr_line' id='line_1_121' title="bbox 2280 5743 2438 5781; baseline 0 0"><span class='ocrx_word' id='word_1_922' title='bbox 2280 5743 2324 5781; x_wconf 79' lang='grc' dir='ltr'><strong>ιι.</strong></span> <span class='ocrx_word' id='word_1_923' title='bbox 2426 5770 2438 5781; x_wconf 97' lang='grc'>.</span> 
     </span>
    </p>
   </div>
   <div class='ocr_carea' id='block_1_120' title="bbox 2210 5743 2438 5798">
    <p class='ocr_par' dir='ltr' id='par_1_120' title="bbox 2210 5743 2438 5798">
     <span class='ocr_line' id='line_1_122' title="bbox 2210 5743 2438 5798; baseline 0 -15"><span class='ocrx_word' id='word_1_924' title='bbox 2210 5743 2324 5798; x_wconf 86' lang='lat' dir='ltr'><strong>cap.</strong></span> <span class='ocrx_word' id='word_1_925' title='bbox 2349 5743 2438 5783; x_wconf 62' lang='grc' dir='ltr'><strong>τι.</strong></span> 
     </span>
    </p>
   </div>
  </div>
