4004 6354
228 292 326 348 ’569

1671 291 2050 348 OPUSCULA.

3384 297 3489 350 370'

227 415 268 456 et
299 406 341 456 si
369 405 493 474 galli
526 412 696 467 cantu,
746 413 791 456 et
829 404 1048 456 inveniat
1079 421 1160 456 eos
1189 404 1264 472 rig
1289 412 1474 468 .untes,
1503 403 1636 455 beati
1692 416 1809 458 sunt
1841 413 1880 466 Λ
1915 408 2158 460 universa
2197 406 2457 476 vigilantis
2501 408 2750 460 laetiﬁcat.
2793 406 3072 475 Vigilando
3105 410 3275 463 timor
3310 410 3484 463 omnis

225 496 416 563 (ποτε.
450 513 560 560 xm,
587 495 702 559 3‘5).
743 493 919 564 Itaque
949 505 994 550 et
1027 513 1110 548 ros
1133 505 1287 548 estote
1317 496 1507 564 para'i,
1548 496 1669 563 quia
1705 513 1810 558 qua

227 590 350 641 hora
376 590 597 654 nescitis,
626 585 795 641 Filius
825 589 1042 640 hominis
1069 597 1305 640 venturus
1321 595 1391 640 est
1415 585 1630 654 (Matth.
1660 603 1804 652 xxiv,

225 682 340 748 4i).
367 681 474 735 Nec
497 681 674 734 verbis
696 679 1030 734 solummodo
1057 681 1238 734 ducuil
1262 680 1506 748 vigilare,
1529 682 1623 736 sed
1646 683 1808 737 etiam

227 775 473 840 exemplo
520 774 875 827 conﬁrmavit.
909 772 1146 842 Namque
1177 782 1400 827 testatur
1431 774 1803 842 Evangelium,

229 867 352 934 quia
391 874 498 919 erat
543 864 692 919 Iesus
722 877 1024 934 pernoctans
1064 866 1116 919 in
1145 866 1373 920 oratione
1403 865 1498 918 Dei
1550 865 1698 934 (Luc.
1732 883 1807 931 It,

234 957 343 1026 19.).
390 957 736 1011 Pernoctahat
792 971 895 1010 non
945 957 1080 1020 sibi,
1132 955 1227 1010 sed
1278 965 1334 1010 ιιι
1372 957 1636 1012 sciremus
1682 960 1805 1027 quid

231 1063 418 1102 attines
475 1047 648 1101 facere
687 1047 995 1101 debeaums.
1034 1047 1099 1100 Et
1151 1048 1265 1115 ipse
1313 1047 1550 1117 increpat
1591 1048 1808 1103 Petrum

233 1149 474 1208 tempore
518 1137 779 1206 passionis
827 1137 1057 1190 dicens:
1096 1136 1216 1190 Non
1267 1138 1504 1204 potuistis
1551 1155 1652 1191 una
1683 1138 1811 1192 liora

231 1228 442 1302 vigilare
481 1230 713 1285 mecum?
772 1229 838 1283 Et
874 1231 940 1282 ad
971 1244 1159 1284 omnes
1207 1228 1316 1298 jam
1345 1229 1519 1283 dicit:
1568 1228 1810 1300 Vigilate,

233 1335 279 1379 et
307 1332 464 1388 orate,
496 1338 558 1376 ne
601 1321 794 1375 intre'is
823 1322 875 1374 in
927 1321 1252 1374 tentationem
1279 1319 1500 1388 (Matth.
1546 1335 1690 1384 xxvr,
1721 1319 1810 1384 dli,

234 1417 350 1488 4|).
379 1425 403 1452 δ
431 1416 552 1469 llaec
577 1413 736 1470 verba
767 1413 1028 1482 ejusmodi
1069 1411 1339 1480 exciuplo,
1367 1426 1464 1464 oro
1493 1426 1610 1478 vos,
1640 1427 1801 1479 quem

235 1522 342 1562 non
373 1508 439 1562 de
469 1507 731 1577 profundo
761 1507 920 1560 etiam
961 1505 1146 1560 mortis
1200 1504 1361 1560 simili
1394 1503 1554 1558 modo
1605 1505 1816 1557 valeant

235 1598 537 1653 suscitare?

319 1690 413 1744 llis
465 1689 708 1746 instructi
764 1686 1123 1750 sermonibus,
1169 1685 1250 1738 his
1291 1683 1592 1738 conﬁrmati
1647 1683 1824 1737 docu-.

1915 500 2241 565 excluditur,
2287 501 2473 555 ﬁducia
2515 501 2793 567 nascitur,
2820 514 2944 554 caro
2997 513 3318 569 maceratur,
3363 504 3485 556 vitia

1917 590 2212 655 tabescunt,
2245 591 2465 644 castitas
2500 592 2799 654 roboratur,
2832 592 2973 644 cedit
3007 592 3252 658 rlltlillla,
3281 592 3489 648 accedit

1915 678 2213 748 prudentia,
2241 695 2392 734 mens
2415 681 2644 747 acuitur,
2670 696 2822 735 error
2846 682 3174 748 obtunditur,
3206 682 3486 738 criminum

1913 780 2071 839 caput
2101 772 2341 826 diabolus
2377 773 2557 841 gladio
2595 775 2815 843 spiritus
2855 775 3184 829 vulneratur.
3224 776 3358 842 Quid
3390 777 3492 833 bac

1915 860 2142 915 utilitate
2184 863 2351 932 magis
2391 866 2774 930 necessarium,
2807 869 2928 935 quid
2962 869 3078 931 istis
3104 869 3264 924 lucris
3293 870 3490 924 sanctis

1914 953 2271 1018 commodius,
2303 955 2428 1022 quid
2460 955 2556 1009 hac
2581 956 2935 1013 delectatione
2965 963 3200 1022 suavius,
3229 963 3356 1030 quid
3390 964 3488 1015 ista

1914 1042 2168 1096 felicitate
2197 1042 2434 1097 beatius?
2461 1045 2620 1100 Teste
2649 1048 2806 1100 etiam
2838 1051 3118 1118 propheta,
3152 1053 3242 1121 qui
3267 1052 3319 1106 in
3347 1054 3473 1122 prin-

1913 1135 2056 1202 cipio
2084 1134 2414 1188 Psalmorum
2445 1150 2660 1190 suorum
2696 1138 2904 1193 beatum
2951 1142 3121 1196 virum
3159 1143 3490 1211 describens,

1916 1239 2180 1278 summam
2209 1225 2550 1280 beatitudinis
2580 1227 2697 1296 ejus
2735 1231 2784 1282 in
2823 1230 2924 1282 hoc
2965 1234 3231 1288 versiculo
3258 1235 3491 1290 colloca-

1915 1317 2012 1382 vit,
2043 1316 2227 1370 dicens
2258 1334 2270 1370 :
2304 1316 2365 1372 Si
2394 1319 2447 1371 in
2479 1319 2683 1371 Domini
2713 1320 2819 1389 lege
2848 1323 3116 1376 meditetur
3147 1325 3228 1378 die
3265 1342 3328 1379 ac
3353 1333 3496 1379 nocte

1917 1411 2090 1480 (Psal.
2124 1428 2161 1477 t,
2184 1411 2258 1480 9).
2287 1414 2428 1466 Bona
2459 1423 2540 1467 est
2568 1415 2780 1482 quidem
2813 1415 3000 1489 diurna
3029 1417 3328 1482 medi'atio,
3358 1419 3498 1472 bona.

1917 1502 2107 1567 oratio,
2138 1502 2228 1555 sed
2270 1502 2435 1555 multo
2475 1504 2674 1572 gratior
2711 1513 2767 1558 et
2804 1505 3075 1560 efﬁcacior
3114 1517 3196 1560 est
3231 1517 3491 1562 nocturna

1920 1591 2223 1655 meditatio;
2261 1592 2385 1659 quia
2417 1608 2508 1658 per
2539 1593 2679 1648 diem
2723 1597 3072 1649 necessitates
3100 1595 3499 1651 variceobstre-

1923 1688 2072 1748 punt,
2105 1682 2483 1751 occupationes
2508 1683 2793 1739 destruunt
2826 1695 3082 1753 mentem,
3111 1702 3328 1743 sensum
3360 1689 3497 1741 mul-

235 1781 433 1835 rnentis
459 1781 599 1835 beati
631 1792 841 1847 quoque
862 1777 1103 1845 Apustoli
1143 1787 1194 1830 et
1221 1775 1320 1844 ipsi
1363 1774 1736 1845 vigilaveram,
1764 1783 1819 1827 et
1854 1794 1892 1849 Β
1925 1772 2083 1840 tiplex
2124 1788 2249 1826 cura
2289 1774 2547 1842 diSpCl‘gll
2588 1791 2600 1826 :
2645 1791 2748 1829 nox
2787 1788 2964 1832 autem
3006 1788 3211 1834 secreta
3248 1788 3350 1844 est,
3391 1793 3495 1833 nox

237 1873 444 1942 vigilias
501 1872 920 1940 imperaverunt.
969 1867 1157 1922 Petrus
1183 1866 1453 1935 apostolus
1499 1866 1551 1918 in
1602 1879 1818 1919 carcere

238 1974 400 2020 noctu
427 1965 496 2018 ab
519 1963 706 2032 angelo
735 1962 1042 2028 suscitatur,
1074 1967 1128 2015 et
1159 1961 1278 2029 ipso
1302 1967 1578 2013 rescrante
1611 1965 1815 2026 portam

241 2055 470 2110 ferream
513 2054 565 2107 in
598 2053 812 2106 domum
843 2050 1020 2105 Marica
1051 2051 1316 2119 pervenit,
1353 2049 1438 2102 ubi
1483 2057 1634 2102 erant
1666 2047 1818 2100 multi

242 2147 571 2214 congregati,
594 2160 698 2198 non
720 2143 1046 2197 dormientes
1068 2145 1268 2211 utique,
1294 2142 1387 2196 sed
1410 2149 1646 2194 orantes.
1677 2140 1829 2196 idem.

240 2235 296 2287 in
329 2234 564 2302 Epistola
612 2249 706 2288 sua
739 2234 924 2302 ponit,
957 2244 1009 2286 et
1038 2233 1166 2286 dicit
1195 2250 1208 2284 :
1240 2231 1414 2286 Sobrii
1463 2241 1636 2298 estote,
1663 2241 1710 2285 et
1748 2232 1820 2284 ci-

237 2326 415 2397 gilate,
447 2327 565 2395 quia
611 2327 929 2379 adversarius
973 2334 1133 2378 vester
1177 2323 1412 2376 diabolus
1459 2334 1701 2393 tanquam
1743 2325 1820 2377 leo

240 2419 440 2485 rugiens
479 2419 657 2471 circuit
686 2432 916 2486 qum-ens
966 2432 1116 2485 quem
1147 2423 1427 2468 transroret
1466 2414 1518 2484 (ι
1575 2415 1715 2468 Petr.
1765 2431 1818 2481 v,

241 2515 318 2582 3).
349 2511 543 2566 Paulus
571 2520 626 2565 et
647 2512 783 2565 Silas
813 2511 863 2564 in
895 2509 1138 2564 custodia
1181 2509 1389 2578 publica
1420 2509 1561 2562 circa
1585 2509 1818 2562 medium

243 2606 414 2662 noctis
435 2615 670 2667 orantes,
702 2604 955 2676 hymnum
997 2603 1333 2657 audientibus
1377 2601 1570 2656 vinctis
1619 2601 1822 2656 dixisse

243 2706 608 2751 memorantur
639 2696 776 2766 (Act.
805 2711 914 2760 xvr,
954 2694 1082 2764 9.5);
1124 2694 1208 2748 ubi
1240 2701 1459 2762 repente
1517 2701 1822 2748 tcrrmmotu

244 2767 406 2852 τηειρ,
437 2795 493 2841 et
533 2786 805 2841 concussis
855 2785 1211 2838 fundamentis
1260 2784 1511 2848 carceris,
1543 2792 1600 2838 et
1643 2783 1824 2852 janute

243 2877 537 2948 apertmh,
592 2887 645 2932 et
701 2877 939 2930 omnium
990 2875 1198 2930 vincula
1227 2884 1352 2929 sunt
1398 2875 1575 2930 subito
1623 2875 1819 2929 soluta.

246 2971 378 3025 item
420 2970 606 3026 beatus
634 2983 763 3036 apos
788 2968 903 3020 olus
935 2968 1126 3021 Paulus
1160 2977 1181 3004 '-
1215 2981 1375 3035 super
1405 2967 1718 3020 exercendis
1746 2955 1826 3018 vi;

242 3063 390 3133 giliis
418 3062 731 3117 adhortatur
758 3059 1290 3124 Thessalonicenscs,
1315 3056 1498 3112 dicens
1529 3073 1543 3110 :
1581 3055 1825 3124 Vigilate,

1922 1864 2099 1930 quieta
2127 1875 2207 1918 est
2232 1873 2285 1918 et
2308 1875 2605 1934 Opportuna
2639 1869 2939 1934 orantibus,
2966 1871 3244 1938 aptissima
3278 1870 3497 1940 vigilan-

1924 1955 2094 2019 tibus,
2133 1956 2260 2008 dum
2313 1956 2619 2010 carnalibus
2671 1959 3114 2026 occupationibus
3167 1950 3544 2030 expeditum,’

1922 2047 2150 2104 Collecto
2187 2062 2351 2101 sensu
2395 2056 2560 2102 totum
2592 2049 2859 2104 hominem
2891 2051 3084 2108 divinis
3125 2053 3501 2120 conspectibus

1921 2137 2062 2191 sistit
2091 2146 2136 2191 θ.
2179 2137 2357 2206 Itaque
2390 2139 2498 2192 Deo
2537 2140 2758 2207 placitas
2797 2143 3104 2210 cognoscite
3141 2156 3260 2197 esse
3289 2143 3502 2210 vigilias

1921 2227 1986 2280 ad
2017 2227 2391 2282 celebrandam
2423 2229 2884 2284 benedictionem-

1993 2318 2238 2384 Tantum,
2284 2319 2602 2384 charissimi,
2643 2322 2733 2390 qui
2775 2322 2959 2392 vigilat
2997 2324 3190 2388 oculis,
3229 2323 3412 2394 vigilet
3447 2335 3504 2380 et

1922 2414 2108 2480 corde;
2142 2415 2228 2483 qui
2257 2423 2377 2468 orat
2402 2416 2616 2490 Spiritu,
2646 2426 2764 2471 oret
2789 2428 2842 2472 et
2864 2428 3069 2481 tuente;
3101 2420 3226 2488 quia
3251 2433 3351 2474 nee
3373 2420 3504 2472 satis

1925 2507 2051 2558 utile
2085 2514 2167 2560 est
2213 2506 2384 2560 oculis
2421 2507 2656 2575 vigilare,
2703 2519 2758 2562 et
2801 2509 2978 2563 animo
3025 2509 3338 2574 dormitare,
3379 2524 3502 2564 cum

1924 2601 2224 2653 econtrario
2255 2615 2317 2653 ex
2345 2615 2568 2668 persona
2615 2602 2865 2656 Ecclesia:
2886 2603 3160 2670 Scriptura
3188 2603 3328 2658 dicat
3352 2619 3366 2657 :
3393 2603 3504 2673 Ego

1927 2690 2145 2751 dormio,
2170 2699 2214 2742 et
2235 2706 2505 2760 cornicum
2527 2692 2704 2761 vigilat
2728 2690 2902 2763 (Cant.
2923 2709 2973 2756 v,
2997 2692 3077 2759 2).
3098 2692 3400 2748 Curandum
3423 2704 3508 2749 est

1929 2786 2088 2841 etiam
2121 2793 2244 2840 ante
2270 2787 2445 2840 omnia
2472 2802 2537 2841 ne
2567 2787 2838 2842 nimietate
2868 2788 2972 2842 cibi
3001 2787 3085 2842 vel
3113 2796 3268 2854 potus
3296 2795 3510 2841 nostro.
3572 2780 3581 2788 ’

1930 2892 2045 2930 rum
2075 2877 2406 2944 vigilatorum
2468 2889 2681 2946 pectora
2726 2889 3039 2944 onerentttr,
3082 2894 3149 2934 ne
3185 2877 3502 2933 cruditatem

1929 2976 2198 3022 ructantes
2219 2976 2274 3021 et
2293 2969 2587 3036 crapulam,
2616 2984 2720 3023 non
2749 2971 2920 3022 solum
2950 2969 3047 3038 ipsi
3078 2969 3230 3023 nobis
3257 2968 3506 3023 insuaves

1929 3059 2117 3122 simus,
2146 3057 2237 3111 sed
2277 3061 2435 3113 etiam
2463 3061 2634 3128 gratia
2663 3060 2900 3128 Spiritus
2931 3061 3100 3113 sancti
3129 3059 3328 3127 indigni
3361 3058 3506 3127 judi-

244 3167 290 3210 et
314 3165 450 3212 state
496 3156 550 3208 in
579 3156 702 3224 ﬁde,
745 3151 1104 3222 confortamini
1133 3158 1179 3203 et
1207 3149 1419 3204 viri'iter
1446 3147 1582 3219 agite
1607 3145 1661 3216 (l
1699 3145 1821 3200 Cor.
1856 3167 1900 3227 ρ
1931 3164 2132 3204 cenmr.
2165 3149 2306 3202 Dixit
2334 3165 2560 3217 namque
2590 3151 2670 3203 vir
2698 3151 2911 3218 quidam
2944 3151 3082 3205 inter
3112 3162 3354 3218 pastores
3390 3151 3507 3204 exi-

244 3264 357 3316 ω’
388 3247 496 3320 ω’
543 3343 558 3356 ο
863 3331 1088 3388 οΑρυτ
1131 3330 1220 3386 tv.

246 3485 250 3488 _
317 3429 449 3485 ιιωο
473 3427 741 3485 sufﬁciant
761 3425 828 3480 de
849 3424 1166 3478 auctoritate
1195 3429 1250 3476 et
1275 3420 1591 3489 antiquitate
1619 3433 1830 3474 sancta-

243 3536 368 3577 rum
402 3519 724 3588 vigiliarum.
778 3516 1034 3586 Superest
1074 3522 1132 3568 ut
1175 3512 1470 3567 secundum
1503 3512 1828 3596 promissum

242 3613 312 3670 de
357 3626 540 3666 carum
588 3611 816 3663 utilitate
863 3607 1036 3677 aliqua
1085 3604 1460 3675 proferamus;
1515 3619 1821 3674 quanquam

242 3703 434 3762 sentiri
480 3702 647 3770 magis
695 3708 868 3771 potest
913 3714 1007 3768 per
1058 3696 1377 3752 exercitium
1435 3695 1549 3762 ipsa
1598 3696 1824 3760 utilitas,

243 3810 407 3865 quam
445 3791 712 3863 loquentis
748 3803 1001 3846 sermone
1039 3787 1267 3841 narrari.
1309 3783 1334 3822 ά
1365 3785 1643 3841 Gustaudo
1681 3785 1824 3838 enim

242 3887 492 3952 videtur,
534 3884 652 3954 quia
688 3882 853 3935 suavis
892 3888 964 3934 est
1004 3877 1252 3932 Dominus
1292 3875 1466 3946 (Psal.
1510 3893 1700 3939 xxxiv,
1743 3877 1823 3946 9).

242 3977 346 4046 Qui
377 3991 506 4046 ergo
532 3973 784 4044 gustavit,
823 3969 1072 4039 intelligit
1111 3977 1164 4021 et
1201 3967 1383 4032 sentit,
1413 3975 1672 4035 quantutn
1715 3982 1826 4034 pa:-

241 4070 394 4125 doris
441 4065 702 4138 vigilando
750 4063 1064 4132 deponitur,
1112 4071 1340 4130 quantus
1391 4059 1583 4113 mentis
1633 4067 1820 4125 stupor

242 4163 530 4225 excutitur,
575 4167 770 4230 quanta
815 4157 900 4209 lux
933 4155 1164 4208 animam
1215 4151 1479 4221 vigilantis
1523 4159 1579 4205 et
1621 4153 1824 4204 orantis

249 4253 500 4318 illustrat,
533 4267 648 4320 quae
690 4249 880 4320 gratia,
921 4260 1040 4316 quae
1087 4253 1271 4299 saneta
1317 4241 1549 4296 visitatio
1591 4241 1827 4295 membra

1939 3238 2110 3291 mius:
2138 3239 2284 3292 Sicut
2315 3239 2510 3301 fumus,
2549 3239 2737 3306 inquit,
2772 3240 2916 3308 fugat
2952 3255 3098 3308 apes,
3125 3243 3202 3296 sic
3247 3241 3507 3312 indigesta

1940 3331 2166 3385 ructatio
2195 3331 2388 3385 avertit
2415 3339 2468 3385 et
2503 3331 2686 3400 abjicit
2713 3333 2942 3402 Spiritus
2969 3335 3139 3390 sancti
3167 3335 3508 3391 charismata.

1939 3420 2080 3491 Ergo
2121 3429 2366 3490 tanquam
2397 3420 2637 3476 divinum
2665 3423 2980 3479 celebraturi
3018 3427 3354 3496 mysterium,
3385 3435 3510 3480 ante

1937 3525 2036 3565 nos
2064 3525 2157 3578 per
2185 3512 2556 3568 abstinentiam
2585 3526 2776 3580 parare
2803 3515 3081 3580 debemus,
3102 3524 3160 3570 ut
3186 3515 3429 3586 integrati
3457 3527 3512 3572 et

1936 3603 2168 3672 expediti
2209 3603 2428 3673 vigilare
2471 3604 2734 3672 possimus
2774 3622 2788 3660 :
2829 3607 3081 3676 cogitatio
3116 3622 3332 3676 quoque
3367 3607 3506 3662 mala

1931 3696 2178 3765 pellatur,
2206 3711 2271 3750 ne
2294 3696 2431 3749 male
2455 3696 2780 3766 vigilantium
2810 3699 2974 3752 oratio
2997 3698 3109 3768 fiat,
3133 3699 3274 3753 sicut
3294 3699 3504 3768 legitur,

1928 3786 1981 3840 in
2010 3794 2271 3852 peccatum
2298 3785 2470 3851 (Psal.
2494 3801 2637 3852 cvm,
2659 3785 2735 3856 7).
2763 3787 2897 3843 Sunt
2921 3792 3063 3843 enim
3089 3797 3143 3844 et
3170 3803 3237 3844 ex
3262 3790 3512 3858 malignis

1931 3877 2226 3932 maledictte
2271 3878 2484 3948 vigili.i-,
2527 3889 2585 3932 ut
2633 3880 2686 3933 in
2729 3877 3048 3936 Proverbiis.
3086 3882 3276 3951 legitur
3312 3898 3327 3936 :
3373 3882 3510 3949 Quia

1929 3971 2128 4024 ablatus
2161 3981 2232 4023 est
2268 3987 2475 4025 somnus
2510 3973 2572 4024 ab
2611 3972 2772 4025 oculis
2809 3989 3002 4027 eorum.
3050 3973 3172 4028 Non
3213 3975 3347 4028 enim
3387 3976 3511 4027 dor-

1927 4063 2109 4127 miunt,
2156 4061 2343 4130 inquit,
2387 4065 2484 4114 n'si
2528 4063 2659 4117 male
2695 4065 2902 4133 fecerint
2934 4065 3111 4134 (Prov.
3141 4082 3212 4134 Vl,
3243 4067 3354 4134 i6).
3398 4067 3504 4122 Sed

1927 4151 2122 4215 absint,
2151 4159 2206 4204 et
2232 4152 2385 4217 Iunge
2409 4150 2587 4204 absint
2614 4151 2682 4206 ab
2709 4152 2808 4206 hoc
2830 4163 3094 4206 conventu
3123 4155 3256 4208 tales
3281 4155 3503 4223 vigiliae;

1930 4240 2024 4295 scd
2057 4242 2232 4310 potius
2267 4241 2595 4309 vigilantium
2645 4253 2832 4309 pectus
2872 4242 3112 4296 clausum
3143 4244 3395 4308 diabolo,
3432 4244 3501 4297 sit

322 4440 348 4468 α
384 4429 522 4482 Edit.
557 4425 803 4481 llicron.,
836 4419 1148 4480 llam-ralia,
1184 4417 1288 4468 lucc
1316 4425 1358 4466 et
1383 4416 1631 4483 ejusmodi
1659 4431 1825 4468 exem-
1858 4419 1908 4475 D
1933 4415 2012 4466 Ad
2045 4413 2330 4484 Corinthios
2361 4423 2529 4468 autem
2555 4430 2574 4467 :
2603 4415 2851 4484 Vigilate,
2887 4423 3024 4471 state
3063 4415 3115 4470 in
3149 4417 3270 4483 ﬁde,
3297 4421 3512 4474 confor-

249 4506 364 4570 pla,
412 4515 500 4549 oro
524 4511 632 4551 vos,
688 4505 832 4570 quem
867 4505 968 4540 non
998 4490 1063 4567 de
1089 4484 1346 4570 profundo
1371 4485 1521 4536 etiam
1570 4499 1744 4538 somno
1783 4495 1828 4537 ct

249 4557 405 4625 'morti
428 4564 688 4618 simillimo
702 4557 905 4612 ualeant
931 4557 1213 4610 suscitare?

325 4639 353 4677 1³
387 4636 540 4698 lbid.,
565 4635 742 4701 januu:
769 4637 1172 4701 sponteapertte.

328 4722 349 4747 ε
388 4695 542 4760 Multa
565 4695 661 4756 Vltio
683 4704 893 4762 desunt,
924 4695 1120 4751 librarii
1148 4695 1490 4765 negligentia,
1515 4706 1570 4750 ttl
1593 4695 1822 4758 videtur,

249 4781 470 4840 omissa,
494 4792 558 4829 ex
583 4774 724 4826 edito
758 4768 1166 4839 llieronymiano
1190 4773 1268 4821 s'c
1290 4768 1650 4821 restituenda:
1679 4767 1824 4840 Idam

253 4839 738 4913 l’rmlusupostolus
766 4858 797 4894 a
824 4840 1024 4913 Troade
1052 4843 1390 4907 profecturus.
1419 4855 1698 4913 sermonem
1730 4839 1823 4913 do-

247 4924 392 4978 cebat
440 4908 597 4985 usque
647 4914 711 4966 ad
761 4912 978 4985 mediam
1029 4920 1246 4985 noctem,
1307 4913 1531 4985 accensa
1575 4908 1820 4985 lanternis

249 4978 635 5062 quampluribus
663 4986 714 5036 in
740 4980 1016 5062 caenaculo.
1054 4979 1133 5030 Et:
1155 4997 1251 5045 quo
1288 4978 1560 5062 [fulgentis
1584 4980 1817 5062 “uitales-

253 5049 370 5117 cens
401 5049 576 5114 somno
618 5068 908 5122 Oppressus,
943 5050 1234 5122 disputante
1281 5049 1442 5100 l’nulo
1485 5051 1751 5122 prolixius,
1789 5066 1820 5101 a

253 5137 470 5201 fenestra
518 5121 786 5188 deductus,
836 5121 1012 5201 cecidit
1047 5121 1291 5201 devertio
1334 5129 1480 5183 tcrto,
1515 5131 1560 5172 et
1592 5121 1819 5201 sublatus

251 5190 327 5258 est
358 5212 583 5255 mortuus
608 5214 626 5251 :
657 5213 757 5265 quo
785 5193 957 5265 statim
988 5191 1184 5243 reddito
1212 5191 1341 5265 rimi,
1377 5206 1528 5257 usque
1565 5190 1632 5241 ad
1655 5194 1819 5265 lucent

252 5274 634 5331 sermocinatus,
669 5262 794 5316 ’Dco
837 5264 1142 5332 gubernante
1199 5262 1454 5329 profectus
1509 5269 1599 5332 est.
1651 5264 1819 5326 Quum

255 5347 402 5412 plene
446 5343 574 5393 idem
606 5331 853 5412 quamque
885 5334 1099 5412 copiose.
1123 5348 1271 5400 super
1300 5331 1603 5412 'ererren'dis
1634 5332 1818 5412 rigiliis

257 5401 555 5468 adhortatus
576 5452 589 5475 ,
618 5401 1172 5459 'Tltessalmticensibus
1210 5402 1444 5475 scribens
1476 5401 1546 5451 ait
1581 5417 1598 5452 :
1639 5402 1818 5466 Itaque

259 5503 362 5538 non
393 5471 718 5536 dormiamus
745 5478 950 5529 sicutet
979 5475 1178 5536 caeteri,
1204 5473 1294 5526 sed
1327 5471 1622 5538 vigilemus,
1652 5480 1706 5525 et
1730 5486 1819 5525 so-

259 5555 565 5609 briisimus.
599 5550 726 5602 Nam
752 5549 840 5614 qui
883 5543 1174 5606 dormiunt,
1229 5553 1383 5614 nocte
1428 5542 1714 5602 dormiunt.
1765 5553 1818 5614 et

259 5627 346 5692 qui
373 5624 714 5677 inebriantur,
749 5612 1056 5692 nocte_ebrii
1080 5623 1221 5666 sunt.
1248 5613 1566 5692 Negant-em
1601 5614 1686 5692 qui
1726 5612 1818 5692 [rei

261 5683 460 5756 sumus,
496 5692 655 5746 sobrii
675 5702 874 5743 sumus.
904 5684 965 5736 Et
991 5686 1114 5738 mire
1141 5683 1397 5736 concludit
1420 5684 1599 5756 :Sive,
1631 5683 1811 5750 inquit,

265 5754 557 5834 vigilemus,
589 5762 698 5815 sive
728 5757 1074 5820 dormiamus,
1100 5756 1254 5809 simul
1282 5769 1401 5810 cum
1436 5754 1526 5809 illo
1553 5757 1811 5808 vivamus.

1937 4483 2146 4554 lumini,
2189 4483 2413 4537 viriliter
2457 4487 2620 4554 agite.
2677 4483 2768 4540 Sic
2815 4495 2862 4540 et
2900 4487 2968 4541 ad
3009 4487 3255 4554 Ephesios
3292 4493 3507 4547 scribit:

1935 4553 2159 4608 Orantes
2184 4553 2398 4633 inomni
2429 4553 2668 4623 tempore
2682 4557 2747 4633 _in
2772 4557 2981 4633 spiritu.
3019 4553 3082 4633 Et
3112 4561 3219 4625 ipse
3249 4562 3510 4633 vigilantis

1933 4640 2134 4694 quoque
2161 4626 2445 4702 emetitplunt
2465 4643 2654 4702 ponens
2676 4627 2727 4679 in
2750 4629 2981 4702 catalogo
3005 4629 3242 4702 virtutum
3272 4626 3507 4702 sitarum,

1935 4701 2164 4770 fructum
2187 4697 2470 4770 de_ttigiliis
2499 4697 2669 4770 multis
2695 4700 2835 4762 apud
2860 4698 3148 4752 Corinthios
3179 4702 3447 4770 gloriatur.

2003 4764 2030 4802 ά
2063 4767 2212 4841 _l§dit.
2247 4767 2506 4841 _l|ieron.,
2562 4767 2880 4841 Quis-tandum
2933 4771 3069 4823 enim
3121 4764 3339 4833 videtur,
3386 4776 3505 4841 quia

1928 4837 2104 4912 suavis
2134 4846 2224 4912 est
2247 4837 2518 4912 Dominus,
2550 4839 2677 4912 sicut
2707 4841 2949 4912 scriptum
2976 4851 3068 4893 est.
3103 4841 3203 4903 Qui
3229 4859 3368 4912 ergo,
3393 4837 3495 4897 etc.

2001 4917 2025 4944 ο
2060 4909 2183 4960 Post
2213 4908 2325 4961 haec
2364 4909 2525 4962 verba
2567 4909 2618 4962 in
2654 4910 2782 4963 edit.
2809 4908 3040 4962 'Hieron.
3093 4912 3241 4976 plura
3285 4908 3501 4966 exstant

1925 4994 2042 5044 qua:
2067 4977 2151 5032 hic
2178 4977 2568 5033 desiderantur.
2601 4980 2736 5034 Sunt
2765 4980 3023 5044 eiusmodi
3051 4997 3065 5032 :
3105 4980 3233 5034 Inde
3261 4982 3497 5034 diabolus

1924 5050 2210 5121 divinarum
2239 5065 2431 5121 semper
2458 5065 2627 5102 rerum
2648 5051 2862 5103 callidus
2891 5049 3179 5111 aemulator,
3211 5052 3338 5103 sicut
3356 5055 3502 5121 jeju-

1925 5119 2009 5171 nia
2039 5128 2083 5171 et
2110 5113 2465 5188 virginitatem,
2499 5137 2626 5171 rana
2659 5121 2959 5188 baptismate
2991 5128 3035 5171 et
3057 5121 3230 5172 inania
3259 5113 3471 5172 suisvr'ul
3487 5151 3498 5160 —

1923 5189 2056 5242 tibus
2097 5191 2232 5241 dedit
2275 5207 2291 5243 :
2340 5191 2407 5241 ll/t
2447 5200 2494 5241 et
2529 5190 2624 5244 hoc
2665 5201 2894 5242 sanctum
2939 5191 3206 5242 rrnmlatus
3255 5191 3492 5258 o/ﬁciuin,

1923 5270 2168 5328 nocturna
2197 5277 2340 5312 sarra
2369 5271 2412 5311 et
2442 5262 2639 5328 vigilias
2669 5262 2774 5313 suis
2796 5261 3240 5312 ronicssationibus
3267 5261 3491 5314 addidit.

1927 5327 2074 5382 Unde
2095 5334 2206 5400 jaut
2235 5335 2393 5383 nostri
2422 5330 2618 5397 ﬁdeles,
2650 5331 2693 5382 si
2721 5332 2783 5382 de
2807 5347 3020 5382 suorum
3050 5331 3364 5382 institutione
3390 5348 3492 5384 non

1921 5402 2204 5453 excitantur
2234 5403 2299 5452 al
2328 5400 2583 5453 habendas
2606 5401 2798 5469 vigilias
2826 5416 2993 5452 sacras
3023 5401 3074 5452 in
3101 5401 3310 5453 aduersu
3333 5402 3485 5454 rarie-

1921 5473 2040 5523 tatis
2079 5472 2410 5535 usurpatione
2447 5481 2724 5535 cernentes,
2767 5471 2962 5522 alienas
3009 5487 3041 5523 a
3076 5469 3164 5522 Dei
3205 5472 3349 5522 rebus
3389 5488 3488 5525 non

1918 5555 2026 5594 esse
2055 5543 2310 5611 fateantur
2341 5557 2358 5592 :
2389 5558 2511 5607 quas
2544 5558 2645 5593 non
2674 5543 2997 5593 wnmlaretur
3027 5541 3226 5608 iniquus
3253 5542 3320 5593 ad
3347 5543 3488 5596 dece-

1921 5613 2164 5674 ptionem,
2194 5614 2289 5664 nisi
2323 5611 2426 5663 Deo
2470 5612 2680 5678 pluciuu
2729 5626 2836 5662 esse
2880 5621 3195 5677 cognosceret
3239 5614 3306 5664 ad
3351 5615 3484 5666 cele-

1920 5680 2167 5734 brant’um
2192 5682 2599 5735 benedictionem.
2637 5681 2824 5736 Tamen
2862 5681 3142 5736 charissimi
3171 5685 3370 5755 fratres,
3398 5685 3488 5754 qui

1920 5755 2112 5821 v'gilat,
2137 5761 2241 5808 etc.
