4004 6354
522 297 620 355 571

1977 313 2031 366 S.
2078 311 2320 366 NICETII

3676 324 3783 379 372

519 448 759 501 "verum
788 442 1022 511 Christo,
1056 455 1110 500 ut
1151 464 1267 518 qua,
1310 450 1461 506 labiis
1499 467 1769 519 summm,
1804 457 1967 513 came
2007 467 2098 512 ιε-
2122 454 2174 513 A
2203 447 2305 485 non
2334 432 2493 487 etiam
2520 434 2586 488 de
2615 448 2799 487 earum
2831 440 3011 488 sancta
3042 433 3268 490 utilitate
3305 434 3446 490 dicta
3484 438 3777 493 sufficiunt.

519 546 760 587 ncamus.
787 533 934 589 Tunc
961 548 1117 591 erunt
1146 541 1504 610 acceptabiles
1534 545 1672 610 apud
1700 547 1862 600 Deum
1898 558 2093 603 nostrae

516 621 739 690 vigilite,
790 633 913 679 tunc
961 630 1290 695 pernoctatio
1331 632 1611 698 salutaris,
1658 636 1703 688 si
1755 647 2093 706 competente

516 710 783 782 diligentia
816 727 868 770 et
895 716 1176 774 devotione
1204 720 1435 791 sincera,
1460 723 1816 781 ministerium
1849 738 2089 784 nostrum

515 801 709 858 divinis
735 806 1003 863 obtutibus
1030 809 1304 871 offeratur.

585 894 710 950 Hmc
743 897 808 951 de
839 898 1133 968 vigiliarum
1174 904 1487 960 auctoritate
1525 915 1579 961 et
1617 910 1951 978 antiquitate,
1985 925 2085 966 nec

2202 523 2279 577 De
2302 522 2615 593 hymnorum
2643 535 2818 577 autem
2848 525 3279 595 psalmorumqae
3305 527 3590 582 devotione
3618 545 3778 598 quam

2195 623 2345 681 grata
2385 615 2490 668 sint
2529 624 2582 668 et
2619 615 2965 682 acceptabilia
2993 616 3121 680 Deo,
3156 631 3297 670 nunc
3324 618 3777 686 quantulumcun-

2195 720 2300 774 que
2322 705 2607 769 dixissem,
2634 706 2734 758 nisi
2763 706 2897 759 ratio
2930 706 3184 775 prolixior
3212 708 3460 763 volumen
3501 709 3647 763 aliud
3678 726 3779 779 po-

2195 796 2424 850 stularet
2449 813 2460 847 :
2490 795 2628 864 quod
2656 796 2877 851 Domino
2908 797 3165 867 largiente
3202 800 3448 869 sequenti
3492 801 3777 857 exhibebi-

2196 897 2283 941 tur
2311 888 2561 943 lectione.

568 991 2223 1016 M—

1841 1042 2306 1104 OPUSCULUM
2370 1042 2447 1101 ll.

1770 1141 1859 1200 De
1900 1140 2272 1202 Psalmodiw
2325 1141 2529 1199 Bono.

1019 1236 1244 1297 CAPUT
1282 1242 1567 1300 PRIMUM.

582 1325 657 1381 De
683 1327 995 1395 psalmodite
1027 1330 1167 1386 bono
1202 1334 1442 1389 dicamus
1472 1350 1590 1406 quae
1628 1334 1783 1391 nobis
1809 1337 1951 1394 Deus
1988 1337 2084 1393 do—

509 1430 640 1470 nare
668 1417 936 1488 dignatur.
966 1421 1072 1476 Nos
1102 1422 1306 1491 itaque,
1341 1426 1664 1495 charissimi,
1694 1431 1784 1499 qui
1824 1440 1929 1484 tam
1962 1445 2085 1499 pro-

510 1506 739 1574 pheticis
758 1525 916 1579 quam
938 1514 1259 1582 evangelicis
1284 1527 1338 1570 et
1359 1517 1663 1585 apostolicis
1685 1535 1867 1574 sumus
1894 1535 2081 1575 omnes

510 1597 704 1653 eruditi
735 1600 1075 1668 magisteriis,
1101 1618 1323 1673 quorum
1358 1608 1510 1661 nobis
1540 1609 1676 1662 dicta
1708 1619 1759 1663 et
1791 1609 1925 1664 facta
1956 1621 2080 1665 ante

509 1690 692 1744 oculos
737 1706 1116 1761 proponamus,
1173 1712 1272 1765 per
1312 1714 1444 1767 quos
1499 1715 1681 1754 sumus
1732 1717 1891 1757 omne
1940 1703 2081 1772 quod

509 1795 695 1836 sumus
724 1792 816 1837 :et
838 1799 993 1853 quam
1023 1787 1128 1840 sint
1159 1799 1307 1856 grata
1352 1798 1405 1844 et
1434 1803 1650 1859 accepta
1683 1792 1792 1847 Deo
1822 1793 2081 1862 spiritalia

509 1873 737 1942 cantica,
779 1889 809 1929 a
837 1872 1131 1945 primordio
1170 1889 1493 1949 repetentes,
1543 1882 1730 1938 iisdem
1775 1885 2082 1940 auctoribus

482 1958 829 2024 ‘asseramus.
879 1969 933 2025 Si
970 1980 1143 2025 autem
1193 1988 1491 2042 qumramus
1537 1977 1654 2045 quis
1691 1980 1929 2032 omnium
1974 1980 2084 2048 pri—

510 2073 628 2113 mus
653 2061 754 2115 hoc
785 2074 950 2129 genus
979 2064 1259 2130 invexerit,
1294 2081 1400 2121 non
1447 2069 1749 2125 invenimus
1789 2071 1951 2125 alium
1980 2072 2081 2126 nisi

507 2149 766 2219 Moysem,
797 2152 885 2220 qui
931 2155 1197 2208 canticum
1228 2157 1336 2212 Deo
1367 2158 1571 2228 insigne
1596 2162 1845 2229 gestavit,
1873 2163 2083 2231 quando

506 2255 758 2307 percussa
811 2242 1046 2314 IEgypto
1093 2247 1279 2301 decem
1331 2249 1521 2320 plagis,
1569 2262 1623 2304 et
1668 2252 1944 2309 Pharaone
1992 2256 2084 2310 de-

506 2346 701 2399 merso,
731 2336 959 2403 populus
990 2352 1084 2405 per
1122 2338 1327 2393 insueta
1371 2341 1533 2395 maris
1576 2342 1766 2398 itinera
1806 2345 1871 2398 ad
1903 2346 2085 2401 deser-

505 2435 617 2477 tum
658 2427 1079 2493 gratulabundus
1120 2444 1369 2499 egressus
1398 2442 1500 2495 est,
1532 2432 1715 2488 dicens
1749 2451 1761 2487 :
1815 2434 2084 2490 Cantemus

505 2514 766 2585 Domino;
795 2521 1015 2589 gloriose
1040 2523 1172 2575 enim
1200 2523 1565 2593 honoriﬁcam:
1594 2539 1662 2581 est
1682 2527 1871 2597 (Exod.
1895 2545 1982 2595 xv,
2008 2530 2081 2598 l).

507 2610 718 2665 Primus
764 2612 922 2683 igitur
952 2614 1161 2684 Moyses
1199 2618 1303 2669 dux
1346 2618 1577 2672 tribuum
1632 2619 1843 2675 lsraelis
1892 2622 2085 2675 choros

509 2704 758 2772 inStituit,
778 2713 845 2759 ‘et
868 2716 1150 2776 utrumque
1196 2723 1378 2761 sexum
1407 2708 1672 2764 distinctis
1700 2712 1983 2779 classibus,
2027 2728 2084 2767 se

509 2810 570 2848 ac
596 2810 784 2851 sorore
809 2807 1097 2863 prmeunte,
1126 2810 1341 2854 cantare
1368 2800 1589 2855 Domino
1613 2803 1875 2857 canticum
1900 2806 2085 2858 trium-

514 2883 668 2952 phale
698 2885 993 2953 perdocuit.
1027 2887 1368 2944 Postmodum
1390 2876 1635 2946 Debbora
1669 2893 1859 2947 nobilis
1887 2893 2085 2949 femina

513 2976 567 3028 in
615 2976 749 3030 libro
792 2975 1035 3032 Judicum
1088 2978 1185 3033 hoc
1232 2981 1526 3036 ministerio
1572 2983 1751 3038 functa
1798 2987 2084 3053 reperitur.

516 3069 636 3134 lpse
662 3075 834 3122 tamen
869 3069 1071 3139 Moyses
1115 3085 1145 3125 e
1186 3085 1409 3141 corpoze
1452 3089 1762 3129 recessurus
1796 3077 2084 3130 terrificum

515 3172 731 3213 carmen
776 3159 829 3213 in
870 3159 1281 3217 Deuteronomio
1334 3165 1576 3231 iteravit;
1642 3166 1780 3236 quod
1827 3169 2083 3238 scriptum

2191 1243 2481 1297 contribuit
2522 1243 2794 1309 Psalmus;
2857 1257 2956 1299 nec
3008 1255 3315 1314 peccatores
3365 1248 3628 1317 despicit,
3680 1250 3773 1305 sed

2192 1335 2485 1391 remedium
2524 1336 2601 1389 eis
2630 1349 2723 1404 per
2759 1336 3125 1404 paenitentiam
3162 1338 3512 1410 lacrymosam
3544 1341 3774 1395 salubri-

2193 1434 2275 1481 ter
2310 1425 2519 1495 ingerit.
2567 1423 2824 1480 Dominus
2873 1426 3051 1495 itaque
3080 1427 3219 1484 Deus
3258 1438 3440 1484 noster
3476 1444 3572 1499 per
3605 1430 3772 1485 David

2189 1531 2403 1571 servum
2444 1531 2598 1571 suum
2641 1517 2873 1573 confecit
2922 1520 3213 1589 potionem,
3249 1536 3367 1591 quae
3416 1522 3587 1577 dulcis
3630 1534 3773 1579 esset

2190 1618 2345 1679 gustu
2385 1623 2480 1679 per
2515 1610 2898 1676 cantationem,
2944 1619 2999 1666 et
3043 1612 3232 1666 efﬁcax
3276 1612 3344 1667 ad
3383 1615 3621 1668 curanda
3659 1617 3771 1669 vul-

2190 1715 2318 1755 nera
2348 1707 2685 1767 peccatorum
2719 1715 2814 1769 per
2842 1715 2995 1755 suam
3029 1702 3301 1757 virtutem.
3356 1703 3599 1759 Suaviter
3629 1707 3768 1760 enim

2191 1790 2434 1846 Psalmus
2460 1790 2672 1845 auditur
2702 1791 2827 1846 dum
2857 1792 3087 1858 canitur,
3117 1802 3362 1862 penetrat
3389 1794 3623 1849 animum
3652 1812 3770 1850 cum

2114 1867 2160 1925 Β
2187 1881 2445 1947 delectat;
2485 1879 2640 1936 facile
2678 1881 2876 1937 Psalmi
2920 1884 3180 1939 memoria
3219 1886 3535 1951 retinentur,
3576 1886 3625 1941 si
3666 1887 3771 1942 fre-

2186 1983 2414 2043 quenter
2453 1972 2778 2043 psallantur;
2819 1981 2877 2029 et
2909 1975 3049 2045 quod
3086 1975 3219 2047 legis
3258 1979 3540 2032 austeritas
3576 1978 3646 2033 ab
3672 1979 3770 2032 hu-

2186 2064 2361 2118 manis
2391 2064 2657 2118 mentibus
2687 2074 3007 2134 extorquere
3039 2081 3143 2121 non
3177 2075 3415 2135 poterat,
3446 2068 3500 2122 hi
3532 2082 3629 2137 per
3656 2069 3770 2123 dul-

2186 2155 2428 2209 cedinem
2473 2155 2734 2210 cantionis
2784 2156 3094 2211 excludunt.
3150 2156 3280 2212 Nam
3339 2158 3598 2228 quidquid
3642 2160 3773 2214 Pro-

2188 2248 2392 2317 phetas,
2431 2246 2686 2317 quidquid
2719 2248 3009 2318 Evangelia
3048 2248 3159 2320 ipsa
3200 2252 3541 2320 praicipiunt,
3587 2252 3645 2307 in
3690 2253 3769 2308 bis

2188 2341 2518 2396 carminibus
2548 2343 2695 2396 suavi
2728 2343 3097 2397 meditantium
3126 2343 3408 2400 dulcedine
3446 2347 3767 2402 continetur.

2261 2433 2400 2486 Deus
2434 2433 2733 2487 ostenditur
2767 2441 2826 2487 ut
2870 2434 3141 2503 timeatur,
3180 2435 3462 2491 simulacra
3502 2437 3766 2503 ridentur,

2184 2520 2385 2588 justitia
2417 2522 2690 2591 ingeritur,
2729 2522 2980 2592 iniquitas
3022 2525 3362 2594 prohibetur,
3404 2528 3767 2583 misericordia

2188 2614 2450 2680 laudatur,
2500 2614 2848 2669 incredulitas
2896 2617 3190 2684 abdicatur,
3222 2620 3417 2674 veritas
3459 2622 3763 2692 requiritur,

2192 2707 2471 2761 mendacia
2525 2710 2867 2776 damnantur,
2921 2711 3072 2767 dolus
3120 2723 3421 2780 accusatur,
3466 2716 3766 2772 innocentis

2190 2798 2538 2862 collaudatur,
2584 2801 2829 2870 superbia
2872 2802 3137 2872 dejicitur,
3183 2805 3451 2860 humilitas
3506 2807 3757 2863 sublima~

2193 2896 2296 2957 tur,
2329 2890 2639 2957 paenitentia
2682 2892 3017 2959 praedicatur,
3054 2910 3156 2961 pax
3194 2896 3462 2964 sequenda
3492 2896 3767 2965 depromi-

2191 2990 2295 3035 tur.
2327 2982 2523 3036 Contra
2568 2983 2811 3039 inimicos
2857 2988 3117 3053 protectio
3162 2988 3479 3055 postulatur,
3533 2990 3766 3046 vindicta

2192 3072 2536 3142 promittitur,
2591 3088 2714 3144 spes
2765 3086 2912 3131 certa
2960 3081 3215 3144 nutritur;
3268 3089 3322 3133 et
3368 3080 3507 3150 quod
3556 3081 3640 3137 his
3687 3091 3770 3137 est

2192 3163 2437 3217 omnibus
2469 3165 2839 3230 excellentius,
2868 3168 2918 3221 in
2951 3168 3177 3223 Psalmis
3204 3169 3399 3226 Christi
3431 3184 3768 3229 sacramenta

519 3252 819 3304 testamenti
852 3252 962 3306 vice
989 3253 1184 3323 populo
1213 3254 1521 3325 dereliquit,
1562 3260 1702 3313 unde
1742 3262 1940 3315 scirent
1969 3277 2085 3330 qua:

2193 3262 2488 3309 cantantur.
2542 3256 2671 3310 Nam
2702 3266 2755 3312 et
2784 3261 3061 3328 generatio
3091 3261 3208 3331 ejus
3235 3265 3576 3333 exprimitur,
3607 3276 3665 3321 et
3691 3282 3767 3322 re-

517 3357 674 3410 pmnn
698 3353 751 3397 et
772 3347 955 3414 quales
984 3361 1077 3401 eos
1122 3349 1596 3405 contribulationes
1640 3362 2007 3422 sequerentur,
2043 3356 2087 3409 si

516 3448 545 3485 a
576 3432 800 3488 Domino
846 3439 1211 3493 recessissent.
1261 3438 1459 3496 Omnes
1499 3443 1679 3498 miseri
1728 3456 1887 3514 atque
1931 3447 2090 3500 mise-

517 3524 693 3590 randi,
726 3528 813 3596 qui
862 3528 951 3581 tali
998 3538 1207 3599 tamque
1246 3534 1480 3587 evidenti
1528 3536 1928 3591 denuntiatione
1956 3555 2089 3606 pra:-

519 3617 765 3668 termissa
815 3616 1096 3672 noluerunt
1132 3635 1160 3674 a
1194 3636 1226 3689 p
1262 3624 1424 3677 ccatis
1462 3633 1516 3678 et
1553 3625 1621 3679 ab
1659 3626 1857 3681 illicitis
1903 3642 2091 3697 super-

522 3700 825 3757 stitionibus
854 3718 1173 3773 praecavere.

591 3790 706 3846 lam
738 3807 864 3848 vero
894 3807 1074 3863 postea
1104 3799 1297 3856 multos
1325 3802 1560 3858 invenies
1592 3820 1694 3858 non
1722 3806 1891 3859 solum
1922 3808 2086 3875 viros,

519 3883 612 3932 sed
637 3880 795 3936 etiam
819 3884 1041 3942 feminas
1062 3889 1259 3958 Spiritu
1289 3891 1469 3945 divino
1498 3894 1811 3962 completas,
1835 3895 1927 3951 Dei
1956 3899 2091 3953 ceci-

518 3972 664 4029 nisse
704 3979 974 4048 mysteria,
1006 3981 1164 4035 etiam
1197 3991 1320 4037 ante
1351 3984 1537 4053 David,
1570 3987 1661 4056 qui
1704 4002 1734 4041 a
1772 3991 1994 4057 pueritia
2037 3995 2087 4046 in

521 4064 621 4119 hoc
660 4080 850 4123 munus
888 4085 915 4123 a
946 4071 1173 4125 Domino
1216 4074 1519 4142 specialiter
1563 4078 1785 4147 electus,
1819 4091 1873 4134 et
1903 4093 2089 4137 cauto-

516 4170 631 4208 rum
670 4157 944 4228 princeps,
974 4164 1267 4217 carminum
1310 4166 1589 4222 thesaurus
1628 4178 1747 4225 esse
1774 4174 2086 4241 promeruit.

513 4247 612 4312 Qui
658 4248 833 4304 adhuc
870 4265 999 4318 puer
1043 4254 1091 4305 in
1134 4254 1337 4309 cithara
1378 4260 1614 4313 suaviter
1654 4262 1966 4333 fortiterque
2004 4281 2089 4319 ca-

515 4354 667 4404 nens,
711 4342 997 4414 malignum
1039 4346 1281 4415 spiritum
1322 4350 1410 4417 qui
1460 4366 1527 4420 op
1562 4354 1779 4407 rabatur
1823 4354 1873 4408 in
1908 4356 2086 4423 Saule,

513 4433 843 4511 compescuit
884 4449 898 4485 :
945 4451 1052 4489 non
1107 4453 1213 4505 quo
1256 4440 1472 4495 citharae
1529 4442 1668 4496 illius
1736 4453 1876 4499 tanta
1925 4445 2091 4500 virtus

513 4527 658 4580 erat,
690 4521 785 4573 sed
816 4525 937 4589 quia
973 4526 1136 4593 figura
1168 4530 1341 4583 crucis
1369 4532 1601 4600 Christi,
1633 4551 1751 4598 aute
1783 4536 1833 4587 in
1865 4537 2006 4605 ligno
2036 4550 2088 4591 et

516 4607 831 4664 extensione
872 4627 1155 4669 nervorum
1200 4622 1427 4689 mystice
1470 4623 1773 4689 gerebatur,
1808 4626 1919 4693 jam
1967 4640 2091 4681 tunc
2120 4611 2170 4668 Ῑ)

514 4699 764 4767 spiritum
792 4701 1050 4756 dietnoni~
1079 4710 1433 4773 Opprimebat.

589 4791 723 4856 Quid
762 4794 814 4849 in
850 4793 933 4850 his
968 4796 1190 4853 Psalmis
1223 4815 1327 4855 non
1371 4802 1613 4859 invenies
1650 4809 1788 4877 quod
1829 4808 1986 4865 faciat
2024 4813 2090 4867 ad

515 4884 795 4942 utilitatem
843 4898 897 4944 et
932 4889 1375 4962 aedificationem,
1418 4897 1486 4951 ad
1529 4901 1943 4959 consolationem
1991 4908 2089 4960 hu-

512 4978 655 5033 mani
694 4981 935 5049 generis,
978 4986 1319 5059 conditionis,
1350 5004 1530 5058 sexus,
1571 4992 1778 5048 aetatis?
1824 4996 1991 5052 Habet
2038 5001 2094 5054 in

512 5073 739 5131 Psalmis
773 5077 945 5133 infans
968 5081 1092 5150 quid
1128 5083 1340 5150 lacteat,
1377 5099 1510 5155 puer
1532 5087 1663 5158 quid
1688 5089 1883 5158 laudet,
1913 5093 2094 5149 adole-

511 5183 667 5223 scens
699 5172 825 5241 quid
865 5174 1095 5245 corrigat
1125 5178 1285 5243 viam,
1314 5177 1524 5249 juvenis
1553 5182 1681 5251 quid
1709 5195 1983 5254 sequatur,
2011 5203 2095 5241 se-

518 5264 636 5316 nior
663 5264 790 5333 quid
824 5277 1094 5334 precetur.
1128 5270 1291 5325 Discit
1323 5271 1517 5328 femina
1552 5275 1878 5344 pudicitiam,
1910 5279 2092 5345 pupilli

510 5355 787 5409 inveniunt
819 5366 1044 5425 patrem,
1073 5359 1246 5415 vidua:
1271 5361 1533 5431 judicem,
1571 5380 1827 5435 pauperes
1871 5384 2092 5437 perspe-

510 5454 737 5513 ctorem,
768 5448 992 5505 advenze
1018 5453 1317 5519 custodem,
1347 5457 1571 5512 audiunt
1604 5473 1755 5527 reges
1778 5458 2097 5533 judicesque

513 5537 636 5603 quid
670 5540 908 5597 timeant.
955 5543 1193 5598 Psalmus
1218 5546 1398 5600 tristes
1425 5552 1748 5611 consolatur,
1781 5551 1929 5605 lmtos
1961 5564 2093 5611 tem-

514 5637 686 5695 perat,
740 5634 902 5688 iratos
942 5637 1167 5705 mitigat,
1221 5654 1479 5706 pnupcres
1519 5652 1742 5706 recreat,
1795 5644 1985 5701 divites
2034 5656 2091 5701 ut

514 5735 570 5773 se
607 5733 897 5788 agnoscant
932 5726 1215 5792 admonet,
1256 5736 1311 5783 et
1353 5744 1418 5783 ne
1465 5733 1793 5809 superbiant,
1818 5735 2084 5805 increpat;

519 5812 767 5869 omnibus
794 5817 1009 5872 omnino
1040 5818 1447 5889 su:cipicntibus
1478 5839 1535 5881 se
1562 5835 1736 5896 aptam
1769 5828 2085 5884 medicinam

2186 3344 2348 3413 jectio
2369 3346 2540 3414 plebis
2570 3348 2766 3417 impiae,
2792 3359 2845 3403 et
2867 3351 3099 3420 gentium
3130 3352 3413 3408 hmreditas
3442 3340 3768 3424 nominatur,

2193 3436 2421 3491 virtutes
2449 3438 2658 3491 Domini
2688 3449 2992 3507 cantantur,
3036 3442 3213 3511 passio
3239 3446 3542 3500 veneranda
3578 3447 3771 3515 depin~

2191 3527 2350 3595 gitur,
2384 3530 2707 3583 resurrectio
2728 3531 2957 3600 gloriosa
3002 3544 3349 3600 monstratur,
3383 3537 3539 3592 sedes
3564 3554 3772 3609 quoque

2192 3619 2257 3673 ad
2300 3620 2574 3676 dexteram
2621 3623 2934 3680 mirabiliter
2972 3626 3294 3699 depingitur.
3350 3630 3550 3686 Deinde
3588 3632 3770 3703 igneus

2194 3709 2401 3765 Domini
2451 3712 2817 3770 manifestatur
2855 3717 3139 3783 adventus,
3185 3722 3419 3777 terribile
3449 3722 3516 3778 de
3546 3725 3679 3779 vivis
3720 3734 3771 3780 et

2193 3803 2416 3857 mortuis
2442 3804 2697 3872 judicium
2733 3807 2998 3875 panditur.
3055 3810 3190 3878 Quid
3222 3812 3415 3880 plura?
3452 3814 3626 3869 Etiam
3654 3814 3772 3885 Spi-

2192 3897 2325 3951 ritus
2353 3901 2581 3955 creantis
2614 3903 2864 3970 emissio,
2896 3914 2949 3960 et
2980 3916 3135 3960 terrm
3164 3908 3437 3963 renovatio
3465 3909 3764 3965 revelatnr:

2194 3997 2448 4057 postqum
2474 3992 2575 4046 erit
2604 3991 2654 4045 in
2678 3994 2845 4063 gloria
2872 3995 3080 4053 Domini
3107 4000 3487 4067 sempiternum
3507 3999 3769 4070 justorum

2194 4092 2431 4148 regnum,
2459 4092 2901 4153 peccatorumque
2923 4101 3154 4155 perenne
3182 4088 3516 4159 supplicium.

2820 4199 3044 4255 CAPUT
3088 4203 3148 4256 ll.

2267 4286 2388 4341 Hmc
2416 4295 2537 4341 sunt
2568 4290 2774 4343 cantica
2804 4289 2895 4343 Dei
2926 4307 3045 4360 quae
3074 4294 3217 4346 canit
3244 4292 3502 4349 catholica
3530 4294 3766 4350 Ecclesra

2196 4377 2312 4431 Dei.
2360 4378 2483 4432 Haec
2512 4388 2635 4432 sunt
2660 4394 2778 4448 quae
2808 4380 2893 4435 hic
2923 4390 3105 4437 noster
3132 4396 3426 4440 conventus
3453 4401 3586 4441 sono
3615 4387 3769 4442 etiam

2193 4468 2338 4523 vocis
2368 4480 2579 4525 exercet
2609 4487 2621 4523 :
2656 4471 2768 4526 hanc
2802 4487 2906 4526 non
2945 4475 3117 4528 solum
3158 4486 3429 4531 cautorem
3469 4492 3574 4531 non
3604 4478 3770 4532 resul-

2195 4569 2345 4625 vunt,
2378 4562 2467 4613 sed
2496 4560 2666 4629 potius
2693 4561 2976 4632 stringunt.
3016 4566 3140 4620 Haec
3169 4567 3377 4623 cantica
3406 4569 3616 4637 placent
3648 4571 3661 4621 Ι
3688 4585 3772 4638 eo,

2201 4647 2285 4725 ubi
2321 4657 2485 4702 totum
2514 4649 2654 4717 quod
2698 4652 2870 4720 agitur
2898 4662 3102 4723 spectat
3133 4654 3198 4709 ad
3235 4656 3456 4725 gloriam
3485 4657 3772 4713 Creatoris.

2198 4722 2384 4792 Mcrito
2434 4740 2572 4792 idem
2616 4741 2874 4808 pr0pheta
2920 4722 3106 4797 Omnes
3149 4754 3203 4799 et
3240 4722 3426 4801 omnia
3457 4748 3522 4801 ad
3571 4749 3774 4801 laudem

2201 4828 2293 4883 Dei
2339 4840 2527 4883 cuncta
2558 4833 2904 4899 gubernantis
2928 4836 3171 4891 hortatur
3197 4838 3381 4893 dicens
3407 4854 3421 4892 :
3459 4842 3641 4894 Omnis
3670 4842 3772 4910 spi-

2196 4921 2325 4975 ritus
2354 4920 2528 4977 laudet
2556 4922 2829 4978 Dominum
2859 4927 3030 4998 (Psal.
3064 4944 3152 4996 CL,
3181 4930 3257 4998 6).
3285 4930 3353 4985 Se
3376 4932 3546 4999 ipsum
3568 4948 3778 5001 quoque

2200 5010 2454 5079 pollicens
2500 5012 2831 5070 laudatorem
2877 5016 3087 5073 dicebat
3125 5036 3140 5075 :
3186 5018 3429 5074 Laudabo
3467 5036 3651 5075 nomen
3684 5022 3779 5077 Do-

2199 5100 2325 5153 mini
2354 5117 2467 5155 cum
2497 5105 2714 5170 cantico,
2746 5116 2793 5159 et
2823 5108 3161 5179 ntagniﬁcabo
3186 5127 3299 5163 eum
3329 5110 3382 5165 in
3426 5112 3579 5166 laude
3605 5111 3774 5181 (Ρωι.

2197 5206 2343 5256 LXIII,
2369 5192 2481 5262 5f).
2515 5194 2749 5251 Laudate
2772 5195 3052 5253 Dominum
3086 5200 3138 5254 in
3161 5204 3264 5255 vita
3288 5211 3485 5267 vestra,
3508 5203 3779 5260 immolato

2197 5282 2309 5339 Deo
2332 5288 2651 5343 sacrificium
2677 5289 2845 5344 laudis
2871 5307 2966 5359 pro
2987 5293 3162 5347 anima
3184 5305 3237 5350 et
3260 5298 3362 5349 vita
3386 5308 3582 5361 vestra,
3606 5307 3659 5350 et
3686 5312 3778 5365 per

2197 5374 2369 5444 ipsum
2400 5379 2700 5435 ostenditur
2728 5382 2880 5437 vobis
2909 5383 2961 5437 in
2993 5385 3170 5441 anima
3200 5397 3395 5454 vestra,
3428 5404 3530 5458 qua
3562 5388 3628 5444 ad
3660 5388 3774 5460 ejus

2199 5472 2523 5538 perveniatis
2558 5474 2810 5530 salutare.

2274 5561 2509 5617 Delectat
2553 5563 2833 5620 Dominum
2875 5577 3115 5625 nostrum
3165 5570 3233 5627 de
3272 5587 3402 5642 pura
3450 5574 3773 5629 conscientia

2201 5650 2313 5704 laus
2345 5655 2567 5716 emissa,
2610 5656 2741 5710 sicut
2777 5658 2915 5714 idem
2946 5660 3190 5717 hortatur
3217 5663 3667 5735 hymnigrapltus,
3697 5666 3772 5720 di-

2199 5757 2324 5794 cens
2350 5759 2362 5793 :
2392 5741 2619 5798 Laudate
2646 5745 2942 5817 Dominum,
2966 5755 3084 5821 quia
3108 5758 3263 5809 bonus
3286 5766 3359 5810 cst
3386 5758 3645 5827 psalmus:
3669 5758 3771 5812 Deo

2200 5843 2368 5885 nostro
2390 5836 2452 5886 sit
2466 5836 2698 5903 jucunda
2722 5839 2999 5913 decoraque
3022 5847 3249 5902 laudatio
3268 5848 3437 5921 (Psal.
3458 5853 3768 5923 cxxx1v,5).
