4004 6354
234 314 319 369 475
1653 306 2025 363 Ol‘USCL'LAs

202 424 358 478 Hanc
399 420 673 475 scientiam
718 434 931 489 gerens.
976 421 1077 473 hoc
1118 418 1350 473 ofﬁcium
1387 418 1495 473 Deo
1525 418 1775 486 placitum
1812 422 1855 477 Α

205 514 386 566 sciens
413 511 550 564 idem
579 508 852 564 Psalmista
883 516 1143 564 testatur:
1171 507 1368 575 Septies
1397 508 1449 559 in
1480 507 1561 560 die
1583 506 1782 560 laudem

206 606 323 657 dixi
352 604 440 656 tibi
462 602 634 671 (Psal.
659 617 841 664 csvttt,
863 600 1010 668 164).
1047 599 1111 653 Ει
1134 599 1308 652 adhuc
1336 598 1563 666 amplius
1587 597 1783 663 aliquid

208 696 538 763 pollicetur:
576 694 644 747 Et
679 695 869 763 lingua,
904 693 1093 762 inquit,
1130 709 1240 746 mea
1279 692 1600 746 meditabitur
1631 693 1787 763 justi-

211 787 342 837 tiam
386 795 546 849 tuam,
588 792 691 836 tota
726 784 807 837 die
846 783 1045 837 laudem
1089 792 1227 836 tuam
1257 780 1427 851 (Psal.
1454 797 1639 844 xxuv,
1666 782 1784 850 ‘28).

206 876 493 931 Sentiebat
520 875 664 929 enim
701 874 816 928 sine
846 873 1007 927 dubio
1030 873 1096 929 de
1128 873 1219 927 tali
1255 888 1416 942 opere
1446 871 1783 938 beneﬁcium,

209 969 359 1021 sicut
404 968 518 1036 ipse
565 981 990 1021 commemorans
1036 966 1164 1021 dicit
1202 984 1215 1018 :
1259 966 1501 1020 Laudans
1548 966 1788 1020 invocabo

216 1059 519 1122 Dominum,
538 1067 586 1111 et
610 1057 672 1110 ab
694 1058 911 1110 inimicis
937 1057 1034 1111 mei
1051 1058 1219 1109 salvus
1243 1072 1329 1110 ero
1353 1055 1523 1126 (Psal.
1543 1072 1686 1125 xxvi,
1705 1056 1782 1126 4).

212 1149 338 1203 Tali
370 1149 622 1203 tutamine
650 1156 703 1203 et
728 1148 817 1202 tali
853 1148 1039 1218 clypeo
1069 1155 1322 1213 armatus,
1354 1160 1407 1202 et
1443 1145 1786 1211 fortissimum

212 1244 369 1297 illum
397 1240 601 1296 Goliam
627 1242 889 1312 gigantem
930 1248 1212 1308 straverat,
1243 1250 1297 1296 et
1331 1255 1473 1311 saepe
1502 1241 1568 1296 de
1597 1240 1784 1294 alieni-

208 1338 369 1407 genis
396 1336 671 1393 victoriam
702 1344 1018 1406 reportaret.

828 1424 1051 1480 CAPUT
1097 1425 1184 1479 Ill.

284 1519 526 1589 Longum
556 1519 687 1583 erit,
730 1516 1061 1583 charissimi,
1094 1515 1297 1582 singula
1334 1530 1449 1583 qua:
1488 1523 1791 1567 Sanctorum

210 1610 439 1665 historia
477 1609 712 1664 continet
749 1607 946 1673 dicere,
995 1607 1289 1675 praesertim
1340 1621 1460 1658 cum
1504 1619 1589 1658 res
1618 1604 1791 1673 exigat

209 1703 285 1758 de
308 1701 457 1757 Novo
476 1700 821 1755 Testamento
850 1699 1024 1765 aliqua
1064 1698 1129 1751 ad
1161 1707 1397 1751 veterum
1430 1697 1792 1750 conﬁrmatio-

208 1806 340 1845 nem
382 1798 435 1846 et
472 1790 538 1844 ad
585 1798 815 1844 vestram
858 1787 1259 1843 instructionem
1301 1786 1497 1841 debere
1543 1787 1787 1855 proferri.
1829 1777 1868 1833 Β
1897 1806 2232 1859 consentiens
2260 1817 2457 1864 sancta:
2489 1777 3041 1883 religioni'psallatur“,

210 1882 360 1951 Ergo
425 1881 667 1936 invenies
724 1880 956 1949 primum
1015 1878 1326 1932 Zachariam
1368 1889 1569 1946 patrem
1618 1878 1794 1947 magni

204 1973 438 2027 Joannis
476 1982 595 2041 post
635 1971 849 2039 longum
894 1970 1025 2024 illud
1069 1969 1339 2023 silentium
1378 1969 1429 2022 in
1472 1966 1652 2038 hymni
1681 1970 1794 2022 vice

204 2062 584 2132 prophetasse.
662 2061 770 2116 Nec
808 2059 1111 2124 Elisabeth,
1151 2058 1242 2113 ditt
1280 2058 1507 2120 sterilis,
1547 2058 1692 2112 edito
1729 2059 1793 2111 de

206 2151 572 2218 promissione
612 2150 722 2203 ﬁlio
762 2149 928 2204 Deum
966 2148 1034 2203 de
1073 2149 1186 2217 ipsa
1239 2152 1413 2201 anima
1455 2148 1793 2216 magniﬁcare

204 2244 467 2297 cessavit.
524 2243 658 2297 Nato
689 2243 741 2296 in
775 2243 930 2296 terris
953 2239 1165 2295 Christo
1195 2240 1405 2294 laudem
1437 2241 1613 2292 sonuit
1641 2254 1793 2293 exer-

204 2350 219 2381 t
242 2333 352 2385 itus
377 2331 683 2401 angelorum
710 2349 721 2383 :
743 2329 920 2384 Gloria
939 2333 990 2383 in
1012 2330 1221 2384 excelsis
1242 2332 1369 2394 Deo,
1393 2339 1438 2382 et
1464 2330 1516 2382 in
1536 2338 1671 2383 terra
1691 2346 1792 2400 pax

206 2421 504 2475 hominibus
524 2423 668 2474 bona:
693 2422 963 2475 voluntatis
992 2420 1143 2491 (Luc.
1170 2437 1228 2483 tt.
1254 2421 1365 2487 14).
1398 2421 1790 2474 Annuntiantcs

206 2515 363 2583 pueri
392 2515 445 2568 in
469 2514 686 2583 templo,
718 2513 967 2567 Ilosanna
992 2514 1101 2582 ﬁlio
1126 2513 1290 2565 David
1315 2512 1526 2581 (Matth.
1551 2528 1666 2580 χχι,
1700 2512 1795 2582 15)

204 2605 607 2669 clamaverunt;
642 2619 740 2658 nec
771 2603 1053 2657 Pharisazis
1092 2603 1261 2656 livore
1304 2602 1660 2668 strepentibus
1689 2601 1791 2653 Do-

207 2693 392 2746 minus
420 2707 512 2747 ora
552 2690 913 2747 innocentium
956 2690 1169 2751 clausit,
1210 2689 1304 2743 sed
1347 2698 1519 2757 potus
1562 2690 1789 2758 aperuit,

206 2782 397 2838 dicens
428 2783 503 2836 eis
538 2798 553 2839 ;
591 2781 705 2835 Non
747 2782 937 2851 legistis
968 2783 1210 2851 scriptum
1237 2794 1256 2832 :
1280 2778 1364 2833 Ea:
1395 2797 1480 2834 ore
1517 2781 1791 2849 infantium

118 2886 121 2889 ‘
204 2882 254 2925 et
293 2872 588 2925 lactentium
634 2872 885 2940 perfecisti
927 2871 1170 2924 laudem?
1208 2869 1273 2922 Et
1311 2871 1355 2923 si
1394 2871 1480 2923 isti
1517 2872 1785 2936 tacuerint,

204 2961 408 3032 lapides
433 2963 721 3016 clamabunt
748 2961 932 3033 (Ibid.,
966 2962 1074 3030 16).
1103 2961 1220 3030 Ipse
1256 2961 1507 3016 Dominus
1534 2963 1582 3016 in
1614 2965 1789 3017 verbis

205 3052 420 3119 doctor,
450 3052 502 3105 in
544 3050 698 3105 lactis
728 3059 1148 3114 consummatur,
1184 3060 1244 3105 ut
1275 3051 1592 3119 hymnorum
1632 3054 1790 3106 mini-

207 3141 432 3196 steriutn
477 3142 840 3211 gratissimum
887 3142 1298 3209 comprobaret,
1343 3157 1463 3197 cum
1510 3142 1787 3211 discipulis
1815 3153 1859 3213 ο

206 3234 414 3305 hymno
442 3233 582 3289 dicto
607 3234 772 3289 exivit
802 3236 852 3286 in
887 3243 1119 3289 montem
1149 3232 1359 3287 Olivcti.
1402 3234 1529 3300 Quis
1553 3234 1660 3302 jam
1692 3235 1785 3287 tali

205 3329 536 3383 documento
580 3328 647 3382 de
685 3327 1010 3396 psalmorum
1067 3336 1121 3381 et
1164 3325 1483 3397 hymnorum
1531 3327 1790 3395 religione

204 3420 507 3484 dubitabit;
541 3420 753 3490 quando
790 3419 880 3474 ille
907 3419 996 3489 qui
1024 3432 1052 3470 a
1081 3417 1387 3472 ctelestibus
1428 3418 1632 3471 cunctis
1661 3419 1790 3471 ado-

208 3519 365 3565 ratur
386 3521 436 3566 et
462 3511 721 3581 psallitur,
759 3510 872 3579 ipse
900 3525 1021 3564 cum
1061 3506 1333 3577 discipulis
1368 3506 1620 3579 hymnum
1664 3522 1789 3562 can—

210 3612 361 3658 tasse
390 3601 731 3671 perhibetur?

281 3691 359 3746 Et
396 3690 627 3747 Joannes
666 3692 718 3745 in
752 3691 1070 3762 Apocalypsi
1111 3690 1275 3746 refert
1313 3705 1371 3745 se
1400 3690 1602 3760 Spiriu
1642 3705 1789 3745 reve-

209 3782 363 3838 iante
391 3782 607 3852 vidisse,
653 3792 708 3837 et
732 3783 943 3837 audisse
979 3797 1160 3837 vocem
1193 3796 1447 3851 aquarum
1479 3782 1784 3843 multarum,

206 3884 259 3929 et
286 3874 646 3929 tonitruorum
673 3874 965 3928 validorum
995 3873 1283 3927 dicentium
1313 3872 1570 3926 Alleluia:
1592 3887 1653 3925 ex
1685 3886 1788 3938 (ιιιο

208 3967 391 4021 nullus
413 3967 569 4021 debet
591 3966 862 4034 ambigere
893 3964 991 4018 hoe
1021 3965 1317 4035 vigiliarum
1346 3950 1650 4018 sanctarum
1685 3964 1784 4014 ini-

214 4058 498 4112 nistcrium
516 4097 531 4120 ,
559 4057 603 4110 si
633 4057 788 4126 digna
822 4056 923 4111 ﬁde
938 4065 992 4109 et
1012 4055 1292 4110 devotione
1319 4070 1442 4109 vera
1466 4054 1784 4119 celebretur,

209 4150 417 4219 angelis
445 4164 562 4204 esse
592 4148 958 4217 conjunctum,
1000 4163 1135 4217 quos
1174 4155 1381 4201 constat
1423 4148 1536 4201 sine
1577 4162 1785 4209 sonm-v,

211 4240 329 4294 sine
396 4241 742 4308 occupatione
799 4237 1163 4294 indesinenter
1227 4237 1445 4291 laudare
1502 4237 1666 4292 Deum
1736 4236 1788 4290 in

211 4330 388 4395 ctelis,
419 4339 471 4383 ct
501 4329 815 4383 benedicere
844 4330 1200 4383 Salvatorem.
1247 4328 1378 4392 Qua:
1405 4343 1524 4381 cum
1556 4327 1627 4379 ita
1660 4327 1788 4389 sint,

213 4422 433 4484 fratres,
461 4422 569 4489 jam
613 4420 853 4487 pleniore
895 4419 1083 4472 ﬁducia
1110 4420 1439 4486 hymnorum
1482 4420 1790 4486 mysterium

3370 317 3433 372 57
3444 320 3470 371 ι

1959 419 2095 486 Quid
2137 420 2236 475 hac
2276 422 2501 476 utilitate
2537 424 2893 489 commodius,
2933 427 3056 495 quid
3104 430 3200 482 hac
3238 430 3472 483 delecta-

1892 509 2033 562 tione
2058 509 2373 579 jucundius,
2405 512 2526 581 quia
2556 526 2608 568 et
2639 515 2859 568 Psalmis
2887 516 3236 581 delectamur,
3267 527 3322 571 et
3345 534 3465 572 ora-

1891 600 2120 654 tionibus
2157 602 2460 670 irrigamur,
2490 614 2543 658 et
2584 606 2908 675 interpositis
2945 607 3261 663 lectionibus
3288 608 3464 676 pasci-

1890 690 2045 742 mur?
2076 690 2142 742 Et
2170 706 2295 746 vere
2321 694 2457 747 sicut
2490 695 2611 749 boni
2649 702 2888 751 convivae
2932 698 3252 753 ferculorum
3292 700 3469 754 varie-

1891 790 1997 833 tate
2018 779 2374 849 delectantur,
2401 784 2470 837 ita
2495 798 2689 841 nostrie
2715 789 2903 843 animae
2933 790 3209 860 multiplici
3240 792 3469 847 lectione

1888 878 1943 925 et
1972 872 2288 941 hymnorum
2320 877 2646 932 exhibitione
2673 881 2819 948 sagitt
2841 892 3001 935 nitur.

1961 982 2210 1051 Tantum,
2248 985 2569 1055 charissimi,
2603 991 3017 1049 intermittentes
3047 993 3251 1050 fabulas
3278 1008 3465 1065 super-

1892 1070 2045 1138 fluas,
2078 1073 2284 1128 intento
2310 1089 2471 1131 sensu
2502 1091 2556 1133 et
2583 1080 2823 1150 vigilanti
2855 1093 3035 1139 mente
3066 1086 3369 1153 psallamus,
3413 1097 3469 1140 ut

1892 1162 2001 1215 Deo
2047 1177 2152 1217 non
2188 1165 2585 1234 displiceamus.
2631 1172 2722 1224 Sic
2759 1172 2900 1227 enim
2941 1188 3039 1229 nos
3066 1175 3307 1231 hortatur
3332 1177 3470 1247 psal-

1888 1267 2008 1305 mus
2034 1253 2218 1309 dicens
2251 1274 2263 1307 :
2295 1257 2548 1319 Quoniam
2585 1277 2676 1315 rea;
2711 1267 2875 1317 omnis
2900 1278 3048 1318 terrae
3072 1266 3228 1335 Deus,
3262 1268 3467 1336 psallite

1889 1347 2143 1415 sapienter
2169 1348 2337 1420 (Psal.
2365 1368 2503 1415 XLVI,
2529 1353 2608 1421 8),
2654 1354 2703 1407 id
2733 1366 2815 1410 est
2858 1357 3232 1427 intelligenter,
3277 1371 3334 1415 ut
3361 1375 3465 1416 non

1891 1438 2063 1491 solum
2089 1441 2297 1521 Spiritu,
2328 1442 2427 1497 hoc
2450 1453 2533 1499 est
2559 1460 2691 1499 sono
2723 1450 2889 1513 vocis,
2915 1451 3008 1505 sed
3038 1461 3091 1505 et
3122 1462 3298 1509 mente
3328 1456 3466 1525 psal-

1894 1528 2085 1592 lamus,
2114 1542 2166 1584 et
2199 1532 2368 1601 ipsum
2397 1536 2534 1604 quod
2570 1539 2846 1605 psallimus
2887 1546 3179 1611 cogitemus
3211 1561 3277 1601 ne
3304 1549 3471 1615 capti-

1896 1628 2009 1670 vata
2044 1635 2192 1673 meus
2229 1622 2424 1679 fabulis
2458 1636 2512 1680 et
2552 1632 2820 1685 ext‘aneis
2858 1634 3287 1704 Cogitationibus,
3327 1637 3472 1691 labo-

1894 1724 2009 1765 rem
2042 1712 2234 1769 habeat
2273 1717 2681 1778 infructuosum.
2732 1724 2905 1780 Sonus
2934 1728 3099 1781 etiam
3130 1729 3212 1781 vel
3246 1730 3470 1784 melodia

3074 1834 3180 1872 non
3211 1835 3327 1888 qua:
3358 1830 3467 1873 tra-

1894 1893 2037 1959 gicas
2058 1895 2395 1953 difﬁcultates
2420 1901 2700 1965 exclamet,
2726 1906 2821 1959 sed
2845 1921 2964 1976 qua:
2987 1908 3041 1961 in
3065 1908 3215 1963 vobis
3240 1918 3265 1945 ι
3288 1925 3468 1965 veram

1894 1982 2355 2041 Christianitatem
2388 1990 2756 2058 demonstret;
2797 2011 2900 2048 non
2932 2012 3049 2065 quae
3088 1998 3282 2067 aliquid
3325 1999 3470 2054 thea-

1897 2078 2031 2131 trale
2083 2079 2337 2148 redoleat,
2383 2083 2478 2137 sed
2518 2089 2977 2153 compunctionem
3019 2100 3351 2153 peccatorum
3396 2093 3471 2145 fa-

1893 2167 2019 2219 ciat.
2051 2166 2154 2221 Sed
2188 2179 2241 2223 et
2272 2186 2372 2224 vos
2400 2174 2636 2227 omnium
2668 2187 2902 2230 vestrum
2933 2193 3038 2232 non
3068 2177 3283 2231 dissona
3312 2179 3471 2233 debet

1893 2273 2032 2322 esse,
2065 2258 2157 2312 sed
2196 2274 2453 2316 consona.
2497 2263 2611 2318 Non
2652 2281 2789 2320 unus
2828 2267 3138 2333 insipienter
3176 2270 3469 2337 protrahat,

1892 2358 1982 2400 aut
2014 2364 2149 2402 unus
2178 2351 2438 2414 humiliet,
2482 2354 2616 2408 alter
2646 2370 2832 2410 vocem
2861 2358 3112 2421 extollat;
3147 2359 3239 2412 sed
3271 2359 3467 2412 innita—

1892 2451 1975 2493 tur
2004 2441 2275 2498 humiliter
2313 2445 2674 2514 unusquisque
2703 2461 2886 2501 voeem
2927 2463 3076 2503 suam
3118 2451 3253 2503 intra
3272 2463 3468 2504 sonum

1891 2532 2040 2587 chori
2088 2536 2420 2590 concinentis
2446 2537 2747 2607 includere,
2786 2556 2890 2593 non
2934 2540 3266 2596 extrinsecus
3302 2542 3470 2596 extol-

1892 2623 2082 2693 lentes,
2112 2634 2202 2679 aut
2232 2626 2601 2694 pretrahentes
2630 2630 2782 2698 quasi
2813 2630 3126 2684 adstultam
3158 2631 3464 2685 ostentatio-

1892 2734 2012 2773 nem
2063 2721 2373 2777 indecenter
2414 2722 2641 2789 clierre,
2688 2740 2861 2794 neque
2910 2725 3214 2781 hominibus
3256 2728 3468 2795 placere

1891 2811 2045 2865 velle.
2092 2812 2283 2867 Totum
2322 2814 2464 2869 enim
2511 2825 2758 2885 tanquam
2800 2818 2852 2871 in
2892 2828 3183 2886 conspectu
3214 2818 3327 2885 Dei,
3358 2834 3463 2873 non

1895 2903 2202 2959 hominibus
2241 2906 2483 2974 placendi
2522 2908 2699 2962 studio
2736 2908 3009 2965 celebrare
3046 2910 3322 2965 debemus.
3365 2910 3470 2965 Ha-

1890 2993 2077 3049 bemus
2102 2996 2245 3049 enim
2276 3006 2325 3051 et
2355 2998 2422 3051 de
2454 2998 2551 3052 hac
2574 2999 2721 3053 vocis
2745 3001 3093 3055 consonantia
3124 3000 3346 3056 formam
3373 3017 3467 3072 pn-

1896 3093 2075 3155 sitam,
2114 3094 2195 3147 vel
2232 3095 2563 3161 exemplum.
2599 3103 2707 3148 tres
2740 3095 2861 3149 illos
2902 3098 3083 3165 utique
3128 3095 3467 3151 beatissimos

1893 3196 2101 3249 pueros,
2132 3181 2202 3236 de
2237 3183 2429 3250 quibus
2458 3183 2621 3237 refert
2653 3185 2909 3252 propheta
2940 3185 3122 3238 Daniel
3154 3203 3166 3237 :
3195 3184 3356 3248 Tunc,
3387 3186 3467 3237 in-

1892 3270 2023 3340 quit,
2053 3273 2104 3324 Iti
2129 3280 2229 3325 tres
2248 3274 2395 3341 quasi
2421 3289 2484 3326 ea:
2510 3289 2609 3326 uno
2633 3289 2718 3326 ore
2741 3273 2985 3344 hymnum
3005 3274 3258 3341 dicebant,
3282 3282 3331 3327 et
3353 3275 3465 3343 glo-

1891 3362 2156 3427 riﬁcabant
2182 3362 2341 3416 Deum
2388 3364 2442 3417 in
2493 3363 2724 3430 fornace,
2767 3364 2986 3417 dicentes
3017 3379 3036 3417 :
3066 3363 3366 3418 Benedictus
3389 3380 3462 3429 es,

1893 3452 2109 3506 Domine
2148 3454 2282 3507 Deus
2321 3464 2526 3521 patrum
2562 3464 2854 3507 nostrorum
2893 3453 3056 3524 (Dan.
3097 3468 3184 3518 ut,
3221 3453 3310 3516 5!,
3346 3453 3461 3522 52).

1892 3543 2096 3598 Videtis
2124 3545 2249 3612 quia
2278 3559 2374 3612 pro
2419 3544 2726 3613 magisterio
2758 3544 2969 3614 ponitur
3008 3544 3147 3612 quod
3178 3553 3286 3599 tres
3315 3544 3463 3613 pueri

1893 3636 2089 3703 pariter
2118 3636 2284 3691 Deum
2312 3653 2381 3692 ex
2416 3651 2523 3691 uno
2547 3651 2641 3691 ore
2672 3638 2943 3692 humiliter
2969 3644 3256 3706 sancteque
3276 3636 3463 3691 lauds-

1891 3727 2083 3782 verint.
2119 3728 2183 3781 Et
2213 3742 2309 3782 nos
2340 3729 2522 3796 utique
2549 3742 2734 3782 omnes
2765 3728 2913 3795 quasi
2944 3743 3010 3781 ex
3051 3742 3156 3782 uno
3185 3741 3283 3783 ore
3317 3742 3462 3782 eum-

1890 3818 2116 3887 demque
2155 3818 2477 3887 psalmorum
2519 3834 2730 3884 sonum,
2768 3819 3115 3888 eamdemque
3158 3818 3304 3872 vocis
3348 3832 3463 3871 mo-

1890 3909 2212 3963 dulationem
2235 3910 2512 3979 aequaliter
2536 3910 2866 3979 proferamus
2894 3927 2908 3964 :
2937 3911 3025 3979 qui
3054 3917 3228 3963 autem
3253 3922 3465 3975 requare

1891 4015 1949 4053 se
1979 4016 2081 4053 non
2111 4008 2285 4067 potest
2308 4002 2539 4065 caeteris,
2571 4001 2757 4055 melius
2788 4010 2870 4054 est
2897 4000 2947 4053 ei
2977 4008 3173 4063 tacere,
3205 4005 3297 4051 aut
3325 3998 3462 4052 lenta

1891 4104 2019 4143 voce
2061 4091 2303 4156 psallere.
2334 4105 2493 4159 quam
2538 4091 2771 4145 clamosa
2802 4104 2933 4144 voce
2962 4090 3207 4143 erunibus
3233 4097 3463 4156 perstre-

1892 4192 2047 4245 pere;
2100 4180 2179 4232 sic
2217 4178 2360 4232 enim
2399 4188 2456 4233 et
2501 4180 2779 4235 ministerii
2836 4180 3078 4246 implebit
3124 4179 3379 4244 ofﬁcium,
3409 4188 3465 4232 et

1894 4268 2165 4322 humiliter
2195 4268 2441 4334 psallenti
2488 4268 2800 4323 fraternitati
2841 4283 2944 4321 non
2985 4268 3142 4320 faciet
3167 4266 3463 4320 oﬂ'endicu-

1892 4359 2022 4411 lum.
2052 4358 2107 4412 Si
2139 4372 2268 4426 ergo
2297 4368 2348 4410 et
2383 4369 2561 4411 nostra
2590 4357 2829 4410 omnium
2861 4368 2961 4410 vox
2994 4354 3152 4409 fuerit
3178 4352 3461 4419 inoffensa,

1892 4447 1977 4499 vel
2014 4460 2246 4500 consona
2290 4446 2545 4500 labiorum
2586 4445 2843 4515 cymbalis
2869 4445 3004 4499 bene
3041 4442 3375 4509 sonantibus,
3411 4453 3469 4497 et

214 4512 447 4565 ﬁdeliter
495 4512 826 4577 impleamus,
863 4522 1108 4576 magnam
1159 4522 1257 4561 nos
1302 4506 1582 4561 credentes
1619 4522 1647 4559 a
1682 4509 1789 4561 Deo

1897 4549 1990 4588 nos
2018 4532 2323 4600 delectabit,
2354 4543 2409 4586 et
2432 4506 2709 4589 audientes
2733 4534 3038 4597 :cdilicabit,
3068 4543 3123 4587 et
3147 4533 3255 4588 Deo
3281 4506 3465 4589 nostro

209 4603 440 4668 gratam
471 4607 808 4661 consecutos,
840 4598 1029 4666 quibus
1059 4611 1373 4652 concessum
1406 4605 1489 4650 est
1517 4612 1636 4649 cum
1671 4605 1789 4650 tan-

213 4691 284 4744 tis
324 4705 384 4743 ac
416 4691 605 4744 talibus
644 4693 861 4755 sanctis,
896 4689 1166 4759 prophetis
1205 4690 1323 4743 dico
1353 4700 1511 4759 atque
1550 4692 1792 4758 martyri-

213 4781 340 4845 hus,
370 4780 457 4834 Dei
487 4781 670 4835 aeterni
704 4780 1071 4835 miracula.....
1106 4780 1203 4834 llic
1229 4796 1347 4835 cum
1374 4781 1538 4834 David
1566 4781 1791 4835 Domino

215 4871 532 4925 confitemur
553 4871 791 4941 quoniam
814 4873 969 4924 bonus
998 4880 1109 4936 cst;
1142 4888 1259 4924 cum
1292 4872 1467 4941 Moyse
1498 4872 1787 4940 potentiam

218 4964 428 5019 Domini
460 4965 663 5034 magnis
694 4966 795 5019 illis
827 4965 1045 5019 canticis
1084 4981 1461 5035 personamus;
1490 4982 1609 5022 cum
1637 4970 1788 5023 Anna

218 5070 337 5125 qua:
360 5058 611 5113 Ecclesia)
646 5060 877 5127 speciem
920 5059 1077 5129 gerit,
1108 5060 1233 5114 olim
1267 5063 1480 5127 sterilis,
1527 5080 1664 5120 nunc
1708 5066 1789 5119 fe-

218 5149 411 5213 cunda.
454 5153 506 5205 in
537 5153 630 5208 Dci
662 5155 817 5213 laude
856 5158 1015 5214 corde
1050 5161 1461 5228 confirmantur;
1505 5181 1624 5218 cum
1659 5166 1789 5220 lsiia

221 5240 287 5295 de
326 5256 482 5301 nocte
530 5248 809 5317 vigilantes
853 5253 1154 5321 psallimus;
1199 5271 1318 5315 cum
1360 5256 1631 5324 Habacuc,
1670 5273 1791 5312 cum

220 5328 470 5404 Ieremia,
492 5352 610 5391 cum
645 5340 778 5393 .lona
800 5344 1148 5399 sanctissimis
1169 5347 1374 5401 vatibus
1395 5346 1595 5401 orando
1615 5358 1795 5401 canta-

228 5434 344 5476 mus
375 5441 389 5476 :
417 5440 538 5478 cum
582 5427 750 5483 tribus
780 5444 929 5500 aeque
963 5433 1160 5503 pueris,
1192 5436 1346 5503 quasi
1376 5436 1426 5489 in
1460 5435 1673 5490 fornace
1702 5454 1793 5504 pos

224 5512 331 5577 siti,
369 5528 657 5572 convocata
693 5523 837 5577 omni
871 5534 1136 5592 creatura,
1169 5524 1408 5582 Creatori
1439 5528 1674 5583 omnium
1706 5529 1796 5583 be—

227 5604 527 5662 nediceutes
556 5610 850 5678 psallimus.

300 5766 323 5793 ει
351 5760 429 5814 An
460 5762 657 5819 verbis?

1899 4625 2077 4679 suavis
2105 4624 2205 4678 erit
2235 4632 2337 4679 tota
2372 4624 2626 4691 laudatio,
2657 4627 2745 4694 qui
2789 4626 2839 4680 in
2870 4625 3031 4680 domo
3056 4640 3171 4689 sua,
3209 4625 3348 4681 sicut
3390 4625 3469 4679 le-

1898 4717 2061 4785 gitur,
2096 4715 2374 4769 unanimes
2411 4714 2647 4769 habitare
2672 4714 2821 4770 facit.
2856 4716 3079 4782 Quando
3102 4716 3243 4771 enim
3275 4716 3460 4785 psalli-

1899 4818 2004 4872 tur,
2042 4808 2297 4878 psallatur
2334 4809 2403 4862 ab
2433 4808 2708 4873 omnibus;
2737 4822 2858 4863 cum
2894 4810 3049 4864 lectio
3086 4808 3294 4879 legitur,
3331 4808 3469 4862 facto

1896 4900 2105 4955 silentio
2152 4916 2301 4969 atque
2348 4899 2594 4953 audiatur
2630 4901 2697 4953 ab
2735 4900 3011 4965 omnibus,
3052 4906 3111 4952 ut
3147 4901 3356 4968 legente
3396 4900 3469 4950 Ie-

1897 5002 2045 5046 ctore
2095 4992 2311 5045 omnino
2362 4991 2612 5046 clamosis
2664 4992 2885 5046 vocibus
2934 5004 3091 5045 nemo
3147 4998 3466 5058 perstrepat.

1900 5083 1967 5137 Et
1988 5092 2269 5153 antequam
2297 5083 2519 5151 legatur,
2542 5096 2730 5137 omnes
2750 5081 3031 5136 convenite
3052 5094 3063 5130 :
3085 5078 3129 5133 si
3151 5079 3269 5146 quis
3289 5084 3470 5130 autem

1899 5174 2265 5242 supervenerit
2307 5188 2428 5228 cum
2474 5172 2633 5228 lectio
2673 5173 2993 5237 celebratur,
3038 5170 3224 5224 adoret
3263 5176 3468 5223 tantum

1900 5264 2090 5328 Deum,
2115 5277 2165 5319 et
2199 5265 2514 5335 przesignata
2544 5268 2736 5330 fronte,
2764 5279 2945 5318 aurem
2978 5262 3081 5330 legi
3109 5261 3204 5315 Dei
3235 5257 3469 5314 sollicite
3532 5323 3536 5328 .

1895 5355 2219 5409 eutnmodet.

1969 5443 2120 5499 Patet
2157 5455 2368 5515 tempus
2406 5446 2594 5501 orandi
2631 5461 2751 5502 cum
2790 5460 2977 5500 omnes
3025 5459 3240 5499 oramus
3263 5483 3277 5508 ,
3324 5450 3472 5512 patet

1897 5543 2108 5605 tempus
2137 5552 2256 5591 cum
2287 5537 2577 5603 volueritis,
2609 5548 2663 5593 et
2688 5538 2897 5607 quoﬁes
2924 5536 3197 5591 volueritis
3226 5534 3471 5605 privatim

1896 5642 2086 5694 orare;
2117 5644 2182 5685 ne
2212 5629 2431 5688 obtentu
2478 5630 2719 5686 lectionis
2750 5629 2934 5687 doleas
2977 5640 3027 5685 te
3060 5628 3355 5699 perdidisse
3396 5628 3472 5683 le-
