  <div class='ocr_page' id='page_1' title='image "/cluster/home/n/w/nwhite01/storage/ocr_20150623/68/hvd.32044015469331/193.png"; bbox 0 0 4004 6354; ppageno 0'>
   <div class='ocr_carea' id='block_1_1' title="bbox 530 264 2327 354">
    <p class='ocr_par' dir='ltr' id='par_1_1' title="bbox 530 264 2327 354">
     <span class='ocr_line' id='line_1_1' title="bbox 530 264 2327 354; baseline 0.001 -1"><span class='ocrx_word' id='word_1_1' title='bbox 530 298 632 353; x_wconf 75' lang='lat'><strong>575</strong></span> <span class='ocrx_word' id='word_1_2' title='bbox 1982 296 2038 351; x_wconf 92' lang='lat' dir='ltr'><strong>s.</strong></span> <span class='ocrx_word' id='word_1_3' title='bbox 2080 264 2327 354; x_wconf 58' lang='lat' dir='ltr'><strong>arcem</strong></span> 
     </span>
    </p>
   </div>
   <div class='ocr_carea' id='block_1_2' title="bbox 3687 294 3788 347">
    <p class='ocr_par' dir='ltr' id='par_1_2' title="bbox 3687 294 3788 347">
     <span class='ocr_line' id='line_1_2' title="bbox 3687 294 3788 347; baseline 0 0"><span class='ocrx_word' id='word_1_4' title='bbox 3687 294 3788 347; x_wconf 71' lang='lat'><strong>376</strong></span> 
     </span>
    </p>
   </div>
   <div class='ocr_carea' id='block_1_3' title="bbox 526 407 3787 483">
    <p class='ocr_par' dir='ltr' id='par_1_3' title="bbox 526 407 3787 483">
     <span class='ocr_line' id='line_1_3' title="bbox 526 407 3787 483; baseline -0.002 -16"><span class='ocrx_word' id='word_1_5' title='bbox 526 416 781 480; x_wconf 88' lang='lat' dir='ltr'><strong>ctionem,</strong></span> <span class='ocrx_word' id='word_1_6' title='bbox 808 411 929 483; x_wconf 91' lang='lat' dir='ltr'><strong>quia</strong></span> <span class='ocrx_word' id='word_1_7' title='bbox 962 425 1066 467; x_wconf 93' lang='lat' dir='ltr'><strong>non</strong></span> <span class='ocrx_word' id='word_1_8' title='bbox 1096 425 1311 479; x_wconf 82' lang='lat' dir='ltr'><strong>semper</strong></span> <span class='ocrx_word' id='word_1_9' title='bbox 1348 425 1464 466; x_wconf 88' lang='lat' dir='ltr'><strong>eam</strong></span> <span class='ocrx_word' id='word_1_10' title='bbox 1495 410 1719 479; x_wconf 88' lang='lat' dir='ltr'><strong>quilibet</strong></span> <span class='ocrx_word' id='word_1_11' title='bbox 1748 422 1983 480; x_wconf 77' lang='lat' dir='ltr'><strong>paratam</strong></span> <span class='ocrx_word' id='word_1_12' title='bbox 2011 426 2105 479; x_wconf 89' lang='lat' dir='ltr'><strong>po-</strong></span> <span class='ocrx_word' id='word_1_13' title='bbox 2134 417 2188 474; x_wconf 79' lang='grc' dir='ltr'><strong>Α</strong></span> <span class='ocrx_word' id='word_1_14' title='bbox 2212 411 2332 465; x_wconf 90' lang='lat' dir='ltr'><strong>Ideo</strong></span> <span class='ocrx_word' id='word_1_15' title='bbox 2360 410 2503 463; x_wconf 87' lang='lat' dir='ltr'><strong>enim</strong></span> <span class='ocrx_word' id='word_1_16' title='bbox 2532 417 2584 462; x_wconf 91' lang='lat' dir='ltr'><strong>et</strong></span> <span class='ocrx_word' id='word_1_17' title='bbox 2612 407 2869 462; x_wconf 85' lang='lat' dir='ltr'><strong>diaconus</strong></span> <span class='ocrx_word' id='word_1_18' title='bbox 2896 407 3036 462; x_wconf 91' lang='lat' dir='ltr'><strong>clara</strong></span> <span class='ocrx_word' id='word_1_19' title='bbox 3064 423 3193 463; x_wconf 75' lang='lat' dir='ltr'><strong>voce.</strong></span> <span class='ocrx_word' id='word_1_20' title='bbox 3222 409 3274 463; x_wconf 91' lang='lat' dir='ltr'><strong>in</strong></span> <span class='ocrx_word' id='word_1_21' title='bbox 3303 408 3467 464; x_wconf 85' lang='lat' dir='ltr'><strong>domo</strong></span> <span class='ocrx_word' id='word_1_22' title='bbox 3492 407 3586 462; x_wconf 85' lang='lat' dir='ltr'><strong>Dei</strong></span> <span class='ocrx_word' id='word_1_23' title='bbox 3618 411 3787 461; x_wconf 77' lang='lat' dir='ltr'><strong>sancti</strong></span> 
     </span>
    </p>
   </div>
   <div class='ocr_carea' id='block_1_4' title="bbox 528 504 2106 575">
    <p class='ocr_par' dir='ltr' id='par_1_4' title="bbox 528 504 2106 575">
     <span class='ocr_line' id='line_1_4' title="bbox 528 504 2106 575; baseline -0.001 -14"><span class='ocrx_word' id='word_1_24' title='bbox 528 516 633 561; x_wconf 87' lang='lat' dir='ltr'><strong>test</strong></span> <span class='ocrx_word' id='word_1_25' title='bbox 656 507 851 562; x_wconf 86' lang='lat' dir='ltr'><strong>habere</strong></span> <span class='ocrx_word' id='word_1_26' title='bbox 878 523 890 558; x_wconf 89' lang='lat'><strong>:</strong></span> <span class='ocrx_word' id='word_1_27' title='bbox 921 521 1041 559; x_wconf 92' lang='lat' dir='ltr'><strong>nam</strong></span> <span class='ocrx_word' id='word_1_28' title='bbox 1074 504 1272 575; x_wconf 87' lang='lat' dir='ltr'><strong>grande</strong></span> <span class='ocrx_word' id='word_1_29' title='bbox 1303 514 1509 573; x_wconf 90' lang='lat' dir='ltr'><strong>tempus</strong></span> <span class='ocrx_word' id='word_1_30' title='bbox 1537 518 1752 573; x_wconf 85' lang='lat' dir='ltr'><strong>semper</strong></span> <span class='ocrx_word' id='word_1_31' title='bbox 1781 506 1830 557; x_wconf 90' lang='lat' dir='ltr'><strong>in</strong></span> <span class='ocrx_word' id='word_1_32' title='bbox 1863 515 2106 575; x_wconf 90' lang='lat' dir='ltr'><strong>promptu</strong></span> 
     </span>
    </p>
   </div>
   <div class='ocr_carea' id='block_1_5' title="bbox 528 595 2104 665">
    <p class='ocr_par' dir='ltr' id='par_1_5' title="bbox 528 595 2104 665">
     <span class='ocr_line' id='line_1_5' title="bbox 528 595 2104 665; baseline 0.001 -15"><span class='ocrx_word' id='word_1_33' title='bbox 528 606 611 650; x_wconf 88' lang='lat' dir='ltr'><strong>est</strong></span> <span class='ocrx_word' id='word_1_34' title='bbox 651 614 666 651; x_wconf 91' lang='lat'><strong>:</strong></span> <span class='ocrx_word' id='word_1_35' title='bbox 708 610 807 651; x_wconf 87' lang='lat' dir='ltr'><strong>nec</strong></span> <span class='ocrx_word' id='word_1_36' title='bbox 846 596 1039 665; x_wconf 91' lang='lat' dir='ltr'><strong>putetis</strong></span> <span class='ocrx_word' id='word_1_37' title='bbox 1079 609 1299 663; x_wconf 90' lang='lat' dir='ltr'><strong>parvam</strong></span> <span class='ocrx_word' id='word_1_38' title='bbox 1338 596 1488 648; x_wconf 83' lang='lat' dir='ltr'><strong>vobis</strong></span> <span class='ocrx_word' id='word_1_39' title='bbox 1528 595 1674 649; x_wconf 89' lang='lat' dir='ltr'><strong>nasci</strong></span> <span class='ocrx_word' id='word_1_40' title='bbox 1717 596 1999 650; x_wconf 79' lang='lat' dir='ltr'><strong>utilitatem</strong></span> <span class='ocrx_word' id='word_1_41' title='bbox 2041 614 2104 652; x_wconf 77' lang='lat' dir='ltr'><strong>ex</strong></span> 
     </span>
    </p>
   </div>
   <div class='ocr_carea' id='block_1_6' title="bbox 529 684 2102 755">
    <p class='ocr_par' dir='ltr' id='par_1_6' title="bbox 529 684 2102 755">
     <span class='ocr_line' id='line_1_6' title="bbox 529 684 2102 755; baseline 0.002 -17"><span class='ocrx_word' id='word_1_42' title='bbox 529 701 697 739; x_wconf 63' lang='lat' dir='ltr'><strong>sacra:</strong></span> <span class='ocrx_word' id='word_1_43' title='bbox 729 684 969 741; x_wconf 87' lang='lat' dir='ltr'><strong>lectionis</strong></span> <span class='ocrx_word' id='word_1_44' title='bbox 998 684 1209 747; x_wconf 89' lang='lat' dir='ltr'><strong>auditu;</strong></span> <span class='ocrx_word' id='word_1_45' title='bbox 1243 684 1363 751; x_wconf 85' lang='lat' dir='ltr'><strong>quia</strong></span> <span class='ocrx_word' id='word_1_46' title='bbox 1395 684 1567 738; x_wconf 87' lang='lat' dir='ltr'><strong>oratio</strong></span> <span class='ocrx_word' id='word_1_47' title='bbox 1598 687 1712 752; x_wconf 91' lang='lat' dir='ltr'><strong>ipsa</strong></span> <span class='ocrx_word' id='word_1_48' title='bbox 1748 685 1804 739; x_wconf 82' lang='lat' dir='ltr'><strong>fit</strong></span> <span class='ocrx_word' id='word_1_49' title='bbox 1834 687 2102 755; x_wconf 81' lang='lat' dir='ltr'><strong>pinguior,</strong></span> 
     </span>
    </p>
   </div>
   <div class='ocr_carea' id='block_1_7' title="bbox 529 773 2107 845">
    <p class='ocr_par' dir='ltr' id='par_1_7' title="bbox 529 773 2107 845">
     <span class='ocr_line' id='line_1_7' title="bbox 529 773 2107 845; baseline 0.003 -17"><span class='ocrx_word' id='word_1_50' title='bbox 529 778 655 830; x_wconf 89' lang='lat' dir='ltr'><strong>dum</strong></span> <span class='ocrx_word' id='word_1_51' title='bbox 696 790 847 829; x_wconf 91' lang='lat' dir='ltr'><strong>mens</strong></span> <span class='ocrx_word' id='word_1_52' title='bbox 886 774 1086 828; x_wconf 89' lang='lat' dir='ltr'><strong>recenti</strong></span> <span class='ocrx_word' id='word_1_53' title='bbox 1128 773 1355 827; x_wconf 87' lang='lat' dir='ltr'><strong>lcetione</strong></span> <span class='ocrx_word' id='word_1_54' title='bbox 1394 775 1687 843; x_wconf 82' lang='lat' dir='ltr'><strong>saginatur,</strong></span> <span class='ocrx_word' id='word_1_55' title='bbox 1714 783 1768 829; x_wconf 91' lang='lat' dir='ltr'><strong>et</strong></span> <span class='ocrx_word' id='word_1_56' title='bbox 1806 779 1973 830; x_wconf 87' lang='lat' dir='ltr'><strong>currit</strong></span> <span class='ocrx_word' id='word_1_57' title='bbox 2010 792 2107 845; x_wconf 91' lang='lat' dir='ltr'><strong>per</strong></span> 
     </span>
    </p>
   </div>
   <div class='ocr_carea' id='block_1_8' title="bbox 530 864 2104 937">
    <p class='ocr_par' dir='ltr' id='par_1_8' title="bbox 530 864 2104 937">
     <span class='ocr_line' id='line_1_8' title="bbox 530 864 2104 937; baseline 0.001 -16"><span class='ocrx_word' id='word_1_58' title='bbox 530 866 788 937; x_wconf 78' lang='lat' dir='ltr'><strong>imagines</strong></span> <span class='ocrx_word' id='word_1_59' title='bbox 815 864 1111 919; x_wconf 89' lang='lat' dir='ltr'><strong>divinarum</strong></span> <span class='ocrx_word' id='word_1_60' title='bbox 1141 879 1320 919; x_wconf 89' lang='lat' dir='ltr'><strong>rerum</strong></span> <span class='ocrx_word' id='word_1_61' title='bbox 1352 880 1485 934; x_wconf 89' lang='lat' dir='ltr'><strong>quas</strong></span> <span class='ocrx_word' id='word_1_62' title='bbox 1526 881 1695 935; x_wconf 88' lang='lat' dir='ltr'><strong>nuper</strong></span> <span class='ocrx_word' id='word_1_63' title='bbox 1720 865 1938 920; x_wconf 82' lang='lat' dir='ltr'><strong>audivit.</strong></span> <span class='ocrx_word' id='word_1_64' title='bbox 1973 867 2104 923; x_wconf 85' lang='lat' dir='ltr'><strong>Nam</strong></span> 
     </span>
    </p>
   </div>
   <div class='ocr_carea' id='block_1_9' title="bbox 527 956 2103 1029">
    <p class='ocr_par' dir='ltr' id='par_1_9' title="bbox 527 956 2103 1029">
     <span class='ocr_line' id='line_1_9' title="bbox 527 956 2103 1029; baseline -0.002 -14"><span class='ocrx_word' id='word_1_65' title='bbox 527 968 583 1015; x_wconf 88' lang='lat' dir='ltr'><strong>et</strong></span> <span class='ocrx_word' id='word_1_66' title='bbox 613 961 777 1016; x_wconf 80' lang='lat' dir='ltr'><strong>Maria</strong></span> <span class='ocrx_word' id='word_1_67' title='bbox 814 973 967 1013; x_wconf 85' lang='lat' dir='ltr'><strong>soror</strong></span> <span class='ocrx_word' id='word_1_68' title='bbox 996 956 1239 1023; x_wconf 66' lang='lat' dir='ltr'><strong>Marthm,</strong></span> <span class='ocrx_word' id='word_1_69' title='bbox 1280 974 1401 1026; x_wconf 75' lang='lat' dir='ltr'><strong>qua:</strong></span> <span class='ocrx_word' id='word_1_70' title='bbox 1439 958 1633 1013; x_wconf 90' lang='lat' dir='ltr'><strong>sedens</strong></span> <span class='ocrx_word' id='word_1_71' title='bbox 1670 958 1737 1013; x_wconf 90' lang='lat' dir='ltr'><strong>ad</strong></span> <span class='ocrx_word' id='word_1_72' title='bbox 1778 961 1939 1029; x_wconf 77' lang='lat' dir='ltr'><strong>pedes</strong></span> <span class='ocrx_word' id='word_1_73' title='bbox 1976 959 2103 1014; x_wconf 74' lang='lat' dir='ltr'><strong>Jesu</strong></span> 
     </span>
    </p>
   </div>
   <div class='ocr_carea' id='block_1_10' title="bbox 527 1046 2098 1117">
    <p class='ocr_par' dir='ltr' id='par_1_10' title="bbox 527 1046 2098 1117">
     <span class='ocr_line' id='line_1_10' title="bbox 527 1046 2098 1117; baseline -0.002 -14"><span class='ocrx_word' id='word_1_74' title='bbox 527 1064 714 1105; x_wconf 82' lang='lat' dir='ltr'><strong>sorore</strong></span> <span class='ocrx_word' id='word_1_75' title='bbox 760 1048 999 1117; x_wconf 87' lang='lat' dir='ltr'><strong>neglecta</strong></span> <span class='ocrx_word' id='word_1_76' title='bbox 1030 1046 1252 1102; x_wconf 87' lang='lat' dir='ltr'><strong>verbum</strong></span> <span class='ocrx_word' id='word_1_77' title='bbox 1284 1048 1493 1101; x_wconf 90' lang='lat' dir='ltr'><strong>Domini</strong></span> <span class='ocrx_word' id='word_1_78' title='bbox 1533 1048 1789 1103; x_wconf 89' lang='lat' dir='ltr'><strong>intentius</strong></span> <span class='ocrx_word' id='word_1_79' title='bbox 1827 1048 2098 1114; x_wconf 85' lang='lat' dir='ltr'><strong>audiebat,</strong></span> 
     </span>
    </p>
   </div>
   <div class='ocr_carea' id='block_1_11' title="bbox 529 1137 2095 1209">
    <p class='ocr_par' dir='ltr' id='par_1_11' title="bbox 529 1137 2095 1209">
     <span class='ocr_line' id='line_1_11' title="bbox 529 1137 2095 1209; baseline -0.001 -15"><span class='ocrx_word' id='word_1_80' title='bbox 529 1140 721 1195; x_wconf 86' lang='lat' dir='ltr'><strong>bonam</strong></span> <span class='ocrx_word' id='word_1_81' title='bbox 761 1150 967 1209; x_wconf 90' lang='lat' dir='ltr'><strong>partem</strong></span> <span class='ocrx_word' id='word_1_82' title='bbox 1005 1137 1106 1192; x_wconf 83' lang='lat' dir='ltr'><strong>sibi</strong></span> <span class='ocrx_word' id='word_1_83' title='bbox 1145 1138 1371 1207; x_wconf 82' lang='lat' dir='ltr'><strong>elegisse</strong></span> <span class='ocrx_word' id='word_1_84' title='bbox 1412 1139 1625 1194; x_wconf 86' lang='lat' dir='ltr'><strong>Domini</strong></span> <span class='ocrx_word' id='word_1_85' title='bbox 1666 1154 1796 1195; x_wconf 89' lang='lat' dir='ltr'><strong>voce</strong></span> <span class='ocrx_word' id='word_1_86' title='bbox 1835 1140 2095 1193; x_wconf 79' lang='lat' dir='ltr'><strong>ﬁrmatur.</strong></span> 
     </span>
    </p>
   </div>
   <div class='ocr_carea' id='block_1_12' title="bbox 2213 501 3789 571">
    <p class='ocr_par' dir='ltr' id='par_1_12' title="bbox 2213 501 3789 571">
     <span class='ocr_line' id='line_1_12' title="bbox 2213 501 3789 571; baseline -0.001 -16"><span class='ocrx_word' id='word_1_87' title='bbox 2213 501 2462 571; x_wconf 83' lang='lat' dir='ltr'><strong>praeconii</strong></span> <span class='ocrx_word' id='word_1_88' title='bbox 2501 501 2751 553; x_wconf 91' lang='lat' dir='ltr'><strong>admonet</strong></span> <span class='ocrx_word' id='word_1_89' title='bbox 2790 509 3031 566; x_wconf 79' lang='lat' dir='ltr'><strong>cunctos,</strong></span> <span class='ocrx_word' id='word_1_90' title='bbox 3073 510 3128 554; x_wconf 93' lang='lat' dir='ltr'><strong>ut</strong></span> <span class='ocrx_word' id='word_1_91' title='bbox 3165 502 3278 556; x_wconf 84' lang='lat' dir='ltr'><strong>sive</strong></span> <span class='ocrx_word' id='word_1_92' title='bbox 3314 501 3541 566; x_wconf 91' lang='lat' dir='ltr'><strong>orando,</strong></span> <span class='ocrx_word' id='word_1_93' title='bbox 3583 501 3698 553; x_wconf 86' lang='lat' dir='ltr'><strong>sive</strong></span> <span class='ocrx_word' id='word_1_94' title='bbox 3736 501 3789 553; x_wconf 92' lang='lat' dir='ltr'><strong>in</strong></span> 
     </span>
    </p>
   </div>
   <div class='ocr_carea' id='block_1_13' title="bbox 2211 592 3788 660">
    <p class='ocr_par' dir='ltr' id='par_1_13' title="bbox 2211 592 3788 660">
     <span class='ocr_line' id='line_1_13' title="bbox 2211 592 3788 660; baseline -0.001 -12"><span class='ocrx_word' id='word_1_95' title='bbox 2211 593 2487 648; x_wconf 85' lang='lat' dir='ltr'><strong>ﬂectendis</strong></span> <span class='ocrx_word' id='word_1_96' title='bbox 2522 593 2771 659; x_wconf 73' lang='lat' dir='ltr'><strong>genibus,</strong></span> <span class='ocrx_word' id='word_1_97' title='bbox 2803 593 2913 647; x_wconf 85' lang='lat' dir='ltr'><strong>sive</strong></span> <span class='ocrx_word' id='word_1_98' title='bbox 2947 593 3001 647; x_wconf 87' lang='lat' dir='ltr'><strong>in</strong></span> <span class='ocrx_word' id='word_1_99' title='bbox 3035 593 3325 660; x_wconf 83' lang='lat' dir='ltr'><strong>psallendo,</strong></span> <span class='ocrx_word' id='word_1_100' title='bbox 3359 596 3476 647; x_wconf 87' lang='lat' dir='ltr'><strong>sive</strong></span> <span class='ocrx_word' id='word_1_101' title='bbox 3512 592 3566 645; x_wconf 92' lang='lat' dir='ltr'><strong>in</strong></span> <span class='ocrx_word' id='word_1_102' title='bbox 3600 593 3788 646; x_wconf 85' lang='lat' dir='ltr'><strong>lectio-</strong></span> 
     </span>
    </p>
   </div>
   <div class='ocr_carea' id='block_1_14' title="bbox 2210 684 3788 749">
    <p class='ocr_par' dir='ltr' id='par_1_14' title="bbox 2210 684 3788 749">
     <span class='ocr_line' id='line_1_14' title="bbox 2210 684 3788 749; baseline -0.001 -8"><span class='ocrx_word' id='word_1_103' title='bbox 2210 687 2366 741; x_wconf 90' lang='lat' dir='ltr'><strong>nibus</strong></span> <span class='ocrx_word' id='word_1_104' title='bbox 2402 685 2631 739; x_wconf 87' lang='lat' dir='ltr'><strong>sollicite</strong></span> <span class='ocrx_word' id='word_1_105' title='bbox 2670 684 2966 749; x_wconf 89' lang='lat' dir='ltr'><strong>audiendis,</strong></span> <span class='ocrx_word' id='word_1_106' title='bbox 3006 685 3185 739; x_wconf 87' lang='lat' dir='ltr'><strong>unitas</strong></span> <span class='ocrx_word' id='word_1_107' title='bbox 3222 696 3468 739; x_wconf 85' lang='lat' dir='ltr'><strong>servetur</strong></span> <span class='ocrx_word' id='word_1_108' title='bbox 3506 686 3574 738; x_wconf 89' lang='lat' dir='ltr'><strong>ab</strong></span> <span class='ocrx_word' id='word_1_109' title='bbox 3612 688 3788 739; x_wconf 88' lang='lat' dir='ltr'><strong>omni-</strong></span> 
     </span>
    </p>
   </div>
   <div class='ocr_carea' id='block_1_15' title="bbox 2210 775 3788 845">
    <p class='ocr_par' dir='ltr' id='par_1_15' title="bbox 2210 775 3788 845">
     <span class='ocr_line' id='line_1_15' title="bbox 2210 775 3788 845; baseline 0 -15"><span class='ocrx_word' id='word_1_110' title='bbox 2210 776 2336 841; x_wconf 88' lang='lat' dir='ltr'><strong>bus;</strong></span> <span class='ocrx_word' id='word_1_111' title='bbox 2382 776 2503 845; x_wconf 89' lang='lat' dir='ltr'><strong>quia</strong></span> <span class='ocrx_word' id='word_1_112' title='bbox 2545 775 2823 828; x_wconf 84' lang='lat' dir='ltr'><strong>unanimes</strong></span> <span class='ocrx_word' id='word_1_113' title='bbox 2850 776 3092 830; x_wconf 87' lang='lat' dir='ltr'><strong>homines</strong></span> <span class='ocrx_word' id='word_1_114' title='bbox 3123 776 3293 845; x_wconf 85' lang='lat' dir='ltr'><strong>diligit</strong></span> <span class='ocrx_word' id='word_1_115' title='bbox 3318 776 3482 841; x_wconf 84' lang='lat' dir='ltr'><strong>Deus,</strong></span> <span class='ocrx_word' id='word_1_116' title='bbox 3515 786 3571 829; x_wconf 89' lang='lat' dir='ltr'><strong>et</strong></span> <span class='ocrx_word' id='word_1_117' title='bbox 3609 776 3662 829; x_wconf 89' lang='lat' dir='ltr'><strong>in</strong></span> <span class='ocrx_word' id='word_1_118' title='bbox 3695 791 3788 831; x_wconf 82' lang='lat' dir='ltr'><strong>sua</strong></span> 
     </span>
    </p>
   </div>
   <div class='ocr_carea' id='block_1_16' title="bbox 2208 865 3784 935">
    <p class='ocr_par' dir='ltr' id='par_1_16' title="bbox 2208 865 3784 935">
     <span class='ocr_line' id='line_1_16' title="bbox 2208 865 3784 935; baseline -0.001 -15"><span class='ocrx_word' id='word_1_119' title='bbox 2208 867 2368 921; x_wconf 91' lang='lat' dir='ltr'><strong>domo</strong></span> <span class='ocrx_word' id='word_1_120' title='bbox 2393 881 2486 921; x_wconf 88' lang='lat' dir='ltr'><strong>eos</strong></span> <span class='ocrx_word' id='word_1_121' title='bbox 2516 865 2680 920; x_wconf 81' lang='lat' dir='ltr'><strong>efﬁcit</strong></span> <span class='ocrx_word' id='word_1_122' title='bbox 2710 866 2977 930; x_wconf 87' lang='lat' dir='ltr'><strong>habitare;</strong></span> <span class='ocrx_word' id='word_1_123' title='bbox 3006 865 3059 919; x_wconf 93' lang='lat' dir='ltr'><strong>in</strong></span> <span class='ocrx_word' id='word_1_124' title='bbox 3084 880 3185 935; x_wconf 92' lang='lat' dir='ltr'><strong>qua</strong></span> <span class='ocrx_word' id='word_1_125' title='bbox 3216 865 3375 919; x_wconf 89' lang='lat' dir='ltr'><strong>domo</strong></span> <span class='ocrx_word' id='word_1_126' title='bbox 3404 866 3491 933; x_wconf 87' lang='lat' dir='ltr'><strong>qui</strong></span> <span class='ocrx_word' id='word_1_127' title='bbox 3526 866 3784 930; x_wconf 88' lang='lat' dir='ltr'><strong>habitant,</strong></span> 
     </span>
    </p>
   </div>
   <div class='ocr_carea' id='block_1_17' title="bbox 2212 955 3789 1025">
    <p class='ocr_par' dir='ltr' id='par_1_17' title="bbox 2212 955 3789 1025">
     <span class='ocr_line' id='line_1_17' title="bbox 2212 955 3789 1025; baseline -0.001 -15"><span class='ocrx_word' id='word_1_128' title='bbox 2212 957 2350 1010; x_wconf 87' lang='lat' dir='ltr'><strong>beati</strong></span> <span class='ocrx_word' id='word_1_129' title='bbox 2382 957 2794 1025; x_wconf 88' lang='lat' dir='ltr'><strong>pronuntiantur</strong></span> <span class='ocrx_word' id='word_1_130' title='bbox 2832 958 2884 1010; x_wconf 93' lang='lat' dir='ltr'><strong>in</strong></span> <span class='ocrx_word' id='word_1_131' title='bbox 2925 956 3152 1023; x_wconf 86' lang='lat' dir='ltr'><strong>psalmo,</strong></span> <span class='ocrx_word' id='word_1_132' title='bbox 3192 958 3313 1025; x_wconf 87' lang='lat' dir='ltr'><strong>quia</strong></span> <span class='ocrx_word' id='word_1_133' title='bbox 3356 956 3456 1024; x_wconf 89' lang='lat' dir='ltr'><strong>ipsi</strong></span> <span class='ocrx_word' id='word_1_134' title='bbox 3498 955 3789 1009; x_wconf 87' lang='lat' dir='ltr'><strong>laudabunt</strong></span> 
     </span>
    </p>
   </div>
   <div class='ocr_carea' id='block_1_18' title="bbox 2211 1045 3785 1117">
    <p class='ocr_par' dir='ltr' id='par_1_18' title="bbox 2211 1045 3785 1117">
     <span class='ocr_line' id='line_1_18' title="bbox 2211 1045 3785 1117; baseline -0.001 -17"><span class='ocrx_word' id='word_1_135' title='bbox 2211 1048 2489 1101; x_wconf 90' lang='lat' dir='ltr'><strong>Dominum</strong></span> <span class='ocrx_word' id='word_1_136' title='bbox 2542 1047 2596 1101; x_wconf 90' lang='lat' dir='ltr'><strong>in</strong></span> <span class='ocrx_word' id='word_1_137' title='bbox 2634 1047 2827 1105; x_wconf 60' lang='lat' dir='ltr'><strong>saecula</strong></span> <span class='ocrx_word' id='word_1_138' title='bbox 2868 1047 3185 1102; x_wconf 63' lang='lat' dir='ltr'><strong>saeculorum</strong></span> <span class='ocrx_word' id='word_1_139' title='bbox 3226 1046 3396 1116; x_wconf 83' lang='lat' dir='ltr'><strong>(Psot.</strong></span> <span class='ocrx_word' id='word_1_140' title='bbox 3440 1061 3671 1113; x_wconf 75' lang='lat' dir='ltr'><strong>Luxnt,</strong></span> <span class='ocrx_word' id='word_1_141' title='bbox 3713 1045 3785 1117; x_wconf 84' lang='lat'><strong>5).</strong></span> 
     </span>
    </p>
   </div>
   <div class='ocr_carea' id='block_1_19' title="bbox 2210 1140 2401 1193">
    <p class='ocr_par' dir='ltr' id='par_1_19' title="bbox 2210 1140 2401 1193">
     <span class='ocr_line' id='line_1_19' title="bbox 2210 1140 2401 1193; baseline -0.01 -1"><span class='ocrx_word' id='word_1_142' title='bbox 2210 1140 2401 1193; x_wconf 83' lang='lat' dir='ltr'><strong>Amen.</strong></span> 
     </span>
    </p>
   </div>
   <div class='ocr_carea' id='block_1_20' title="bbox 1728 1453 2554 1559">
    <p class='ocr_par' dir='ltr' id='par_1_20' title="bbox 1728 1453 2554 1559">
     <span class='ocr_line' id='line_1_20' title="bbox 1728 1453 2554 1559; baseline -0.006 0"><span class='ocrx_word' id='word_1_143' title='bbox 1728 1454 1867 1559; x_wconf 83' lang='lat' dir='ltr'><strong>S.</strong></span> <span class='ocrx_word' id='word_1_144' title='bbox 1958 1453 2554 1559; x_wconf 82' lang='lat' dir='ltr'><strong>NICETII</strong></span> 
     </span>
    </p>
   </div>
   <div class='ocr_carea' id='block_1_21' title="bbox 1615 1690 2685 1794">
    <p class='ocr_par' dir='ltr' id='par_1_21' title="bbox 1615 1690 2685 1794">
     <span class='ocr_line' id='line_1_21' title="bbox 1615 1690 2685 1794; baseline 0.002 -3"><span class='ocrx_word' id='word_1_145' title='bbox 1615 1691 2275 1794; x_wconf 86' lang='lat' dir='ltr'><strong>EPISTOL/E</strong></span> <span class='ocrx_word' id='word_1_146' title='bbox 2352 1690 2685 1793; x_wconf 68' lang='lat' dir='ltr'><strong>DUAE.</strong></span> 
     </span>
    </p>
   </div>
   <div class='ocr_carea' id='block_1_22' title="bbox 2019 1853 2347 1867">
    <p class='ocr_par' dir='ltr' id='par_1_22' title="bbox 2019 1853 2347 1867">
     <span class='ocr_line' id='line_1_22' title="bbox 2019 1853 2347 1867; baseline 0.006 -2"><span class='ocrx_word' id='word_1_147' title='bbox 2019 1853 2347 1867; x_wconf 73' lang='lat'><strong>—-—-</strong></span> 
     </span>
    </p>
   </div>
   <div class='ocr_carea' id='block_1_23' title="bbox 1007 1948 1613 2007">
    <p class='ocr_par' dir='ltr' id='par_1_23' title="bbox 1007 1948 1613 2007">
     <span class='ocr_line' id='line_1_23' title="bbox 1007 1948 1613 2007; baseline 0.005 -3"><span class='ocrx_word' id='word_1_148' title='bbox 1007 1948 1339 2005; x_wconf 81' lang='lat' dir='ltr'><strong>EPISTULA</strong></span> <span class='ocrx_word' id='word_1_149' title='bbox 1380 1949 1613 2007; x_wconf 78' lang='lat' dir='ltr'><strong>PRIMA.</strong></span> 
     </span>
    </p>
   </div>
   <div class='ocr_carea' id='block_1_24' title="bbox 658 2051 1979 2095">
    <p class='ocr_par' dir='ltr' id='par_1_24' title="bbox 658 2051 1979 2095">
     <span class='ocr_line' id='line_1_24' title="bbox 658 2051 1979 2095; baseline 0.002 -3"><span class='ocrx_word' id='word_1_150' title='bbox 658 2055 724 2092; x_wconf 68' lang='lat' dir='ltr'><strong>AD</strong></span> <span class='ocrx_word' id='word_1_151' title='bbox 761 2051 1194 2094; x_wconf 62' lang='lat' dir='ltr'><strong>CHLODOSVINDASI</strong></span> <span class='ocrx_word' id='word_1_152' title='bbox 1236 2056 1463 2095; x_wconf 70' lang='lat' dir='ltr'><strong>REGINAH</strong></span> <span class='ocrx_word' id='word_1_153' title='bbox 1507 2054 1979 2094; x_wconf 70' lang='lat' dir='ltr'><strong>LONGOBARDORUM.</strong></span> 
     </span>
    </p>
   </div>
   <div class='ocr_carea' id='block_1_25' title="bbox 597 2151 2107 2207">
    <p class='ocr_par' dir='ltr' id='par_1_25' title="bbox 597 2151 2107 2207">
     <span class='ocr_line' id='line_1_25' title="bbox 597 2151 2107 2207; baseline 0.001 -2"><span class='ocrx_word' id='word_1_154' title='bbox 597 2151 837 2206; x_wconf 65' lang='lat' dir='ltr'><strong>Domina;</strong></span> <span class='ocrx_word' id='word_1_155' title='bbox 874 2152 1310 2207; x_wconf 73' lang='lat' dir='ltr'><strong>clementissima:</strong></span> <span class='ocrx_word' id='word_1_156' title='bbox 1350 2154 1401 2207; x_wconf 93' lang='lat' dir='ltr'><strong>in</strong></span> <span class='ocrx_word' id='word_1_157' title='bbox 1432 2153 1645 2207; x_wconf 83' lang='lat' dir='ltr'><strong>Christo</strong></span> <span class='ocrx_word' id='word_1_158' title='bbox 1683 2153 1806 2207; x_wconf 70' lang='lat' dir='ltr'><strong>filia:</strong></span> <span class='ocrx_word' id='word_1_159' title='bbox 1845 2151 2107 2207; x_wconf 82' lang='lat' dir='ltr'><strong>Chlodos-</strong></span> 
     </span>
    </p>
   </div>
   <div class='ocr_carea' id='block_1_26' title="bbox 520 2241 1486 2312">
    <p class='ocr_par' dir='ltr' id='par_1_26' title="bbox 520 2241 1486 2312">
     <span class='ocr_line' id='line_1_26' title="bbox 520 2241 1486 2312; baseline 0 -15"><span class='ocrx_word' id='word_1_160' title='bbox 520 2241 693 2298; x_wconf 77' lang='lat' dir='ltr'><strong>vinda:</strong></span> <span class='ocrx_word' id='word_1_161' title='bbox 723 2243 922 2311; x_wconf 84' lang='lat' dir='ltr'><strong>reginae</strong></span> <span class='ocrx_word' id='word_1_162' title='bbox 951 2243 1185 2297; x_wconf 74' lang='lat' dir='ltr'><strong>Nicetius</strong></span> <span class='ocrx_word' id='word_1_163' title='bbox 1218 2252 1486 2312; x_wconf 89' lang='lat' dir='ltr'><strong>peccator.</strong></span> 
     </span>
    </p>
   </div>
   <div class='ocr_carea' id='block_1_27' title="bbox 593 2330 2101 2401">
    <p class='ocr_par' dir='ltr' id='par_1_27' title="bbox 593 2330 2101 2401">
     <span class='ocr_line' id='line_1_27' title="bbox 593 2330 2101 2401; baseline -0.001 -16"><span class='ocrx_word' id='word_1_164' title='bbox 593 2331 638 2386; x_wconf 85' lang='grc' dir='ltr'><strong>Ι.</strong></span> <span class='ocrx_word' id='word_1_165' title='bbox 695 2330 828 2386; x_wconf 91' lang='lat' dir='ltr'><strong>Cum</strong></span> <span class='ocrx_word' id='word_1_166' title='bbox 884 2332 1087 2401; x_wconf 89' lang='lat' dir='ltr'><strong>legatos</strong></span> <span class='ocrx_word' id='word_1_167' title='bbox 1135 2342 1346 2387; x_wconf 83' lang='lat' dir='ltr'><strong>vestros</strong></span> <span class='ocrx_word' id='word_1_168' title='bbox 1402 2349 1495 2401; x_wconf 88' lang='lat' dir='ltr'><strong>per</strong></span> <span class='ocrx_word' id='word_1_169' title='bbox 1536 2332 1864 2388; x_wconf 86' lang='lat' dir='ltr'><strong>Francorum</strong></span> <span class='ocrx_word' id='word_1_170' title='bbox 1915 2348 2101 2401; x_wconf 79' lang='lat' dir='ltr'><strong>reges,</strong></span> 
     </span>
    </p>
   </div>
   <div class='ocr_carea' id='block_1_28' title="bbox 521 2424 2106 2493">
    <p class='ocr_par' dir='ltr' id='par_1_28' title="bbox 521 2424 2106 2493">
     <span class='ocr_line' id='line_1_28' title="bbox 521 2424 2106 2493; baseline 0.001 -17"><span class='ocrx_word' id='word_1_171' title='bbox 521 2437 805 2489; x_wconf 68' lang='lat' dir='ltr'><strong>germanas</strong></span> <span class='ocrx_word' id='word_1_172' title='bbox 856 2431 999 2489; x_wconf 92' lang='lat' dir='ltr'><strong>tuos,</strong></span> <span class='ocrx_word' id='word_1_173' title='bbox 1056 2425 1136 2479; x_wconf 92' lang='lat' dir='ltr'><strong>ire</strong></span> <span class='ocrx_word' id='word_1_174' title='bbox 1185 2425 1570 2493; x_wconf 85' lang='lat' dir='ltr'><strong>conspicimus,</strong></span> <span class='ocrx_word' id='word_1_175' title='bbox 1626 2424 1693 2479; x_wconf 90' lang='lat' dir='ltr'><strong>de</strong></span> <span class='ocrx_word' id='word_1_176' title='bbox 1750 2426 2106 2493; x_wconf 88' lang='lat' dir='ltr'><strong>prosperitate</strong></span> 
     </span>
    </p>
   </div>
   <div class='ocr_carea' id='block_1_29' title="bbox 523 2515 2105 2587">
    <p class='ocr_par' dir='ltr' id='par_1_29' title="bbox 523 2515 2105 2587">
     <span class='ocr_line' id='line_1_29' title="bbox 523 2515 2105 2587; baseline 0.005 -22"><span class='ocrx_word' id='word_1_177' title='bbox 523 2527 699 2569; x_wconf 82' lang='lat' dir='ltr'><strong>vestra</strong></span> <span class='ocrx_word' id='word_1_178' title='bbox 730 2515 946 2570; x_wconf 89' lang='lat' dir='ltr'><strong>solliciti</strong></span> <span class='ocrx_word' id='word_1_179' title='bbox 975 2530 1179 2571; x_wconf 88' lang='lat' dir='ltr'><strong>sumus.</strong></span> <span class='ocrx_word' id='word_1_180' title='bbox 1236 2518 1341 2573; x_wconf 86' lang='lat' dir='ltr'><strong>Sed</strong></span> <span class='ocrx_word' id='word_1_181' title='bbox 1383 2518 1471 2572; x_wconf 88' lang='lat' dir='ltr'><strong>illa</strong></span> <span class='ocrx_word' id='word_1_182' title='bbox 1510 2518 1634 2573; x_wconf 86' lang='lat' dir='ltr'><strong>inde</strong></span> <span class='ocrx_word' id='word_1_183' title='bbox 1667 2519 1931 2584; x_wconf 87' lang='lat' dir='ltr'><strong>audimus,</strong></span> <span class='ocrx_word' id='word_1_184' title='bbox 1964 2518 2105 2587; x_wconf 88' lang='lat' dir='ltr'><strong>quod</strong></span> 
     </span>
    </p>
   </div>
   <div class='ocr_carea' id='block_1_30' title="bbox 522 2611 2101 2679">
    <p class='ocr_par' dir='ltr' id='par_1_30' title="bbox 522 2611 2101 2679">
     <span class='ocr_line' id='line_1_30' title="bbox 522 2611 2101 2679; baseline 0.004 -22"><span class='ocrx_word' id='word_1_185' title='bbox 522 2623 681 2675; x_wconf 83' lang='lat' dir='ltr'><strong>quant</strong></span> <span class='ocrx_word' id='word_1_186' title='bbox 732 2622 945 2678; x_wconf 85' lang='lat' dir='ltr'><strong>semper</strong></span> <span class='ocrx_word' id='word_1_187' title='bbox 995 2625 1187 2664; x_wconf 84' lang='lat' dir='ltr'><strong>sonare</strong></span> <span class='ocrx_word' id='word_1_188' title='bbox 1228 2612 1386 2665; x_wconf 91' lang='lat' dir='ltr'><strong>etiam</strong></span> <span class='ocrx_word' id='word_1_189' title='bbox 1435 2619 1489 2665; x_wconf 92' lang='lat' dir='ltr'><strong>et</strong></span> <span class='ocrx_word' id='word_1_190' title='bbox 1526 2625 1718 2665; x_wconf 91' lang='lat' dir='ltr'><strong>sonare</strong></span> <span class='ocrx_word' id='word_1_191' title='bbox 1763 2611 2101 2679; x_wconf 84' lang='lat' dir='ltr'><strong>confitemur,</strong></span> 
     </span>
    </p>
   </div>
   <div class='ocr_carea' id='block_1_31' title="bbox 520 2703 2102 2776">
    <p class='ocr_par' dir='ltr' id='par_1_31' title="bbox 520 2703 2102 2776">
     <span class='ocr_line' id='line_1_31' title="bbox 520 2703 2102 2776; baseline 0.003 -23"><span class='ocrx_word' id='word_1_192' title='bbox 520 2716 679 2768; x_wconf 85' lang='lat' dir='ltr'><strong>quam</strong></span> <span class='ocrx_word' id='word_1_193' title='bbox 707 2703 918 2771; x_wconf 77' lang='lat' dir='ltr'><strong>magna,</strong></span> <span class='ocrx_word' id='word_1_194' title='bbox 953 2718 1109 2773; x_wconf 88' lang='lat' dir='ltr'><strong>quam</strong></span> <span class='ocrx_word' id='word_1_195' title='bbox 1138 2705 1262 2769; x_wconf 91' lang='lat' dir='ltr'><strong>alta,</strong></span> <span class='ocrx_word' id='word_1_196' title='bbox 1291 2720 1448 2775; x_wconf 91' lang='lat' dir='ltr'><strong>quam</strong></span> <span class='ocrx_word' id='word_1_197' title='bbox 1478 2706 1777 2772; x_wconf 89' lang='lat' dir='ltr'><strong>laudabilis,</strong></span> <span class='ocrx_word' id='word_1_198' title='bbox 1806 2722 1964 2776; x_wconf 91' lang='lat' dir='ltr'><strong>quam</strong></span> <span class='ocrx_word' id='word_1_199' title='bbox 1999 2709 2102 2760; x_wconf 80' lang='lat' dir='ltr'><strong>uti-</strong></span> 
     </span>
    </p>
   </div>
   <div class='ocr_carea' id='block_1_32' title="bbox 519 2792 2105 2867">
    <p class='ocr_par' dir='ltr' id='par_1_32' title="bbox 519 2792 2105 2867">
     <span class='ocr_line' id='line_1_32' title="bbox 519 2792 2105 2867; baseline 0.002 -21"><span class='ocrx_word' id='word_1_200' title='bbox 519 2792 605 2860; x_wconf 90' lang='lat' dir='ltr'><strong>lis,</strong></span> <span class='ocrx_word' id='word_1_201' title='bbox 634 2808 792 2862; x_wconf 89' lang='lat' dir='ltr'><strong>quam</strong></span> <span class='ocrx_word' id='word_1_202' title='bbox 822 2793 1049 2849; x_wconf 89' lang='lat' dir='ltr'><strong>humana</strong></span> <span class='ocrx_word' id='word_1_203' title='bbox 1080 2795 1164 2851; x_wconf 89' lang='lat' dir='ltr'><strong>vel</strong></span> <span class='ocrx_word' id='word_1_204' title='bbox 1192 2796 1471 2861; x_wconf 88' lang='lat' dir='ltr'><strong>munifica;</strong></span> <span class='ocrx_word' id='word_1_205' title='bbox 1515 2797 1783 2863; x_wconf 89' lang='lat' dir='ltr'><strong>quomodo</strong></span> <span class='ocrx_word' id='word_1_206' title='bbox 1811 2798 1877 2851; x_wconf 88' lang='lat' dir='ltr'><strong>de</strong></span> <span class='ocrx_word' id='word_1_207' title='bbox 1905 2812 2105 2867; x_wconf 86' lang='lat' dir='ltr'><strong>paupe-</strong></span> 
     </span>
    </p>
   </div>
   <div class='ocr_carea' id='block_1_33' title="bbox 519 2884 2107 2955">
    <p class='ocr_par' dir='ltr' id='par_1_33' title="bbox 519 2884 2107 2955">
     <span class='ocr_line' id='line_1_33' title="bbox 519 2884 2107 2955; baseline 0.001 -18"><span class='ocrx_word' id='word_1_208' title='bbox 519 2884 668 2938; x_wconf 89' lang='lat' dir='ltr'><strong>ribus</strong></span> <span class='ocrx_word' id='word_1_209' title='bbox 704 2884 951 2949; x_wconf 90' lang='lat' dir='ltr'><strong>sollicita,</strong></span> <span class='ocrx_word' id='word_1_210' title='bbox 991 2886 1260 2955; x_wconf 91' lang='lat' dir='ltr'><strong>quomodo</strong></span> <span class='ocrx_word' id='word_1_211' title='bbox 1297 2886 1363 2940; x_wconf 93' lang='lat' dir='ltr'><strong>de</strong></span> <span class='ocrx_word' id='word_1_212' title='bbox 1409 2886 1623 2953; x_wconf 85' lang='lat' dir='ltr'><strong>regione</strong></span> <span class='ocrx_word' id='word_1_213' title='bbox 1662 2895 1687 2923; x_wconf 74' lang='lat'><strong><em>°</em></strong></span> <span class='ocrx_word' id='word_1_214' title='bbox 1730 2895 1924 2951; x_wconf 91' lang='lat' dir='ltr'><strong>astuta,</strong></span> <span class='ocrx_word' id='word_1_215' title='bbox 1974 2902 2107 2954; x_wconf 87' lang='lat' dir='ltr'><strong>quu-</strong></span> 
     </span>
    </p>
   </div>
   <div class='ocr_carea' id='block_1_34' title="bbox 521 2974 2100 3048">
    <p class='ocr_par' dir='ltr' id='par_1_34' title="bbox 521 2974 2100 3048">
     <span class='ocr_line' id='line_1_34' title="bbox 521 2974 2100 3048; baseline 0.003 -19"><span class='ocrx_word' id='word_1_216' title='bbox 521 2974 681 3031; x_wconf 87' lang='lat' dir='ltr'><strong>tnodo</strong></span> <span class='ocrx_word' id='word_1_217' title='bbox 718 2977 771 3031; x_wconf 91' lang='lat' dir='ltr'><strong>in</strong></span> <span class='ocrx_word' id='word_1_218' title='bbox 801 2987 994 3032; x_wconf 91' lang='lat' dir='ltr'><strong>cuncto</strong></span> <span class='ocrx_word' id='word_1_219' title='bbox 1021 2979 1216 3046; x_wconf 91' lang='lat' dir='ltr'><strong>populo</strong></span> <span class='ocrx_word' id='word_1_220' title='bbox 1247 2978 1330 3045; x_wconf 86' lang='lat' dir='ltr'><strong>pia</strong></span> <span class='ocrx_word' id='word_1_221' title='bbox 1361 2979 1769 3033; x_wconf 87' lang='lat' dir='ltr'><strong>conversatione</strong></span> <span class='ocrx_word' id='word_1_222' title='bbox 1804 2980 2100 3048; x_wconf 88' lang='lat' dir='ltr'><strong>splendida.</strong></span> 
     </span>
    </p>
   </div>
   <div class='ocr_carea' id='block_1_35' title="bbox 520 3066 2106 3139">
    <p class='ocr_par' dir='ltr' id='par_1_35' title="bbox 520 3066 2106 3139">
     <span class='ocr_line' id='line_1_35' title="bbox 520 3066 2106 3139; baseline 0.001 -18"><span class='ocrx_word' id='word_1_223' title='bbox 520 3066 615 3122; x_wconf 90' lang='lat' dir='ltr'><strong>llle</strong></span> <span class='ocrx_word' id='word_1_224' title='bbox 645 3068 747 3124; x_wconf 92' lang='lat' dir='ltr'><strong>hoc</strong></span> <span class='ocrx_word' id='word_1_225' title='bbox 780 3070 1039 3125; x_wconf 82' lang='lat' dir='ltr'><strong>concedat</strong></span> <span class='ocrx_word' id='word_1_226' title='bbox 1069 3069 1157 3139; x_wconf 88' lang='lat' dir='ltr'><strong>qui</strong></span> <span class='ocrx_word' id='word_1_227' title='bbox 1200 3069 1295 3122; x_wconf 91' lang='lat' dir='ltr'><strong>tibi</strong></span> <span class='ocrx_word' id='word_1_228' title='bbox 1333 3069 1574 3136; x_wconf 87' lang='lat' dir='ltr'><strong>spiritum</strong></span> <span class='ocrx_word' id='word_1_229' title='bbox 1615 3070 1891 3139; x_wconf 75' lang='lat' dir='ltr'><strong>sapientiae</strong></span> <span class='ocrx_word' id='word_1_230' title='bbox 1927 3078 1981 3125; x_wconf 90' lang='lat' dir='ltr'><strong>et</strong></span> <span class='ocrx_word' id='word_1_231' title='bbox 2024 3071 2106 3125; x_wconf 87' lang='lat' dir='ltr'><strong>in-</strong></span> 
     </span>
    </p>
   </div>
   <div class='ocr_carea' id='block_1_36' title="bbox 519 3158 2104 3231">
    <p class='ocr_par' dir='ltr' id='par_1_36' title="bbox 519 3158 2104 3231">
     <span class='ocr_line' id='line_1_36' title="bbox 519 3158 2104 3231; baseline 0.003 -18"><span class='ocrx_word' id='word_1_232' title='bbox 519 3159 765 3216; x_wconf 82' lang='lat' dir='ltr'><strong>tellectus</strong></span> <span class='ocrx_word' id='word_1_233' title='bbox 785 3161 897 3231; x_wconf 88' lang='lat' dir='ltr'><strong>jam</strong></span> <span class='ocrx_word' id='word_1_234' title='bbox 922 3160 1088 3215; x_wconf 91' lang='lat' dir='ltr'><strong>dedit.</strong></span> <span class='ocrx_word' id='word_1_235' title='bbox 1140 3158 1447 3216; x_wconf 88' lang='lat' dir='ltr'><strong>Gaudemus</strong></span> <span class='ocrx_word' id='word_1_236' title='bbox 1476 3176 1541 3215; x_wconf 83' lang='lat' dir='ltr'><strong>ex</strong></span> <span class='ocrx_word' id='word_1_237' title='bbox 1571 3162 1671 3216; x_wconf 90' lang='lat' dir='ltr'><strong>hoc</strong></span> <span class='ocrx_word' id='word_1_238' title='bbox 1703 3180 1717 3217; x_wconf 89' lang='lat'><strong>:</strong></span> <span class='ocrx_word' id='word_1_239' title='bbox 1746 3162 1979 3231; x_wconf 88' lang='lat' dir='ltr'><strong>gaudere</strong></span> <span class='ocrx_word' id='word_1_240' title='bbox 2005 3176 2104 3217; x_wconf 89' lang='lat' dir='ltr'><strong>nos</strong></span> 
     </span>
    </p>
   </div>
   <div class='ocr_carea' id='block_1_37' title="bbox 518 3247 2103 3322">
    <p class='ocr_par' dir='ltr' id='par_1_37' title="bbox 518 3247 2103 3322">
     <span class='ocr_line' id='line_1_37' title="bbox 518 3247 2103 3322; baseline 0.001 -17"><span class='ocrx_word' id='word_1_241' title='bbox 518 3247 762 3307; x_wconf 87' lang='lat' dir='ltr'><strong>Christus</strong></span> <span class='ocrx_word' id='word_1_242' title='bbox 799 3250 960 3305; x_wconf 81' lang='lat' dir='ltr'><strong>faciat</strong></span> <span class='ocrx_word' id='word_1_243' title='bbox 995 3251 1063 3305; x_wconf 92' lang='lat' dir='ltr'><strong>de</strong></span> <span class='ocrx_word' id='word_1_244' title='bbox 1087 3250 1317 3305; x_wconf 90' lang='lat' dir='ltr'><strong>Alboino</strong></span> <span class='ocrx_word' id='word_1_245' title='bbox 1357 3266 1481 3321; x_wconf 88' lang='lat' dir='ltr'><strong>rege</strong></span> <span class='ocrx_word' id='word_1_246' title='bbox 1520 3267 1677 3322; x_wconf 92' lang='lat' dir='ltr'><strong>quem</strong></span> <span class='ocrx_word' id='word_1_247' title='bbox 1720 3252 1907 3319; x_wconf 84' lang='lat' dir='ltr'><strong>habes,</strong></span> <span class='ocrx_word' id='word_1_248' title='bbox 1945 3263 2000 3309; x_wconf 90' lang='lat' dir='ltr'><strong>et</strong></span> <span class='ocrx_word' id='word_1_249' title='bbox 2036 3254 2103 3308; x_wconf 92' lang='lat' dir='ltr'><strong>dc</strong></span> 
     </span>
    </p>
   </div>
   <div class='ocr_carea' id='block_1_38' title="bbox 2140 1949 3786 2024">
    <p class='ocr_par' dir='ltr' id='par_1_38' title="bbox 2140 1949 3786 2024">
     <span class='ocr_line' id='line_1_38' title="bbox 2140 1949 3786 2024; baseline 0.006 -24"><span class='ocrx_word' id='word_1_250' title='bbox 2140 1954 2183 2011; x_wconf 78' lang='grc' dir='ltr'>Β</span> <span class='ocrx_word' id='word_1_251' title='bbox 2217 1949 2328 2001; x_wconf 89' lang='lat' dir='ltr'><strong>Duo</strong></span> <span class='ocrx_word' id='word_1_252' title='bbox 2366 1958 2488 2003; x_wconf 92' lang='lat' dir='ltr'><strong>sunt</strong></span> <span class='ocrx_word' id='word_1_253' title='bbox 2521 1949 2851 2016; x_wconf 87' lang='lat' dir='ltr'><strong>Salvatores,</strong></span> <span class='ocrx_word' id='word_1_254' title='bbox 2884 1952 3022 2007; x_wconf 92' lang='lat' dir='ltr'><strong>istud</strong></span> <span class='ocrx_word' id='word_1_255' title='bbox 3055 1954 3310 2024; x_wconf 91' lang='lat' dir='ltr'><strong>scriptum</strong></span> <span class='ocrx_word' id='word_1_256' title='bbox 3343 1969 3605 2023; x_wconf 84' lang='lat' dir='ltr'><strong>nusquam</strong></span> <span class='ocrx_word' id='word_1_257' title='bbox 3641 1956 3786 2010; x_wconf 79' lang='lat' dir='ltr'><strong>inve-</strong></span> 
     </span>
    </p>
   </div>
   <div class='ocr_carea' id='block_1_39' title="bbox 2213 2039 3784 2115">
    <p class='ocr_par' dir='ltr' id='par_1_39' title="bbox 2213 2039 3784 2115">
     <span class='ocr_line' id='line_1_39' title="bbox 2213 2039 3784 2115; baseline 0.005 -24"><span class='ocrx_word' id='word_1_258' title='bbox 2213 2043 2382 2105; x_wconf 86' lang='lat' dir='ltr'><strong>nient,</strong></span> <span class='ocrx_word' id='word_1_259' title='bbox 2410 2040 2532 2105; x_wconf 82' lang='lat' dir='ltr'><strong>nisi,</strong></span> <span class='ocrx_word' id='word_1_260' title='bbox 2566 2039 2676 2112; x_wconf 77' lang='lat' dir='ltr'><strong>Ego</strong></span> <span class='ocrx_word' id='word_1_261' title='bbox 2705 2052 2751 2094; x_wconf 87' lang='lat' dir='ltr'><strong>et</strong></span> <span class='ocrx_word' id='word_1_262' title='bbox 2778 2041 2933 2095; x_wconf 87' lang='lat' dir='ltr'><strong>Pater</strong></span> <span class='ocrx_word' id='word_1_263' title='bbox 2957 2061 3110 2097; x_wconf 89' lang='lat' dir='ltr'><strong>unum</strong></span> <span class='ocrx_word' id='word_1_264' title='bbox 3149 2061 3326 2099; x_wconf 81' lang='lat' dir='ltr'><strong>sumus</strong></span> <span class='ocrx_word' id='word_1_265' title='bbox 3374 2046 3553 2115; x_wconf 82' lang='lat' dir='ltr'><strong>(Joan.</strong></span> <span class='ocrx_word' id='word_1_266' title='bbox 3585 2063 3641 2109; x_wconf 68' lang='grc' dir='ltr'><strong>χ,</strong></span> <span class='ocrx_word' id='word_1_267' title='bbox 3668 2046 3784 2107; x_wconf 83' lang='grc'><strong>’50);</strong></span> 
     </span>
    </p>
   </div>
   <div class='ocr_carea' id='block_1_40' title="bbox 2212 2131 3792 2199">
    <p class='ocr_par' dir='ltr' id='par_1_40' title="bbox 2212 2131 3792 2199">
     <span class='ocr_line' id='line_1_40' title="bbox 2212 2131 3792 2199; baseline 0.002 -15"><span class='ocrx_word' id='word_1_268' title='bbox 2212 2132 2312 2184; x_wconf 93' lang='lat' dir='ltr'><strong>hoc</strong></span> <span class='ocrx_word' id='word_1_269' title='bbox 2336 2140 2433 2195; x_wconf 88' lang='lat' dir='ltr'><strong>est,</strong></span> <span class='ocrx_word' id='word_1_270' title='bbox 2469 2131 2624 2185; x_wconf 88' lang='lat' dir='ltr'><strong>Pater</strong></span> <span class='ocrx_word' id='word_1_271' title='bbox 2656 2132 2705 2185; x_wconf 92' lang='lat' dir='ltr'><strong>in</strong></span> <span class='ocrx_word' id='word_1_272' title='bbox 2734 2132 2869 2186; x_wconf 80' lang='lat' dir='ltr'><strong>Filio</strong></span> <span class='ocrx_word' id='word_1_273' title='bbox 2890 2141 3084 2188; x_wconf 88' lang='lat' dir='ltr'><strong>etcum</strong></span> <span class='ocrx_word' id='word_1_274' title='bbox 3112 2133 3267 2199; x_wconf 90' lang='lat' dir='ltr'><strong>Filio,</strong></span> <span class='ocrx_word' id='word_1_275' title='bbox 3292 2143 3345 2189; x_wconf 91' lang='lat' dir='ltr'><strong>et</strong></span> <span class='ocrx_word' id='word_1_276' title='bbox 3371 2136 3535 2188; x_wconf 13' lang='lat' dir='ltr'><strong>Filius</strong></span> <span class='ocrx_word' id='word_1_277' title='bbox 3565 2136 3619 2188; x_wconf 93' lang='lat' dir='ltr'><strong>in</strong></span> <span class='ocrx_word' id='word_1_278' title='bbox 3644 2136 3792 2187; x_wconf 86' lang='lat' dir='ltr'><strong>Patre</strong></span> 
     </span>
    </p>
   </div>
   <div class='ocr_carea' id='block_1_41' title="bbox 2210 2223 3793 2296">
    <p class='ocr_par' dir='ltr' id='par_1_41' title="bbox 2210 2223 3793 2296">
     <span class='ocr_line' id='line_1_41' title="bbox 2210 2223 3793 2296; baseline 0.003 -20"><span class='ocrx_word' id='word_1_279' title='bbox 2210 2232 2408 2277; x_wconf 89' lang='lat' dir='ltr'><strong>etcum</strong></span> <span class='ocrx_word' id='word_1_280' title='bbox 2440 2223 2616 2277; x_wconf 89' lang='lat' dir='ltr'><strong>Patre.</strong></span> <span class='ocrx_word' id='word_1_281' title='bbox 2654 2224 2793 2279; x_wconf 77' lang='lat' dir='ltr'><strong>Deus</strong></span> <span class='ocrx_word' id='word_1_282' title='bbox 2824 2240 2933 2294; x_wconf 76' lang='lat' dir='ltr'><strong>pra:</strong></span> <span class='ocrx_word' id='word_1_283' title='bbox 2964 2228 3325 2296; x_wconf 82' lang='lat' dir='ltr'><strong>magnitudine</strong></span> <span class='ocrx_word' id='word_1_284' title='bbox 3352 2228 3520 2281; x_wconf 89' lang='lat' dir='ltr'><strong>videri</strong></span> <span class='ocrx_word' id='word_1_285' title='bbox 3550 2228 3619 2281; x_wconf 91' lang='lat' dir='ltr'><strong>ab</strong></span> <span class='ocrx_word' id='word_1_286' title='bbox 3644 2228 3793 2281; x_wconf 83' lang='lat' dir='ltr'><strong>oculo</strong></span> 
     </span>
    </p>
   </div>
   <div class='ocr_carea' id='block_1_42' title="bbox 2213 2314 3789 2387">
    <p class='ocr_par' dir='ltr' id='par_1_42' title="bbox 2213 2314 3789 2387">
     <span class='ocr_line' id='line_1_42' title="bbox 2213 2314 3789 2387; baseline 0.003 -20"><span class='ocrx_word' id='word_1_287' title='bbox 2213 2314 2443 2367; x_wconf 91' lang='lat' dir='ltr'><strong>humano</strong></span> <span class='ocrx_word' id='word_1_288' title='bbox 2484 2330 2587 2368; x_wconf 91' lang='lat' dir='ltr'><strong>non</strong></span> <span class='ocrx_word' id='word_1_289' title='bbox 2631 2324 2837 2384; x_wconf 83' lang='lat' dir='ltr'><strong>putest,</strong></span> <span class='ocrx_word' id='word_1_290' title='bbox 2880 2318 2968 2386; x_wconf 91' lang='lat' dir='ltr'><strong>qui</strong></span> <span class='ocrx_word' id='word_1_291' title='bbox 3011 2326 3213 2371; x_wconf 91' lang='lat' dir='ltr'><strong>tantum</strong></span> <span class='ocrx_word' id='word_1_292' title='bbox 3269 2318 3525 2387; x_wconf 82' lang='lat' dir='ltr'><strong>grandis,</strong></span> <span class='ocrx_word' id='word_1_293' title='bbox 3589 2326 3789 2371; x_wconf 88' lang='lat' dir='ltr'><strong>tantum</strong></span> 
     </span>
    </p>
   </div>
   <div class='ocr_carea' id='block_1_43' title="bbox 2210 2403 3795 2477">
    <p class='ocr_par' dir='ltr' id='par_1_43' title="bbox 2210 2403 3795 2477">
     <span class='ocr_line' id='line_1_43' title="bbox 2210 2403 3795 2477; baseline 0.002 -21"><span class='ocrx_word' id='word_1_294' title='bbox 2210 2403 2437 2473; x_wconf 84' lang='lat' dir='ltr'><strong>fulgens,</strong></span> <span class='ocrx_word' id='word_1_295' title='bbox 2473 2414 2677 2459; x_wconf 88' lang='lat' dir='ltr'><strong>tantum</strong></span> <span class='ocrx_word' id='word_1_296' title='bbox 2707 2408 2867 2460; x_wconf 90' lang='lat' dir='ltr'><strong>etiam</strong></span> <span class='ocrx_word' id='word_1_297' title='bbox 2907 2409 3089 2475; x_wconf 90' lang='lat' dir='ltr'><strong>igneus</strong></span> <span class='ocrx_word' id='word_1_298' title='bbox 3117 2418 3214 2462; x_wconf 89' lang='lat' dir='ltr'><strong>est.</strong></span> <span class='ocrx_word' id='word_1_299' title='bbox 3273 2408 3525 2477; x_wconf 85' lang='lat' dir='ltr'><strong>Legimus</strong></span> <span class='ocrx_word' id='word_1_300' title='bbox 3554 2425 3567 2459; x_wconf 90' lang='lat'><strong>:</strong></span> <span class='ocrx_word' id='word_1_301' title='bbox 3600 2407 3667 2460; x_wconf 85' lang='lat' dir='ltr'><strong>In</strong></span> <span class='ocrx_word' id='word_1_302' title='bbox 3708 2411 3795 2459; x_wconf 85' lang='lat' dir='ltr'><strong>cir-</strong></span> 
     </span>
    </p>
   </div>
   <div class='ocr_carea' id='block_1_44' title="bbox 2208 2497 3793 2569">
    <p class='ocr_par' dir='ltr' id='par_1_44' title="bbox 2208 2497 3793 2569">
     <span class='ocr_line' id='line_1_44' title="bbox 2208 2497 3793 2569; baseline 0.003 -22"><span class='ocrx_word' id='word_1_303' title='bbox 2208 2499 2350 2547; x_wconf 82' lang='lat' dir='ltr'><strong>cuitu</strong></span> <span class='ocrx_word' id='word_1_304' title='bbox 2378 2497 2491 2549; x_wconf 84' lang='lat' dir='ltr'><strong>coeli</strong></span> <span class='ocrx_word' id='word_1_305' title='bbox 2517 2506 2563 2548; x_wconf 88' lang='lat' dir='ltr'><strong>ct</strong></span> <span class='ocrx_word' id='word_1_306' title='bbox 2594 2506 2741 2549; x_wconf 72' lang='lat' dir='ltr'><strong>terrm</strong></span> <span class='ocrx_word' id='word_1_307' title='bbox 2768 2497 3151 2550; x_wconf 80' lang='lat' dir='ltr'><strong>tabernaculum</strong></span> <span class='ocrx_word' id='word_1_308' title='bbox 3178 2500 3287 2569; x_wconf 81' lang='lat' dir='ltr'><strong>ejus</strong></span> <span class='ocrx_word' id='word_1_309' title='bbox 3310 2497 3483 2569; x_wconf 82' lang='lat' dir='ltr'><strong>(Psal.</strong></span> <span class='ocrx_word' id='word_1_310' title='bbox 3516 2514 3648 2563; x_wconf 81' lang='lat' dir='ltr'><strong>xvu,</strong></span> <span class='ocrx_word' id='word_1_311' title='bbox 3674 2499 3793 2566; x_wconf 64' lang='lat'><strong>1&#39;2);</strong></span> 
     </span>
    </p>
   </div>
   <div class='ocr_carea' id='block_1_45' title="bbox 2208 2586 3797 2658">
    <p class='ocr_par' dir='ltr' id='par_1_45' title="bbox 2208 2586 3797 2658">
     <span class='ocr_line' id='line_1_45' title="bbox 2208 2586 3797 2658; baseline 0.003 -19"><span class='ocrx_word' id='word_1_312' title='bbox 2208 2586 2348 2655; x_wconf 90' lang='lat' dir='ltr'><strong>quod</strong></span> <span class='ocrx_word' id='word_1_313' title='bbox 2386 2589 2545 2640; x_wconf 89' lang='lat' dir='ltr'><strong>etiam</strong></span> <span class='ocrx_word' id='word_1_314' title='bbox 2585 2602 2693 2655; x_wconf 64' lang='lat' dir='ltr'><strong>prce</strong></span> <span class='ocrx_word' id='word_1_315' title='bbox 2737 2588 2835 2641; x_wconf 88' lang='lat' dir='ltr'><strong>ista</strong></span> <span class='ocrx_word' id='word_1_316' title='bbox 2879 2589 3239 2658; x_wconf 87' lang='lat' dir='ltr'><strong>magnitudine</strong></span> <span class='ocrx_word' id='word_1_317' title='bbox 3295 2598 3349 2644; x_wconf 88' lang='lat' dir='ltr'><strong>et</strong></span> <span class='ocrx_word' id='word_1_318' title='bbox 3388 2590 3688 2658; x_wconf 87' lang='lat' dir='ltr'><strong>splendore</strong></span> <span class='ocrx_word' id='word_1_319' title='bbox 3733 2591 3797 2643; x_wconf 87' lang='lat' dir='ltr'><strong>ab</strong></span> 
     </span>
    </p>
   </div>
   <div class='ocr_carea' id='block_1_46' title="bbox 2211 2678 3795 2753">
    <p class='ocr_par' dir='ltr' id='par_1_46' title="bbox 2211 2678 3795 2753">
     <span class='ocr_line' id='line_1_46' title="bbox 2211 2678 3795 2753; baseline 0.004 -24"><span class='ocrx_word' id='word_1_320' title='bbox 2211 2678 2425 2733; x_wconf 83' lang='lat' dir='ltr'><strong>homine</strong></span> <span class='ocrx_word' id='word_1_321' title='bbox 2464 2679 2633 2733; x_wconf 91' lang='lat' dir='ltr'><strong>videri</strong></span> <span class='ocrx_word' id='word_1_322' title='bbox 2678 2694 2782 2733; x_wconf 93' lang='lat' dir='ltr'><strong>non</strong></span> <span class='ocrx_word' id='word_1_323' title='bbox 2833 2690 3026 2748; x_wconf 87' lang='lat' dir='ltr'><strong>potest.</strong></span> <span class='ocrx_word' id='word_1_324' title='bbox 3086 2682 3361 2749; x_wconf 80' lang='lat' dir='ltr'><strong>Expressit</strong></span> <span class='ocrx_word' id='word_1_325' title='bbox 3398 2682 3465 2737; x_wconf 92' lang='lat' dir='ltr'><strong>de</strong></span> <span class='ocrx_word' id='word_1_326' title='bbox 3512 2696 3597 2746; x_wconf 89' lang='lat' dir='ltr'><strong>se,</strong></span> <span class='ocrx_word' id='word_1_327' title='bbox 3639 2698 3795 2753; x_wconf 83' lang='lat' dir='ltr'><strong>quem</strong></span> 
     </span>
    </p>
   </div>
   <div class='ocr_carea' id='block_1_47' title="bbox 2209 2771 3798 2842">
    <p class='ocr_par' dir='ltr' id='par_1_47' title="bbox 2209 2771 3798 2842">
     <span class='ocr_line' id='line_1_47' title="bbox 2209 2771 3798 2842; baseline 0.005 -19"><span class='ocrx_word' id='word_1_328' title='bbox 2209 2783 2423 2839; x_wconf 88' lang='lat' dir='ltr'><strong>semper</strong></span> <span class='ocrx_word' id='word_1_329' title='bbox 2448 2771 2630 2825; x_wconf 88' lang='lat' dir='ltr'><strong>habuit</strong></span> <span class='ocrx_word' id='word_1_330' title='bbox 2665 2773 2805 2841; x_wconf 90' lang='lat' dir='ltr'><strong>apud</strong></span> <span class='ocrx_word' id='word_1_331' title='bbox 2840 2787 2929 2838; x_wconf 89' lang='lat' dir='ltr'><strong>se;</strong></span> <span class='ocrx_word' id='word_1_332' title='bbox 2959 2773 3049 2842; x_wconf 90' lang='lat' dir='ltr'><strong>qtti</strong></span> <span class='ocrx_word' id='word_1_333' title='bbox 3091 2774 3366 2828; x_wconf 87' lang='lat' dir='ltr'><strong>latibulum</strong></span> <span class='ocrx_word' id='word_1_334' title='bbox 3403 2775 3508 2830; x_wconf 89' lang='lat' dir='ltr'><strong>sibi</strong></span> <span class='ocrx_word' id='word_1_335' title='bbox 3540 2776 3612 2831; x_wconf 89' lang='lat' dir='ltr'><strong>de</strong></span> <span class='ocrx_word' id='word_1_336' title='bbox 3641 2791 3798 2831; x_wconf 83' lang='lat' dir='ltr'><strong>carne</strong></span> 
     </span>
    </p>
   </div>
   <div class='ocr_carea' id='block_1_48' title="bbox 2210 2864 3799 2937">
    <p class='ocr_par' dir='ltr' id='par_1_48' title="bbox 2210 2864 3799 2937">
     <span class='ocr_line' id='line_1_48' title="bbox 2210 2864 3799 2937; baseline 0.003 -19"><span class='ocrx_word' id='word_1_337' title='bbox 2210 2864 2362 2929; x_wconf 81' lang='lat' dir='ltr'><strong>fecit;</strong></span> <span class='ocrx_word' id='word_1_338' title='bbox 2396 2874 2451 2919; x_wconf 89' lang='lat' dir='ltr'><strong>et</strong></span> <span class='ocrx_word' id='word_1_339' title='bbox 2480 2866 2601 2920; x_wconf 87' lang='lat' dir='ltr'><strong>ideo</strong></span> <span class='ocrx_word' id='word_1_340' title='bbox 2628 2868 2903 2937; x_wconf 86' lang='lat' dir='ltr'><strong>Scriptura</strong></span> <span class='ocrx_word' id='word_1_341' title='bbox 2931 2867 3063 2922; x_wconf 90' lang='lat' dir='ltr'><strong>dicit</strong></span> <span class='ocrx_word' id='word_1_342' title='bbox 3092 2885 3107 2922; x_wconf 90' lang='lat'><strong>:</strong></span> <span class='ocrx_word' id='word_1_343' title='bbox 3140 2867 3323 2923; x_wconf 87' lang='lat' dir='ltr'><strong>Posuit</strong></span> <span class='ocrx_word' id='word_1_344' title='bbox 3354 2869 3586 2923; x_wconf 73' lang='lat' dir='ltr'><strong>tenebras</strong></span> <span class='ocrx_word' id='word_1_345' title='bbox 3614 2872 3799 2924; x_wconf 82' lang='lat' dir='ltr'><strong>latibu-</strong></span> 
     </span>
    </p>
   </div>
   <div class='ocr_carea' id='block_1_49' title="bbox 2209 2956 3795 3028">
    <p class='ocr_par' dir='ltr' id='par_1_49' title="bbox 2209 2956 3795 3028">
     <span class='ocr_line' id='line_1_49' title="bbox 2209 2956 3795 3028; baseline 0.005 -21"><span class='ocrx_word' id='word_1_346' title='bbox 2209 2957 2313 3007; x_wconf 90' lang='lat' dir='ltr'><strong>lum</strong></span> <span class='ocrx_word' id='word_1_347' title='bbox 2342 2973 2492 3009; x_wconf 85' lang='lat' dir='ltr'><strong>suum</strong></span> <span class='ocrx_word' id='word_1_348' title='bbox 2524 2956 2740 3027; x_wconf 86' lang='lat' dir='ltr'><strong>(Ibid.).</strong></span> <span class='ocrx_word' id='word_1_349' title='bbox 2784 2958 3014 3027; x_wconf 89' lang='lat' dir='ltr'><strong>Ideoque</strong></span> <span class='ocrx_word' id='word_1_350' title='bbox 3054 2959 3106 3012; x_wconf 92' lang='lat' dir='ltr'><strong>in</strong></span> <span class='ocrx_word' id='word_1_351' title='bbox 3137 2958 3425 3028; x_wconf 88' lang='lat' dir='ltr'><strong>Evangelio</strong></span> <span class='ocrx_word' id='word_1_352' title='bbox 3463 2961 3539 3015; x_wconf 86' lang='lat' dir='ltr'><strong>ait</strong></span> <span class='ocrx_word' id='word_1_353' title='bbox 3564 2961 3795 3015; x_wconf 78' lang='lat' dir='ltr'><strong>Verbum</strong></span> 
     </span>
    </p>
   </div>
   <div class='ocr_carea' id='block_1_50' title="bbox 2211 3047 3793 3122">
    <p class='ocr_par' dir='ltr' id='par_1_50' title="bbox 2211 3047 3793 3122">
     <span class='ocr_line' id='line_1_50' title="bbox 2211 3047 3793 3122; baseline 0.003 -22"><span class='ocrx_word' id='word_1_354' title='bbox 2211 3047 2323 3112; x_wconf 88' lang='lat' dir='ltr'><strong>Dei,</strong></span> <span class='ocrx_word' id='word_1_355' title='bbox 2350 3049 2487 3116; x_wconf 91' lang='lat' dir='ltr'><strong>quod</strong></span> <span class='ocrx_word' id='word_1_356' title='bbox 2510 3048 2743 3103; x_wconf 76' lang='lat' dir='ltr'><strong>Joannes</strong></span> <span class='ocrx_word' id='word_1_357' title='bbox 2769 3048 2917 3118; x_wconf 87' lang='lat' dir='ltr'><strong>dicit,</strong></span> <span class='ocrx_word' id='word_1_358' title='bbox 2943 3049 3059 3118; x_wconf 90' lang='lat' dir='ltr'><strong>quia</strong></span> <span class='ocrx_word' id='word_1_359' title='bbox 3088 3048 3149 3102; x_wconf 85' lang='lat' dir='ltr'><strong>In</strong></span> <span class='ocrx_word' id='word_1_360' title='bbox 3164 3051 3413 3119; x_wconf 45' lang='lat' dir='ltr'><strong>principio</strong></span> <span class='ocrx_word' id='word_1_361' title='bbox 3429 3061 3539 3105; x_wconf 84' lang='lat' dir='ltr'><strong>erat</strong></span> <span class='ocrx_word' id='word_1_362' title='bbox 3556 3050 3738 3122; x_wconf 82' lang='lat' dir='ltr'><strong>(Joan.</strong></span> <span class='ocrx_word' id='word_1_363' title='bbox 3756 3067 3793 3117; x_wconf 89' lang='lat' dir='ltr'><strong>t,</strong></span> 
     </span>
    </p>
   </div>
   <div class='ocr_carea' id='block_1_51' title="bbox 2210 3138 3797 3213">
    <p class='ocr_par' dir='ltr' id='par_1_51' title="bbox 2210 3138 3797 3213">
     <span class='ocr_line' id='line_1_51' title="bbox 2210 3138 3797 3213; baseline 0.002 -19"><span class='ocrx_word' id='word_1_364' title='bbox 2210 3138 2284 3209; x_wconf 79' lang='grc'><strong>1),</strong></span> <span class='ocrx_word' id='word_1_365' title='bbox 2340 3139 2560 3194; x_wconf 83' lang='lat' dir='ltr'><strong>Verbum</strong></span> <span class='ocrx_word' id='word_1_366' title='bbox 2600 3157 2719 3195; x_wconf 86' lang='lat' dir='ltr'><strong>caro</strong></span> <span class='ocrx_word' id='word_1_367' title='bbox 2759 3145 2951 3213; x_wconf 79' lang='lat' dir='ltr'><strong>factum</strong></span> <span class='ocrx_word' id='word_1_368' title='bbox 2989 3152 3063 3195; x_wconf 86' lang='lat' dir='ltr'><strong>est</strong></span> <span class='ocrx_word' id='word_1_369' title='bbox 3108 3140 3292 3212; x_wconf 82' lang='lat' dir='ltr'><strong>(lbid.,</strong></span> <span class='ocrx_word' id='word_1_370' title='bbox 3326 3141 3448 3210; x_wconf 58' lang='lat' dir='ltr'><strong>is);</strong></span> <span class='ocrx_word' id='word_1_371' title='bbox 3481 3152 3535 3198; x_wconf 90' lang='lat' dir='ltr'><strong>et</strong></span> <span class='ocrx_word' id='word_1_372' title='bbox 3564 3142 3707 3211; x_wconf 87' lang='lat' dir='ltr'><strong>quod</strong></span> <span class='ocrx_word' id='word_1_373' title='bbox 3734 3143 3797 3197; x_wconf 83' lang='lat' dir='ltr'><strong>de</strong></span> 
     </span>
    </p>
   </div>
   <div class='ocr_carea' id='block_1_52' title="bbox 2209 3232 3793 3302">
    <p class='ocr_par' dir='ltr' id='par_1_52' title="bbox 2209 3232 3793 3302">
     <span class='ocr_line' id='line_1_52' title="bbox 2209 3232 3793 3302; baseline 0.004 -19"><span class='ocrx_word' id='word_1_374' title='bbox 2209 3232 2366 3284; x_wconf 80' lang='lat' dir='ltr'><strong>Maria</strong></span> <span class='ocrx_word' id='word_1_375' title='bbox 2414 3241 2547 3295; x_wconf 91' lang='lat' dir='ltr'><strong>erat,</strong></span> <span class='ocrx_word' id='word_1_376' title='bbox 2593 3233 2670 3286; x_wconf 91' lang='lat' dir='ltr'><strong>sic</strong></span> <span class='ocrx_word' id='word_1_377' title='bbox 2718 3232 2847 3286; x_wconf 92' lang='lat' dir='ltr'><strong>illud</strong></span> <span class='ocrx_word' id='word_1_378' title='bbox 2894 3233 2958 3285; x_wconf 85' lang='lat' dir='ltr'><strong>ad</strong></span> <span class='ocrx_word' id='word_1_379' title='bbox 3006 3248 3064 3287; x_wconf 90' lang='lat' dir='ltr'><strong>se</strong></span> <span class='ocrx_word' id='word_1_380' title='bbox 3100 3233 3306 3302; x_wconf 77' lang='lat' dir='ltr'><strong>iunxit,</strong></span> <span class='ocrx_word' id='word_1_381' title='bbox 3339 3242 3394 3288; x_wconf 84' lang='lat' dir='ltr'><strong>tit</strong></span> <span class='ocrx_word' id='word_1_382' title='bbox 3435 3244 3581 3288; x_wconf 89' lang='lat' dir='ltr'><strong>esset</strong></span> <span class='ocrx_word' id='word_1_383' title='bbox 3607 3250 3793 3289; x_wconf 90' lang='lat' dir='ltr'><strong>unum.</strong></span> 
     </span>
    </p>
   </div>
   <div class='ocr_carea' id='block_1_53' title="bbox 518 3320 2101 3413">
    <p class='ocr_par' dir='ltr' id='par_1_53' title="bbox 518 3320 2098 3413">
     <span class='ocr_line' id='line_1_53' title="bbox 518 3320 2098 3413; baseline 0 -17"><span class='ocrx_word' id='word_1_384' title='bbox 518 3340 778 3397; x_wconf 77' lang='lat' dir='ltr'><strong>felicitate</strong></span> <span class='ocrx_word' id='word_1_385' title='bbox 822 3356 917 3396; x_wconf 90' lang='lat' dir='ltr'><strong>sua</strong></span> <span class='ocrx_word' id='word_1_386' title='bbox 977 3339 1331 3410; x_wconf 87' lang='lat' dir='ltr'><strong>triumphare.</strong></span> <span class='ocrx_word' id='word_1_387' title='bbox 1398 3320 1687 3413; x_wconf 82' lang='lat' dir='ltr'><strong>stupentes</strong></span> <span class='ocrx_word' id='word_1_388' title='bbox 1728 3359 1933 3411; x_wconf 90' lang='lat' dir='ltr'><strong>sumus,</strong></span> <span class='ocrx_word' id='word_1_389' title='bbox 1979 3360 2098 3399; x_wconf 89' lang='lat' dir='ltr'><strong>cum</strong></span> 
     </span>
    </p>
   </div>
   <div class='ocr_carea' id='block_1_54' title="bbox 2208 3320 3795 3413">
    <p class='ocr_par' dir='ltr' id='par_1_54' title="bbox 2211 3320 3795 3398">
     <span class='ocr_line' id='line_1_54' title="bbox 2211 3320 3795 3398; baseline 0.001 -19"><span class='ocrx_word' id='word_1_390' title='bbox 2211 3326 2271 3380; x_wconf 89' lang='lat' dir='ltr'><strong>Et</strong></span> <span class='ocrx_word' id='word_1_391' title='bbox 2300 3342 2393 3395; x_wconf 90' lang='lat' dir='ltr'><strong>per</strong></span> <span class='ocrx_word' id='word_1_392' title='bbox 2422 3326 2749 3395; x_wconf 89' lang='lat' dir='ltr'><strong>Scripturam</strong></span> <span class='ocrx_word' id='word_1_393' title='bbox 2780 3326 2908 3381; x_wconf 85' lang='lat' dir='ltr'><strong>dicit</strong></span> <span class='ocrx_word' id='word_1_394' title='bbox 2941 3344 2953 3379; x_wconf 93' lang='lat'><strong>:</strong></span> <span class='ocrx_word' id='word_1_395' title='bbox 2985 3325 3068 3381; x_wconf 75' lang='lat' dir='ltr'><strong>Ea:</strong></span> <span class='ocrx_word' id='word_1_396' title='bbox 3091 3326 3219 3381; x_wconf 83' lang='lat' dir='ltr'><strong>Sion</strong></span> <span class='ocrx_word' id='word_1_397' title='bbox 3249 3327 3436 3397; x_wconf 82' lang='lat' dir='ltr'><strong>species</strong></span> <span class='ocrx_word' id='word_1_398' title='bbox 3458 3320 3657 3381; x_wconf 63' lang='lat' dir='ltr'><strong>decoris</strong></span> <span class='ocrx_word' id='word_1_399' title='bbox 3687 3330 3795 3398; x_wconf 80' lang='lat' dir='ltr'><strong>ejus</strong></span> 
     </span>
    </p>
   </div>
   <div class='ocr_carea' id='block_1_55' title="bbox 517 3433 2102 3505">
    <p class='ocr_par' dir='ltr' id='par_1_55' title="bbox 517 3433 2102 3505">
     <span class='ocr_line' id='line_1_55' title="bbox 517 3433 2102 3505; baseline 0 -16"><span class='ocrx_word' id='word_1_400' title='bbox 517 3444 709 3504; x_wconf 83' lang='lat' dir='ltr'><strong>gentes</strong></span> <span class='ocrx_word' id='word_1_401' title='bbox 750 3433 898 3488; x_wconf 91' lang='lat' dir='ltr'><strong>illum</strong></span> <span class='ocrx_word' id='word_1_402' title='bbox 940 3440 1336 3495; x_wconf 88' lang='lat' dir='ltr'><strong>tremunt,cum</strong></span> <span class='ocrx_word' id='word_1_403' title='bbox 1379 3450 1531 3505; x_wconf 85' lang='lat' dir='ltr'><strong>reges</strong></span> <span class='ocrx_word' id='word_1_404' title='bbox 1570 3437 1963 3490; x_wconf 90' lang='lat' dir='ltr'><strong>venerationem</strong></span> <span class='ocrx_word' id='word_1_405' title='bbox 2005 3435 2102 3489; x_wconf 88' lang='lat' dir='ltr'><strong>im-</strong></span> 
     </span>
    </p>
   </div>
   <div class='ocr_carea' id='block_1_56' title="bbox 522 3524 2101 3592">
    <p class='ocr_par' dir='ltr' id='par_1_56' title="bbox 522 3524 2101 3592">
     <span class='ocr_line' id='line_1_56' title="bbox 522 3524 2101 3592; baseline 0.001 -14"><span class='ocrx_word' id='word_1_406' title='bbox 522 3524 800 3592; x_wconf 91' lang='lat' dir='ltr'><strong>pendunt,</strong></span> <span class='ocrx_word' id='word_1_407' title='bbox 845 3537 964 3578; x_wconf 91' lang='lat' dir='ltr'><strong>cum</strong></span> <span class='ocrx_word' id='word_1_408' title='bbox 1016 3532 1306 3590; x_wconf 73' lang='lat' dir='ltr'><strong>potestates</strong></span> <span class='ocrx_word' id='word_1_409' title='bbox 1354 3525 1470 3579; x_wconf 89' lang='lat' dir='ltr'><strong>sine</strong></span> <span class='ocrx_word' id='word_1_410' title='bbox 1515 3526 1813 3580; x_wconf 85' lang='lat' dir='ltr'><strong>cessatione</strong></span> <span class='ocrx_word' id='word_1_411' title='bbox 1864 3525 2101 3590; x_wconf 88' lang='lat' dir='ltr'><strong>laudant,</strong></span> 
     </span>
    </p>
   </div>
   <div class='ocr_carea' id='block_1_57' title="bbox 518 3614 2103 3685">
    <p class='ocr_par' dir='ltr' id='par_1_57' title="bbox 518 3614 2103 3685">
     <span class='ocr_line' id='line_1_57' title="bbox 518 3614 2103 3685; baseline 0 -15"><span class='ocrx_word' id='word_1_412' title='bbox 518 3629 640 3670; x_wconf 89' lang='lat' dir='ltr'><strong>cum</strong></span> <span class='ocrx_word' id='word_1_413' title='bbox 668 3616 826 3669; x_wconf 83' lang='lat' dir='ltr'><strong>etiam</strong></span> <span class='ocrx_word' id='word_1_414' title='bbox 855 3616 972 3683; x_wconf 87' lang='lat' dir='ltr'><strong>ipse</strong></span> <span class='ocrx_word' id='word_1_415' title='bbox 995 3614 1285 3682; x_wconf 86' lang='lat' dir='ltr'><strong>imperator</strong></span> <span class='ocrx_word' id='word_1_416' title='bbox 1310 3616 1422 3668; x_wconf 89' lang='lat' dir='ltr'><strong>suis</strong></span> <span class='ocrx_word' id='word_1_417' title='bbox 1453 3616 1622 3684; x_wconf 90' lang='lat' dir='ltr'><strong>ipsum</strong></span> <span class='ocrx_word' id='word_1_418' title='bbox 1652 3615 1933 3685; x_wconf 67' lang='lat' dir='ltr'><strong>prmponit,</strong></span> <span class='ocrx_word' id='word_1_419' title='bbox 1960 3618 2103 3685; x_wconf 89' lang='lat' dir='ltr'><strong>quod</strong></span> 
     </span>
    </p>
   </div>
   <div class='ocr_carea' id='block_1_58' title="bbox 522 3704 2102 3775">
    <p class='ocr_par' dir='ltr' id='par_1_58' title="bbox 522 3704 2102 3775">
     <span class='ocr_line' id='line_1_58' title="bbox 522 3704 2102 3775; baseline 0.001 -16"><span class='ocrx_word' id='word_1_420' title='bbox 522 3705 717 3759; x_wconf 74' lang='lat' dir='ltr'><strong>anima:</strong></span> <span class='ocrx_word' id='word_1_421' title='bbox 761 3704 1058 3759; x_wconf 89' lang='lat' dir='ltr'><strong>remedium</strong></span> <span class='ocrx_word' id='word_1_422' title='bbox 1113 3718 1221 3758; x_wconf 91' lang='lat' dir='ltr'><strong>non</strong></span> <span class='ocrx_word' id='word_1_423' title='bbox 1269 3705 1493 3759; x_wconf 89' lang='lat' dir='ltr'><strong>festinus</strong></span> <span class='ocrx_word' id='word_1_424' title='bbox 1532 3706 1775 3769; x_wconf 71' lang='lat' dir='ltr'><strong>re-iuirit.</strong></span> <span class='ocrx_word' id='word_1_425' title='bbox 1836 3706 2102 3775; x_wconf 90' lang='lat' dir='ltr'><strong>Scriptum</strong></span> 
     </span>
    </p>
   </div>
   <div class='ocr_carea' id='block_1_59' title="bbox 525 3794 2106 3865">
    <p class='ocr_par' dir='ltr' id='par_1_59' title="bbox 525 3794 2106 3865">
     <span class='ocr_line' id='line_1_59' title="bbox 525 3794 2106 3865; baseline 0.003 -17"><span class='ocrx_word' id='word_1_426' title='bbox 525 3795 747 3861; x_wconf 89' lang='lat' dir='ltr'><strong>legimus</strong></span> <span class='ocrx_word' id='word_1_427' title='bbox 774 3812 786 3846; x_wconf 89' lang='lat'><strong>:</strong></span> <span class='ocrx_word' id='word_1_428' title='bbox 821 3794 1047 3859; x_wconf 70' lang='lat' dir='ltr'><strong>Quwrite</strong></span> <span class='ocrx_word' id='word_1_429' title='bbox 1075 3796 1295 3864; x_wconf 82' lang='lat' dir='ltr'><strong>primum</strong></span> <span class='ocrx_word' id='word_1_430' title='bbox 1324 3811 1537 3864; x_wconf 85' lang='lat' dir='ltr'><strong>regnum</strong></span> <span class='ocrx_word' id='word_1_431' title='bbox 1567 3798 1693 3863; x_wconf 83' lang='lat' dir='ltr'><strong>Dei,</strong></span> <span class='ocrx_word' id='word_1_432' title='bbox 1726 3808 1774 3851; x_wconf 89' lang='lat' dir='ltr'><strong>et</strong></span> <span class='ocrx_word' id='word_1_433' title='bbox 1803 3800 1972 3852; x_wconf 82' lang='lat' dir='ltr'><strong>omnia</strong></span> <span class='ocrx_word' id='word_1_434' title='bbox 2011 3816 2106 3865; x_wconf 83' lang='lat' dir='ltr'><strong>ap-</strong></span> 
     </span>
    </p>
   </div>
   <div class='ocr_carea' id='block_1_60' title="bbox 523 3883 2099 3958">
    <p class='ocr_par' dir='ltr' id='par_1_60' title="bbox 523 3883 2099 3958">
     <span class='ocr_line' id='line_1_60' title="bbox 523 3883 2099 3958; baseline 0.005 -21"><span class='ocrx_word' id='word_1_435' title='bbox 523 3893 773 3950; x_wconf 80' lang='lat' dir='ltr'><strong>ponentur</strong></span> <span class='ocrx_word' id='word_1_436' title='bbox 795 3883 1011 3954; x_wconf 77' lang='lat' dir='ltr'><strong>(Matth.</strong></span> <span class='ocrx_word' id='word_1_437' title='bbox 1036 3901 1107 3951; x_wconf 89' lang='lat' dir='ltr'><strong>vt,</strong></span> <span class='ocrx_word' id='word_1_438' title='bbox 1132 3884 1242 3958; x_wconf 77' lang='grc'><strong>55).</strong></span> <span class='ocrx_word' id='word_1_439' title='bbox 1268 3888 1365 3954; x_wconf 84' lang='lat' dir='ltr'><strong>Qui</strong></span> <span class='ocrx_word' id='word_1_440' title='bbox 1393 3891 1489 3953; x_wconf 87' lang='lat' dir='ltr'><strong>sic,</strong></span> <span class='ocrx_word' id='word_1_441' title='bbox 1518 3889 1963 3955; x_wconf 88' lang='lat' dir='ltr'><strong>quemadmodum</strong></span> <span class='ocrx_word' id='word_1_442' title='bbox 1989 3891 2099 3956; x_wconf 89' lang='lat' dir='ltr'><strong>ille,</strong></span> 
     </span>
    </p>
   </div>
   <div class='ocr_carea' id='block_1_61' title="bbox 525 3979 2104 4052">
    <p class='ocr_par' dir='ltr' id='par_1_61' title="bbox 525 3979 2104 4052">
     <span class='ocr_line' id='line_1_61' title="bbox 525 3979 2104 4052; baseline 0.005 -20"><span class='ocrx_word' id='word_1_443' title='bbox 525 3979 689 4048; x_wconf 86' lang='lat' dir='ltr'><strong>fulget</strong></span> <span class='ocrx_word' id='word_1_444' title='bbox 716 3979 850 4035; x_wconf 85' lang='lat' dir='ltr'><strong>fama</strong></span> <span class='ocrx_word' id='word_1_445' title='bbox 870 4022 883 4042; x_wconf 87' lang='lat'><strong>,</strong></span> <span class='ocrx_word' id='word_1_446' title='bbox 917 3981 1082 4035; x_wconf 92' lang='lat' dir='ltr'><strong>miror</strong></span> <span class='ocrx_word' id='word_1_447' title='bbox 1110 3983 1249 4051; x_wconf 90' lang='lat' dir='ltr'><strong>quod</strong></span> <span class='ocrx_word' id='word_1_448' title='bbox 1278 3982 1346 4037; x_wconf 91' lang='lat' dir='ltr'><strong>de</strong></span> <span class='ocrx_word' id='word_1_449' title='bbox 1375 3998 1540 4052; x_wconf 88' lang='lat' dir='ltr'><strong>regno</strong></span> <span class='ocrx_word' id='word_1_450' title='bbox 1572 3984 1664 4038; x_wconf 90' lang='lat' dir='ltr'><strong>Dei</strong></span> <span class='ocrx_word' id='word_1_451' title='bbox 1693 3992 1746 4038; x_wconf 93' lang='lat' dir='ltr'><strong>et</strong></span> <span class='ocrx_word' id='word_1_452' title='bbox 1774 3985 1965 4039; x_wconf 72' lang='lat' dir='ltr'><strong>anima:</strong></span> <span class='ocrx_word' id='word_1_453' title='bbox 1995 4001 2104 4040; x_wconf 67' lang='lat' dir='ltr'><strong>sua:</strong></span> 
     </span>
    </p>
   </div>
   <div class='ocr_carea' id='block_1_62' title="bbox 522 4072 2104 4147">
    <p class='ocr_par' dir='ltr' id='par_1_62' title="bbox 522 4072 2104 4147">
     <span class='ocr_line' id='line_1_62' title="bbox 522 4072 2104 4147; baseline 0.005 -24"><span class='ocrx_word' id='word_1_454' title='bbox 522 4072 694 4126; x_wconf 84' lang='lat' dir='ltr'><strong>salute</strong></span> <span class='ocrx_word' id='word_1_455' title='bbox 726 4073 851 4127; x_wconf 90' lang='lat' dir='ltr'><strong>nihil</strong></span> <span class='ocrx_word' id='word_1_456' title='bbox 886 4074 1207 4143; x_wconf 70' lang='lat' dir='ltr'><strong>investigare</strong></span> <span class='ocrx_word' id='word_1_457' title='bbox 1236 4074 1440 4139; x_wconf 91' lang='lat' dir='ltr'><strong>studet;</strong></span> <span class='ocrx_word' id='word_1_458' title='bbox 1483 4076 1575 4129; x_wconf 79' lang='lat' dir='ltr'><strong>sed</strong></span> <span class='ocrx_word' id='word_1_459' title='bbox 1610 4076 1727 4131; x_wconf 91' lang='lat' dir='ltr'><strong>illos</strong></span> <span class='ocrx_word' id='word_1_460' title='bbox 1756 4079 1964 4147; x_wconf 85' lang='lat' dir='ltr'><strong>recipit,</strong></span> <span class='ocrx_word' id='word_1_461' title='bbox 1999 4078 2104 4132; x_wconf 91' lang='lat' dir='ltr'><strong>illis</strong></span> 
     </span>
    </p>
   </div>
   <div class='ocr_carea' id='block_1_63' title="bbox 522 4165 2101 4240">
    <p class='ocr_par' dir='ltr' id='par_1_63' title="bbox 522 4165 2101 4240">
     <span class='ocr_line' id='line_1_63' title="bbox 522 4165 2101 4240; baseline 0.006 -24"><span class='ocrx_word' id='word_1_462' title='bbox 522 4165 828 4234; x_wconf 81' lang='lat' dir='ltr'><strong>acquiescit,</strong></span> <span class='ocrx_word' id='word_1_463' title='bbox 860 4168 947 4236; x_wconf 90' lang='lat' dir='ltr'><strong>qui</strong></span> <span class='ocrx_word' id='word_1_464' title='bbox 976 4169 1148 4237; x_wconf 91' lang='lat' dir='ltr'><strong>potius</strong></span> <span class='ocrx_word' id='word_1_465' title='bbox 1177 4168 1406 4223; x_wconf 87' lang='lat' dir='ltr'><strong>animam</strong></span> <span class='ocrx_word' id='word_1_466' title='bbox 1441 4170 1492 4224; x_wconf 93' lang='lat' dir='ltr'><strong>in</strong></span> <span class='ocrx_word' id='word_1_467' title='bbox 1521 4170 1819 4240; x_wconf 85' lang='lat' dir='ltr'><strong>gehennam</strong></span> <span class='ocrx_word' id='word_1_468' title='bbox 1853 4172 2101 4239; x_wconf 88' lang='lat' dir='ltr'><strong>perdunt,</strong></span> 
     </span>
    </p>
   </div>
   <div class='ocr_carea' id='block_1_64' title="bbox 520 4256 2104 4325">
    <p class='ocr_par' dir='ltr' id='par_1_64' title="bbox 520 4256 2104 4325">
     <span class='ocr_line' id='line_1_64' title="bbox 520 4256 2104 4325; baseline 0.007 -18"><span class='ocrx_word' id='word_1_469' title='bbox 520 4270 678 4325; x_wconf 83' lang='lat' dir='ltr'><strong>quam</strong></span> <span class='ocrx_word' id='word_1_470' title='bbox 724 4256 789 4310; x_wconf 90' lang='lat' dir='ltr'><strong>ad</strong></span> <span class='ocrx_word' id='word_1_471' title='bbox 839 4259 975 4316; x_wconf 68' lang='lat' dir='ltr'><strong>viam</strong></span> <span class='ocrx_word' id='word_1_472' title='bbox 1024 4260 1215 4313; x_wconf 89' lang='lat' dir='ltr'><strong>salutis</strong></span> <span class='ocrx_word' id='word_1_473' title='bbox 1264 4260 1550 4315; x_wconf 89' lang='lat' dir='ltr'><strong>adducant.</strong></span> <span class='ocrx_word' id='word_1_474' title='bbox 1608 4262 1748 4318; x_wconf 87' lang='lat' dir='ltr'><strong>Duos</strong></span> <span class='ocrx_word' id='word_1_475' title='bbox 1797 4264 1936 4317; x_wconf 88' lang='lat' dir='ltr'><strong>Deos</strong></span> <span class='ocrx_word' id='word_1_476' title='bbox 1984 4279 2104 4319; x_wconf 91' lang='lat' dir='ltr'><strong>esse</strong></span> 
     </span>
    </p>
   </div>
   <div class='ocr_carea' id='block_1_65' title="bbox 522 4347 2103 4417">
    <p class='ocr_par' dir='ltr' id='par_1_65' title="bbox 522 4347 2103 4417">
     <span class='ocr_line' id='line_1_65' title="bbox 522 4347 2103 4417; baseline 0.005 -16"><span class='ocrx_word' id='word_1_477' title='bbox 522 4347 834 4416; x_wconf 72' lang='lat' dir='ltr'><strong>prtedieant,</strong></span> <span class='ocrx_word' id='word_1_478' title='bbox 864 4350 1023 4403; x_wconf 90' lang='lat' dir='ltr'><strong>alium</strong></span> <span class='ocrx_word' id='word_1_479' title='bbox 1068 4351 1119 4404; x_wconf 92' lang='lat' dir='ltr'><strong>in</strong></span> <span class='ocrx_word' id='word_1_480' title='bbox 1148 4351 1345 4406; x_wconf 90' lang='lat' dir='ltr'><strong>deitate</strong></span> <span class='ocrx_word' id='word_1_481' title='bbox 1374 4352 1609 4417; x_wconf 84' lang='lat' dir='ltr'><strong>Patrem,</strong></span> <span class='ocrx_word' id='word_1_482' title='bbox 1641 4355 1866 4408; x_wconf 89' lang='lat' dir='ltr'><strong>alterum</strong></span> <span class='ocrx_word' id='word_1_483' title='bbox 1911 4356 1960 4409; x_wconf 89' lang='lat' dir='ltr'><strong>in</strong></span> <span class='ocrx_word' id='word_1_484' title='bbox 1990 4355 2103 4409; x_wconf 89' lang='lat' dir='ltr'><strong>dei-</strong></span> 
     </span>
    </p>
   </div>
   <div class='ocr_carea' id='block_1_66' title="bbox 520 4439 2101 4512">
    <p class='ocr_par' dir='ltr' id='par_1_66' title="bbox 520 4439 2101 4512">
     <span class='ocr_line' id='line_1_66' title="bbox 520 4439 2101 4512; baseline 0.005 -20"><span class='ocrx_word' id='word_1_485' title='bbox 520 4448 650 4508; x_wconf 85' lang='lat' dir='ltr'><strong>tate,</strong></span> <span class='ocrx_word' id='word_1_486' title='bbox 683 4439 778 4495; x_wconf 91' lang='lat' dir='ltr'><strong>sed</strong></span> <span class='ocrx_word' id='word_1_487' title='bbox 807 4456 903 4510; x_wconf 88' lang='lat' dir='ltr'><strong>pro</strong></span> <span class='ocrx_word' id='word_1_488' title='bbox 926 4450 1192 4509; x_wconf 88' lang='lat' dir='ltr'><strong>creatura,</strong></span> <span class='ocrx_word' id='word_1_489' title='bbox 1221 4443 1441 4509; x_wconf 89' lang='lat' dir='ltr'><strong>Filium;</strong></span> <span class='ocrx_word' id='word_1_490' title='bbox 1476 4460 1595 4499; x_wconf 91' lang='lat' dir='ltr'><strong>cum</strong></span> <span class='ocrx_word' id='word_1_491' title='bbox 1626 4445 1900 4512; x_wconf 87' lang='lat' dir='ltr'><strong>Scriptura</strong></span> <span class='ocrx_word' id='word_1_492' title='bbox 1934 4446 2101 4500; x_wconf 88' lang='lat' dir='ltr'><strong>dicat:</strong></span> 
     </span>
    </p>
   </div>
   <div class='ocr_carea' id='block_1_67' title="bbox 523 4528 2100 4609">
    <p class='ocr_par' dir='ltr' id='par_1_67' title="bbox 523 4528 2100 4609">
     <span class='ocr_line' id='line_1_67' title="bbox 523 4528 2100 4609; baseline 0.006 -27"><span class='ocrx_word' id='word_1_493' title='bbox 523 4528 634 4595; x_wconf 79' lang='lat' dir='ltr'><strong>qu</strong></span> <span class='ocrx_word' id='word_1_494' title='bbox 664 4548 777 4585; x_wconf 86' lang='lat' dir='ltr'><strong>sum</strong></span> <span class='ocrx_word' id='word_1_495' title='bbox 817 4532 1059 4599; x_wconf 81' lang='lat' dir='ltr'><strong>salvator,</strong></span> <span class='ocrx_word' id='word_1_496' title='bbox 1106 4542 1154 4586; x_wconf 89' lang='lat' dir='ltr'><strong>et</strong></span> <span class='ocrx_word' id='word_1_497' title='bbox 1200 4550 1304 4587; x_wconf 90' lang='lat' dir='ltr'><strong>non</strong></span> <span class='ocrx_word' id='word_1_498' title='bbox 1347 4544 1420 4588; x_wconf 85' lang='lat' dir='ltr'><strong>est</strong></span> <span class='ocrx_word' id='word_1_499' title='bbox 1458 4536 1589 4589; x_wconf 82' lang='lat' dir='ltr'><strong>alius</strong></span> <span class='ocrx_word' id='word_1_500' title='bbox 1630 4546 1814 4607; x_wconf 79' lang='lat' dir='ltr'><strong>prwter</strong></span> <span class='ocrx_word' id='word_1_501' title='bbox 1856 4554 1932 4589; x_wconf 86' lang='lat' dir='ltr'><strong>me</strong></span> <span class='ocrx_word' id='word_1_502' title='bbox 1970 4536 2100 4609; x_wconf 86' lang='lat' dir='ltr'><strong>(Isa.</strong></span> 
     </span>
    </p>
   </div>
   <div class='ocr_carea' id='block_1_68' title="bbox 520 4620 790 4691">
    <p class='ocr_par' dir='ltr' id='par_1_68' title="bbox 520 4620 790 4691">
     <span class='ocr_line' id='line_1_68' title="bbox 520 4620 790 4691; baseline 0 -18"><span class='ocrx_word' id='word_1_503' title='bbox 520 4636 643 4689; x_wconf 67' lang='grc' dir='ltr'><strong>ην,</strong></span> <span class='ocrx_word' id='word_1_504' title='bbox 674 4620 790 4691; x_wconf 74' lang='grc' dir='ltr'><strong>Η).</strong></span> 
     </span>
    </p>
   </div>
   <div class='ocr_carea' id='block_1_69' title="bbox 595 4710 2103 4782">
    <p class='ocr_par' dir='ltr' id='par_1_69' title="bbox 595 4710 2103 4782">
     <span class='ocr_line' id='line_1_69' title="bbox 595 4710 2103 4782; baseline 0.004 -18"><span class='ocrx_word' id='word_1_505' title='bbox 595 4712 657 4765; x_wconf 90' lang='grc' dir='ltr'><strong>ΙΙ.</strong></span> <span class='ocrx_word' id='word_1_506' title='bbox 698 4710 775 4765; x_wconf 85' lang='lat' dir='ltr'><strong>Te</strong></span> <span class='ocrx_word' id='word_1_507' title='bbox 810 4710 1022 4763; x_wconf 90' lang='lat' dir='ltr'><strong>domina</strong></span> <span class='ocrx_word' id='word_1_508' title='bbox 1052 4712 1470 4776; x_wconf 85' lang='lat' dir='ltr'><strong>Chlodosvinda,</strong></span> <span class='ocrx_word' id='word_1_509' title='bbox 1508 4730 1605 4782; x_wconf 89' lang='lat' dir='ltr'><strong>per</strong></span> <span class='ocrx_word' id='word_1_510' title='bbox 1641 4715 1976 4769; x_wconf 89' lang='lat' dir='ltr'><strong>tremendum</strong></span> <span class='ocrx_word' id='word_1_511' title='bbox 2010 4717 2103 4771; x_wconf 87' lang='lat' dir='ltr'><strong>Dei</strong></span> 
     </span>
    </p>
   </div>
   <div class='ocr_carea' id='block_1_70' title="bbox 521 4800 2100 4873">
    <p class='ocr_par' dir='ltr' id='par_1_70' title="bbox 521 4800 2100 4873">
     <span class='ocr_line' id='line_1_70' title="bbox 521 4800 2100 4873; baseline 0.005 -22"><span class='ocrx_word' id='word_1_512' title='bbox 521 4800 771 4869; x_wconf 77' lang='lat' dir='ltr'><strong>judicium</strong></span> <span class='ocrx_word' id='word_1_513' title='bbox 810 4800 1053 4867; x_wconf 84' lang='lat' dir='ltr'><strong>conjuro,</strong></span> <span class='ocrx_word' id='word_1_514' title='bbox 1091 4810 1150 4855; x_wconf 91' lang='lat' dir='ltr'><strong>ut</strong></span> <span class='ocrx_word' id='word_1_515' title='bbox 1185 4802 1319 4864; x_wconf 86' lang='lat' dir='ltr'><strong>hanc</strong></span> <span class='ocrx_word' id='word_1_516' title='bbox 1357 4805 1637 4872; x_wconf 88' lang='lat' dir='ltr'><strong>epistolam</strong></span> <span class='ocrx_word' id='word_1_517' title='bbox 1675 4814 1728 4859; x_wconf 91' lang='lat' dir='ltr'><strong>et</strong></span> <span class='ocrx_word' id='word_1_518' title='bbox 1761 4807 1892 4860; x_wconf 89' lang='lat' dir='ltr'><strong>bene</strong></span> <span class='ocrx_word' id='word_1_519' title='bbox 1935 4808 2100 4873; x_wconf 83' lang='lat' dir='ltr'><strong>legas,</strong></span> 
     </span>
    </p>
   </div>
   <div class='ocr_carea' id='block_1_71' title="bbox 521 4890 2105 4963">
    <p class='ocr_par' dir='ltr' id='par_1_71' title="bbox 521 4890 2105 4963">
     <span class='ocr_line' id='line_1_71' title="bbox 521 4890 2105 4963; baseline 0.005 -20"><span class='ocrx_word' id='word_1_520' title='bbox 521 4900 574 4943; x_wconf 90' lang='lat' dir='ltr'><strong>et</strong></span> <span class='ocrx_word' id='word_1_521' title='bbox 610 4890 747 4943; x_wconf 91' lang='lat' dir='ltr'><strong>bene</strong></span> <span class='ocrx_word' id='word_1_522' title='bbox 796 4890 869 4943; x_wconf 92' lang='lat' dir='ltr'><strong>illi</strong></span> <span class='ocrx_word' id='word_1_523' title='bbox 916 4902 968 4945; x_wconf 92' lang='lat' dir='ltr'><strong>et</strong></span> <span class='ocrx_word' id='word_1_524' title='bbox 1014 4892 1317 4961; x_wconf 85' lang='lat' dir='ltr'><strong>frequenter</strong></span> <span class='ocrx_word' id='word_1_525' title='bbox 1354 4910 1626 4963; x_wconf 80' lang='lat' dir='ltr'><strong>exponere</strong></span> <span class='ocrx_word' id='word_1_526' title='bbox 1666 4896 1905 4960; x_wconf 88' lang='lat' dir='ltr'><strong>studeas,</strong></span> <span class='ocrx_word' id='word_1_527' title='bbox 1946 4906 1998 4951; x_wconf 89' lang='lat' dir='ltr'><strong>et</strong></span> <span class='ocrx_word' id='word_1_528' title='bbox 2048 4907 2105 4952; x_wconf 92' lang='lat' dir='ltr'><strong>ut</strong></span> 
     </span>
    </p>
   </div>
   <div class='ocr_carea' id='block_1_72' title="bbox 528 4980 2103 5049">
    <p class='ocr_par' dir='ltr' id='par_1_72' title="bbox 528 4980 2103 5049">
     <span class='ocr_line' id='line_1_72' title="bbox 528 4980 2103 5049; baseline 0.008 -20"><span class='ocrx_word' id='word_1_529' title='bbox 528 4980 699 5046; x_wconf 91' lang='lat' dir='ltr'><strong>ipsum</strong></span> <span class='ocrx_word' id='word_1_530' title='bbox 737 4980 1211 5049; x_wconf 82' lang='lat' dir='ltr'><strong>interroges:Quis</strong></span> <span class='ocrx_word' id='word_1_531' title='bbox 1242 4992 1321 5037; x_wconf 90' lang='lat' dir='ltr'><strong>est</strong></span> <span class='ocrx_word' id='word_1_532' title='bbox 1357 4984 1647 5038; x_wconf 63' lang='lat' dir='ltr'><strong>Salvator?</strong></span> <span class='ocrx_word' id='word_1_533' title='bbox 1678 4985 1887 5039; x_wconf 83' lang='lat' dir='ltr'><strong>Patrem</strong></span> <span class='ocrx_word' id='word_1_534' title='bbox 1923 4988 2103 5042; x_wconf 82' lang='lat' dir='ltr'><strong>dicunt</strong></span> 
     </span>
    </p>
   </div>
   <div class='ocr_carea' id='block_1_73' title="bbox 521 5068 2097 5139">
    <p class='ocr_par' dir='ltr' id='par_1_73' title="bbox 521 5068 2097 5139">
     <span class='ocr_line' id='line_1_73' title="bbox 521 5068 2097 5139; baseline 0.003 -18"><span class='ocrx_word' id='word_1_535' title='bbox 521 5083 641 5122; x_wconf 83' lang='lat' dir='ltr'><strong>esse</strong></span> <span class='ocrx_word' id='word_1_536' title='bbox 684 5068 1033 5137; x_wconf 86' lang='lat' dir='ltr'><strong>Salvatorem,</strong></span> <span class='ocrx_word' id='word_1_537' title='bbox 1084 5085 1150 5123; x_wconf 88' lang='lat' dir='ltr'><strong>an</strong></span> <span class='ocrx_word' id='word_1_538' title='bbox 1182 5070 1413 5125; x_wconf 83' lang='lat' dir='ltr'><strong>Filium?</strong></span> <span class='ocrx_word' id='word_1_539' title='bbox 1457 5074 1736 5139; x_wconf 87' lang='lat' dir='ltr'><strong>Quomodo</strong></span> <span class='ocrx_word' id='word_1_540' title='bbox 1782 5074 1914 5129; x_wconf 86' lang='lat' dir='ltr'><strong>duos</strong></span> <span class='ocrx_word' id='word_1_541' title='bbox 1957 5090 2097 5139; x_wconf 83' lang='lat' dir='ltr'><strong>esse,</strong></span> 
     </span>
    </p>
   </div>
   <div class='ocr_carea' id='block_1_74' title="bbox 522 5164 2100 5229">
    <p class='ocr_par' dir='ltr' id='par_1_74' title="bbox 522 5164 2100 5229">
     <span class='ocr_line' id='line_1_74' title="bbox 522 5164 2100 5229; baseline 0.008 -17"><span class='ocrx_word' id='word_1_542' title='bbox 522 5176 640 5215; x_wconf 73' lang='lat' dir='ltr'><strong>eum</strong></span> <span class='ocrx_word' id='word_1_543' title='bbox 670 5176 805 5215; x_wconf 90' lang='lat' dir='ltr'><strong>unus</strong></span> <span class='ocrx_word' id='word_1_544' title='bbox 826 5171 926 5226; x_wconf 86' lang='lat' dir='ltr'><strong>est,</strong></span> <span class='ocrx_word' id='word_1_545' title='bbox 954 5172 1009 5218; x_wconf 84' lang='lat' dir='ltr'><strong>et</strong></span> <span class='ocrx_word' id='word_1_546' title='bbox 1032 5164 1167 5216; x_wconf 89' lang='lat' dir='ltr'><strong>alius</strong></span> <span class='ocrx_word' id='word_1_547' title='bbox 1192 5180 1296 5216; x_wconf 78' lang='lat' dir='ltr'><strong>non</strong></span> <span class='ocrx_word' id='word_1_548' title='bbox 1328 5173 1430 5229; x_wconf 88' lang='lat' dir='ltr'><strong>est,</strong></span> <span class='ocrx_word' id='word_1_549' title='bbox 1465 5164 1813 5221; x_wconf 85' lang='lat' dir='ltr'><strong>denuntiant?</strong></span> <span class='ocrx_word' id='word_1_550' title='bbox 1841 5168 1896 5223; x_wconf 84' lang='lat' dir='ltr'><strong>Si</strong></span> <span class='ocrx_word' id='word_1_551' title='bbox 1926 5169 2100 5223; x_wconf 74' lang='lat' dir='ltr'><strong>dicent</strong></span> 
     </span>
    </p>
   </div>
   <div class='ocr_carea' id='block_1_75' title="bbox 526 5252 2099 5323">
    <p class='ocr_par' dir='ltr' id='par_1_75' title="bbox 526 5252 2099 5323">
     <span class='ocr_line' id='line_1_75' title="bbox 526 5252 2099 5323; baseline 0.006 -20"><span class='ocrx_word' id='word_1_552' title='bbox 526 5252 734 5317; x_wconf 78' lang='lat' dir='ltr'><strong>Filium,</strong></span> <span class='ocrx_word' id='word_1_553' title='bbox 760 5268 888 5322; x_wconf 83' lang='lat' dir='ltr'><strong>ergo</strong></span> <span class='ocrx_word' id='word_1_554' title='bbox 916 5253 1069 5307; x_wconf 86' lang='lat' dir='ltr'><strong>Pater</strong></span> <span class='ocrx_word' id='word_1_555' title='bbox 1094 5254 1341 5308; x_wconf 89' lang='lat' dir='ltr'><strong>Salvator</strong></span> <span class='ocrx_word' id='word_1_556' title='bbox 1382 5271 1486 5309; x_wconf 91' lang='lat' dir='ltr'><strong>non</strong></span> <span class='ocrx_word' id='word_1_557' title='bbox 1517 5266 1631 5323; x_wconf 90' lang='lat' dir='ltr'><strong>est;</strong></span> <span class='ocrx_word' id='word_1_558' title='bbox 1684 5266 1735 5312; x_wconf 88' lang='lat' dir='ltr'><strong>et</strong></span> <span class='ocrx_word' id='word_1_559' title='bbox 1781 5259 1826 5312; x_wconf 89' lang='lat' dir='ltr'><strong>si</strong></span> <span class='ocrx_word' id='word_1_560' title='bbox 1868 5260 2099 5314; x_wconf 63' lang='lat' dir='ltr'><strong>dixerint</strong></span> 
     </span>
    </p>
   </div>
   <div class='ocr_carea' id='block_1_76' title="bbox 522 5341 2097 5415">
    <p class='ocr_par' dir='ltr' id='par_1_76' title="bbox 522 5341 2097 5415">
     <span class='ocr_line' id='line_1_76' title="bbox 522 5341 2097 5415; baseline 0.006 -20"><span class='ocrx_word' id='word_1_561' title='bbox 522 5341 753 5407; x_wconf 85' lang='lat' dir='ltr'><strong>Patrem,</strong></span> <span class='ocrx_word' id='word_1_562' title='bbox 794 5358 921 5413; x_wconf 88' lang='lat' dir='ltr'><strong>ergo</strong></span> <span class='ocrx_word' id='word_1_563' title='bbox 955 5344 1115 5396; x_wconf 82' lang='lat' dir='ltr'><strong>Filius</strong></span> <span class='ocrx_word' id='word_1_564' title='bbox 1141 5344 1383 5399; x_wconf 84' lang='lat' dir='ltr'><strong>Salvator</strong></span> <span class='ocrx_word' id='word_1_565' title='bbox 1424 5360 1526 5399; x_wconf 92' lang='lat' dir='ltr'><strong>non</strong></span> <span class='ocrx_word' id='word_1_566' title='bbox 1573 5356 1656 5401; x_wconf 91' lang='lat' dir='ltr'><strong>est</strong></span> <span class='ocrx_word' id='word_1_567' title='bbox 1688 5366 1701 5401; x_wconf 89' lang='lat'><strong>:</strong></span> <span class='ocrx_word' id='word_1_568' title='bbox 1731 5349 1852 5415; x_wconf 90' lang='lat' dir='ltr'><strong>quia</strong></span> <span class='ocrx_word' id='word_1_569' title='bbox 1892 5349 2097 5405; x_wconf 82' lang='lat' dir='ltr'><strong>salvare</strong></span> 
     </span>
    </p>
   </div>
   <div class='ocr_carea' id='block_1_77' title="bbox 521 5434 2088 5506">
    <p class='ocr_par' dir='ltr' id='par_1_77' title="bbox 521 5434 2088 5506">
     <span class='ocr_line' id='line_1_77' title="bbox 521 5434 2088 5506; baseline 0.008 -25"><span class='ocrx_word' id='word_1_570' title='bbox 521 5434 607 5500; x_wconf 87' lang='lat' dir='ltr'><strong>qui</strong></span> <span class='ocrx_word' id='word_1_571' title='bbox 653 5434 899 5489; x_wconf 85' lang='lat' dir='ltr'><strong>Salvator</strong></span> <span class='ocrx_word' id='word_1_572' title='bbox 947 5448 1049 5487; x_wconf 92' lang='lat' dir='ltr'><strong>non</strong></span> <span class='ocrx_word' id='word_1_573' title='bbox 1092 5442 1174 5489; x_wconf 89' lang='lat' dir='ltr'><strong>est</strong></span> <span class='ocrx_word' id='word_1_574' title='bbox 1218 5435 1417 5489; x_wconf 88' lang='lat' dir='ltr'><strong>nullum</strong></span> <span class='ocrx_word' id='word_1_575' title='bbox 1469 5446 1659 5506; x_wconf 87' lang='lat' dir='ltr'><strong>potest.</strong></span> <span class='ocrx_word' id='word_1_576' title='bbox 1701 5439 1755 5494; x_wconf 93' lang='lat' dir='ltr'><strong>Si</strong></span> <span class='ocrx_word' id='word_1_577' title='bbox 1807 5439 2088 5495; x_wconf 79' lang='lat' dir='ltr'><strong>dixerint:</strong></span> 
     </span>
    </p>
   </div>
   <div class='ocr_carea' id='block_1_78' title="bbox 595 5632 2084 5707">
    <p class='ocr_par' dir='ltr' id='par_1_78' title="bbox 595 5632 2084 5707">
     <span class='ocr_line' id='line_1_78' title="bbox 595 5632 2084 5707; baseline 0.002 -20"><span class='ocrx_word' id='word_1_578' title='bbox 595 5637 617 5663; x_wconf 74' lang='grc'>⁸</span> <span class='ocrx_word' id='word_1_579' title='bbox 658 5632 733 5707; x_wconf 74' lang='lat' dir='ltr'><strong>ita</strong></span> <span class='ocrx_word' id='word_1_580' title='bbox 761 5633 999 5689; x_wconf 84' lang='lat' dir='ltr'><strong>Cointius</strong></span> <span class='ocrx_word' id='word_1_581' title='bbox 1027 5636 1218 5689; x_wconf 80' lang='lat' dir='ltr'><strong>Annal.</strong></span> <span class='ocrx_word' id='word_1_582' title='bbox 1262 5636 1392 5691; x_wconf 89' lang='lat' dir='ltr'><strong>eccl.</strong></span> <span class='ocrx_word' id='word_1_583' title='bbox 1429 5635 1645 5701; x_wconf 84' lang='lat' dir='ltr'><strong>Franc.,</strong></span> <span class='ocrx_word' id='word_1_584' title='bbox 1696 5646 1823 5689; x_wconf 90' lang='lat' dir='ltr'><strong>tom.</strong></span> <span class='ocrx_word' id='word_1_585' title='bbox 1862 5635 1926 5703; x_wconf 84' lang='lat' dir='ltr'><strong>ll,</strong></span> <span class='ocrx_word' id='word_1_586' title='bbox 1967 5652 2084 5707; x_wconf 75' lang='lat' dir='ltr'><strong>pag.</strong></span> 
     </span>
    </p>
   </div>
   <div class='ocr_carea' id='block_1_79' title="bbox 521 5705 2084 5776">
    <p class='ocr_par' dir='ltr' id='par_1_79' title="bbox 521 5705 2084 5776">
     <span class='ocr_line' id='line_1_79' title="bbox 521 5705 2084 5776; baseline 0.001 -18"><span class='ocrx_word' id='word_1_587' title='bbox 521 5705 608 5758; x_wconf 64' lang='lat'><strong>95&#39;.</strong></span> <span class='ocrx_word' id='word_1_588' title='bbox 661 5705 849 5776; x_wconf 72' lang='lat' dir='ltr'><strong>Neque</strong></span> <span class='ocrx_word' id='word_1_589' title='bbox 886 5707 1038 5759; x_wconf 86' lang='lat' dir='ltr'><strong>aliter</strong></span> <span class='ocrx_word' id='word_1_590' title='bbox 1082 5708 1321 5762; x_wconf 73' lang='lat' dir='ltr'><strong>liuinart.</strong></span> <span class='ocrx_word' id='word_1_591' title='bbox 1374 5707 1437 5761; x_wconf 88' lang='lat' dir='ltr'><strong>ad</strong></span> <span class='ocrx_word' id='word_1_592' title='bbox 1483 5708 1702 5775; x_wconf 73' lang='lat' dir='ltr'><strong>Cregur.</strong></span> <span class='ocrx_word' id='word_1_593' title='bbox 1735 5710 1935 5761; x_wconf 81' lang='lat' dir='ltr'><strong>Turon.</strong></span> <span class='ocrx_word' id='word_1_594' title='bbox 1968 5705 2084 5776; x_wconf 70' lang='lat' dir='ltr'><strong>pag.</strong></span> 
     </span>
    </p>
   </div>
   <div class='ocr_carea' id='block_1_80' title="bbox 522 5773 2086 5850">
    <p class='ocr_par' dir='ltr' id='par_1_80' title="bbox 522 5773 2086 5850">
     <span class='ocr_line' id='line_1_80' title="bbox 522 5773 2086 5850; baseline 0 -17"><span class='ocrx_word' id='word_1_595' title='bbox 522 5776 684 5833; x_wconf 69' lang='lat' dir='ltr'><strong>iiii-8.</strong></span> <span class='ocrx_word' id='word_1_596' title='bbox 719 5777 787 5833; x_wconf 81' lang='lat' dir='ltr'><strong>At</strong></span> <span class='ocrx_word' id='word_1_597' title='bbox 819 5773 1086 5831; x_wconf 84' lang='lat' dir='ltr'><strong>Sirmond.</strong></span> <span class='ocrx_word' id='word_1_598' title='bbox 1113 5777 1275 5834; x_wconf 70' lang='lat' dir='ltr'><strong>Cone.</strong></span> <span class='ocrx_word' id='word_1_599' title='bbox 1306 5788 1433 5837; x_wconf 85' lang='lat' dir='ltr'><strong>tutn.</strong></span> <span class='ocrx_word' id='word_1_600' title='bbox 1467 5777 1555 5845; x_wconf 82' lang='lat' dir='ltr'><strong>Vl,</strong></span> <span class='ocrx_word' id='word_1_601' title='bbox 1586 5773 1701 5850; x_wconf 79' lang='lat' dir='ltr'><strong>pag.</strong></span> <span class='ocrx_word' id='word_1_602' title='bbox 1733 5780 1791 5837; x_wconf 80' lang='lat' dir='ltr'><strong>5i</strong></span> <span class='ocrx_word' id='word_1_603' title='bbox 1814 5779 1855 5847; x_wconf 83' lang='lat' dir='ltr'><strong>i,</strong></span> <span class='ocrx_word' id='word_1_604' title='bbox 1887 5780 1947 5833; x_wconf 79' lang='lat' dir='ltr'><strong>de</strong></span> <span class='ocrx_word' id='word_1_605' title='bbox 1970 5773 2086 5833; x_wconf 79' lang='lat' dir='ltr'><strong>reti-</strong></span> 
     </span>
    </p>
   </div>
   <div class='ocr_carea' id='block_1_81' title="bbox 2208 3415 3650 3489">
    <p class='ocr_par' dir='ltr' id='par_1_81' title="bbox 2208 3415 3650 3489">
     <span class='ocr_line' id='line_1_81' title="bbox 2208 3415 3650 3489; baseline 0.003 -20"><span class='ocrx_word' id='word_1_606' title='bbox 2208 3418 2377 3488; x_wconf 78' lang='lat' dir='ltr'><strong>(Psat.</strong></span> <span class='ocrx_word' id='word_1_607' title='bbox 2408 3434 2556 3484; x_wconf 69' lang='grc' dir='ltr'>χιιι,</span> <span class='ocrx_word' id='word_1_608' title='bbox 2580 3420 2636 3489; x_wconf 75' lang='lat'><strong>9.)</strong></span> <span class='ocrx_word' id='word_1_609' title='bbox 2670 3436 2683 3471; x_wconf 90' lang='lat'><strong>:</strong></span> <span class='ocrx_word' id='word_1_610' title='bbox 2714 3419 2814 3473; x_wconf 92' lang='lat' dir='ltr'><strong>hoc</strong></span> <span class='ocrx_word' id='word_1_611' title='bbox 2842 3428 2944 3483; x_wconf 90' lang='lat' dir='ltr'><strong>est,</strong></span> <span class='ocrx_word' id='word_1_612' title='bbox 2977 3418 3137 3474; x_wconf 92' lang='lat' dir='ltr'><strong>homo</strong></span> <span class='ocrx_word' id='word_1_613' title='bbox 3166 3418 3216 3473; x_wconf 90' lang='lat' dir='ltr'><strong>in</strong></span> <span class='ocrx_word' id='word_1_614' title='bbox 3243 3418 3350 3474; x_wconf 90' lang='lat' dir='ltr'><strong>Deo</strong></span> <span class='ocrx_word' id='word_1_615' title='bbox 3382 3415 3650 3474; x_wconf 89' lang='lat' dir='ltr'><strong>transibit.</strong></span> 
     </span>
    </p>
   </div>
   <div class='ocr_carea' id='block_1_82' title="bbox 2279 3510 3791 3583">
    <p class='ocr_par' dir='ltr' id='par_1_82' title="bbox 2279 3510 3791 3583">
     <span class='ocr_line' id='line_1_82' title="bbox 2279 3510 3791 3583; baseline 0.002 -22"><span class='ocrx_word' id='word_1_616' title='bbox 2279 3510 2365 3562; x_wconf 93' lang='lat' dir='ltr'><strong>lll.</strong></span> <span class='ocrx_word' id='word_1_617' title='bbox 2410 3510 2465 3564; x_wconf 88' lang='lat' dir='ltr'><strong>Itt</strong></span> <span class='ocrx_word' id='word_1_618' title='bbox 2508 3510 2812 3580; x_wconf 59' lang='lat' dir='ltr'><strong>Evangelsis</strong></span> <span class='ocrx_word' id='word_1_619' title='bbox 2850 3511 2964 3579; x_wconf 92' lang='lat' dir='ltr'><strong>ipse</strong></span> <span class='ocrx_word' id='word_1_620' title='bbox 3004 3510 3137 3564; x_wconf 81' lang='lat' dir='ltr'><strong>dixit</strong></span> <span class='ocrx_word' id='word_1_621' title='bbox 3170 3528 3182 3564; x_wconf 91' lang='lat'><strong>:</strong></span> <span class='ocrx_word' id='word_1_622' title='bbox 3224 3510 3337 3583; x_wconf 85' lang='lat' dir='ltr'><strong>Ego</strong></span> <span class='ocrx_word' id='word_1_623' title='bbox 3365 3527 3427 3565; x_wconf 77' lang='lat' dir='ltr'><strong>ea:</strong></span> <span class='ocrx_word' id='word_1_624' title='bbox 3456 3510 3620 3565; x_wconf 77' lang='lat' dir='ltr'><strong>Pa&#39;re</strong></span> <span class='ocrx_word' id='word_1_625' title='bbox 3646 3513 3791 3578; x_wconf 64' lang='lat' dir='ltr'><strong>exivi,</strong></span> 
     </span>
    </p>
   </div>
   <div class='ocr_carea' id='block_1_83' title="bbox 2207 3601 3791 3675">
    <p class='ocr_par' dir='ltr' id='par_1_83' title="bbox 2207 3601 3791 3675">
     <span class='ocr_line' id='line_1_83' title="bbox 2207 3601 3791 3675; baseline 0 -21"><span class='ocrx_word' id='word_1_626' title='bbox 2207 3612 2251 3654; x_wconf 77' lang='lat' dir='ltr'><strong>et</strong></span> <span class='ocrx_word' id='word_1_627' title='bbox 2282 3602 2391 3654; x_wconf 74' lang='grc' dir='ltr'><strong>ιιεηὶ</strong></span> <span class='ocrx_word' id='word_1_628' title='bbox 2416 3602 2467 3654; x_wconf 87' lang='lat' dir='ltr'><strong>in</strong></span> <span class='ocrx_word' id='word_1_629' title='bbox 2494 3603 2627 3655; x_wconf 83' lang='lat' dir='ltr'><strong>hunc</strong></span> <span class='ocrx_word' id='word_1_630' title='bbox 2658 3603 2907 3656; x_wconf 86' lang='lat' dir='ltr'><strong>mundum</strong></span> <span class='ocrx_word' id='word_1_631' title='bbox 2939 3601 2990 3675; x_wconf 92' lang='lat' dir='ltr'><strong>(I</strong></span> <span class='ocrx_word' id='word_1_632' title='bbox 3015 3601 3171 3657; x_wconf 80' lang='lat' dir='ltr'><strong>Joan.</strong></span> <span class='ocrx_word' id='word_1_633' title='bbox 3202 3619 3307 3665; x_wconf 80' lang='lat' dir='ltr'><strong>xvt,</strong></span> <span class='ocrx_word' id='word_1_634' title='bbox 3337 3602 3451 3673; x_wconf 73' lang='lat'><strong>28).</strong></span> <span class='ocrx_word' id='word_1_635' title='bbox 3484 3603 3539 3657; x_wconf 90' lang='lat' dir='ltr'><strong>In</strong></span> <span class='ocrx_word' id='word_1_636' title='bbox 3568 3604 3791 3673; x_wconf 80' lang='lat' dir='ltr'><strong>quadra-</strong></span> 
     </span>
    </p>
   </div>
   <div class='ocr_carea' id='block_1_84' title="bbox 2207 3692 3793 3765">
    <p class='ocr_par' dir='ltr' id='par_1_84' title="bbox 2207 3692 3793 3765">
     <span class='ocr_line' id='line_1_84' title="bbox 2207 3692 3793 3765; baseline 0.001 -20"><span class='ocrx_word' id='word_1_637' title='bbox 2207 3692 2410 3759; x_wconf 77' lang='lat' dir='ltr'><strong>gcsimo</strong></span> <span class='ocrx_word' id='word_1_638' title='bbox 2442 3694 2668 3760; x_wconf 90' lang='lat' dir='ltr'><strong>septimo</strong></span> <span class='ocrx_word' id='word_1_639' title='bbox 2696 3693 2904 3762; x_wconf 86' lang='lat' dir='ltr'><strong>psalmo</strong></span> <span class='ocrx_word' id='word_1_640' title='bbox 2930 3692 3065 3746; x_wconf 84' lang='lat' dir='ltr'><strong>dixit</strong></span> <span class='ocrx_word' id='word_1_641' title='bbox 3097 3710 3111 3747; x_wconf 90' lang='lat'><strong>:</strong></span> <span class='ocrx_word' id='word_1_642' title='bbox 3142 3692 3441 3747; x_wconf 79' lang='lat' dir='ltr'><strong>Distribuite</strong></span> <span class='ocrx_word' id='word_1_643' title='bbox 3468 3696 3660 3765; x_wconf 82' lang='lat' dir='ltr'><strong>gradus</strong></span> <span class='ocrx_word' id='word_1_644' title='bbox 3686 3696 3793 3764; x_wconf 77' lang='lat' dir='ltr'><strong>ejus</strong></span> 
     </span>
    </p>
   </div>
   <div class='ocr_carea' id='block_1_85' title="bbox 2207 3781 3791 3853">
    <p class='ocr_par' dir='ltr' id='par_1_85' title="bbox 2207 3781 3791 3853">
     <span class='ocr_line' id='line_1_85' title="bbox 2207 3781 3791 3853; baseline 0.002 -20"><span class='ocrx_word' id='word_1_645' title='bbox 2207 3781 2376 3852; x_wconf 77' lang='lat' dir='ltr'><strong>(Psal.</strong></span> <span class='ocrx_word' id='word_1_646' title='bbox 2411 3784 2715 3853; x_wconf 60' lang='lat' dir='ltr'><strong>XLVmi/1).</strong></span> <span class='ocrx_word' id='word_1_647' title='bbox 2751 3782 2876 3852; x_wconf 84' lang='lat' dir='ltr'><strong>Ejus</strong></span> <span class='ocrx_word' id='word_1_648' title='bbox 2904 3783 3060 3849; x_wconf 81' lang='lat' dir='ltr'><strong>dixit,</strong></span> <span class='ocrx_word' id='word_1_649' title='bbox 3107 3798 3210 3837; x_wconf 90' lang='lat' dir='ltr'><strong>non</strong></span> <span class='ocrx_word' id='word_1_650' title='bbox 3263 3797 3448 3837; x_wconf 84' lang='lat' dir='ltr'><strong>eorum</strong></span> <span class='ocrx_word' id='word_1_651' title='bbox 3482 3799 3497 3837; x_wconf 90' lang='lat'><strong>:</strong></span> <span class='ocrx_word' id='word_1_652' title='bbox 3544 3786 3791 3852; x_wconf 84' lang='lat' dir='ltr'><strong>quoniam</strong></span> 
     </span>
    </p>
   </div>
   <div class='ocr_carea' id='block_1_86' title="bbox 2208 3875 3794 3945">
    <p class='ocr_par' dir='ltr' id='par_1_86' title="bbox 2208 3875 3794 3945">
     <span class='ocr_line' id='line_1_86' title="bbox 2208 3875 3794 3945; baseline -0.001 -16"><span class='ocrx_word' id='word_1_653' title='bbox 2208 3891 2342 3930; x_wconf 91' lang='lat' dir='ltr'><strong>unus</strong></span> <span class='ocrx_word' id='word_1_654' title='bbox 2390 3891 2545 3941; x_wconf 85' lang='lat' dir='ltr'><strong>esse,</strong></span> <span class='ocrx_word' id='word_1_655' title='bbox 2593 3877 2687 3931; x_wconf 88' lang='lat' dir='ltr'><strong>sed</strong></span> <span class='ocrx_word' id='word_1_656' title='bbox 2737 3890 2836 3930; x_wconf 92' lang='lat' dir='ltr'><strong>nec</strong></span> <span class='ocrx_word' id='word_1_657' title='bbox 2878 3877 3043 3945; x_wconf 92' lang='lat' dir='ltr'><strong>solus,</strong></span> <span class='ocrx_word' id='word_1_658' title='bbox 3094 3877 3433 3945; x_wconf 87' lang='lat' dir='ltr'><strong>apertissime</strong></span> <span class='ocrx_word' id='word_1_659' title='bbox 3482 3877 3691 3930; x_wconf 86' lang='lat' dir='ltr'><strong>scitur:</strong></span> <span class='ocrx_word' id='word_1_660' title='bbox 3729 3875 3794 3929; x_wconf 80' lang='lat' dir='ltr'><strong>Ut</strong></span> 
     </span>
    </p>
   </div>
   <div class='ocr_carea' id='block_1_87' title="bbox 2206 3967 3793 4039">
    <p class='ocr_par' dir='ltr' id='par_1_87' title="bbox 2206 3967 3793 4039">
     <span class='ocr_line' id='line_1_87' title="bbox 2206 3967 3793 4039; baseline -0.001 -18"><span class='ocrx_word' id='word_1_661' title='bbox 2206 3970 2448 4022; x_wconf 76' lang='lat' dir='ltr'><strong>enarratis</strong></span> <span class='ocrx_word' id='word_1_662' title='bbox 2478 3970 2528 4021; x_wconf 87' lang='lat' dir='ltr'><strong>in</strong></span> <span class='ocrx_word' id='word_1_663' title='bbox 2560 3969 2799 4039; x_wconf 81' lang='lat' dir='ltr'><strong>progenie</strong></span> <span class='ocrx_word' id='word_1_664' title='bbox 2825 3967 2985 4022; x_wconf 81' lang='lat' dir='ltr'><strong>altera</strong></span> <span class='ocrx_word' id='word_1_665' title='bbox 3013 3986 3032 4023; x_wconf 91' lang='lat'><strong>:</strong></span> <span class='ocrx_word' id='word_1_666' title='bbox 3073 3985 3193 4022; x_wconf 89' lang='lat' dir='ltr'><strong>nam</strong></span> <span class='ocrx_word' id='word_1_667' title='bbox 3238 3970 3288 4022; x_wconf 91' lang='lat' dir='ltr'><strong>iu</strong></span> <span class='ocrx_word' id='word_1_668' title='bbox 3319 3969 3405 4024; x_wconf 88' lang='lat' dir='ltr'><strong>die</strong></span> <span class='ocrx_word' id='word_1_669' title='bbox 3436 3969 3793 4023; x_wconf 87' lang='lat' dir='ltr'><strong>resurrectio-</strong></span> 
     </span>
    </p>
   </div>
   <div class='ocr_carea' id='block_1_88' title="bbox 2209 4058 3790 4129">
    <p class='ocr_par' dir='ltr' id='par_1_88' title="bbox 2209 4058 3790 4129">
     <span class='ocr_line' id='line_1_88' title="bbox 2209 4058 3790 4129; baseline -0.002 -18"><span class='ocrx_word' id='word_1_670' title='bbox 2209 4059 2291 4112; x_wconf 91' lang='lat' dir='ltr'><strong>nis</strong></span> <span class='ocrx_word' id='word_1_671' title='bbox 2318 4074 2415 4113; x_wconf 90' lang='lat' dir='ltr'><strong>nec</strong></span> <span class='ocrx_word' id='word_1_672' title='bbox 2445 4074 2717 4124; x_wconf 85' lang='lat' dir='ltr'><strong>enarrare,</strong></span> <span class='ocrx_word' id='word_1_673' title='bbox 2751 4074 2848 4114; x_wconf 91' lang='lat' dir='ltr'><strong>nec</strong></span> <span class='ocrx_word' id='word_1_674' title='bbox 2877 4075 3133 4128; x_wconf 81' lang='lat' dir='ltr'><strong>apparere</strong></span> <span class='ocrx_word' id='word_1_675' title='bbox 3180 4061 3397 4129; x_wconf 84' lang='lat' dir='ltr'><strong>poterit,</strong></span> <span class='ocrx_word' id='word_1_676' title='bbox 3429 4060 3520 4128; x_wconf 87' lang='lat' dir='ltr'><strong>qui</strong></span> <span class='ocrx_word' id='word_1_677' title='bbox 3550 4058 3790 4112; x_wconf 81' lang='lat' dir='ltr'><strong>Trinita-</strong></span> 
     </span>
    </p>
   </div>
   <div class='ocr_carea' id='block_1_89' title="bbox 2211 4149 3796 4218">
    <p class='ocr_par' dir='ltr' id='par_1_89' title="bbox 2211 4149 3796 4218">
     <span class='ocr_line' id='line_1_89' title="bbox 2211 4149 3796 4218; baseline -0.002 -15"><span class='ocrx_word' id='word_1_678' title='bbox 2211 4159 2316 4204; x_wconf 90' lang='lat' dir='ltr'><strong>tem</strong></span> <span class='ocrx_word' id='word_1_679' title='bbox 2351 4150 2403 4203; x_wconf 86' lang='lat' dir='ltr'><strong>in</strong></span> <span class='ocrx_word' id='word_1_680' title='bbox 2436 4150 2637 4203; x_wconf 90' lang='lat' dir='ltr'><strong>unitate</strong></span> <span class='ocrx_word' id='word_1_681' title='bbox 2670 4164 2772 4203; x_wconf 92' lang='lat' dir='ltr'><strong>non</strong></span> <span class='ocrx_word' id='word_1_682' title='bbox 2802 4150 3106 4204; x_wconf 85' lang='lat' dir='ltr'><strong>crediderit.</strong></span> <span class='ocrx_word' id='word_1_683' title='bbox 3143 4150 3207 4203; x_wconf 92' lang='lat' dir='ltr'><strong>Et</strong></span> <span class='ocrx_word' id='word_1_684' title='bbox 3236 4164 3329 4218; x_wconf 92' lang='lat' dir='ltr'><strong>pro</strong></span> <span class='ocrx_word' id='word_1_685' title='bbox 3359 4164 3424 4204; x_wconf 93' lang='lat' dir='ltr'><strong>eo</strong></span> <span class='ocrx_word' id='word_1_686' title='bbox 3452 4149 3630 4202; x_wconf 91' lang='lat' dir='ltr'><strong>omnis</strong></span> <span class='ocrx_word' id='word_1_687' title='bbox 3661 4149 3796 4201; x_wconf 73' lang='lat' dir='ltr'><strong>miri-</strong></span> 
     </span>
    </p>
   </div>
   <div class='ocr_carea' id='block_1_90' title="bbox 2210 4241 3792 4311">
    <p class='ocr_par' dir='ltr' id='par_1_90' title="bbox 2210 4241 3792 4311">
     <span class='ocr_line' id='line_1_90' title="bbox 2210 4241 3792 4311; baseline -0.003 -16"><span class='ocrx_word' id='word_1_688' title='bbox 2210 4242 2278 4295; x_wconf 91' lang='lat' dir='ltr'><strong>tia</strong></span> <span class='ocrx_word' id='word_1_689' title='bbox 2326 4242 2638 4311; x_wconf 81' lang='lat' dir='ltr'><strong>angelorum</strong></span> <span class='ocrx_word' id='word_1_690' title='bbox 2686 4256 2781 4309; x_wconf 88' lang='lat' dir='ltr'><strong>per</strong></span> <span class='ocrx_word' id='word_1_691' title='bbox 2830 4242 3064 4310; x_wconf 85' lang='lat' dir='ltr'><strong>singulos</strong></span> <span class='ocrx_word' id='word_1_692' title='bbox 3114 4242 3228 4295; x_wconf 89' lang='lat' dir='ltr'><strong>dies</strong></span> <span class='ocrx_word' id='word_1_693' title='bbox 3274 4243 3514 4294; x_wconf 87' lang='lat' dir='ltr'><strong>clamat:</strong></span> <span class='ocrx_word' id='word_1_694' title='bbox 3551 4241 3792 4306; x_wconf 81' lang='lat' dir='ltr'><strong>Sanctus,</strong></span> 
     </span>
    </p>
   </div>
   <div class='ocr_carea' id='block_1_91' title="bbox 2209 4331 3792 4401">
    <p class='ocr_par' dir='ltr' id='par_1_91' title="bbox 2209 4331 3792 4401">
     <span class='ocr_line' id='line_1_91' title="bbox 2209 4331 3792 4401; baseline -0.001 -14"><span class='ocrx_word' id='word_1_695' title='bbox 2209 4344 2433 4396; x_wconf 72' lang='lat' dir='ltr'><strong>sanctus,</strong></span> <span class='ocrx_word' id='word_1_696' title='bbox 2478 4343 2703 4398; x_wconf 79' lang='lat' dir='ltr'><strong>sanctus,</strong></span> <span class='ocrx_word' id='word_1_697' title='bbox 2749 4331 2999 4387; x_wconf 86' lang='lat' dir='ltr'><strong>Dominus</strong></span> <span class='ocrx_word' id='word_1_698' title='bbox 3034 4333 3169 4386; x_wconf 81' lang='lat' dir='ltr'><strong>Deus</strong></span> <span class='ocrx_word' id='word_1_699' title='bbox 3209 4334 3420 4386; x_wconf 81' lang='lat' dir='ltr'><strong>sabaotlt</strong></span> <span class='ocrx_word' id='word_1_700' title='bbox 3448 4333 3581 4401; x_wconf 71' lang='lat' dir='ltr'><strong>(Im.</strong></span> <span class='ocrx_word' id='word_1_701' title='bbox 3616 4349 3688 4397; x_wconf 77' lang='lat' dir='ltr'><strong>v1,</strong></span> <span class='ocrx_word' id='word_1_702' title='bbox 3716 4332 3792 4401; x_wconf 77' lang='lat'><strong>3).</strong></span> 
     </span>
    </p>
   </div>
   <div class='ocr_carea' id='block_1_92' title="bbox 2210 4429 3795 4494">
    <p class='ocr_par' dir='ltr' id='par_1_92' title="bbox 2210 4429 3795 4494">
     <span class='ocr_line' id='line_1_92' title="bbox 2210 4429 3795 4494; baseline -0.001 -10"><span class='ocrx_word' id='word_1_703' title='bbox 2210 4431 2321 4485; x_wconf 83' lang='lat' dir='ltr'><strong>Non</strong></span> <span class='ocrx_word' id='word_1_704' title='bbox 2372 4440 2478 4484; x_wconf 89' lang='lat' dir='ltr'><strong>tres</strong></span> <span class='ocrx_word' id='word_1_705' title='bbox 2520 4430 2719 4494; x_wconf 87' lang='lat' dir='ltr'><strong>Sancti,</strong></span> <span class='ocrx_word' id='word_1_706' title='bbox 2774 4430 2866 4484; x_wconf 87' lang='lat' dir='ltr'><strong>sed</strong></span> <span class='ocrx_word' id='word_1_707' title='bbox 2916 4439 2997 4484; x_wconf 88' lang='lat' dir='ltr'><strong>ter</strong></span> <span class='ocrx_word' id='word_1_708' title='bbox 3040 4430 3293 4483; x_wconf 84' lang='lat' dir='ltr'><strong>Sanctum</strong></span> <span class='ocrx_word' id='word_1_709' title='bbox 3343 4429 3478 4483; x_wconf 83' lang='lat' dir='ltr'><strong>dixit</strong></span> <span class='ocrx_word' id='word_1_710' title='bbox 3511 4429 3795 4483; x_wconf 89' lang='lat' dir='ltr'><strong>Dominum</strong></span> 
     </span>
    </p>
   </div>
   <div class='ocr_carea' id='block_1_93' title="bbox 2212 4521 3797 4586">
    <p class='ocr_par' dir='ltr' id='par_1_93' title="bbox 2212 4521 3797 4586">
     <span class='ocr_line' id='line_1_93' title="bbox 2212 4521 3797 4586; baseline -0.001 -11"><span class='ocrx_word' id='word_1_711' title='bbox 2212 4524 2374 4576; x_wconf 92' lang='lat' dir='ltr'><strong>Deum</strong></span> <span class='ocrx_word' id='word_1_712' title='bbox 2400 4522 2642 4576; x_wconf 80' lang='lat' dir='ltr'><strong>sabaoth.</strong></span> <span class='ocrx_word' id='word_1_713' title='bbox 2668 4522 2893 4576; x_wconf 89' lang='lat' dir='ltr'><strong>Sanctus</strong></span> <span class='ocrx_word' id='word_1_714' title='bbox 2912 4521 3086 4586; x_wconf 79' lang='lat' dir='ltr'><strong>I’atcr,</strong></span> <span class='ocrx_word' id='word_1_715' title='bbox 3111 4523 3337 4576; x_wconf 88' lang='lat' dir='ltr'><strong>Sanctus</strong></span> <span class='ocrx_word' id='word_1_716' title='bbox 3360 4522 3546 4586; x_wconf 82' lang='lat' dir='ltr'><strong>Filius,</strong></span> <span class='ocrx_word' id='word_1_717' title='bbox 3567 4522 3797 4575; x_wconf 85' lang='lat' dir='ltr'><strong>Sanctus</strong></span> 
     </span>
    </p>
   </div>
   <div class='ocr_carea' id='block_1_94' title="bbox 2209 4611 3798 4677">
    <p class='ocr_par' dir='ltr' id='par_1_94' title="bbox 2209 4611 3798 4677">
     <span class='ocr_line' id='line_1_94' title="bbox 2209 4611 3798 4677; baseline -0.003 -10"><span class='ocrx_word' id='word_1_718' title='bbox 2209 4614 2457 4677; x_wconf 84' lang='lat' dir='ltr'><strong>Spiritus.</strong></span> <span class='ocrx_word' id='word_1_719' title='bbox 2516 4613 2661 4667; x_wconf 88' lang='lat' dir='ltr'><strong>Unus</strong></span> <span class='ocrx_word' id='word_1_720' title='bbox 2692 4614 2939 4673; x_wconf 82' lang='lat' dir='ltr'><strong>Sanctus,</strong></span> <span class='ocrx_word' id='word_1_721' title='bbox 2975 4612 3112 4665; x_wconf 87' lang='lat' dir='ltr'><strong>sicut</strong></span> <span class='ocrx_word' id='word_1_722' title='bbox 3144 4628 3278 4666; x_wconf 91' lang='lat' dir='ltr'><strong>unus</strong></span> <span class='ocrx_word' id='word_1_723' title='bbox 3311 4612 3590 4668; x_wconf 88' lang='lat' dir='ltr'><strong>Dominus.</strong></span> <span class='ocrx_word' id='word_1_724' title='bbox 3647 4611 3798 4667; x_wconf 85' lang='lat' dir='ltr'><strong>Unde</strong></span> 
     </span>
    </p>
   </div>
   <div class='ocr_carea' id='block_1_95' title="bbox 2208 4704 3800 4775">
    <p class='ocr_par' dir='ltr' id='par_1_95' title="bbox 2208 4704 3800 4775">
     <span class='ocr_line' id='line_1_95' title="bbox 2208 4704 3800 4775; baseline -0.001 -16"><span class='ocrx_word' id='word_1_725' title='bbox 2208 4715 2259 4759; x_wconf 89' lang='lat' dir='ltr'><strong>ct</strong></span> <span class='ocrx_word' id='word_1_726' title='bbox 2285 4705 2516 4760; x_wconf 86' lang='lat' dir='ltr'><strong>Joannes</strong></span> <span class='ocrx_word' id='word_1_727' title='bbox 2563 4706 2889 4773; x_wconf 80' lang='lat' dir='ltr'><strong>evangelista</strong></span> <span class='ocrx_word' id='word_1_728' title='bbox 2923 4704 3053 4758; x_wconf 78' lang='lat' dir='ltr'><strong>dixit</strong></span> <span class='ocrx_word' id='word_1_729' title='bbox 3084 4722 3096 4758; x_wconf 90' lang='lat'><strong>:</strong></span> <span class='ocrx_word' id='word_1_730' title='bbox 3131 4704 3251 4775; x_wconf 84' lang='lat' dir='ltr'><strong>Ipse</strong></span> <span class='ocrx_word' id='word_1_731' title='bbox 3280 4714 3351 4757; x_wconf 81' lang='lat' dir='ltr'><strong>est</strong></span> <span class='ocrx_word' id='word_1_732' title='bbox 3383 4706 3472 4775; x_wconf 79' lang='lat' dir='ltr'><strong>qui</strong></span> <span class='ocrx_word' id='word_1_733' title='bbox 3500 4715 3598 4769; x_wconf 77' lang='lat' dir='ltr'><strong>est,</strong></span> <span class='ocrx_word' id='word_1_734' title='bbox 3643 4717 3689 4758; x_wconf 82' lang='lat' dir='ltr'><strong>et</strong></span> <span class='ocrx_word' id='word_1_735' title='bbox 3715 4705 3800 4774; x_wconf 86' lang='lat' dir='ltr'><strong>qui</strong></span> 
     </span>
    </p>
   </div>
   <div class='ocr_carea' id='block_1_96' title="bbox 2209 4796 3800 4868">
    <p class='ocr_par' dir='ltr' id='par_1_96' title="bbox 2209 4796 3800 4868">
     <span class='ocr_line' id='line_1_96' title="bbox 2209 4796 3800 4868; baseline 0 -16"><span class='ocrx_word' id='word_1_736' title='bbox 2209 4810 2335 4856; x_wconf 60' lang='lat' dir='ltr'><strong>erat.</strong></span> <span class='ocrx_word' id='word_1_737' title='bbox 2367 4810 2413 4852; x_wconf 86' lang='lat' dir='ltr'><strong>et</strong></span> <span class='ocrx_word' id='word_1_738' title='bbox 2439 4799 2523 4868; x_wconf 84' lang='lat' dir='ltr'><strong>qui</strong></span> <span class='ocrx_word' id='word_1_739' title='bbox 2551 4809 2785 4852; x_wconf 67' lang='lat' dir='ltr'><strong>venturus</strong></span> <span class='ocrx_word' id='word_1_740' title='bbox 2818 4809 2889 4853; x_wconf 83' lang='lat' dir='ltr'><strong>est</strong></span> <span class='ocrx_word' id='word_1_741' title='bbox 2918 4799 3155 4853; x_wconf 78' lang='lat' dir='ltr'><strong>Salvator</strong></span> <span class='ocrx_word' id='word_1_742' title='bbox 3191 4800 3371 4868; x_wconf 77' lang='lat' dir='ltr'><strong>(Apoc.</strong></span> <span class='ocrx_word' id='word_1_743' title='bbox 3402 4814 3438 4861; x_wconf 82' lang='grc' dir='ltr'><strong>ι,</strong></span> <span class='ocrx_word' id='word_1_744' title='bbox 3470 4796 3549 4868; x_wconf 88' lang='grc'><strong>8).</strong></span> <span class='ocrx_word' id='word_1_745' title='bbox 3615 4798 3671 4853; x_wconf 89' lang='lat' dir='ltr'><strong>Si</strong></span> <span class='ocrx_word' id='word_1_746' title='bbox 3706 4815 3800 4867; x_wconf 82' lang='lat' dir='ltr'><strong>per</strong></span> 
     </span>
    </p>
   </div>
   <div class='ocr_carea' id='block_1_97' title="bbox 2210 4891 3798 4961">
    <p class='ocr_par' dir='ltr' id='par_1_97' title="bbox 2210 4891 3798 4961">
     <span class='ocr_line' id='line_1_97' title="bbox 2210 4891 3798 4961; baseline 0.001 -17"><span class='ocrx_word' id='word_1_747' title='bbox 2210 4893 2422 4944; x_wconf 86' lang='lat' dir='ltr'><strong>nomina</strong></span> <span class='ocrx_word' id='word_1_748' title='bbox 2473 4892 2639 4959; x_wconf 76' lang='lat' dir='ltr'><strong>ivero,</strong></span> <span class='ocrx_word' id='word_1_749' title='bbox 2685 4893 2878 4961; x_wconf 84' lang='lat' dir='ltr'><strong>gradus</strong></span> <span class='ocrx_word' id='word_1_750' title='bbox 2927 4906 3046 4945; x_wconf 90' lang='lat' dir='ltr'><strong>esse</strong></span> <span class='ocrx_word' id='word_1_751' title='bbox 3092 4892 3359 4945; x_wconf 87' lang='lat' dir='ltr'><strong>videntur.</strong></span> <span class='ocrx_word' id='word_1_752' title='bbox 3412 4892 3548 4945; x_wconf 90' lang='lat' dir='ltr'><strong>Cum</strong></span> <span class='ocrx_word' id='word_1_753' title='bbox 3585 4891 3798 4946; x_wconf 86' lang='lat' dir='ltr'><strong>Patrem</strong></span> 
     </span>
    </p>
   </div>
   <div class='ocr_carea' id='block_1_98' title="bbox 2208 4983 3796 5051">
    <p class='ocr_par' dir='ltr' id='par_1_98' title="bbox 2208 4983 3796 5051">
     <span class='ocr_line' id='line_1_98' title="bbox 2208 4983 3796 5051; baseline 0.001 -16"><span class='ocrx_word' id='word_1_754' title='bbox 2208 4984 2379 5047; x_wconf 72' lang='lat' dir='ltr'><strong>audis,</strong></span> <span class='ocrx_word' id='word_1_755' title='bbox 2430 4984 2642 5037; x_wconf 89' lang='lat' dir='ltr'><strong>nomine</strong></span> <span class='ocrx_word' id='word_1_756' title='bbox 2693 4984 2861 5051; x_wconf 87' lang='lat' dir='ltr'><strong>major</strong></span> <span class='ocrx_word' id='word_1_757' title='bbox 2905 4998 3024 5038; x_wconf 89' lang='lat' dir='ltr'><strong>esse</strong></span> <span class='ocrx_word' id='word_1_758' title='bbox 3068 4983 3307 5049; x_wconf 85' lang='lat' dir='ltr'><strong>videtur;</strong></span> <span class='ocrx_word' id='word_1_759' title='bbox 3359 4994 3413 5037; x_wconf 92' lang='lat' dir='ltr'><strong>et</strong></span> <span class='ocrx_word' id='word_1_760' title='bbox 3454 4984 3577 5037; x_wconf 87' lang='lat' dir='ltr'><strong>ideo</strong></span> <span class='ocrx_word' id='word_1_761' title='bbox 3622 4984 3796 5039; x_wconf 84' lang='lat' dir='ltr'><strong>dixit:</strong></span> 
     </span>
    </p>
   </div>
   <div class='ocr_carea' id='block_1_99' title="bbox 2212 5072 3799 5145">
    <p class='ocr_par' dir='ltr' id='par_1_99' title="bbox 2212 5072 3799 5145">
     <span class='ocr_line' id='line_1_99' title="bbox 2212 5072 3799 5145; baseline 0.002 -21"><span class='ocrx_word' id='word_1_762' title='bbox 2212 5072 2366 5125; x_wconf 75' lang='lat' dir='ltr'><strong>Pater</strong></span> <span class='ocrx_word' id='word_1_763' title='bbox 2391 5078 2553 5145; x_wconf 83' lang='lat' dir='ltr'><strong>major</strong></span> <span class='ocrx_word' id='word_1_764' title='bbox 2582 5091 2658 5127; x_wconf 88' lang='lat' dir='ltr'><strong>me</strong></span> <span class='ocrx_word' id='word_1_765' title='bbox 2685 5086 2757 5128; x_wconf 80' lang='lat' dir='ltr'><strong>est</strong></span> <span class='ocrx_word' id='word_1_766' title='bbox 2786 5073 2963 5145; x_wconf 87' lang='lat' dir='ltr'><strong>(Joan.</strong></span> <span class='ocrx_word' id='word_1_767' title='bbox 3000 5089 3109 5139; x_wconf 79' lang='lat' dir='ltr'><strong>xrv,</strong></span> <span class='ocrx_word' id='word_1_768' title='bbox 3141 5074 3264 5142; x_wconf 71' lang='lat'><strong>28);</strong></span> <span class='ocrx_word' id='word_1_769' title='bbox 3300 5074 3392 5127; x_wconf 89' lang='lat' dir='ltr'><strong>sed</strong></span> <span class='ocrx_word' id='word_1_770' title='bbox 3429 5075 3649 5128; x_wconf 85' lang='lat' dir='ltr'><strong>nomine</strong></span> <span class='ocrx_word' id='word_1_771' title='bbox 3683 5087 3799 5127; x_wconf 83' lang='lat' dir='ltr'><strong>tan-</strong></span> 
     </span>
    </p>
   </div>
   <div class='ocr_carea' id='block_1_100' title="bbox 2206 5164 3796 5232">
    <p class='ocr_par' dir='ltr' id='par_1_100' title="bbox 2206 5164 3796 5232">
     <span class='ocr_line' id='line_1_100' title="bbox 2206 5164 3796 5232; baseline 0 -15"><span class='ocrx_word' id='word_1_772' title='bbox 2206 5176 2338 5219; x_wconf 92' lang='lat' dir='ltr'><strong>tum.</strong></span> <span class='ocrx_word' id='word_1_773' title='bbox 2394 5166 2448 5219; x_wconf 94' lang='lat' dir='ltr'><strong>ln</strong></span> <span class='ocrx_word' id='word_1_774' title='bbox 2476 5166 2673 5219; x_wconf 82' lang='lat' dir='ltr'><strong>deitate</strong></span> <span class='ocrx_word' id='word_1_775' title='bbox 2714 5174 2913 5230; x_wconf 88' lang='lat' dir='ltr'><strong>autem,</strong></span> <span class='ocrx_word' id='word_1_776' title='bbox 2958 5164 3359 5217; x_wconf 81' lang='lat' dir='ltr'><strong>evidentissime</strong></span> <span class='ocrx_word' id='word_1_777' title='bbox 3401 5180 3495 5232; x_wconf 88' lang='lat' dir='ltr'><strong>per</strong></span> <span class='ocrx_word' id='word_1_778' title='bbox 3522 5164 3796 5217; x_wconf 86' lang='lat' dir='ltr'><strong>Christum</strong></span> 
     </span>
    </p>
   </div>
   <div class='ocr_carea' id='block_1_101' title="bbox 2201 5255 3801 5328">
    <p class='ocr_par' dir='ltr' id='par_1_101' title="bbox 2201 5255 3801 5328">
     <span class='ocr_line' id='line_1_101' title="bbox 2201 5255 3801 5328; baseline -0.001 -16"><span class='ocrx_word' id='word_1_779' title='bbox 2201 5269 2253 5312; x_wconf 90' lang='lat' dir='ltr'><strong>ct</strong></span> <span class='ocrx_word' id='word_1_780' title='bbox 2287 5276 2379 5327; x_wconf 87' lang='lat' dir='ltr'><strong>per</strong></span> <span class='ocrx_word' id='word_1_781' title='bbox 2400 5260 2670 5328; x_wconf 87' lang='lat' dir='ltr'><strong>apostolos</strong></span> <span class='ocrx_word' id='word_1_782' title='bbox 2700 5258 2814 5326; x_wconf 88' lang='lat' dir='ltr'><strong>ejus</strong></span> <span class='ocrx_word' id='word_1_783' title='bbox 2846 5271 2978 5310; x_wconf 83' lang='lat' dir='ltr'><strong>unus</strong></span> <span class='ocrx_word' id='word_1_784' title='bbox 3010 5271 3129 5309; x_wconf 79' lang='lat' dir='ltr'><strong>esse</strong></span> <span class='ocrx_word' id='word_1_785' title='bbox 3158 5255 3482 5325; x_wconf 71' lang='lat' dir='ltr'><strong>agno~citnr.</strong></span> <span class='ocrx_word' id='word_1_786' title='bbox 3515 5256 3653 5322; x_wconf 85' lang='lat' dir='ltr'><strong>Quia</strong></span> <span class='ocrx_word' id='word_1_787' title='bbox 3687 5258 3801 5323; x_wconf 82' lang='lat' dir='ltr'><strong>ipse</strong></span> 
     </span>
    </p>
   </div>
   <div class='ocr_carea' id='block_1_102' title="bbox 2200 5346 3800 5420">
    <p class='ocr_par' dir='ltr' id='par_1_102' title="bbox 2200 5346 3800 5420">
     <span class='ocr_line' id='line_1_102' title="bbox 2200 5346 3800 5420; baseline -0.004 -17"><span class='ocrx_word' id='word_1_788' title='bbox 2200 5365 2319 5403; x_wconf 90' lang='lat' dir='ltr'><strong>cum</strong></span> <span class='ocrx_word' id='word_1_789' title='bbox 2344 5365 2372 5403; x_wconf 87' lang='lat' dir='ltr'><strong>a</strong></span> <span class='ocrx_word' id='word_1_790' title='bbox 2390 5350 2648 5420; x_wconf 88' lang='lat' dir='ltr'><strong>discipulo</strong></span> <span class='ocrx_word' id='word_1_791' title='bbox 2675 5350 3092 5415; x_wconf 88' lang='lat' dir='ltr'><strong>interrogaretur</strong></span> <span class='ocrx_word' id='word_1_792' title='bbox 3118 5346 3386 5410; x_wconf 81' lang='lat' dir='ltr'><strong>:Domine,</strong></span> <span class='ocrx_word' id='word_1_793' title='bbox 3414 5348 3629 5401; x_wconf 79' lang='lat' dir='ltr'><strong>ostende</strong></span> <span class='ocrx_word' id='word_1_794' title='bbox 3654 5347 3800 5399; x_wconf 82' lang='lat' dir='ltr'><strong>nobis</strong></span> 
     </span>
    </p>
   </div>
   <div class='ocr_carea' id='block_1_103' title="bbox 2212 5436 3798 5509">
    <p class='ocr_par' dir='ltr' id='par_1_103' title="bbox 2212 5436 3798 5509">
     <span class='ocr_line' id='line_1_103' title="bbox 2212 5436 3798 5509; baseline -0.003 -15"><span class='ocrx_word' id='word_1_795' title='bbox 2212 5440 2449 5509; x_wconf 84' lang='lat' dir='ltr'><strong>Patrem;</strong></span> <span class='ocrx_word' id='word_1_796' title='bbox 2492 5450 2545 5495; x_wconf 89' lang='lat' dir='ltr'><strong>et</strong></span> <span class='ocrx_word' id='word_1_797' title='bbox 2592 5439 2679 5494; x_wconf 85' lang='lat' dir='ltr'><strong>ille</strong></span> <span class='ocrx_word' id='word_1_798' title='bbox 2714 5455 2725 5491; x_wconf 94' lang='lat'><strong>:</strong></span> <span class='ocrx_word' id='word_1_799' title='bbox 2762 5437 2847 5492; x_wconf 80' lang='lat' dir='ltr'><strong>Me</strong></span> <span class='ocrx_word' id='word_1_800' title='bbox 2891 5438 3056 5503; x_wconf 78' lang='lat' dir='ltr'><strong>vides,</strong></span> <span class='ocrx_word' id='word_1_801' title='bbox 3104 5447 3148 5490; x_wconf 85' lang='lat' dir='ltr'><strong>et</strong></span> <span class='ocrx_word' id='word_1_802' title='bbox 3190 5437 3253 5489; x_wconf 84' lang='lat' dir='ltr'><strong>de</strong></span> <span class='ocrx_word' id='word_1_803' title='bbox 3298 5436 3458 5490; x_wconf 83' lang='lat' dir='ltr'><strong>Putre</strong></span> <span class='ocrx_word' id='word_1_804' title='bbox 3510 5439 3798 5507; x_wconf 78' lang='lat' dir='ltr'><strong>interrogas</strong></span> 
     </span>
    </p>
   </div>
   <div class='ocr_carea' id='block_1_104' title="bbox 2194 5633 3798 5707">
    <p class='ocr_par' dir='ltr' id='par_1_104' title="bbox 2194 5633 3798 5707">
     <span class='ocr_line' id='line_1_104' title="bbox 2194 5633 3798 5707; baseline -0.002 -17"><span class='ocrx_word' id='word_1_805' title='bbox 2194 5636 2634 5707; x_wconf 84' lang='lat' dir='ltr'><strong>gione:fortasse</strong></span> <span class='ocrx_word' id='word_1_806' title='bbox 2662 5633 2909 5707; x_wconf 79' lang='lat' dir='ltr'><strong>rectius;</strong></span> <span class='ocrx_word' id='word_1_807' title='bbox 2954 5635 3092 5707; x_wconf 78' lang='lat' dir='ltr'><strong>apud</strong></span> <span class='ocrx_word' id='word_1_808' title='bbox 3120 5649 3277 5707; x_wconf 89' lang='lat' dir='ltr'><strong>quem</strong></span> <span class='ocrx_word' id='word_1_809' title='bbox 3308 5633 3475 5707; x_wconf 84' lang='lat' dir='ltr'><strong>paulo</strong></span> <span class='ocrx_word' id='word_1_810' title='bbox 3518 5644 3641 5707; x_wconf 86' lang='lat' dir='ltr'><strong>post</strong></span> <span class='ocrx_word' id='word_1_811' title='bbox 3684 5651 3798 5687; x_wconf 81' lang='lat' dir='ltr'><strong>nta-</strong></span> 
     </span>
    </p>
   </div>
   <div class='ocr_carea' id='block_1_105' title="bbox 2192 5705 3721 5781">
    <p class='ocr_par' dir='ltr' id='par_1_105' title="bbox 2192 5705 3721 5781">
     <span class='ocr_line' id='line_1_105' title="bbox 2192 5705 3721 5781; baseline 0 -23"><span class='ocrx_word' id='word_1_812' title='bbox 2192 5705 2378 5781; x_wconf 49' lang='lat' dir='ltr'><strong>{pii/ica</strong></span> <span class='ocrx_word' id='word_1_813' title='bbox 2406 5723 2500 5778; x_wconf 84' lang='lat' dir='ltr'><strong>pro</strong></span> <span class='ocrx_word' id='word_1_814' title='bbox 2530 5706 2771 5773; x_wconf 79' lang='lat' dir='ltr'><strong>muniﬁca</strong></span> <span class='ocrx_word' id='word_1_815' title='bbox 2799 5720 2817 5759; x_wconf 87' lang='lat'><strong>:</strong></span> <span class='ocrx_word' id='word_1_816' title='bbox 2847 5705 2985 5776; x_wconf 88' lang='lat' dir='ltr'><strong>quod</strong></span> <span class='ocrx_word' id='word_1_817' title='bbox 3016 5706 3281 5775; x_wconf 87' lang='lat' dir='ltr'><strong>posterius</strong></span> <span class='ocrx_word' id='word_1_818' title='bbox 3314 5706 3483 5775; x_wconf 79' lang='lat' dir='ltr'><strong>magis</strong></span> <span class='ocrx_word' id='word_1_819' title='bbox 3515 5706 3721 5775; x_wconf 87' lang='lat' dir='ltr'><strong>placet.</strong></span> 
     </span>
    </p>
   </div>
  </div>
