4004 6354
238 326 342 382 577

1649 329 1821 384 ΕΡΙΞΊ

1932 332 1978 387 Λ
2014 331 2077 388 ll.
2145 383 2148 386 .
3394 339 3495 396 378

238 441 934 513 (Joan.xiv,8,9)?Vides,
962 443 1082 514 quia
1107 444 1157 497 in
1177 444 1434 498 Trinitate
1454 443 1746 510 invocatur,
1770 455 1822 498 et
1849 449 1900 504 A
1928 446 2116 502 rabilia
2153 446 2312 504 hodie
2351 457 2628 519 apparent,
2669 459 2922 521 quantum
2963 468 3061 509 nec
3102 455 3280 509 dicere
3318 457 3495 511 verbis

241 537 294 588 in
322 552 420 589 una
453 535 651 590 deitate
672 551 792 591 esse
816 537 1099 592 invenitur.
1119 537 1253 591 Cum
1277 537 1484 590 Patrem
1510 536 1681 600 audis,
1700 537 1817 591 sine

241 627 380 680 Filio
410 642 528 680 esse
557 642 661 680 non
685 627 905 682 credas:
935 642 1054 681 cum
1085 626 1238 702 audis
1266 625 1476 689 Filium,
1508 640 1626 679 cum
1659 625 1816 678 Patre

239 730 362 770 esse
389 732 495 770 non
528 717 737 772 dubites
762 735 776 772 :
803 732 901 772 nec
930 719 1136 771 dubites
1169 726 1276 771 tres
1306 716 1356 770 in
1389 717 1660 786 personis;
1694 731 1815 770 nam

241 823 380 862 unus
411 807 464 862 in
487 810 682 864 dcitate
704 825 822 865 esse
849 810 1173 876 agnoscitur.
1200 811 1265 863 Et
1291 809 1411 863 ideo
1437 809 1502 862 ad
1529 808 1818 876 discipulos

239 914 370 952 suos
403 899 579 954 dixit:
607 899 702 965 Ite,
737 901 980 966 baptiza-‘e
1017 901 1071 952 in
1111 900 1314 952 nomine
1346 898 1537 965 Patris,
1590 906 1635 950 ct
1668 894 1817 960 Filii,

241 1001 290 1043 et
313 991 538 1060 Spiritus
562 991 722 1043 sancti
753 991 962 1060 (Matth.
992 1007 1176 1056 xxvnt,
1202 992 1314 1058 19).
1343 990 1397 1044 1η
1426 988 1640 1044 nomine
1667 987 1818 1051 dixit,

245 1093 353 1134 non
394 1081 446 1134 iu
479 1081 805 1146 nominibus;
852 1083 974 1150 quia
1017 1097 1174 1136 unam
1223 1081 1478 1136 deitatem
1523 1079 1681 1141 dixit,
1712 1095 1818 1133 non

249 1179 379 1224 tres.
429 1170 658 1239 Spiritus
697 1182 869 1226 autem
919 1183 1134 1226 sanctus
1181 1172 1418 1246 separari
1465 1185 1570 1226 non
1617 1179 1818 1239 potest;

245 1261 371 1328 quia
412 1263 549 1325 unde
586 1277 705 1318 esse
743 1264 913 1318 scitur
950 1265 1112 1332 gratia
1149 1265 1262 1332 Dei,
1303 1264 1428 1320 inde
1465 1265 1662 1320 donum
1703 1278 1823 1319 esse

245 1356 604 1424 cognoscitur.
637 1357 719 1414 Ab
746 1359 861 1426 ipso
889 1360 1095 1428 Spirant
1120 1361 1256 1416 bona
1289 1361 1487 1425 omnia,
1521 1360 1658 1415 sicut
1683 1361 1822 1428 Apo-

246 1447 417 1500 stolus
444 1446 572 1500 dixit
597 1464 610 1500 :
638 1449 887 1511 Quoniam
915 1467 976 1504 ea:
1001 1451 1131 1520 ipsa,
1157 1461 1206 1505 et
1231 1467 1318 1520 per
1349 1453 1535 1520 ipsum,
1561 1459 1611 1504 et
1633 1451 1687 1503 in
1712 1449 1823 1515 ipso

249 1545 367 1589 sunt
389 1538 554 1590 omnia
575 1539 746 1608 (Rom.
771 1555 842 1605 ix,
869 1538 979 1605 56).
1011 1540 1114 1595 Sed
1137 1541 1277 1595 solus
1298 1539 1588 1594 Altissimus
1616 1541 1667 1592 in
1690 1540 1826 1592 omni

249 1635 383 1680 terra
423 1627 595 1699 (Psal.
632 1645 834 1693 Lxxxn,
879 1630 966 1697 19)
997 1631 1261 1685 Salvator.
1314 1631 1441 1684 .lesu
1471 1631 1617 1685 Nave
1653 1630 1824 1697 ipsum

249 1720 545 1786 conspexit,
577 1729 629 1772 et
655 1719 776 1772 ideo
803 1720 933 1773 dixit
963 1735 980 1773 :
1008 1718 1195 1774 Noster
1221 1737 1294 1786 es,
1319 1736 1384 1774 an
1413 1719 1825 1773 adversariorum

1920 539 2110 592 valeo:
2143 539 2231 592 ubi
2263 543 2604 610 tribulantes,
2630 544 2680 598 id
2711 555 2813 608 est,
2838 544 3099 600 dmmonia
3131 550 3406 611 habentes,
3442 548 3494 601 in

1917 642 2042 684 aera
2069 634 2310 698 suspensi
2339 643 2671 704 torquentur,
2699 647 2752 690 et
2785 637 3028 692 dominos
3059 653 3189 706 quos
3217 638 3346 700 dixi,
3375 653 3494 693 esse

1921 720 2277 774 confitentur?
2306 723 2549 791 Nunquid
2584 727 2635 778 in
2666 727 2910 781 ecclesiis
2937 743 3120 782 eorum
3149 727 3227 780 sic
3253 726 3496 781 faciunt?

1920 810 2033 863 Non
2066 813 2292 876 faciunt,
2334 815 2455 882 quia
2486 817 2647 869 Deum
2679 827 2734 871 et
2759 818 3005 872 dominos
3040 827 3252 885 sanctos
3287 818 3361 872 ibi
3401 817 3526 909 ha-i

1919 900 2088 955 bitare
2129 918 2230 955 non
2272 907 2526 960 sentiunt.
2572 908 2786 963 Dremon
2813 909 3109 963 daemonem
3151 925 3264 964 non
3287 911 3494 965 exorci-

1920 1000 2024 1044 zat.
2066 991 2198 1046 Nam
2225 993 2312 1046 ubi
2343 997 2510 1048 sancti
2543 996 2800 1062 habitant,
2830 999 3037 1052 daemon
3072 1000 3250 1069 vagari
3279 1014 3381 1053 non
3408 1000 3489 1053 di-

1921 1079 2150 1133 mittitur
2182 1099 2193 1133 :
2228 1083 2346 1135 ideo
2376 1084 2450 1146 fit,
2481 1093 2536 1138 ut
2566 1085 2714 1139 locus
2741 1088 2828 1141 ubi
2858 1088 2997 1142 Deus
3025 1099 3128 1155 est,
3161 1091 3492 1144 ostendatur.

1922 1169 2058 1236 Quid
2084 1170 2151 1225 de
2179 1172 2395 1226 domino
2417 1174 2654 1244 Remigio
2685 1185 2737 1230 et
2764 1178 2980 1232 domino
3001 1181 3250 1234 Medardo
3277 1182 3495 1248 cpisco-

1924 1259 2026 1328 pis,
2067 1275 2200 1329 quos
2244 1271 2320 1328 tu,
2363 1264 2543 1327 credo,
2586 1265 2807 1320 vidisti?
2859 1269 2973 1322 Non
3024 1284 3305 1338 possumus
3349 1279 3492 1323 tanta

1925 1361 2225 1418 exponere,
2260 1363 2452 1420 quanta
2491 1355 2757 1410 mirabilia
2783 1372 2876 1426 per
2903 1359 3022 1413 illos
3055 1361 3219 1414 Deum
3259 1361 3496 1417 videmus

1923 1439 2120 1494 facere.

1997 1530 2082 1584 IV.
2115 1531 2320 1587 Audisti
2350 1534 2416 1589 ab
2437 1535 2552 1589 avia
2584 1545 2670 1590 tua
2693 1538 3136 1594 bonmmemoriae
3155 1543 3417 1598 Rodhilde
3446 1544 3488 1607 ί,

1925 1623 2157 1690 qualiter
2200 1625 2251 1678 in
2297 1625 2573 1682 Franciam
2613 1631 2854 1694 venerit,
2901 1635 3168 1699 quomodo
3215 1635 3485 1689 dominum

1926 1712 2288 1768 Chlodoveum
2320 1716 2384 1770 ad
2410 1717 2580 1786 legem
2609 1721 2923 1776 catholicam
2956 1724 3258 1790 adduxerit;
3293 1736 3347 1780 et
3374 1743 3492 1780 cum

249 1808 386 1878 (Jos.
421 1826 474 1879 v,
504 1810 637 1880 i5)?
679 1810 772 1865 llle
817 1819 994 1865 autem
1043 1811 1373 1880 reSpondens
1419 1810 1493 1864 ait
1526 1829 1538 1862 :
1574 1809 1686 1880 Ego
1711 1826 1822 1862 sunt
1857 1799 1898 1858 Β
1929 1812 2071 1857 esset
2093 1806 2252 1858 homo
2269 1806 2646 1874 astutissimus,
2669 1812 3190 1881 noluitacquiesccre
3213 1825 3496 1885 antequam

247 1902 335 1968 qui
368 1918 511 1966 sunt,
557 1913 602 1954 et
641 1901 771 1954 alius
809 1912 991 1969 prteter
1028 1918 1105 1955 me
1141 1919 1241 1956 non
1278 1912 1348 1955 est
1379 1901 1573 1968 (Exod.
1601 1917 1676 1966 Ill,
1711 1898 1820 1969 14).

249 1991 543 2058 Abraham,
575 1993 663 2060 qui
693 1992 888 2046 dicitur
924 1993 1116 2045 amicus
1157 1991 1252 2046 Dei
1291 1991 1376 2062 (II
1415 1991 1594 2046 Paral.
1634 2008 1723 2054 xx,
1767 1993 1819 2056 7;

259 2100 366 2140 .sa.
399 2100 508 2147 xu,
539 2086 601 2146 8;
642 2082 760 2138 Jac.
785 2100 843 2149 tt,
873 2085 990 2154 225),
1037 2096 1090 2139 et
1137 2085 1407 2155 probatur,
1442 2096 1550 2140 tres
1588 2085 1738 2150 vidit,
1770 2094 1823 2137 et

256 2188 417 2225 unum
457 2174 682 2228 credidit
719 2175 871 2246 (Gen.
908 2191 1060 2240 xvttt,
1100 2176 1153 2240 2,
1179 2176 1255 2246 5).
1298 2176 1426 2230 Cum
1471 2186 1577 2231 tres
1615 2176 1819 2238 adorat,

253 2263 589 2330 Trinitatem,
627 2268 764 2322 sicut
792 2268 920 2335 dixi,
953 2279 1329 2323 commemorat
1361 2285 1373 2322 :
1404 2284 1523 2324 cum
1567 2283 1727 2322 unum
1771 2269 1821 2321 in

251 2356 468 2409 domum
521 2358 718 2411 intrare
758 2357 1091 2426 depreCatur,
1144 2374 1302 2412 unam
1352 2367 1666 2427 potestatem
1707 2373 1825 2412 esse

250 2445 548 2501 denuntiat.
571 2447 700 2502 Nam
731 2449 895 2520 Moysi
926 2451 1176 2518 quotiens
1205 2461 1364 2521 atque
1393 2451 1640 2520 quotiens
1669 2451 1822 2518 dixit,

250 2533 362 2606 Ego
393 2553 502 2590 sum
533 2538 618 2606 qui
645 2555 776 2605 sum,
805 2551 850 2594 et
881 2543 1013 2594 alius
1043 2553 1226 2610 prwtcr
1253 2560 1330 2597 me
1357 2560 1458 2598 non
1480 2555 1553 2598 est
1577 2547 1601 2599 7

322 2625 410 2681 ιν.
451 2627 587 2695 Quid
615 2644 710 2683 nos
741 2631 818 2692 ire
845 2647 938 2698 per
962 2634 1164 2702 singula
1193 2649 1414 2688 necesse
1440 2637 1558 2690 est?
1587 2637 1662 2689 Ad
1697 2637 1826 2692 duo-

249 2717 423 2774 decim
464 2719 758 2789 discipulos
797 2738 932 2792 quos
974 2723 1174 2789 habuit,
1215 2727 1525 2792 veniamus;
1567 2729 1688 2796 quia
1728 2729 1825 2796 ipsi

251 2813 410 2868 Gothi
453 2814 612 2870 hodie
649 2815 778 2881 ipsis
807 2818 1200 2874 venerationem
1241 2820 1573 2890 impendunt,
1613 2830 1668 2878 et
1707 2825 1825 2878 reli-

250 2905 405 2974 quias
447 2920 632 2970 eorum
671 2905 849 2962 furtim
893 2909 1087 2964 tollunt
1124 2927 1138 2964 :
1179 2911 1270 2967 sed
1311 2914 1441 2970 nihil
1484 2915 1554 2970 ibi
1596 2916 1824 2982 habent,

251 2998 378 3066 quia
420 2997 577 3053 fidem
622 3012 807 3053 eorum
855 3001 1112 3056 annulare
1161 3013 1507 3072 prmsumunt.
1565 3005 1701 3074 Quid
1748 3018 1828 3060 est

249 3088 393 3158 quod
431 3090 483 3143 in
523 3090 758 3146 basilicis
796 3084 978 3147 eorum
1019 3108 1239 3163 corpora
1278 3097 1514 3166 ipsorum
1543 3097 1700 3152 hodie
1739 3113 1828 3153 ve-

1929 1911 2050 1949 vera
2087 1907 2429 1964 agnosceret.
2461 1900 2594 1954 Cum
2644 1901 2742 1955 ista
2770 1919 2886 1970 qum
2919 1920 3075 1972 supra
3119 1907 3247 1973 dixi,
3279 1908 3496 1976 probata

1926 1987 2211 2053 cognovit,
2245 1986 2463 2043 humilis
2492 1991 2556 2044 ad
2587 1990 2791 2046 domini
2823 1995 3032 2048 Martini
3062 1997 3242 2050 limina
3273 1999 3497 2063 cecidit,

1925 2085 1979 2129 et
2025 2077 2280 2145 baptizari
2313 2094 2370 2134 se
2416 2081 2532 2139 sine
2579 2097 2726 2137 mora
2760 2086 3018 2152 permisit.
3049 2089 3148 2151 Qui
3197 2091 3494 2158 baptizatus

1924 2176 2118 2236 quanta
2145 2167 2198 2221 in
2228 2168 2510 2225 hazreticos
2560 2173 2828 2227 Alaricum
2859 2177 2942 2228 vel
2977 2175 3384 2232 Gundobaldum
3408 2194 3495 2232 re-

1926 2272 2018 2323 ges
2069 2257 2288 2324 fecerit,
2321 2260 2555 2326 audisti;
2597 2263 2771 2331 qualia
2805 2265 2942 2319 bona
2984 2266 3098 2333 ipse
3150 2269 3229 2320 vel
3262 2267 3353 2320 lilii
3387 2267 3502 2336 ejus

1932 2347 1983 2399 in
2009 2347 2205 2401 sacculo
2238 2350 2609 2421 possederunt,
2632 2367 2738 2406 non
2763 2353 3040 2422 ignoratis.
3073 2357 3219 2410 Talis
3248 2367 3500 2421 ornatus,

1929 2435 2045 2490 talis
2069 2436 2168 2504 vir,
2195 2439 2366 2507 qualis
2394 2441 2658 2496 Alboinus
2682 2458 2776 2498 rex
2797 2459 2917 2499 esse
2945 2445 3156 2514 dicitur,
3186 2447 3306 2500 talis
3341 2448 3497 2514 fama,

1928 2543 2082 2597 quem
2117 2529 2346 2584 mundus
2377 2534 2454 2586 sic
2484 2535 2750 2602 prapouit
2773 2573 2789 2600 ,
2820 2550 2988 2605 quare
3012 2551 3117 2590 non
3149 2540 3497 2607 convertitur,

1927 2628 2018 2674 aut
2046 2634 2210 2689 quare
2243 2620 2424 2675 tardus
2449 2623 2512 2677 ad
2540 2625 2917 2693 requirendam
2947 2627 3090 2680 viam
3116 2627 3304 2682 salutis
3333 2643 3499 2698 appa-

1929 2709 2054 2763 ret?
2087 2709 2228 2766 Deus
2255 2713 2414 2778 bone,
2446 2715 2536 2782 qui
2565 2731 2623 2769 es
2649 2727 2954 2772 sanctorum
2981 2717 3151 2786 gloria
3179 2727 3233 2773 et
3261 2719 3496 2774 omnium

1930 2803 2095 2871 salus,
2124 2815 2178 2859 tu
2205 2817 2254 2858 te
2275 2806 2325 2859 in
2355 2807 2500 2860 illum
2525 2809 2696 2863 mitte.
2728 2809 2796 2864 Et
2823 2819 2877 2864 tu
2900 2809 3114 2864 domina
3143 2810 3496 2865 Chlodosvin-

1929 2894 2016 2959 da,
2042 2907 2163 2947 cum
2187 2895 2405 2949 verbum
2439 2895 2588 2959 facis,
2620 2897 2870 2952 solatium
2899 2898 3101 2966 tribue,
3133 2907 3191 2955 ut
3223 2913 3410 2956 omnes
3435 2900 3502 2956 de

1931 2983 2020 3038 tali
2048 2985 2234 3052 stella,
2267 2985 2450 3040 dotali
2497 3002 2705 3056 gemma
2734 2990 2812 3043 sic
2850 2990 3177 3059 gaudeamus
3201 3033 3216 3058 ,
3265 2993 3498 3060 qualiter

1930 3076 2042 3131 Deo
2072 3077 2286 3146 placere
2316 3081 2602 3146 possimus.
2651 3081 2838 3137 Saluto
2867 3090 3094 3147 tantum,
3124 3091 3380 3149 quantum
3407 3098 3499 3136 va-

251 3156 530 3247 nerantur,
555 3196 660 3239 non
690 3156 1253 3252 ingrediunturtouid
1282 3156 1534 3258 estquod
1565 3188 1698 3242 nihil
1727 3189 1821 3243 ibi-

1932 3166 2016 3221 leo
2045 3183 2058 3219 :
2090 3168 2351 3235 deprecor
2373 3175 2430 3221 ut
2455 3172 2627 3222 otiosa
2657 3185 2763 3223 non
2791 3169 2864 3224 sis
2895 3187 2910 3223 :
2943 3172 3276 3226 incessanter
3303 3174 3497 3239 clama,

251 3271 374 3325 dem
423 3287 747 3352 prtesumere
794 3275 1009 3339 audent,
1059 3277 1162 3332 nisi
1207 3278 1395 3334 furtive
1424 3287 1472 3346 α,
1513 3291 1570 3334 ut
1607 3295 1766 3335 canes
1794 3297 1823 3334 a

250 3363 385 3420 foris
422 3366 624 3422 animas
662 3367 974 3438 decipiunt?
1012 3371 1144 3426 Cum
1185 3371 1308 3426 illos
1343 3387 1471 3428 suos
1508 3373 1692 3430 ﬁdeles
1728 3390 1823 3428 rex

249 3455 510 3511 Alboinus
534 3456 636 3512 sibi
663 3458 928 3524 demittat,
961 3469 1014 3514 et
1045 3460 1110 3515 ad
1143 3461 1342 3518 domini
1373 3463 1536 3532 Petri,
1572 3477 1627 3520 et
1655 3465 1821 3533 Pauli,

248 3546 474 3605 Joannis
518 3551 604 3605 vel
638 3551 966 3621 reliquorum
996 3564 1304 3611 sanctorum
1335 3557 1516 3612 limina
1548 3557 1821 3627 perducat,

249 3646 310 3692 ut
340 3637 535 3694 ibidem
567 3641 757 3696 missas
793 3641 989 3712 facere,
1019 3647 1063 3698 si
1095 3646 1314 3713 audent,
1347 3647 1680 3715 deliberent;
1727 3651 1820 3704 sed

248 3744 357 3784 non
395 3731 613 3797 audent,
656 3736 776 3803 quia
816 3735 1020 3791 domini
1053 3737 1193 3793 Petri
1231 3740 1477 3808 discipuli
1515 3757 1622 3797 non
1662 3757 1824 3812 appa-

244 3830 393 3886 rent,
428 3831 482 3876 et
509 3826 761 3880 contrarii
790 3824 982 3882 Christi
1014 3844 1132 3885 esse
1165 3832 1454 3900 probantur
1482 3850 1495 3886 :
1528 3836 1653 3904 quin
1679 3837 1820 3905 quod

242 3926 342 3979 per
371 3927 583 3969 crucem
617 3915 732 3984 ipse
762 3918 988 3973 redemit
1016 3918 1066 3989 ιδ,
1099 3921 1375 3978 destruere
1408 3923 1649 3980 infelices
1675 3926 1822 3982 inve-

242 4003 487 4059 uiuntur.
521 4014 543 4065 9
572 4005 685 4072 Qua
718 4021 872 4061 causa
905 4024 1108 4064 venena
1135 4027 1319 4067 eorum
1349 4015 1468 4070 talis
1497 4031 1590 4070 rex
1620 4026 1674 4071 et
1705 4018 1822 4072 talis

248 4104 378 4149 tetas
408 4098 670 4165 percipit?
736 4099 830 4155 llic
851 4097 878 4136 ἀ
904 4101 947 4155 si
969 4101 1120 4172 jubet
1147 4105 1211 4159 ad
1243 4105 1512 4161 dominum
1539 4108 1819 4163 Martinum

250 4199 345 4252 per
383 4185 720 4244 festivitatem
752 4205 902 4246 suam
933 4209 1089 4262 quam
1122 4196 1403 4250 undecima
1448 4198 1536 4253 die
1565 4199 1690 4254 facit
1720 4201 1824 4253 No-

252 4275 487 4343 vember,
545 4279 687 4348 ipsos
732 4281 934 4347 mittat;
985 4295 1038 4338 et
1084 4284 1195 4350 ibi,
1247 4288 1290 4338 si
1340 4287 1574 4352 audent,
1625 4290 1822 4359 aliquid

251 4379 598 4435 praesumant,
631 4371 717 4424 ubi
747 4386 918 4425 cmcos
947 4371 1104 4426 hodie
1130 4376 1414 4429 illuminari
1443 4381 1822 4448 conspicimus,

251 4457 338 4510 ubi
383 4459 573 4512 surdos
621 4460 857 4512 auditum
907 4471 962 4515 et
1009 4474 1185 4516 mutos
1231 4467 1513 4518 sanitatem
1561 4468 1818 4536 recipere.

251 4548 384 4600 Nam
424 4549 548 4616 quid
587 4550 758 4603 dicam
797 4552 863 4604 de
903 4551 1127 4620 leprosis
1165 4565 1256 4608 aut
1293 4556 1357 4609 de
1395 4555 1512 4610 aliis
1549 4561 1825 4628 quamplu-

251 4643 436 4704 rimis,
479 4642 565 4710 qui
606 4654 1011 4714 quantacunque
1066 4647 1335 4702 debilitate
1382 4652 1618 4717 percussi
1665 4664 1821 4723 sunt,

250 4734 447 4788 ibidem
481 4752 574 4804 per
598 4739 832 4808 singulos
859 4757 1027 4796 annos
1055 4745 1143 4798 alii
1177 4756 1229 4799 et
1249 4746 1336 4800 alii
1367 4750 1661 4804 sanantur?
1692 4750 1823 4805 For-

253 4838 392 4880 tasse
422 4828 621 4895 dicunt,
661 4834 968 4903 confingunt
1003 4837 1081 4890 vel
1113 4852 1302 4901 ctecos.
1339 4841 1428 4909 qui
1466 4844 1594 4896 caeci
1628 4859 1655 4896 a
1689 4843 1823 4898 nati-

250 4919 413 4972 vitate
452 4936 569 4975 esse
608 4921 874 4981 videntur.
905 4934 926 4962 ε
975 4927 1110 4992 Quid
1140 4930 1334 4998 dicam,
1368 4949 1487 4988 cum
1533 4935 1657 4991 inde
1695 4937 1820 4990 illu-

251 5013 478 5066 ntinatos
511 5017 868 5084 conspicimus
900 5027 952 5072 et
981 5021 1043 5072 ad
1081 5026 1318 5091 prOpria,
1358 5027 1465 5081 Deo
1511 5030 1816 5095 miserante,

249 5104 450 5157 reverti
481 5104 759 5160 videmus?
794 5107 924 5162 Nam
955 5111 1076 5179 quid
1108 5114 1277 5167 dicam
1309 5117 1482 5172 adhuc
1511 5121 1578 5174 de
1605 5121 1821 5176 domino

247 5195 536 5261 tlertnano,
569 5197 785 5265 llilario,
817 5201 899 5254 vel
931 5201 1077 5270 Lupo
1109 5205 1374 5274 episcopis
1401 5224 1412 5259 :
1437 5207 1524 5263 ubi
1554 5219 1694 5265 tanta
1722 5213 1820 5265 mi-

280 5359 347 5446 t.“
373 5356 617 5446 flori-titius
667 5361 705 5416 l.
731 5375 962 5446 c.,.pag,
991 5364 1092 5433 26,
1118 5367 1202 5446 lsic
1230 5367 1504 5446 distinguit
1535 5390 1547 5425 :
1573 5376 1677 5446 nisi
1706 5377 1810 5446 fur-

250 5426 342 5511 ιὶιγ
373 5426 655 5511 :‘Lt’t‘canes.
675 5448 704 5484 a
729 5426 1372 5511 foristtﬂitttas'dccipittnt,
1394 5426 1518 5494 ‘cum
1542 5426 1678 5511 illas,

324 5492 348 5528 ιι
386 5497 452 5548 ‘ta
484 5492 794 5557 Coiutius'et
816 5505 1122 5560 Ruiuartus.
1154 5492 1810 5572 Stlrtnotidusni—ticoncivi:

245 5580 298 5615 ει.
332 5581 444 5630 qua:
475 5586 561 5634 per
586 5586 658 5625 cr.

335 5646 354 5670 ε
392 5640 510 5691 l|.rc
537 5643 852 5720 otuittuntur
876 5645 926 5698 in
947 5645 1108 5700 Cone.
1136 5647 1174 5702 1.
1203 5664 1276 5715 c.,
1303 5669 1421 5720 qua:
1445 5663 1618 5713 tamen
1642 5671 1829 5714 occur-

261 5718 386 5757 I'Uttl
419 5710 552 5776 apud
585 5712 845 5767 Cointium
871 5727 920 5769 et
949 5710 1276 5774 liuiuartum;

346 5785 368 5811 υ
405 5782 575 5834 (.omt.
611 5795 660 5838 et
694 5786 936 5843 l‘iuinart.
969 5788 1143 5857 legunt
1174 5792 1217 5845 si
1250 5793 1403 5848 lubet.

1929 3257 2256 3310 incessanter
2276 3265 2450 3310 canta.
2482 3257 2687 3311 Audisti
2708 3257 2906 3313 dictum
2925 3259 3248 3313 :Salvabitur
3271 3269 3295 3306 ε
3319 3263 3395 3312 uir
3415 3263 3499 3315 in-

1925 3345 2094 3415 ﬁdelis
2117 3361 2205 3415 per
2220 3347 2479 3400 mulierem
2501 3347 2721 3414 ﬁdelem.
2750 3347 2796 3419 (Ι
2813 3348 2930 3404 Cor.
2947 3365 3038 3413 vtt,
3058 3349 3162 3418 Η).
3190 3350 3318 3404 Nam
3338 3351 3497 3417 scias,

1929 3438 2098 3507 prima
2124 3437 2288 3504 salus,
2320 3436 2488 3506 prima
2520 3437 2764 3494 remiSsio
2791 3448 2894 3504 est,
2916 3440 3006 3509 qui
3037 3442 3283 3496 converti
3314 3441 3501 3497 fecerit

1927 3537 2268 3597 peccatorem
2294 3528 2360 3582 ab
2387 3543 2572 3592 errore
2597 3541 2716 3583 suo.
2752 3528 2940 3598 Vigila,
2974 3530 3150 3599 vigila,
3175 3531 3296 3602 quia
3328 3532 3496 3587 Deum

1927 3617 2211 3686 prepitium
2237 3617 2424 3674 habes.
2454 3617 2602 3688 Rogo
2627 3619 2778 3674 utsic
2797 3634 2943 3690 agas,
2970 3630 3029 3675 ut
3047 3633 3099 3676 et
3121 3634 3336 3705 gentem
3361 3624 3502 3678 Lou-

1923 3709 2278 3778 gobardorum
2312 3708 2506 3765 fortem
2539 3726 2699 3780 super
2729 3712 2973 3767 inimicos
3005 3713 3191 3780 facias,
3223 3726 3276 3770 et
3303 3731 3404 3771 nos
3431 3717 3499 3772 de

1923 3804 2094 3859 salute
2126 3812 2212 3857 tua
2242 3801 2327 3857 vel
2359 3802 2459 3858 viri
2489 3803 2560 3857 tui
2591 3805 2823 3873 gaudere
2851 3806 3113 3862 concedas

2482 3916 2809 3972 EPISTOLA
2861 3919 2924 3972 ll.

2272 4024 2339 4062 AD
2367 4023 2710 4064 JUSTINIANU)!
2743 4025 3119 4065 IMPERATOREM

2159 4097 2226 4151 In
2267 4100 2494 4152 Ita-resitn
2525 4099 2721 4168 (apsum
2750 4111 2948 4154 revocat
2975 4103 3037 4154 ab
3065 4117 3255 4156 errore.

1997 4209 2220 4263 Domino
2259 4224 2470 4278 semper
2501 4225 2597 4264 suo
2627 4209 2926 4264 Justiniano
2969 4213 3306 4280 imperatori,
3344 4214 3498 4268 Nice-

1925 4299 2026 4353 tius
2056 4315 2175 4353 cum
2204 4301 2314 4353 suis
2345 4299 2575 4364 humilis,
2623 4299 2717 4354 sed
2743 4301 3110 4354 misericordia
3152 4303 3356 4354 Domini
3384 4306 3497 4370 epi-

1928 4404 2145 4457 scapus.

2004 4478 2044 4530 l.
2071 4477 2127 4530 In
2151 4476 2457 4532 novissimis
2487 4477 2811 4546 temporibus
2835 4479 2966 4548 jam,
2993 4465 3046 4534 ut
3069 4494 3245 4535 sermo
3267 4497 3497 4554 evange-

1932 4571 2062 4624 licus
2093 4567 2353 4636 pracdixit,
2378 4568 2763 4637 prospicimus;
2787 4579 2838 4624 et
2868 4585 2986 4624 cum
3021 4582 3227 4639 tempus
3257 4585 3496 4630 nostrum

1931 4674 2142 4727 semper
2169 4659 2236 4712 sit
2274 4667 2511 4728 paratum
2535 4703 2549 4725 ,
2585 4668 2756 4713 tamen
2790 4660 2977 4727 finem,
3011 4672 3065 4714 ut
3106 4663 3373 4732 Scriptura
3405 4667 3496 4718 dc-

1931 4753 2227 4815 nuntiavit,
2262 4751 2443 4804 venire
2479 4750 2760 4804 sentimus.
2811 4752 2915 4805 Sed
2971 4752 3153 4806 beatus
3200 4755 3286 4807 ille
3337 4757 3497 4809 homo

1930 4859 2108 4913 quem,
2137 4858 2257 4896 cum
2283 4843 2491 4895 venerit
2511 4840 3053 4906 Christus,invenerit
3078 4845 3248 4910 ipsum
3277 4846 3498 4916 vigilan-

1933 4946 2056 4988 tem.
2091 4934 2182 4987 Sol
2230 4933 2558 4986 convertitur
2590 4933 2642 4984 in
2676 4934 2918 4988 tenebras
2955 4936 3020 4988 ab
3052 4935 3257 4990 oriente
3280 4980 3293 5004 ,
3328 4937 3378 4990 id
3416 4947 3500 4990 est

1929 5025 2141 5089 abalto,
2168 5025 2265 5077 hoc
2281 5032 2408 5078 esta
2433 5023 2537 5076 vita
2563 5035 2768 5075 saneta.
2793 5021 2846 5076 lu
2868 5023 3072 5092 itttt'gt'o
3097 5026 3290 5078 nmudo
3318 5026 3500 5093 Splen-

1925 5116 2088 5169 debas
2115 5125 2168 5167 ut
2191 5113 2301 5177 sol;
2325 5122 2515 5166 etcum
2544 5128 2730 5167 omnes
2759 5114 2878 5166 inde
2904 5123 3066 5181 gratia
3100 5116 3303 5167 Domini
3323 5113 3350 5149 ¹ι
3378 5131 3498 5168 rcc~

1925 5217 2064 5263 tores
2109 5208 2358 5264 Ecclesia:
2403 5209 2576 5262 cuncti
2610 5208 2814 5261 consilii
2855 5206 2865 5242 ί
2916 5207 3079 5275 ipsius
3102 5207 3452 5276 gauderemus
3480 5250 3496 5273 ,

1993 5386 2015 5413 ε
2051 5376 2218 5430 Minus
2249 5383 2393 5432 recte
2426 5375 2667 5428 Cointius
2692 5416 2706 5439 ,
2740 5366 2794 5428 itt
2827 5377 3038 5429 videtur
3065 5417 3078 5440 ,
3126 5375 3261 5442 Quid
3291 5376 3492 5430 tlirttn'.

1924 5447 2052 5502 Nan
2087 5464 2230 5510 mox,
2255 5449 2377 5515 quid
2409 5447 2781 5505 dicuntadltuc,
2813 5455 2916 5500 etc.

2009 5519 2022 5555 ί
2063 5520 2325 5571 (λιυιιιίιάε
2354 5517 2601 5570 Clodovei
2634 5517 2647 5567 Ι
2681 5530 2864 5570 uxore.

2011 5598 2032 5633 εξ
2065 5590 2214 5656 Apud
2245 5588 2487 5641 liuinart.
2520 5586 2772 5640 mendose
2794 5625 2808 5646 ,
2841 5587 3125 5640 sanabitur.

2011 5657 2036 5694 ιι
2071 5659 2338 5712 lncuriosc
2368 5657 2629 5710 omittitur
2660 5656 2820 5722 gratia
2844 5659 2892 5708 in
2928 5669 2939 5705 t
2968 5660 3128 5712 oucil.

2021 5729 2030 5764 ί
2072 5731 2126 5783 ιιι
2155 5729 2360 5784 Coucil.
2396 5731 2446 5782 in
2480 5729 2713 5796 margine
2737 5728 2976 5782 consiliis.
