4004 6354
503 312 605 366 579

1744 308 2125 367 thLLUS.
2170 310 2458 365 ΝΟΤΠΙᾹ.

3642 312 3742 367 330

502 425 809 495 divulgantc
864 424 1002 478 fama
1039 438 1105 479 ex
1152 424 1305 491 Lapsa
1350 430 1535 477 tam
1578 434 1740 491 quem
1798 439 2068 493 nunquam
2099 428 2145 484 Α
2173 424 2523 492 cepisti.Cum
2542 423 2863 487 Lactantius,
2887 432 2940 477 ut
2966 424 3538 496 dicit,prcabyterlnca
3556 438 3739 481 sant-ta

499 516 784 584 pervenire
800 515 1103 579 debuimus,
1134 512 1431 567 contristati
1456 520 1508 566 et
1532 511 1797 567 humiliati
1822 528 1987 581 usque
2016 514 2068 567 in

502 622 646 662 terra
673 621 862 659 smnus
889 614 939 657 ³.
974 604 1149 657 Dulcis
1183 612 1362 656 noster
1409 601 1738 665 Justinianc,
1771 604 1890 671 quis
1918 613 1969 657 te
1999 604 2075 657 sic

505 696 759 763 decepit?
786 697 902 763 quis
923 733 940 759 ,
975 702 1030 745 ut
1060 694 1181 747 talia
1218 693 1616 760 prosequcrcris
1640 735 1653 757 ,
1684 693 1896 746 suasit?
1932 694 2069 761 quis,

516 799 567 842 ut
596 787 865 842 Christum
889 802 1074 855 purum
1102 785 1366 838 hominem
1394 784 1659 849 fatereris,
1686 786 1902 839 docuit?
1936 788 2071 854 quis,

515 888 571 931 ut
599 878 650 931 in
674 879 823 931 .ludze
860 876 1184 930 consortium
1236 886 1289 930 te
1324 878 1740 941 transcriberes,
1774 878 2075 933 circumve-

516 970 628 1024 nit?
662 970 799 1038 quis,
846 978 904 1022 ut
947 968 1091 1022 illum
1123 968 1209 1036 qui
1241 967 1413 1021 dixit:
1441 967 1550 1037 Ego
1589 985 1620 1021 a
1648 967 1808 1021 Patre
1847 969 2006 1029 exivi,
2033 977 2080 1022 et

517 1062 624 1114 veni
648 1063 699 1113 in
727 1060 863 1112 [tunc
900 1060 1145 1111 mundum
1177 1059 1357 1132 (Joan.
1390 1074 1499 1123 xvr,
1523 1058 1637 1128 28),
1671 1074 1768 1127 per
1794 1058 2082 1113 circumci-

515 1151 739 1211 sioncm,
769 1165 864 1219 per
885 1149 1205 1216 baptismum
1232 1189 1245 1214 ,
1278 1165 1374 1217 per
1404 1149 1703 1218 passionem
1722 1191 1738 1215 ,
1771 1161 1825 1203 ut
1865 1165 2083 1206 cresce-

514 1251 609 1305 ret,
647 1252 696 1295 te
723 1242 948 1296 docuit?
991 1242 1128 1311 quis,
1163 1251 1219 1295 ut
1247 1242 1334 1308 qui
1367 1256 1460 1295 cor
1486 1242 1737 1296 miserum
1770 1257 1874 1294 non
1921 1242 2086 1297 habe-

516 1334 606 1387 bas
651 1343 807 1398 ante,
840 1343 1065 1402 repente
1112 1334 1419 1403 Oppressit?
1464 1334 1585 1403 quis
1606 1374 1621 1399 ,
1657 1342 1716 1388 ut
1747 1344 1922 1402 patres
1953 1349 2086 1403 quos

517 1424 754 1477 venerari
779 1424 965 1477 debuis
992 1424 1028 1488 i,
1060 1424 1122 1475 ad
1156 1423 1349 1486 caedes,
1384 1423 1449 1476 ad
1480 1424 1716 1478 diversas
1742 1439 1930 1479 cruces
1958 1426 2084 1477 mit-

517 1526 672 1579 teres,
704 1516 1011 1583 provocavit
1034 1516 1056 1567 ?
1076 1517 1215 1584 quis,
1249 1524 1307 1569 ut
1338 1516 1423 1569 illa
1458 1506 1678 1584 propter
1706 1532 1823 1582 qua:
1843 1515 2087 1571 Chiiszus

517 1606 802 1661 crucifixus
831 1615 946 1671 est,
979 1614 1033 1659 et
1077 1607 1305 1675 apostoli
1356 1621 1543 1661 omnes
1577 1608 1940 1676 pertulerunt,
1993 1608 2088 1663 dea

519 1710 773 1762 strueres,
809 1700 1149 1765 provocavit?
1176 1700 1313 1765 quis,
1341 1707 1399 1754 ut
1423 1699 1561 1767 quod
1587 1700 1695 1767 jam
1729 1700 1917 1764 semel,
1936 1700 2017 1754 bis
2036 1709 2091 1755 et

419 1832 427 1839 .
521 1791 677 1844 tertio
707 1791 772 1844 ab
801 1791 1042 1844 omnibus
1066 1791 1362 1844 rectoribus
1394 1790 1647 1847 Ecclesiae
1673 1792 2083 1846 condemnatum
2119 1791 2167 1849 B

522 1881 725 1945 fuerat,
754 1881 834 1934 vel
862 1880 1135 1943 adorares,
1169 1881 1537 1934 commonuit?
1579 1881 1805 1936 Nestorii
1839 1894 1891 1935 et
1923 1883 2088 1953 Euty-

523 1970 660 2035 chis,
696 1980 753 2023 ut
782 1969 1029 2028 diximus.
1057 1970 1164 2038 jam
1196 1971 1641 2025 anathematizata
1665 1976 1909 2042 quotiens
1933 1984 2090 2042 atque

520 2058 762 2126 quotiens
787 2068 951 2124 secta,
978 2066 1035 2112 ut
1065 2068 1114 2113 te
1150 2058 1216 2113 de
1252 2060 1366 2128 ipsa
1395 2058 1422 2097 ι)
1456 2062 1815 2129 interimeres,
1849 2065 1967 2133 quis
1991 2065 2094 2118 im-

523 2150 765 2216 peravit?
795 2149 888 2205 llle
912 2191 927 2215 ,
956 2151 1043 2204 ille
1070 2153 1157 2221 qui
1187 2152 1357 2207 Adam
1389 2164 1445 2206 ut
1475 2156 1810 2224 contingeret
1843 2158 2089 2212 arborem

521 2243 642 2297 vitae
671 2244 878 2309 suasit,
910 2244 999 2312 qui
1027 2246 1205 2299 studio
1246 2260 1343 2300 suo
1371 2259 1597 2302 mortem
1643 2250 1942 2318 adinvenit,
1991 2252 2094 2305 tir-

524 2335 812 2397 cumvcnit;
841 2334 931 2402 qui
958 2334 1145 2387 Judam
1168 2350 1286 2389 cum
1310 2336 1577 2391 Christum
1606 2354 1795 2407 purum
1824 2341 2092 2396 hominem

530 2424 650 2476 fecit
670 2432 723 2477 ct
749 2440 842 2491 pro
862 2424 1073 2479 homine
1090 2426 1201 2479 trad
1225 2426 1322 2491 dit,
1346 2428 1396 2480 in
1413 2428 1587 2496 ignem
1603 2445 1759 2498 quem
1777 2433 2097 2501 praeparavit

527 2513 668 2567 Deus
694 2514 911 2568 diabolo
940 2517 1213 2585 etangelis
1242 2518 1378 2586 ers,
1400 2519 1564 2572 misit.

600 2606 662 2661 ll.
694 2606 871 2660 Dulcis
898 2617 951 2661 et
976 2608 1148 2662 dulcis
1170 2622 1350 2663 noster
1375 2610 1702 2680 Jusdniane,
1737 2627 2097 2671 rememorare

528 2713 645 2767 quae
668 2698 960 2766 promisisti
978 2714 1096 2753 cum
1122 2700 1416 2769 baptizatus
1440 2716 1519 2766 es,
1541 2701 1664 2771 quid
1697 2717 1791 2771 per
1816 2704 2022 2773 singula
2048 2716 2098 2761 te

528 2791 747 2843 credere
777 2790 981 2844 dixisti.
1018 2791 1190 2846 Unum
1232 2792 1422 2845 Filium
1456 2804 1757 2848 manentem
1803 2795 1856 2848 in
1891 2797 2098 2852 duabus

530 2881 836 2934 Substantiis
858 2921 872 2946 ,
921 2898 1040 2935 cum
1074 2882 1228 2936 Patre
1259 2894 1313 2937 et
1344 2884 1540 2951 Spiritu
1571 2894 1755 2938 sancto
1776 2927 1791 2950 ,
1828 2901 1930 2939 non
1964 2890 2098 2940 duos

530 2970 770 3025 Christus
820 2982 1040 3027 testatus
1069 2987 1146 3027 es.
1198 2973 1328 3027 Curti
1361 2976 1663 3041 excessisti,
1711 2976 1834 3045 quid
1884 2978 2099 3031 fecisti?

472 3136 475 3137 ν
532 3062 658 3129 quid
684 3061 796 3129 {tibi
831 3065 1178 3132 prteparaSti?
1226 3064 1475 3130 Dtscnte,
1516 3076 1571 3120 et
1617 3067 1755 3121 bene
1797 3078 1846 3121 te
1891 3070 2099 3137 prospi-

2180 529 2274 583 per
2302 512 2498 568 Gallias
2529 524 2746 582 pr0pter
2786 513 2993 567 Domini
3032 516 3448 570 miscricordiam
3486 517 3749 581 visitaret,

2178 614 2304 659 ante
2331 618 2427 658 nos
2462 604 2733 673 apparuit;
2762 621 2879 673 qua:
2915 605 3065 673 legis,
3103 605 3531 674 depreeavimns,
3564 615 3620 659 et
3658 622 3751 674 per

2180 695 2361 752 Jesum
2416 695 2688 747 Christum
2741 694 3154 763 Redemptorcm
3212 708 3452 750 nostrum
3509 697 3755 765 Conjura-

2180 788 2375 840 vimus.
2405 786 2543 855 Ergo
2564 787 2755 841 litteris
2788 789 3138 854 prwscntibus
3164 788 3326 841 Deum
3359 799 3604 842 nostrum
3631 804 3757 842 con-

2178 878 2510 947 juravimus,
2567 878 2787 947 insuper
2837 888 3234 946 contestamur,
3278 888 3336 931 ut
3384 889 3439 932 et
3476 888 3532 932 tu
3573 894 3703 932 rere
3735 907 3755 917 -

2184 972 2335 1033 taris,
2382 979 2437 1024 et
2466 978 2692 1037 quantos
2723 969 2899 1037 perire
2929 968 3146 1021 suasisti
3188 969 3239 1021 in
3272 968 3541 1021 horrenda
3574 982 3754 1036 persc-

2184 1060 2419 1123 cutione,
2445 1069 2717 1113 revertere
2742 1072 3020 1126 provoces.
3053 1057 3204 1123 Quod
3243 1056 3287 1111 si
3314 1072 3418 1110 non
3445 1056 3669 1119 feceris,
3693 1057 3756 1109 sit

2182 1150 2343 1220 judex
2374 1150 2462 1203 ille
2501 1151 2639 1203 inter
2663 1163 2760 1203 nos
2790 1159 2843 1203 et
2876 1157 2963 1214 te;
2995 1150 3086 1202 sed
3118 1158 3317 1217 quanto
3365 1149 3554 1211 citius,
3583 1147 3676 1200 cui
3707 1155 3756 1199 tu

2188 1243 2418 1297 honores
2468 1242 2678 1305 tulisti,
2723 1251 2779 1295 et
2813 1257 3000 1311 purum
3045 1242 3316 1295 hominem
3357 1238 3574 1295 fecisti?
3624 1236 3753 1293 Cum

2190 1332 2386 1401 legisti,
2410 1331 2522 1402 Ego
2548 1342 2595 1385 et
2627 1330 2785 1384 Pater
2805 1349 2965 1385 unum
2989 1349 3163 1385 sumus
3186 1331 3366 1401 (Jaan.
3401 1347 3453 1393 ι,
3485 1330 3584 1398 50)
3617 1348 3630 1380 :
3664 1328 3753 1383 sed

2190 1424 2310 1477 talis
2344 1423 2500 1477 Pater
2527 1424 2699 1490 qualis
2728 1434 2781 1477 et
2814 1422 3001 1486 Filius,
3029 1422 3150 1492 quia
3186 1422 3259 1475 ita
3290 1422 3448 1476 Pater
3478 1430 3537 1474 ut
3571 1419 3752 1483 Filius;

2188 1514 2442 1584 quoniam
2487 1527 2669 1568 verum
2714 1524 2825 1578 Cal,
2868 1514 3135 1582 quomodo
3184 1512 3248 1565 ad
3291 1510 3752 1565 circumcisionem

2189 1605 2483 1671 veniendo,
2512 1605 2578 1659 ad
2609 1606 2968 1673 baptismum,
3001 1604 3067 1658 ad
3096 1604 3437 1674 martyrium,
3470 1604 3754 1657 meliorare

2192 1698 2466 1767 probatur,
2490 1698 2578 1767 qui
2608 1706 2663 1751 et
2689 1707 2900 1751 creator
2928 1696 3163 1749 omnium
3187 1710 3309 1750 esse
3328 1696 3713 1748 convincitur?

2264 1789 2356 1844 ΙΙΙ.
2382 1788 2616 1852 Festina,
2642 1787 2853 1855 festina,
2881 1785 3259 1855 sedoprotinus.
3286 1784 3418 1839 Nam
3441 1785 3485 1838 si
3509 1793 3563 1838 te
3583 1785 3662 1837 sic
3683 1784 3757 1837 ul-

2193 1882 2351 1936 timus
2391 1881 2507 1935 dies
2548 1879 2853 1947 invenerit,
2886 1879 3058 1948 qualis
3114 1893 3257 1933 nunc
3307 1877 3465 1931 hodie
3507 1890 3753 1945 appares,

2190 1972 2521 2028 descendens
2554 1972 2621 2025 ad
2649 1970 2901 2025 inferiora
2933 1980 3111 2035 torrat,
3143 1979 3197 2024 et
3227 1969 3291 2021 ad
3319 1980 3495 2037 partes
3524 1969 3755 2037 vulpium

2192 2063 2319 2119 eris.
2349 2062 2585 2117 Laetetur
2620 2070 2803 2115 sancta
2837 2060 3075 2115 Ecclesia
3108 2059 3175 2114 de
3200 2074 3447 2129 regressu
3478 2070 3601 2123 tuo,
3644 2059 3760 2127 quia

2193 2156 2539 2209 vehementer
2580 2154 2726 2222 luget
2768 2152 2836 2206 de
2874 2167 3096 2206 excessu
3126 2157 3238 2205 tuo.
3286 2150 3535 2205 Gaudere
3580 2166 3680 2204 nos
3711 2150 3760 2202 in

2196 2246 2380 2300 ultimo
2436 2247 2635 2299 smcuio
2687 2246 2890 2310 facias,
2951 2260 3085 2312 quos
3135 2246 3316 2314 lugere
3358 2252 3480 2312 post
3528 2243 3761 2297 laetitiam

2197 2347 2340 2391 tuam
2371 2336 2439 2391 de
2468 2335 2766 2406 perditione
2799 2347 2885 2390 tua
2915 2335 3105 2389 fecisti.
3137 2334 3214 2389 Ne
3236 2335 3380 2389 dicas
3415 2335 3497 2389 vel
3530 2334 3582 2388 in
3604 2336 3764 2388 corde

2198 2438 2311 2491 tuo,
2345 2428 2493 2493 Feci,
2526 2428 2662 2494 feci,
2694 2426 2834 2492 Vici,
2867 2428 2994 2481 vici.
3031 2427 3210 2481 Victus
3242 2442 3300 2481 es
3332 2435 3381 2480 et
3413 2426 3644 2490 vinctus;
3677 2428 3763 2479 sed

2199 2521 2321 2574 inde
2366 2522 2508 2573 unde
2552 2520 2693 2573 filius
2729 2518 2927 2572 diaboli
2957 2527 3011 2572 et
3059 2518 3301 2571 inimicus
3350 2516 3595 2587 jusritiae.
3640 2515 3766 2569 Nam

2199 2622 2383 2666 notum
2417 2612 2509 2665 tibi
2550 2612 2637 2674 sit,
2666 2611 2808 2681 quod
2836 2618 2943 2664 tota
2974 2611 3148 2675 Italia,
3181 2610 3381 2679 integra
3413 2609 3617 2673 Africa,
3649 2610 3765 2662 lis-

2200 2707 2379 2773 pania,
2410 2705 2495 2759 vel
2525 2704 2696 2759 Gallia
2728 2711 2940 2770 cuncta,
2976 2719 3170 2757 nomen
3203 2712 3372 2767 tuum,
3404 2717 3523 2756 cum
3556 2702 3623 2756 de
3654 2718 3769 2768 per-

2200 2797 2402 2850 ditione
2433 2804 2517 2848 tua
2549 2794 2791 2862 plorant,
2825 2793 3303 2848 anathematizant.
3340 2795 3405 2846 Et
3432 2792 3478 2846 si
3510 2808 3619 2846 non
3651 2808 3769 2861 qua:

2202 2888 2427 2943 docuisti
2466 2887 2831 2950 destruxeris,
2874 2894 2928 2940 et
2976 2886 3185 2954 publica
3227 2899 3359 2940 voce
3398 2885 3762 2939 clamaveris:

2203 2980 2411 3046 Erravi,
2440 2978 2635 3045 erravi;
2668 2977 2949 3033 anathema
2973 2977 3269 3042 Nrstorius,
3300 2975 3586 3030 anathema
3610 2976 3771 3044 Euty-

2203 3072 2352 3138 ches;
2381 3086 2499 3126 cum
2524 3070 2653 3140 ipsis
2684 3078 2734 3123 te
2764 3070 2830 3124 ad
2852 3070 3110 3139 supplicia
3136 3068 3458 3137 sempiterna
3485 3067 3764 3122 tradidisri.

530 3166 615 3215 ce,
660 3162 714 3206 et
758 3153 878 3208 vide
923 3155 970 3208 si
1014 3169 1119 3208 non
1148 3155 1198 3208 in
1226 3156 1344 3209 loco
1391 3157 1705 3225 perditionis
1743 3168 1793 3212 te
1830 3160 2095 3227 obligasti.
2128 3153 2171 3213 C
2204 3167 2507 3222 salutamus
2554 3164 2869 3234 plurimum,
2921 3162 3261 3232 conjurantes
3309 3176 3403 3230 per
3464 3163 3674 3215 Patrem
3722 3172 3769 3213 et

534 3240 721 3297 Adhuc
749 3244 794 3298 si
820 3244 922 3312 vis,
947 3244 1118 3299 vivis:
1147 3246 1189 3299 si
1212 3246 1321 3311 vis,
1351 3247 1689 3301 revertendo.
1714 3247 2097 3315 Convertimini,
2140 3284 2145 3289 -

530 3336 723 3405 inquit,
748 3338 814 3389 ad
837 3353 934 3404 me,
958 3346 1006 3391 et
1028 3350 1289 3392 convertar
1309 3341 1376 3391 ad
1397 3356 1481 3393 vos
1498 3340 1739 3410 (Zachjt,
1765 3342 1838 3411 '5).
1862 3341 2049 3397 Patres
2070 3360 2099 3397 a

529 3426 721 3493 quibus
766 3427 1187 3483 benedictionem
1226 3442 1542 3499 exspectare
1571 3431 1801 3487 debuisti
1829 3472 1842 3495 ,
1876 3435 1931 3486 in
1961 3436 2100 3488 exsi-

530 3516 658 3571 lium
689 3520 1049 3573 transrnisisti.
1082 3520 1216 3573 Tum
1244 3536 1364 3574 cum
1399 3522 1449 3574 in
1489 3522 1673 3574 ultima
1706 3534 1980 3577 senectute
2013 3535 2099 3578 tua

528 3624 850 3677 componere
869 3619 923 3664 et
948 3611 1272 3679 conjungere
1304 3623 1354 3665 te
1376 3612 1442 3666 ad
1487 3614 1900 3683 Redetnptorem
1950 3632 2095 3670 tuum

530 3700 795 3765 debuisti,
829 3701 942 3768 ipse
967 3712 1041 3767 te,
1083 3718 1187 3756 non
1218 3704 1377 3769 alter,
1411 3705 1507 3759 sed
1541 3714 1595 3759 tu
1618 3717 1669 3760 et
1700 3717 1750 3761 te
1776 3718 1827 3760 et
1859 3718 1974 3763 tuos
2000 3710 2100 3764 de-

566 3948 574 3958 .
604 3882 631 3909 ⁸
662 3878 956 3959 Depravata
982 3893 1061 3937 cst
1090 3886 1202 3940 hinc
1242 3886 1508 3955 periodus;
1532 3889 1689 3959 cujus
1718 3889 1763 3943 si
1794 3904 1899 3943 non
1930 3889 2087 3959 ipsis-

533 3955 665 4026 sima
696 3958 821 4002 sunt
849 3955 1010 4027 verba
1034 3996 1055 4027 ,ν
1080 3960 1269 4011 saltem
1310 3972 1498 4013 sensus
1529 3955 1612 4013 hic
1634 3974 1755 4013 esse
1788 3955 1983 4027 potest.
2028 3961 2093 4014 In

533 4023 949 4095 iittegro_ntuitdo
980 4026 1275 4091 splettdcbas
1303 4038 1355 4080 ut
1381 4030 1501 4091 sol;
1547 4039 1593 4081 et
1624 4046 1739 4081 cum
1774 4023 1946 4083 omnes
1976 4033 2094 4085 inde

534 4090 701 4155 gratia
728 4088 929 4144 Domini
951 4088 1165 4149 rectores
1188 4095 1433 4153 Ecclesia:
1446 4088 1799 4169 gauderemus,
1827 4104 1878 4154 di
1886 4103 2095 4171 vulgan-

2209 3259 2397 3313 Filium
2441 3264 2499 3313 et
2527 3257 2783 3325 Spiritum
2829 3265 3106 3321 sanctum;
3141 3270 3234 3324 per
3261 3253 3408 3308 illum
3444 3255 3534 3321 qui
3583 3254 3633 3307 in
3668 3268 3771 3307 uno

2208 3352 2376 3405 tritius
2400 3358 2645 3418 apparet,
2675 3355 2728 3402 et
2752 3348 2805 3401 in
2836 3349 3009 3402 tribus
3031 3362 3167 3401 unus
3190 3349 3522 3417 agnoscitur,
3551 3356 3606 3400 ut
3632 3354 3685 3399 te
3710 3346 3771 3399 de

2208 3439 2471 3494 horrenda
2490 3449 2637 3493 secta
2655 3446 2710 3492 et
2727 3437 3071 3492 abominabili
3093 3437 3464 3505 persecutione
3481 3450 3773 3498 semoveas,

2206 3540 2259 3584 et
2292 3531 2408 3582 illos
2450 3529 2539 3598 qui
2584 3539 2633 3581 te
2684 3529 2945 3583 suadente
2977 3529 3027 3582 in
3060 3528 3227 3597 ipsam
3272 3526 3653 3596 crediderunt,
3709 3526 3777 3579 ad

2209 3621 2482 3674 meliorem
2514 3619 2651 3673 viam
2680 3620 2861 3674 venire
2885 3618 3121 3673 studeas.

2195 3902 2243 3947 te
2269 3896 2435 3958 fante,
2458 3909 2523 3948 ea:
2560 3891 2710 3961 lapsu
2740 3904 2902 3946 vestro
2938 3884 3083 3962 quem
3109 3908 3367 3961 nunquam
3389 3892 3661 3959 prtevidere
3693 3897 3765 3944 de-

2198 3964 2399 4018 buimus
2426 4004 2440 4027 ,
2480 3964 2766 4018 contristati
2788 3973 2833 4016 et
2868 3964 3125 4016 Immiliati
3148 3979 3307 4031 usque
3341 3964 3394 4015 in
3420 3973 3558 4016 terra
3585 3978 3767 4015 summ.

2196 4032 2386 4087 Cum.
2420 4036 2454 4087 l.
2486 4050 2561 4101 c.,
2595 4049 2773 4102 pagg..
2812 4038 2879 4088 80
2904 4043 2955 4087 et
2985 4033 3075 4090 8i.

2272 4103 2297 4141 δ
2331 4107 2533 4159 Concil.
2553 4146 2568 4169 ,
2600 4106 2731 4172 ipsa,
2767 4104 3145 4174 praepositione
3174 4104 3237 4156 de
3264 4105 3483 4159 omissa.

555 4241 3733 4284 ΡΜ

1850 4402 2014 4445 ANNO
2062 4392 2285 4445 DOMlNl
2334 4405 2462 4447 DLll

1639 4543 2680 4690 AGNELLUS

1517 4773 2129 4853 EPISCOPUS
2232 4780 2852 4875 BAVENNAS,

1780 5012 2049 5069 ΝΟΤΙΤΙΑ
2100 5014 2186 5083 (ex
2226 5012 2549 5084 Gallandio).

615 5140 653 5197 l.
685 5142 812 5211 Qua:
841 5142 908 5198 de
945 5143 1109 5214 gestis
1136 5145 1340 5214 Agnelli
1370 5148 1612 5215 praesulis
1643 5148 1965 5207 Ravennatis
1990 5167 2109 5207 cer-
2136 5154 2187 5214 D
2211 5151 2590 5205 sertationibus
2612 5159 2675 5206 et-
2690 5149 3149 5206 observationibus
3189 5150 3544 5216 illustratum;
3573 5107 3811 5221 ejusque'

544 5233 681 5289 tiora
708 5243 947 5304 prostant
975 5234 1316 5301 documenta,
1343 5253 1479 5293 unus
1501 5240 1753 5309 Agnellus
1781 5242 1945 5296 abbas
1972 5243 2112 5297 San-

544 5324 613 5379 cti
649 5323 1025 5380 Bartholomtei
1056 5327 1245 5382 litteris
1272 5331 1603 5399 consignavit
1641 5333 1693 5386 in
1741 5332 1902 5388 Libro
1932 5333 2110 5388 Ponti-

545 5413 681 5469 ﬁcali
722 5430 864 5469 anno
893 5416 997 5470 859
1047 5418 1350 5487 conscripto
1382 5437 1395 5472 :
1427 5420 1568 5490 quod
1599 5423 1811 5492 quidem
1865 5437 2001 5490 opus
2046 5438 2113 5476 ex

546 5503 787 5559 Estensis
816 5507 1147 5563 bibliotheca:
1174 5510 1358 5565 codice
1386 5527 1487 5566 ms.
1536 5528 1677 5569 anno
1724 5516 1862 5570 1708
1892 5513 2107 5569 Mutina:

548 5595 752 5663 primus
780 5598 1046 5668 evolgavit
1094 5601 1157 5654 V.
1186 5600 1246 5654 C.
1298 5602 1612 5660 Benedictus
1642 5606 1957 5661 Baccltinius
2001 5605 2110 5658 dis-

624 5732 697 5795 (ai
740 5713 865 5788 Rer:
900 5714 1011 5788 Ital.
1046 5738 1226 5808 script.
1263 5749 1388 5797 tom.
1422 5742 1482 5808 ll,
1514 5759 1631 5814 pag.
1678 5745 1723 5797 ι.

2219 5242 2384 5297 editio
2412 5243 2665 5311 deinceps
2716 5257 2855 5295 anno
2892 5241 3026 5295 1725
3077 5243 3215 5296 inter
3244 5241 3441 5296 Rerum
3484 5228 3787 5296 Italicarum

2219 5333 2511 5402 scriptores
2531 5334 2725 5403 prodiit
2742 5333 3019 5405 Mediolani
3036 5332 3372 5388 emendatior
3385 5341 3440 5388 et
3461 5334 3670 5388 auctior
3690 5334 3789 5404 (α).

2222 5424 2407 5479 Tradit
2431 5426 2606 5495 itaque
2626 5424 2953 5479 Pontiﬁcalis
2979 5434 3162 5479 auctor
3182 5424 3280 5493 (ὁ),
3306 5423 3585 5493 Agnellum
3604 5438 3668 5478 ex
3698 5437 3785 5475 no-

2224 5517 2316 5571 bili
2338 5526 2510 5571 ortum
2541 5517 2779 5586 prosapia
2807 5517 3102 5587 opibusque
3132 5516 3516 5581 abundantem,
3567 5529 3789 5569 uxorem

2230 5607 2456 5674 primum
2486 5607 2701 5663 duxisse
2753 5621 2819 5663 ac
2851 5608 3094 5662 militiam
3124 5616 3405 5663 secutum:
3437 5607 3530 5662 sed
3563 5619 3790 5677 postmo-

2303 5743 2377 5814 (ὁ)
2407 5743 2613 5813 Agnell.
2640 5743 2756 5799 Lib.
2793 5744 2984 5801 Pontif.
3018 5756 3149 5817 part.
3183 5763 3239 5814 tt,
3274 5763 3321 5803 c.
3356 5749 3403 5815 l,
3432 5748 3583 5810 ibid..
3613 5748 3778 5817 ιι.Ηό
