4004 6354
126 382 129 383 ν
215 336 311 393 38!

1236 336 1531 394 ΛςΝειιῐ
1562 338 1657 393 AD
1696 337 2062 396 ARMENIUM
2104 341 2455 398 EPISTULA.

3375 347 3481 402 389

215 454 342 506 dum
383 460 591 507 mortua
640 450 868 521 conjuge
897 464 959 505 ac
1006 449 1221 516 cingulo
1267 450 1481 504 militari
1514 450 1786 519 deposito,
1820 454 1873 512 Α
1897 450 2092 521 ligione
2117 464 2172 506 et
2194 455 2370 508 boans
2418 454 2473 508 in
2505 454 2745 509 moribus
2772 461 2827 508 et
2865 454 2917 508 in
2966 455 3268 510 resistendo
3294 456 3480 511 adver-

218 552 386 596 totum
424 555 481 594 se
504 540 614 596 Deo
649 542 983 608 mancipasse
1008 549 1167 609 atque
1196 539 1612 594 ecclesiasticam
1638 542 1797 595 vitam

218 619 541 688 excoluisse;
574 632 758 700 Itaque
785 634 927 686 circa
972 646 1168 683 annum
1204 629 1328 693 5‘27,
1360 631 1536 684 aetatis
1565 645 1675 683 sua:
1704 630 1796 695 44,

218 725 287 778 ab
315 722 556 778 Ecclesio
587 723 828 776 antistite
870 722 1175 777 Ravennate
1211 721 1349 775 inter
1373 720 1600 775 clericos
1631 722 1803 775 ascri-

220 824 343 881 ptus
364 826 416 868 et
443 814 758 867 diaconatus
784 812 975 865 ordine
998 811 1304 879 insignitus,
1332 810 1576 865 ecclesia:
1608 822 1796 879 postea

223 904 400 957 Beata:
438 902 657 971 Agathze
708 900 1079 969 praefecturam
1131 899 1385 953 obtinuit.
1435 900 1642 955 Exinde
1669 916 1802 955 vero

220 1009 422 1047 annum
451 1006 616 1061 agens
644 992 713 1048 70
743 990 1011 1046 communi
1036 1004 1305 1045 consensu
1332 990 1658 1044 Maximiano
1688 992 1803 1058 epi-

220 1100 390 1153 scopo
420 1082 679 1137 suffectus
703 1090 785 1136 est
824 1081 912 1135 dic
942 1080 1013 1135 22
1041 1080 1183 1135 Junii
1213 1096 1338 1135 ann.
1374 1082 1498 1136 555.
1528 1081 1625 1147 Qui
1657 1090 1804 1150 post-

218 1190 381 1244 quam
433 1174 726 1228 Ecclesiam
777 1172 1143 1227 Ravennatem
1211 1173 1444 1227 rexisset
1504 1186 1675 1226 annos
1735 1174 1804 1227 l3

221 1282 463 1321 mensem
499 1268 521 1321 l
557 1274 612 1319 et
658 1264 776 1319 dies
807 1264 862 1333 8,
910 1280 941 1319 e
968 1264 1101 1318 vivis
1128 1248 1363 1318 excessit
1391 1277 1532 1317 anno
1557 1264 1683 1329 566,
1714 1279 1804 1318 ca-

220 1359 399 1413 lendis
425 1358 702 1427 Augustis,
735 1357 907 1411 aetatis
938 1356 1028 1411 85.
1076 1356 1151 1411 De
1179 1356 1261 1410 bis
1293 1356 1440 1425 plura
1470 1358 1653 1411 videas
1698 1357 1804 1411 im-

221 1454 408 1521 primis
430 1456 567 1521 apud
597 1456 939 1510 Bacchinium
971 1453 1051 1525 (a)
1085 1471 1098 1507 :
1124 1469 1223 1509 nec
1246 1455 1620 1523 przetermittas
1646 1455 1806 1510 velim

223 1544 607 1617 Hieronymum
646 1548 889 1601 Ruheum
922 1546 997 1617 (ὁ)
1029 1556 1190 1615 atque
1231 1545 1508 1615 Ughellum
1555 1544 1669 1616 (c);
1717 1548 1807 1614 qui

223 1644 402 1691 tamen
440 1638 650 1708 Agnelli
703 1638 1099 1692 ordinationem
1146 1651 1289 1690 anno
1337 1637 1440 1691 558
1482 1639 1807 1707 consignatis

222 1731 463 1797 erravit,
530 1742 585 1787 et
652 1730 704 1785 in
761 1729 1011 1785 eumdem
1088 1743 1329 1784 errorem
1388 1729 1596 1783 induxit
1645 1729 1810 1784 Oudi-

224 1838 352 1878 num
382 1826 484 1895 (Δ).

297 1916 358 1969 ιι.
384 1916 614 1983 Scripsit
640 1914 898 1986 Agnellus
925 1914 1348 1970 Bavennatensis
1364 1917 1590 1971 antistes
1612 1916 1811 1983 episto-

221 2003 330 2057 lam
361 2006 425 2058 ad
454 2006 767 2060 Armenium
801 2006 1013 2060 Arianis
1057 2008 1375 2077 Oppositum,
1410 2021 1531 2075 quae
1577 2008 1806 2074 primum

226 2094 424 2161 prodiit
447 2095 672 2149 Basilete
702 2111 844 2150 anno
875 2096 1032 2162 1528,
1060 2097 1113 2150 in
1150 2096 1372 2150 Joannis
1413 2097 1654 2152 Sichardi
1699 2101 1807 2150 An-

229 2184 401 2238 tidoto
435 2184 692 2240 adversus
734 2186 971 2240 haereses
1010 2201 1025 2240 :
1057 2186 1249 2241 exinde
1289 2201 1419 2240 vero
1449 2187 1574 2241 alibi
1608 2188 1807 2255 pluries

222 2287 442 2327 excusa.
470 2274 574 2327 Nos
598 2290 713 2329 eam
738 2276 1117 2345 descripsimus
1144 2291 1208 2330 ex
1231 2276 1556 2331 Bibliotheca
1583 2277 1803 2331 Patrum

226 2361 513 2416 Parisiensi
544 2362 651 2432 (ε),
700 2364 899 2432 quippe
948 2364 1159 2419 caateris
1188 2365 1551 2431 emendatior;
1581 2367 1805 2436 ejusque

226 2452 533 2518 lectionem,
554 2454 597 2507 si
622 2467 724 2522 qua
750 2454 933 2517 dubia,
957 2456 1243 2508 restituere
1273 2455 1595 2511 studuimus.
1622 2457 1805 2527 Neque

227 2545 311 2598 hic
339 2545 691 2599 omittendum
741 2546 1111 2599 existimamus
1160 2547 1515 2615 fragmentum
1557 2550 1801 2616 epistola)

229 2634 427 2705 Pelagii
462 2636 566 2690 lad
596 2637 843 2691 eumdem
874 2637 1179 2705 Agnellum,
1208 2639 1350 2707 quod
1390 2640 1439 2692 in
1472 2641 1640 2694 lucem
1670 2641 1805 2696 emi-

219 2727 293 2782 sit
332 2728 579 2781 Biluzius
607 2728 703 2798 (f).
750 2728 846 2782 Est
888 2738 1065 2782 autem
1100 2729 1447 2798 hnjusmodi;
1500 2750 1518 2782 r
1564 2732 1803 2804 Pelagius

218 2821 435 2891 Aguello
468 2822 771 2877 Ravennati.
812 2823 1151 2877 Frateruitati
1196 2831 1297 2878 tua:
1344 2824 1695 2895 injungimus,
1746 2837 1804 2881 ut

218 2914 388 2983 eligas
418 2914 580 2968 talem
612 2917 783 2969 virum
818 2912 879 2970 in'
910 2914 1303 2986 presbyterum,
1349 2916 1436 2985 qni
1470 2917 1606 2971 fixus
1633 2917 1686 2971 in
1716 2934 1802 2973 re-

1908 545 2063 598 rariis
2087 545 2275 599 efficax
2307 547 2477 614 possit
2500 547 2770 612 existere;
2794 554 2855 600 et
2896 545 3104 616 dirigas
3126 546 3198 599 ad
3228 555 3480 601 unctum

1904 633 2078 686 virum
2128 635 2419 702 gloriosum
2463 636 2723 690 Joannem
2770 636 3056 704 patricium
3088 652 3107 688 :
3136 637 3242 690 hoc
3264 637 3316 691 ei
3346 645 3483 692 ιη

1905 725 2083 778 omnia
2126 726 2460 795 prmcipiens,
2497 735 2553 780 ut
2579 728 2782 781 nullum
2810 727 2952 780 aliud
2992 735 3191 796 prmter
3217 742 3394 780 meum
3424 737 3482 782 et

1907 826 2052 871 tuum
2097 821 2334 871 nominet
2372 834 2565 872 nomen
2615 820 2751 873 inter
2782 835 2933 873 sacra
2981 821 3257 890 mysteria.
3290 838 3307 870 ι
3336 819 3503 891 Idem

1906 907 2263 979 fragmentum
2313 925 2432 962 cum
2462 910 2579 963 aliis
2610 912 2958 977 epistolarum
2991 910 3233 979 ejusdem
3261 905 3512 980 Pelagii,‘

1906 1014 2024 1068 quae
2064 1014 2135 1053 ex
2187 1013 2319 1053 mss.
2377 999 2653 1054 codicibus
2695 999 2839 1054 4047
2869 1011 2922 1055 et
2948 1000 3111 1066 4048,
3144 998 3484 1054 bibliothecae

1907 1088 2231 1144 Colbertinm
2261 1104 2359 1143 nec
2387 1106 2492 1143 non
2545 1104 2611 1145 ex
2655 1091 2761 1145 alio
2810 1093 3099 1157 exemplari
3133 1091 3483 1160 Itivipnllensi

1908 1182 2141 1251 vulgavit
2194 1181 2436 1236 laudatus
2491 1181 2767 1247 Baluzius,
2824 1181 3210 1249 Supplemento
3262 1196 3359 1234 suo
3416 1181 3485 1237 ad

1908 1273 2146 1329 Concilia
2168 1273 2686 1330 Veneto-Labbeana
2712 1275 2957 1344 intexuit,
2981 1274 3077 1330 sed
3102 1274 3279 1330 minus
3300 1288 3487 1330 emen-

1910 1366 2053 1431 date,
2082 1365 2152 1419 cl.
2180 1365 2415 1420 Mansius
2447 1364 2549 1437 (g).

1983 1455 2074 1511 lll.
2099 1456 2367 1510 Cteterum
2399 1457 2621 1511 minime
2650 1455 2967 1521 audiendus,
2998 1456 3087 1525 qui
3111 1464 3265 1511 notas
3292 1456 3357 1510 ad
3388 1470 3486 1512 no-

1910 1560 2030 1599 vam
2081 1545 2329 1601 Historiae
2358 1546 2635 1601 litterarize
2678 1546 2944 1601 Guilielini
2997 1544 3159 1600 Cavei
3191 1547 3483 1601 editionem

1913 1648 2067 1692 notas
2093 1638 2355 1705 attexnit;
2384 1638 2472 1692 ubi
2503 1640 2577 1691 ait
2600 1638 2713 1708 (It),
2732 1638 3013 1707 Agnellum
3034 1652 3138 1705 quo
3163 1637 3229 1691 de
3258 1637 3481 1703 agimus,

1913 1740 2109 1800 printer
2136 1731 2403 1785 laudatam
2436 1732 2715 1799 epistolam
2742 1732 2810 1785 ad
2840 1731 3172 1795 Armenium,
3203 1731 3484 1797 scripsisse

1841 1821 1885 1880 B
1915 1838 2123 1893 quoque
2144 1823 2449 1893 Pontiﬁcale
2471 1840 2558 1878 seu
2589 1824 2726 1876 Vitas
2740 1825 3092 1893 episwporum
3112 1824 3483 1878 Ravennatum.

1913 1915 2171 1969 Nimirum
2202 1930 2329 1970 vera
2357 1915 2505 1969 falsis
2532 1916 2886 1981 confundens,
2923 1914 3204 1984 Agnellum
3248 1923 3485 1969 nostrum

1914 2006 2160 2060 eumdem
2188 2007 2399 2061 censuit
2428 2020 2490 2060 ac
2518 2007 2800 2076 Agnellum
2845 2006 3113 2074 juniorem
3160 2003 3489 2059 Pontificalis

1912 2106 2204 2159 auctorem,
2248 2098 2338 2167 qui
2380 2097 2548 2151 tribus
2578 2098 2747 2152 ferme
2787 2098 2998 2151 saeculis
3025 2096 3192 2151 altero
3219 2095 3488 2164 posterior

1913 2188 2032 2255 fuit,
2065 2202 2237 2257 neque
2273 2202 2501 2257 unquam
2529 2187 2818 2256 episcopali
2848 2188 3107 2255 dignitate
3148 2185 3486 2246 honestatus,

1914 2291 1971 2334 ut
2007 2280 2253 2347 superius
2282 2280 2611 2333 monuimus.
2644 2280 2907 2345 Deceptus
2941 2279 3167 2332 fortasse
3207 2278 3364 2331 fuerit
3392 2276 3491 2329 ad-

1914 2376 2131 2424 hotator
2177 2369 2266 2423 ille
2295 2384 2325 2423 a
2360 2369 2569 2436 Vossio,
2603 2370 2692 2438 qui
2740 2370 2887 2437 gravi
2934 2384 3064 2423 sane
3110 2369 3308 2436 duplici
3342 2369 3490 2435 lapsu

1913 2461 2163 2517 eumdem
2195 2461 2476 2529 Agnellnm
2527 2460 2836 2515 historicum
2882 2460 3206 2513 Ravennatis
3235 2458 3493 2513 Ecclesiae

1913 2552 2075 2607 fuisse
2103 2551 2587 2622 archiepiscopum,
2631 2558 2686 2605 ct
2730 2551 2943 2620 quidem
2972 2550 3025 2603 in
3055 2564 3119 2603 ea
3144 2548 3272 2603 sede
3300 2546 3492 2600 ordine

1912 2644 2198 2709 decimum,
2229 2644 2417 2697 scribit
2452 2642 2516 2712 (ἠ)
2547 2660 2561 2697 :
2587 2642 2709 2713 jure
2739 2650 3018 2711 propterea
3050 2649 3264 2695 notatus
3290 2654 3319 2691 a
3346 2639 3482 2693 San-

1910 2736 2000 2788 dio
2045 2736 2274 2802 primum
2309 2735 2400 2804 (j),
2430 2733 2623 2788 deinde
2661 2749 2691 2788 a
2720 2734 2790 2788 cl.
2820 2743 3038 2788 auctore
3066 2730 3228 2785 Diarii
3254 2729 3493 2785 erudito-

1914 2841 2033 2880 rum
2064 2825 2225 2880 ltalice
2253 2824 2351 2895 (It).

274 3022 372 3095 :(a)
399 3022 479 3077 Ad
507 3023 715 3094 Agnell.
743 3024 779 3078 l.
808 3040 885 3093 c.,
917 3039 1034 3094 pag.
1066 3024 1155 3090 88,
1185 3023 1211 3093 ᾗ
1238 3026 1270 3076 2
1297 3033 1349 3077 ct
1376 3039 1527 3095 pagg.
1561 3026 1649 3092 94,
1676 3027 1778 3082 115
1832 3030 1879 3093 C
1983 3026 2050 3095 (Γ)
2074 3025 2256 3080 Balnz.
2280 3026 2531 3093 Miscell.,
2565 3024 2659 3080 lib.
2693 3040 2745 3089 ν,
2778 3040 2833 3094 p.
2862 3025 2989 3081 464.

218 3090 371 3249 εοῗὸ)
393 3163 978 3249 ῃυμηειῑξ-ικῐὶενειιητ
1007 3164 1101 3218 lib.
1124 3180 1214 3249 in,
1244 3164 1456 3249 p.-1_G_9.

321 3238 367 3301 ε)
393 3234 599 3304 Ughell.
633 3235 745 3287 Ital.
773 3249 936 3296 sacr.,
967 3244 1095 3288 tom.
1124 3233 1186 3293 ll.
1225 3251 1275 3301 p.
1312 3236 1436 3289 557.

317 3306 375 3385 ἀ)
402 3306 699 3385 ριιιᾴἰηζέιθ
723 3308 919 3385 ξεῖ-ξω.
947 3304 1110 3367 eCCI.,
1136 3312 1279 3385 tota.
1301 3305 1342 3369 l,
1375 3320 1426 3372 p.

217 3375 367 3503 Ηςιρῖ)
400 3376 536 3430 Bibl.
567 3376 672 3429 PP.
722 3376 920 3441 Paris.,
974 3390 1100 3426 ann.
1153 3375 1308 3441 ιδδι,
1352 3386 1482 3428 ιοιιι.
1536 3375 1626 3441 lll,
1670 3388 1793 3445 pag.

1979 3094 2057 3165 (gl
2085 3098 2251 3165 Mans.
2285 3098 2563 3163 Supplem.
2592 3098 2655 3149 ad
2683 3097 2914 3159 Concil.,
2943 3106 3073 3149 tom.
3106 3097 3146 3158 Ι,
3180 3094 3379 3165 pJSl.

1976 3163 2061 3236 (ἢ)
2095 3168 2169 3217 Ad
2193 3164 2323 3236 Cav.
2352 3167 2485 3217 Hist.
2524 3167 2651 3230 litt.,
2678 3174 2806 3236 tom.
2837 3167 2878 3229 l,
2912 3182 2966 3232 p.
2994 3167 3120 3227 52S),
3149 3163 3381 3236 not_.h(_[).

1976 3231 2050 3302 (il
2071 3236 2222 3286 Voss.
2254 3235 2322 3289 de
2352 3235 2487 3287 llist.
2524 3236 2637 3288 Lat.
2670 3235 2759 3287 lib.
2796 3250 2875 3296 III,
2906 3231 3023 3299 cap.
3058 3236 3111 3296 4,
3137 3248 3187 3299 p.
3221 3231 3345 3302 757.

1975 3300 2044 3373 (vi)
2068 3304 2232 3357 Sand.
2263 3304 2385 3357 Not.
2411 3308 2473 3354 ad
2505 3304 2661 3357 Voss.
2689 3305 2757 3355 de
2782 3304 2915 3355 llist.
2942 3304 3081 3367 Lat.,
3114 3315 3232 3373 pag.
3253 3300 3381 3354 290.

1988 3371 2063 3446 (fr)
2092 3375 2278 3430 Giorn.
2299 3374 2380 3429 de‘
2402 3373 2588 3428 Litter.
2618 3373 2668 3426 (ι’
2692 3374 2831 3439 ltal.,
2862 3384 2994 3426 tom.
3028 3374 3067 3437 Ι,
3096 3389 3149 3440 p.
3177 3371 3265 3425 81.

1640 3736 2111 3806 AGNELLI

1081 3903 1242 3985 AD
1314 3896 1957 3983 ABMENIUM
2035 3884 2663 3995 EPISTOLA,'

1418 4090 1527 4138 DE
1572 4086 1961 4136 BATIONE
2009 4083 2297 4132 FIDEI.‘

295 4295 483 4352 Frater
508 4292 763 4350 Martinus
786 4292 961 4359 exegit
984 4290 1188 4344 litteras
1210 4288 1274 4342 ad
1308 4296 1449 4340 tuam
1481 4284 1796 4338 charitatem
1828 4286 1879 4343 Ι)
1905 4289 1951 4333 te
1982 4280 2169 4331 mitto:
2201 4276 2302 4342 Qui
2346 4282 2441 4337 est,
2495 4273 2630 4332 misit
2664 4288 2742 4325 me
2775 4268 2966 4338 (Exod.
3016 4280 3095 4359 in,
3262 4278 3273 4313 :
3308 4260 3382 4359 id;
3410 4269 3494 4314 est

218 4388 544 4455 mittendas,
590 4399 838 4441 asserens
880 4382 1292 4438 sollicitudinem
1350 4386 1493 4431 tuam
1559 4388 1805 4443 quaerere

217 4482 477 4536 solatium
520 4474 851 4531 defensionis
902 4471 1177 4525 catholicae
1210 4468 1356 4529 fidei,
1389 4480 1556 4533 quam,
1592 4464 1807 4530 quidam

221 4569 375 4623 varia
407 4566 707 4620 assertione
749 4558 1107 4617 conturbavit.
1152 4558 1255 4613 Sed
1307 4556 1421 4625 ipsa
1461 4552 1803 4609 conturbatio

218 4673 345 4714 cum
377 4656 567 4709 collata
600 4653 780 4717 fuerit,
836 4650 1011 4705 omnis
1050 4648 1353 4703 fieculentia
1382 4645 1719 4716 projicitur;
1756 4652 1811 4698 et

224 4750 329 4802 hoc
358 4746 498 4815 quod
557 4746 812 4815 liquatum
863 4740 1043 4806 fuerit,
1076 4739 1390 4794 custoditur.
1429 4740 1565 4791 Ante
1623 4736 1805 4789 omnia

224 4844 400 4908 itaque
426 4838 629 4892 credere
656 4844 850 4905 oportet
896 4833 1081 4899 Deum,
1110 4834 1230 4903 quia
1259 4840 1329 4885 est
1360 4829 1548 4900 (Hebr.
1584 4844 1661 4891 XI,
1697 4830 1752 4897 6)
1786 4842 1800 4890 ;

226 4930 463 4986 secundo
493 4926 619 4997 quid
668 4926 739 4980 sit
787 4925 945 4978 Deus.
978 4923 1155 4990 Qaare
1198 4922 1335 4975 hoc?
1366 4921 1487 4991 quia
1521 4921 1648 4973 dixit
1678 4919 1805 4971 imi-

224 5024 361 5095 piens
392 5022 443 5074 in
467 5018 620 5072 corde
642 5033 736 5071 suo
767 5033 779 5068 :
812 5012 934 5068 Non
964 5024 1034 5067 est
1060 5013 1193 5066 Deus
1217 5011 1387 5083 (Psal.
1412 5026 1526 5075 xui,
1560 5010 1638 5077 1).
1666 5010 1804 5081 Ergo

224 5114 313 5183 qui
342 5111 600 5181 insipiens
629 5124 735 5163 non
759 5117 861 5171 est,
889 5106 990 5160 hoc
1012 5120 1118 5159 non
1150 5103 1298 5168 dicit,
1327 5103 1420 5158 sed
1446 5103 1575 5157 dicit
1601 5120 1612 5156 :
1639 5101 1804 5156 Credo

224 5196 277 5258 in
310 5204 495 5256 Deum.
539 5201 594 5255 Si
626 5198 827 5253 dixerit
869 5196 963 5250 tibi
1010 5198 1313 5266 quicunque
1343 5209 1355 5245 :
1384 5192 1518 5259 Quid
1549 5201 1630 5246 est
1666 5192 1804 5246 Deus

224 5310 382 5365 quem
422 5293 631 5349 credis?
661 5287 1095 5359 respondendum
1127 5296 1209 5341 est
1242 5303 1253 5337 :
1287 5284 1385 5339 Hic
1424 5292 1508 5338 est
1539 5282 1679 5337 Deus
1708 5281 1803 5351 qui

224 5389 418 5440 clamat
467 5384 518 5437 in
566 5379 1022 5435 Deuterouoniio:
1066 5376 1272 5441 Videte,
1327 5374 1489 5428 videte
1545 5374 1665 5441 quia
1712 5384 1803 5441 ego

226 5494 335 5530 sum
373 5476 506 5527 Deus
535 5483 583 5538 κ,
609 5482 658 5526 ιι
684 5488 781 5524 ηοη
814 5479 885 5523 est
927 5468 1063 5522 aliis
1108 5477 1288 5535 prazter
1320 5481 1397 5519 me
1419 5462 1600 5535 (Deut.
1633 5478 1802 5527 χχχιι,

227 5570 340 5637 59).
385 5569 512 5622 lieni
538 5583 656 5621 cuin
693 5565 865 5619 Moses
902 5564 1254 5631 interrogaret
1281 5573 1439 5628 quem
1473 5557 1617 5609 illum
1661 5554 1805 5607 dice-

226 5670 325 5726 ret,
355 5658 625 5728 respondit
652 5676 663 5710 :
691 5654 802 5726 Ego
829 5671 938 5709 sum
965 5653 1051 5722 qui
1074 5668 1217 5719 sum;
1248 5660 1293 5707 et
1324 5650 1457 5703 dices
1485 5648 1555 5702 eis
1581 5647 1647 5700 ad
1676 5661 1801 5717 quos

294 5854 317 5885 ι
355 5844 508 5913 Vulg.
534 5839 671 5896 Deus
699 5837 857 5893 solus.

1912 4367 2281 4431 immutabilis,
2324 4372 2379 4419 et
2425 4378 2639 4429 semper
2670 4361 2811 4413 idem
2844 4375 2857 4409 :
2892 4370 2995 4408 non
3046 4351 3163 4407 heri
3196 4352 3337 4404 Deus
3369 4356 3488 4399 tan-

1913 4467 2045 4520 tum,
2071 4455 2229 4508 hodie
2256 4465 2384 4506 vero
2410 4452 2548 4504 Deus
2574 4457 2628 4503 et
2652 4448 2839 4510 Pater;
2870 4444 2964 4497 sed
2988 4454 3203 4509 semper
3231 4438 3325 4492 fuit
3347 4436 3487 4490 Deus

1915 4558 1971 4603 et
2000 4546 2180 4608 Pater,
2211 4554 2266 4601 et
2292 4558 2505 4613 semper
2536 4541 2636 4595 fuit
2677 4537 2828 4608 cujus
2875 4544 3013 4591 esset
3046 4533 3222 4588 Pater.
3254 4530 3312 4586 Si
3343 4530 3486 4583 cnim

1915 4637 2230 4693 accessisset
2257 4636 2305 4690 ei
2338 4643 2393 4688 ut
2447 4641 2590 4686 esset
2638 4633 2817 4695 l’ater,
2848 4629 2954 4680 vini
2995 4637 3181 4695 passus
3227 4628 3391 4686 esset,
3435 4629 3493 4674 ut

1914 4728 2173 4798 inciperet
2224 4740 2347 4778 esse
2377 4722 2517 4792 quod
2566 4736 2672 4774 non
2704 4726 2838 4773 erat.
2890 4719 2959 4771 At
2992 4723 3071 4770 est
3121 4710 3493 4781 blaSphemnm

1911 4820 1983 4874 ita
2010 4816 2235 4871 sentire.

1982 4908 2088 4964 Si-d
2129 4908 2260 4961 dicit
2311 4904 2549 4971 aliquis:
2583 4902 2697 4955 Non
2750 4907 2833 4953 est
2875 4896 2981 4952 vim
3014 4908 3225 4965 passus,
3272 4891 3366 4947 sed
3396 4904 3490 4943 sua

1910 5004 2188 5056 volunta'e
2218 4998 2403 5068 genuit
2437 4995 2665 5059 Filium;
2694 4995 2814 5060 quia
2845 4992 2887 5044 si
2918 4988 3198 5051 noluisset,
3225 4997 3329 5038 non
3367 4996 3488 5033 vum

1908 5092 2201 5163 genuisset.
2229 5089 2309 5141 Ad
2341 5087 2453 5141 haec
2475 5086 2795 5155 exigendum
2844 5088 2925 5134 est
2963 5087 3018 5131 ut
3046 5077 3229 5129 dicat:
3262 5070 3489 5138 Quando
3551 5156 3553 5160 ⁴

1909 5184 2082 5239 voluit
2109 5194 2366 5252 generare
2400 5170 2613 5242 Filium,
2662 5173 2977 5228 habueritne
3034 5166 3288 5219 virtutem
3331 5177 3499 5231 gene-

1911 5274 2089 5341 randi,
2127 5282 2179 5327 et
2205 5270 2521 5340 sapientiam
2554 5269 2655 5321 hoc
2684 5268 2854 5335 ipsum
2880 5259 3133 5315 volendi?
3162 5256 3219 5311 Si
3244 5253 3442 5308 dixerit
3476 5266 3491 5305 :

1911 5369 2027 5424 Ni-n
2058 5366 2308 5432 habebat,
2333 5363 2583 5418 confutas
2612 5357 2981 5427 blasphemum
3009 5370 3022 5406 :
3055 5349 3112 5405 Si
3144 5345 3366 5403 dixerit:
3393 5344 3495 5397 lla.

1913 5460 2096 5527 bebat,
2150 5458 2365 5511 obtines
2422 5452 2706 5507 victoriam
2756 5467 2768 5501 :
2814 5446 2985 5501 Filius
3041 5442 3204 5505 enim,
3257 5446 3339 5527 ut-
3359 5436 3489 5489 dicit

1916 5524 2230 5621 Apostolus,
2260 5547 2356 5600 Dei
2387 5544 2562 5599 Patris
2588 5542 2745 5595 virtus
2774 5548 2843 5592 est
2872 5546 2919 5590 et
2942 5533 3193 5606 sapientia
3216 5527 3268 5601 (1
3302 5524 3421 5621 Cor.
3453 5541 3495 5593 i,

1913 5618 2032 5713 21f).
2064 5641 2192 5697 Nam
2224 5638 2314 5711 qui
2344 5636 2510 5694 dicit:
2546 5633 2807 5689 Virtutem
2858 5642 2962 5684 non
2990 5624 3196 5689 habuit,
3241 5618 3495 5688 blaSphe-
3570 5648 3575 5652 ι
