4004 6354
521 330 626 386 585

1543 312 1836 369 ΑΟΝΕΙᾸΛ
1881 309 1968 364 AD
2013 305 2366 361 ARMENIUM
2411 303 2759 359 EPlSTOLA.

3694 291 3815 345 δει
3839 333 3862 352 .,

521 452 632 501 mat
661 459 673 494 :
707 441 793 510 qui
825 437 947 493 dicit
970 455 980 491 :
1002 433 1330 505 Sapientiam
1361 444 1464 483 non
1494 427 1698 490 habuit,
1733 424 2092 490 blasphemat.
2129 427 2169 482 Α
2203 417 2448 478 indivisa,
2478 425 2532 469 et
2561 417 2609 467 in
2644 427 2805 468 unum
2839 409 3158 478 conglobata
3197 417 3252 461 et
3287 406 3501 461 virtutis
3551 407 3810 462 etticacia

526 532 637 586 lloc
676 531 875 599 quare?
907 529 1026 596 quia
1083 526 1136 580 in
1195 522 1369 592 capite
1420 518 1540 574 libri
1579 516 1660 571 sui
1718 513 1881 569 Arius
1924 511 2097 566 dicit:

527 623 648 677 Fuit
679 623 837 688 Deus,
868 619 1078 690 quando
1130 617 1285 670 Pater
1314 629 1419 667 non
1472 612 1570 664 fuit
1603 629 1616 662 :
1653 618 1711 662 ut
1735 607 1983 661 videatur
2023 605 2103 658 iu-

2202 507 2569 571 reduudautia,
2614 506 2664 559 id
2715 514 2815 567 est,
2864 517 3050 557 vocem
3103 502 3412 571 genitricem
3456 502 3610 554 verbi
3653 517 3671 554 :
3745 517 3811 555 ex

2202 600 2368 654 verbo
2397 611 2526 652 vero
2567 596 2724 650 simul
2761 610 2881 649 cum
2911 607 3042 647 voce
3076 593 3458 661 procedentem
3497 589 3809 646 efﬁcaciam

527 682 1099 768 "Jducere'm'inorem
1126 706 1316 760 [imum
1343 705 1408 776 ad
1435 702 1692 755 tumorem
1716 697 1913 750 pan-is,
1952 694 2103 748 mas.
2204 704 2324 758 qua:
2348 687 2507 740 faciat
2529 687 2752 740 alterum
2775 683 3050 738 consulem
3079 683 3213 746 fieri,
3241 683 3473 736 alternam
3505 682 3808 735 trucidari:

527 803 741 872 phemat
770 801 926 871 igitur
953 800 1162 852 Patrem
1188 795 1367 849 multis
1391 793 1561 846 modis
1586 807 1600 843 :
1629 791 1800 858 primo
1822 786 1955 856 jam,
1981 786 2104 854 quia

535 911 640 949 non
673 903 846 962 potest
897 900 1044 944 stare
1072 898 1130 942 ut
1159 888 1366 941 dicatur
1393 903 1404 938 :
1439 885 1538 951 Qui
1575 892 1647 935 est
1692 881 1826 933 misit
1851 894 1954 943 me,
1985 881 2104 947 quia

525 989 634 1056 jam
668 1000 771 1038 non
813 991 987 1052 potest
1014 981 1119 1036 dici
1147 997 1160 1032 :
1191 980 1290 1046 Qui
1318 990 1411 1042 est,
1455 976 1543 1045 qui
1591 974 1705 1029 heri
1732 971 1873 1026 alius
1903 971 2024 1032 fuit,
2054 980 2109 1022 et

533 1077 690 1132 hodie
727 1076 862 1129 alius
891 1081 993 1129 est.
1029 1073 1166 1141 Ergo
1189 1073 1233 1124 si
1254 1087 1356 1123 non
1380 1079 1463 1124 est
1485 1067 1621 1120 alius
1649 1063 1829 1130 hodie,
1857 1075 1976 1116 cras
2002 1076 2107 1114 non

530 1169 683 1230 alius,
708 1175 764 1221 et
783 1180 996 1232 semper
1020 1161 1362 1216 immutabilis
1386 1167 1710 1229 perseverat.
1735 1155 1960 1218 Semper
1983 1165 2111 1219 ergo
2143 1191 2147 1194 .

532 1259 627 1314 fuit
671 1259 850 1321 Pater,
893 1270 1106 1324 semper
1144 1253 1241 1306 fuit
1296 1252 1443 1320 cujus
1489 1259 1630 1303 esset
1677 1247 1852 1299 Pater.
1890 1243 2110 1305 Deinde,

530 1350 739 1406 etiamsi
770 1349 872 1402 hoc.
901 1349 1071 1415 ipsqu
1103 1346 1178 1398 illi
1206 1342 1523 1405 consentiat,
1554 1339 1675 1407 quia
1706 1337 1978 1390 voluntate
2023 1349 2107 1402 ge.

534 1443 689 1494 nuit:
725 1453 915 1508 cogere
960 1438 1104 1490 illum
1149 1443 1321 1503 potest
1365 1431 1682 1492 catholicus,
1713 1437 1804 1480 aut
1855 1435 1909 1478 ut
1951 1424 2112 1487 dicat,

533 1543 816 1601 antequam
847 1531 1005 1584 vellet
1031 1543 1288 1597 generare
1313 1526 1525 1589 Filium,
1553 1523 1756 1586 noluit;
1787 1532 1838 1573 et
1869 1518 1989 1572 ideo
2010 1532 2115 1570 non

533 1621 755 1690 genuit:
787 1631 878 1674 aut
910 1620 1092 1684 voluit,
1124 1627 1311 1672 etnon
1343 1614 1532 1684 potuit.
1564 1614 1620 1668 Si
1666 1611 1857 1674 noluit,
1916 1610 2116 1664 bonum

537 1723 622 1766 est
651 1721 676 1749 η
709 1710 850 1780 quod
882 1709 1071 1763 noluit.
1125 1709 1181 1763 Si
1209 1717 1387 1761 autem
1416 1704 1604 1769 voluit,
1637 1712 1692 1756 et
1745 1699 2117 1767 blasphemum

539 1813 702 1858 estut
728 1802 966 1856 dicatur:
994 1798 1118 1853 Fuit
1147 1798 1282 1860 Deus
1311 1796 1516 1867 quando
1547 1795 1734 1848 bonum
1757 1789 1914 1846 voluit
1939 1798 1984 1842 et
2016 1805 2117 1841 non
2152 1804 2195 1862 Β

542 1897 707 1962 potuit
731 1910 750 1948 :
778 1904 861 1948 est
890 1891 1281 1961 blasphemum,
1338 1897 1398 1944 ut
1437 1887 1648 1942 dicatur
1693 1881 1980 1954 aliquando
2005 1895 2120 1934 .vo-

540 1986 707 2042 luisse
735 1995 788 2042 et
818 2002 922 2040 non
957 1986 1190 2054 potuisse
1219 1983 1408 2036 Deum.

613 2078 726 2132 lloc
753 2079 868 2131 loco
896 2084 1178 2145 superatus
1198 2073 1379 2138 Arius,
1400 2071 1574 2126 adhuc
1592 2076 1737 2124 tenet
1759 2066 2116 2123 catholicum:

541 2170 681 2226 Vere
715 2171 922 2242 genuit,
970 2178 1062 2224 aut
1116 2167 1390 2237 putative?
1423 2163 1729 2234 Respondet
1777 2161 2071 2216 catholicus
2105 2175 2116 2210 :

546 2261 683 2316 Vere
706 2263 914 2331 genuit.
946 2259 1240 2314 llmreticus
1265 2257 1330 2310 ad
1366 2257 1482 2309 haec
1513 2271 1528 2308 :
1562 2255 1616 2308 Si
1640 2267 1765 2306 vere
1793 2250 1996 2320 genuit,
2027 2264 2120 2302 an-

542 2364 754 2422 tequam
781 2359 1084 2420 generaret,
1110 2363 1216 2403 non
1243 2349 1337 2401 fuit
1368 2348 1470 2401 iste
1490 2360 1646 2414 quem
1666 2343 1866 2413 genuit.
1902 2342 1983 2396 Ad
2011 2341 2123 2394 haec

541 2443 970 2512 respondendum
993 2451 1077 2496 est
1107 2460 1118 2492 :
1153 2441 1318 2495 multa
1343 2438 1533 2494 essein
1555 2436 1840 2507 fragilitate
1870 2435 2120 2498 humana,

542 2549 662 2601 qnze
689 2534 767 2588 sic
789 2535 1026 2587 oriantur
1046 2547 1108 2587 ex
1136 2533 1248 2600 ipsa
1271 2531 1303 2584 τι
1319 2530 1573 2600 agilitate,
1598 2538 1656 2581 ut
1680 2527 1839 2580 simul
1868 2526 2123 2594 incipiunt

539 2627 753 2695 genitor
776 2634 830 2681 et
857 2625 1085 2694 genitus.
1118 2625 1249 2678 Nam
1281 2637 1383 2676 vox
1407 2619 1657 2684 hominis
1687 2633 1988 2675 sermonem
2031 2632 2123 2685 pa-

543 2719 634 2786 rit,
685 2727 742 2773 et
792 2734 896 2772 non
926 2728 1008 2772 est
1033 2733 1215 2772 sermo
1257 2715 1360 2770 nisi
1413 2714 1559 2768 vocis
1605 2712 1767 2766 ﬁlius.
1801 2711 1956 2766 Modo
2001 2710 2121 2779 quia

546 2827 726 2866 sermo
758 2812 908 2865 vocis
957 2821 1038 2865 est
1090 2810 1250 2878 ﬁlius,
1294 2824 1360 2862 ex
1409 2823 1473 2862 eo
1524 2806 1698 2860 minor
1742 2803 2001 2858 dicendus
2043 2811 2126 2856 est

547 2920 747 2969 sermo,
772 2905 895 2974 quia
925 2904 1068 2957 vocis
1089 2911 1170 2957 est
1193 2902 1364 2956 ﬁlius?
1389 2901 1498 2955 lloc
1525 2899 1736 2969 penitus
1763 2897 1866 2951 dici
1892 2910 1996 2949 non
2032 2910 2125 2962 po-

550 3005 653 3052 test
680 3012 696 3051 :
727 2995 943 3063 Quare?
966 2995 1094 3061 Quia
1125 3010 1192 3048 ex
1220 3008 1323 3063 quo
1344 3007 1467 3056 vox,
1491 3005 1555 3045 ex
1587 3004 1653 3046 eo
1678 2997 1732 3043 et
1752 3002 1951 3044 sermo.
1977 2985 2132 3040 Adde

548 3092 602 3144 iu
635 3090 752 3158 ipso
800 3101 1050 3143 sermone
1099 3086 1414 3152 efﬁcaciam,
1465 3093 1520 3138 et
1572 3081 1852 3151 complesti
1917 3079 2157 3135 tertiani'

2207 780 2294 834 die
2341 779 2492 842 mihi,
2530 778 2741 838 Ariane,
2797 775 2896 828 ista
2930 775 3027 826 tria
3074 788 3239 826 unum
3292 784 3438 838 sunt,
3470 789 3540 826 an
3572 789 3686 826 non
3708 774 3735 825 ?
3759 775 3807 827 Si

2209 885 2372 924 unum
2395 883 2500 922 non
2517 877 2660 930 sunt,
2683 865 2865 919 divide
2889 878 3075 918 vocem
3103 879 3134 915 a
3163 865 3348 926 verbo,
3374 873 3427 917 et
3447 862 3758 918 efﬁcaciam
3781 881 3806 918 a

2209 975 2340 1015 voce
2367 969 2420 1014 et
2467 958 2652 1012 verbo.
2686 955 2836 1023 Quod
2868 955 2912 1009 si
2967 955 3067 1007 hoc
3113 954 3167 1006 in
3221 952 3394 1023 fragili
3449 955 3680 1008 homine
3739 956 3806 1008 ita

2213 1068 2374 1107 unum
2404 1059 2528 1106 sunt
2577 1051 2674 1104 tria
2711 1059 2760 1111 ο,
2793 1053 2924 1112 vox',
2969 1056 3024 1101 et
3051 1047 3292 1107 verbum,
3340 1054 3395 1100 et
3423 1046 3709 1112 efﬁcacia;
3757 1060 3808 1100 at

2215 1155 2322 1196 tres
2350 1141 2562 1207 quidem
2597 1153 2841 1209 persona:
2871 1137 2999 1200 sint,
3032 1138 3124 1190 sed
3175 1151 3278 1190 una
3327 1137 3666 1191 subsistendi
3720 1155 3807 1206 po-

2217 1233 2380 1287 tentia
2413 1250 2426 1286 :
2461 1237 2514 1285 in
2545 1232 2758 1285 homine
2801 1228 3170 1296 l'ragilissimo,
3207 1236 3262 1280 ut
3303 1227 3559 1294 diximus,
3597 1230 3645 1282 si
3701 1231 3807 1284 lure

2217 1325 2285 1378 sit
2315 1331 2458 1378 tanta
2487 1324 2719 1390 potentis
2745 1339 2758 1386 ;
2792 1332 2992 1389 quanto
3020 1320 3189 1388 magis
3213 1320 3263 1372 in
3295 1321 3692 1388 omnipotentia
3717 1321 3804 1376 Dei

2219 1419 2290 1472 ita
2318 1427 2418 1483 est,
2453 1427 2509 1470 ut
2550 1417 2619 1470 sit
2651 1416 2807 1468 Pater
2849 1414 3191 1482 omnipotens
3229 1414 3442 1482 genitor
3473 1414 3619 1479 Filii,
3657 1424 3715 1468 et
3740 1430 3801 1469 ex

2221 1509 2378 1564 Patre
2404 1516 2459 1562 et
2482 1508 2621 1562 Filio
2652 1505 2949 1574 procedens
2978 1506 3166 1569 virtus,
3197 1508 3286 1573 qui
3319 1513 3404 1559 est
3429 1503 3668 1573 Spiritus
3689 1519 3806 1559 san-

2220 1599 2373 1656 ctus?
2400 1598 2562 1654 Forte
2594 1598 2754 1651 homo
2800 1596 3007 1665 fragilis
3035 1595 3138 1650 hoc
3184 1595 3384 1651 habere
3415 1605 3624 1665 potest,
3671 1595 3804 1650 Dens

2222 1691 2563 1759 omnipotens
2591 1689 2695 1744 hoc
2723 1687 2922 1742 habere
2946 1702 3050 1741 non
3078 1687 3288 1756 potest?

2297 1801 2578 1870 llucusque
2618 1802 2757 1855 ratio
2783 1809 3005 1869 operata
3035 1799 3141 1864 sit;
3191 1813 3333 1853 nunc
3362 1802 3655 1854 auctoritas
3680 1813 3801 1869 ope-

2223 1907 2388 1948 retur.
2415 1895 2704 1962 Apostolus
2736 1893 2931 1946 Paulus
2961 1892 3096 1945 duas
3135 1891 3334 1946 formas
3369 1893 3608 1962 :iquales
3629 1893 3683 1944 in
3716 1892 3804 1945 Pa-

2227 1996 2308 2041 tre
2327 1996 2379 2040 et
2409 1985 2546 2040 Filio
2581 1987 2778 2053 posuit,
2815 1996 2871 2038 ut
2901 1985 3264 2054 arqualitatem
3295 1985 3640 2054 exprimeret.
3681 1984 3803 2038 Dicit

2225 2079 2365 2132 enim
2396 2079 2474 2131 sic
2522 2078 2588 2132 de
2636 2076 2809 2131 Filio:
2843 2075 2940 2139 Qui
2969 2091 3082 2128 cum
3113 2076 3167 2127 in
3210 2077 3374 2143 forma
3405 2074 3501 2128 Dei
3529 2083 3681 2140 esset,
3714 2089 3802 2126 non

2225 2173 2461 2241 rapinam
2492 2171 2767 2223 arbitratus
2788 2179 2864 2220 est
2892 2185 2998 2222 esse
3026 2184 3080 2220 se
3110 2168 3355 2236 aqualem
3387 2166 3514 2231 Deo,
3541 2165 3631 2218 sed
3663 2175 3802 2218 tentet

2225 2265 2394 2332 ipsum
2412 2264 2682 2317 minanivit
2707 2263 2925 2331 formam
2955 2261 3083 2315 servi
3101 2261 3376 2327 suscipiens
3407 2257 3632 2326 (Philip.
3664 2274 3722 2322 ιι,
3754 2260 3798 2319 6,

2230 2355 2306 2422 7).
2341 2353 2499 2408 Vides
2528 2353 2750 2407 formam
2787 2363 2840 2406 et
2867 2351 3224 2422 aequalitatem
3252 2349 3544 2419 apostolica
3575 2347 3801 2402 auctori-

2231 2455 2337 2500 tate
2363 2445 2721 2501 derlaratam?
2743 2445 2845 2500 Sed
2876 2445 3110 2500 occurrit
3133 2444 3364 2497 Arianus
3386 2453 3439 2497 et
3469 2443 3601 2496 dicit
3628 2461 3641 2496 :
3673 2442 3802 2496 Velis

2231 2541 2389 2602 nolis,
2416 2552 2610 2603 negare
2653 2551 2758 2590 non
2788 2535 2987 2603 poteris
3019 2536 3118 2590 hoc
3157 2535 3296 2603 quod
3324 2535 3454 2588 chit
3487 2535 3606 2602 ipse
3635 2534 3799 2587 Domi-

2229 2647 2329 2685 nus
2359 2648 2373 2684 :
2404 2630 2458 2684 P.
2484 2641 2559 2683 ter
2581 2633 2748 2700 major
2773 2646 2851 2682 me
2877 2639 2951 2683 cst
2992 2627 3168 2698 (Joan.
3207 2645 3313 2690 xw,
3337 2627 3452 2699 ‘28).
3487 2629 3565 2681 Ad
3602 2628 3712 2681 lucc
3734 2645 3802 2682 re-

2230 2722 2598 2790 Spondendum
2623 2721 2724 2775 hoc
2746 2720 2885 2788 quod
2908 2719 3039 2774 dixit
3064 2720 3348 2788 Apostolus
3376 2737 3390 2772 :
3422 2719 3555 2773 Cum
3579 2719 3632 2771 in
3654 2720 3804 2787 forma

2234 2811 2330 2866 Dei
2359 2821 2502 2874 esset,
2537 2827 2639 2864 non
2668 2812 2902 2879 rapinam
2933 2810 3202 2864 arbitratus
3234 2823 3303 2864 cst
3351 2827 3459 2864 esse
3495 2827 3549 2864 se
3573 2811 3804 2879 aqualem

2236 2903 2366 2967 Deo,
2407 2905 2495 2956 sed
2520 2911 2673 2957 semet
2699 2904 2866 2973 ipsum
2907 2903 3182 2956 exinanivit
3225 2904 3446 2970 formam
3492 2903 3628 2955 servi
3651 2904 3802 2954 surci-

2233 2999 2396 3069 piens.
2426 2997 2481 3051 ln
2505 2996 2604 3051 hac
2630 2997 2813 3066 utique
2841 2996 3012 3051 forma
3041 2995 3248 3059 servili,
3283 2995 3490 3060 minor;
3537 2996 3686 3051 salva
3732 2997 3806 3052 ilia

2236 3093 2425 3161 forma,
2459 3092 2509 3146 in
2537 3107 2637 3160 qua
2661 3107 2761 3145 non
2805 3092 3041 3160 rapinam
3081 3090 3355 3144 arbitratus
3383 3099 3455 3143 est
3497 3105 3552 3143 se
3574 3090 3808 3161 aequalem

549 3195 855 3251 personam,
905 3194 1024 3250 qua:
1079 3178 1291 3248 penitus
1324 3175 1597 3230 individua
1653 3181 1978 3243 perseverat.
2013 3170 2127 3225 Vox

2241 3188 2367 3242 Deo.
2396 3188 2470 3241 Ac
2501 3203 2595 3256 per
2624 3186 2725 3241 hoc
2747 3187 2825 3241 sic
2848 3186 2957 3252 ﬁet,
2991 3194 3048 3239 ut
3077 3195 3132 3239 et
3155 3193 3330 3240 tecum
3353 3183 3620 3239 minorem
3649 3182 3807 3237 dicam

546 3287 675 3343 ergo
701 3286 938 3342 egressa,
987 3283 1290 3325 sermonem
1320 3267 1518 3338 promit
1548 3264 1600 3330 ι’,
1658 3271 1715 3320 et
1743 3277 1922 3319 sermo
1947 3276 2129 3332 egres-

546 3380 658 3432 sus,
690 3363 984 3420 efﬁcaciam
1013 3362 1202 3434 gignit.
1240 3361 1309 3418 Ut
1361 3369 1512 3431 puta,
1559 3360 1765 3428 iussum
1801 3367 1884 3414 est
1911 3371 2007 3426 per
2037 3371 2130 3409 vo-

547 3472 664 3513 cem
692 3471 706 3513 :
737 3455 828 3511 Ille
873 3455 963 3509 liat
991 3453 1200 3518 consul,
1234 3453 1318 3506 vel
1351 3459 1495 3506 certe
1523 3448 1847 3515 denudetur,
1870 3447 1954 3502 vel
1983 3456 2132 3501 certe

550 3545 920 3608 interﬁciatur,
975 3542 1057 3597 vel
1109 3552 1256 3598 certe
1282 3541 1352 3596 de
1395 3538 1634 3608 periculo
1682 3539 1958 3594 liberetur.
1990 3537 2132 3593 Ecce

549 3651 650 3690 vox
680 3635 886 3702 peperit
915 3631 1159 3696 verbum,
1189 3631 1416 3685 verbum
1461 3637 1638 3683 autem
1670 3643 1776 3682 non
1817 3629 2026 3697 peperit
2053 3627 2133 3682 ef-

551 3723 788 3777 ﬁcaciam
824 3721 960 3779 :sed
989 3734 1054 3773 ex
1101 3723 1218 3788 ipsa
1256 3733 1389 3774 voce
1415 3725 1471 3773 et
1495 3718 1660 3774 verbo
1700 3717 1866 3771 virtus
1894 3731 2131 3786 egressa,

550 3815 778 3870 alterum
809 3813 936 3868 fecit
979 3814 1278 3878 consulem,
1321 3812 1545 3867 alterum
1592 3811 1877 3868 interfecit.
1907 3811 1976 3866 Et
2011 3811 2133 3867 ideo

552 3921 619 3961 ex
652 3905 828 3970 Patre,
863 3903 1066 3970 Filius;
1095 3918 1158 3958 ex
1193 3903 1349 3958 Patre
1391 3911 1447 3959 et
1472 3902 1608 3958 Filio
1637 3903 1879 3973 procedit
1904 3904 2134 3973 Spiritus
2157 3901 2171 3910 ”

554 4007 794 4052 sanctus.
827 3995 958 4061 Nec,
1011 4004 1066 4048 ut
1109 3994 1322 4063 qu'dam
1365 3995 1572 4059 dicunt,
1621 3995 1756 4049 duos
1789 3995 1947 4050 habet
1993 3995 2134 4049 Deus

554 4091 739 4159 Filios,
788 4089 1058 4145 Chrisunn
1115 4100 1167 4144 et
1197 4089 1452 4158 Spiritum
1497 4096 1742 4144 sanctum
1776 4105 1792 4144 :
1827 4090 1921 4144 sed
1974 4088 2136 4143 habet

553 4183 745 4239 Filium
775 4181 1116 4241 invisibilem.
1160 4182 1298 4235 sicut
1327 4181 1440 4250 ipse
1469 4180 1750 4235 invisibilis
1800 4187 1914 4245 est;
1961 4181 2052 4250 qui
2081 4190 2133 4234 ut

552 4287 693 4330 esset
721 4275 948 4329 visibilis
971 4315 984 4339 ,
1017 4289 1212 4342 corpus
1245 4283 1440 4328 nostrae
1469 4273 1773 4342 fragilitatis
1805 4273 2093 4341 assumpsit
2120 4289 2132 4324 :

552 4385 656 4423 non
688 4379 744 4422 ut
775 4367 1055 4423 invisibilis
1077 4382 1195 4422 esse
1226 4377 1480 4433 cessaret,
1506 4368 1600 4422 sed
1632 4375 1689 4421 ul
1711 4367 1763 4421 in
1788 4366 1902 4437 ipso
1922 4366 2138 4420 Christo

555 4463 836 4517 invisibilis
884 4462 1170 4517 incredulis
1228 4471 1584 4530 permaneret.
1619 4459 1752 4515 Nam
1808 4475 1930 4515 cum
1963 4459 2132 4515 dicit:

2236 3279 2429 3333 factum
2469 3279 2520 3332 iu
2551 3278 2920 3346 assumptione
2941 3275 3177 3331 hominis
3202 3277 3406 3339 Deum;
3437 3283 3495 3330 et
3527 3285 3582 3327 tu
3613 3287 3809 3328 mecum

2235 3387 2340 3426 non
2373 3386 2552 3442 neges,
2584 3371 2729 3426 salva
2762 3370 2853 3423 illa
2885 3369 3078 3437 forma,
3111 3369 3164 3423 in
3195 3384 3298 3440 qua
3334 3367 3561 3438 aequalis
3582 3366 3696 3422 Deo
3719 3367 3808 3420 Pa-

2237 3461 2303 3516 tri
2327 3476 2540 3516 cessare
2565 3476 2670 3514 non
2698 3461 2886 3528 potuit.

2304 3553 2493 3609 Restat
2515 3562 2574 3608 ut
2602 3553 2702 3607 hoc
2729 3562 3000 3621 quaeratur
3028 3566 3096 3606 ao
3127 3552 3406 3618 narretico,
3437 3566 3564 3606 cum
3593 3550 3805 3606 fortnam

2234 3644 2376 3699 servi
2407 3643 2732 3712 suscepisset
2761 3643 2948 3709 Filius,
2987 3651 3042 3698 et
3079 3644 3317 3698 venisset
3361 3644 3415 3698 in
3457 3643 3740 3708 mundum,
3766 3642 3805 3694 si

2234 3735 2472 3790 deseruit
2501 3734 2738 3788 Patrem.
2768 3734 2850 3788 Ad
2875 3733 2975 3790 hoc
3003 3734 3436 3804 respondendum
3462 3744 3547 3790 est
3574 3753 3587 3787 :
3624 3735 3679 3790 Si
3703 3748 3807 3788 ver-

2235 3826 2362 3880 bum
2393 3824 2533 3895 quod
2569 3823 2760 3884 exierit
2790 3824 2858 3884 de
2898 3839 2994 3880 ore
3029 3839 3150 3879 meo
3176 3835 3230 3880 et
3261 3823 3531 3879 introierit
3557 3822 3614 3878 in
3640 3836 3814 3877 aurem

2237 3928 2402 3983 tuam,
2432 3926 2484 3971 et
2513 3931 2607 3986 per
2635 3932 2819 3971 aurem
2849 3927 2991 3971 tuam
3021 3917 3074 3971 in
3109 3918 3274 3972 corde
3320 3927 3412 3972 tuo
3455 3920 3684 3985 ceperit
3710 3930 3809 3969 ma-

2238 4024 2403 4073 nere;
2451 4007 2536 4062 die
2564 4007 2717 4073 mihi,
2750 4008 2988 4078 nunquid
3017 4009 3138 4078 quia
3174 4009 3225 4062 in
3255 4017 3347 4063 tuo
3379 4019 3599 4076 pectore
3622 4019 3806 4068 manet,

2233 4100 2342 4170 jam
2373 4103 2424 4154 in
2454 4115 2575 4155 meo
2606 4111 2823 4170 pectore
2849 4096 2955 4155 'non
2986 4102 3103 4157 est?
3147 4103 3200 4157 Si
3223 4117 3350 4172 ergo
3381 4103 3522 4157 inter
3547 4117 3733 4157 sensus
3758 4100 3805 4165 δ,

2238 4206 2334 4260 per
2363 4206 2538 4244 meum
2571 4205 2632 4245 os
2661 4207 2930 4260 egressus,
2968 4191 3020 4245 in
3067 4200 3212 4246 tuam
3244 4202 3480 4247 mentem
3519 4193 3803 4262 ingressus,

2241 4299 2414 4338 meam
2463 4300 2568 4338 non
2601 4282 2802 4338 deserit
2830 4286 3095 4349 animam;
3125 4293 3323 4353 quanto
3365 4283 3534 4353 magis
3565 4299 3629 4337 ex
3665 4283 3807 4336 Patre

2241 4375 2350 4430 Deo
2376 4390 2622 4444 egressus
2651 4374 2872 4438 Sermo,
2901 4375 3078 4429 Patris
3106 4382 3291 4443 pectus
3314 4375 3569 4428 deserere
3600 4389 3701 4428 non
3724 4388 3809 4443 po-

2239 4466 2373 4532 tuit;
2399 4482 2519 4520 nam
2560 4465 2672 4536 ipse
2706 4465 2866 4520 Filius
2891 4465 3018 4521 dicit
3041 4480 3055 4517 :
3090 4465 3203 4535 Ego
3230 4481 3293 4519 ex
3319 4467 3475 4518 corde
3499 4465 3674 4518 Patris
3700 4481 3806 4535 pro-

556 4553 698 4608 Beati
727 4556 860 4608 oculi
897 4556 982 4624 qui
1021 4557 1189 4608 vident
1219 4571 1331 4622 qua:
1361 4556 1536 4609 videtis
1569 4552 1719 4623 (Luc.
1752 4569 1807 4618 ιι,
1837 4553 1928 4621 25)
1962 4569 1975 4603 :
2007 4567 2134 4620 ergo
2165 4563 2218 4620 1)
2241 4558 2313 4610 dii
2339 4555 2534 4626 (Eccli.
2569 4573 2713 4620 xxrv,
2755 4557 2848 4627 25)
2880 4575 2891 4609 :
2925 4557 2988 4610 Et
3021 4557 3176 4610 Pater
3220 4557 3349 4619 dicit
3377 4575 3389 4609 :
3428 4556 3697 4610 Eructauit
3737 4572 3811 4609 cor

558 4647 695 4699 beati
747 4655 900 4699 erant
944 4647 1107 4700 .ludrei
1149 4663 1353 4713 omnes,
1388 4655 1440 4700 et
1469 4647 1522 4700 hi
1564 4647 1652 4714 qui
1685 4660 1806 4698 eum
1847 4641 2131 4697 crucilixe-

556 4748 700 4804 runt,
733 4739 800 4792 de
829 4739 1020 4808 quibus
1068 4755 1160 4807 per
1191 4739 1356 4793 David
1387 4739 1513 4792 dicit
1544 4754 1557 4790 :
1596 4736 1706 4804 Ipsi
1756 4750 1870 4788 vero
1902 4735 2134 4788 conside-

557 4841 792 4884 rat-erunt
837 4839 882 4884 et
915 4841 1279 4900 conspexerunt
1326 4848 1404 4884 me
1456 4829 1627 4900 (Psal.
1681 4842 1788 4892 ut,
1825 4827 1936 4894 l8).
1969 4826 2133 4881 Vides

553 4937 681 4989 ergo
722 4922 842 4991 quia
887 4922 1168 4976 invisibilis
1212 4929 1538 4992 perseverat,
1591 4929 1644 4971 et
1671 4925 1850 4972 mente
1894 4919 2135 4973 cernitur

553 5030 682 5081 pura
727 5024 782 5069 et
813 5014 1049 5069 credula.
1079 5016 1218 5083 Ergo
1254 5016 1295 5067 si
1325 5010 1607 5067 invisibilis
1637 5010 1817 5079 Pater,
1849 5011 2134 5068 invisibilis

554 5107 737 5172 Fiiins,
770 5107 1048 5162 invisibilis
1076 5107 1304 5175 Spiritus
1330 5113 1564 5158 sanctus.

625 5204 687 5256 lit
736 5211 792 5257 ut
821 5203 888 5256 ad
918 5203 1018 5255 hoc
1041 5214 1287 5254 revocem
1317 5198 1456 5251 unde
1499 5200 1693 5274 factum
1723 5209 1822 5262 e5t,
1853 5209 1910 5254 ιιι
1937 5200 2038 5256 hoc
2068 5200 2137 5256 de

551 5295 723 5366 fragili
777 5295 995 5350 homine
1049 5293 1381 5346 doceamus:
1413 5289 1536 5345 Tria
1583 5292 1698 5349 haec
1756 5294 2040 5351 invisibilia
2081 5305 2136 5351 et

624 5465 648 5492 ι
702 5453 863 5508 Forte
899 5446 1110 5504 melius,
1162 5443 1507 5512 blasphemum
1552 5452 1623 5496 est
1664 5461 1681 5498 :
1717 5458 1874 5513 quam
1921 5445 2135 5498 restitu-

555 5527 751 5580 tionem
808 5519 1042 5575 insinuat
1101 5520 1349 5585 ‘sequeus
1419 5517 1644 5570 alterum
1699 5517 2034 5582 membrum,
2088 5525 2134 5571 et

552 5595 756 5660 blatplt.

627 5657 841 5720 b'Foﬂe
868 5657 1022 5724 parit,
1052 5665 1111 5711 ιιι
1133 5657 1287 5726 paulo
1318 5664 1460 5711 ante.

632 5750 652 5774 ι-
691 5735 837 5789 Alias
865 5729 944 5782 sic
972 5728 1160 5809 legitur
1193 5729 1245 5781 in
1271 5730 1455 5783 codice
1483 5727 1786 5782 Trevirensi
1818 5745 1830 5786 :
1870 5729 1950 5809 lto
1977 5746 2136 5782 unum

559 5818 676 5864 sunt
701 5806 819 5870 tria,
855 5808 908 5854 ut
941 5814 1054 5854 vere
1080 5801 1176 5852 tria
1211 5809 1327 5854 sunt
1355 5817 1465 5856 vere
1495 5816 1687 5867 unum;
1714 5816 1825 5857 vero
1855 5801 1985 5857 enim
2011 5803 2130 5870 tria,

2243 4667 2408 4703 meum
2439 4649 2642 4701 verbum
2673 4648 2856 4701 bonum
2889 4649 3058 4718 (Psal.
3088 4664 3230 4713 xuv,
3254 4647 3309 4717 Ξ)
3338 4666 3350 4702 :
3381 4649 3510 4701 Item
3569 4647 3813 4715 objiciunt

2244 4741 2458 4795 aliunde
2490 4757 2503 4792 :
2538 4739 2676 4793 Alibi
2707 4739 2820 4804 ivit,
2855 4740 2903 4792 id
2957 4748 3059 4803 est,
3092 4740 3159 4792 de
3190 4741 3328 4793 t'relo
3369 4739 3435 4793 ad
3471 4750 3668 4793 terram
3701 4753 3813 4793 vere

2244 4834 2390 4885 venit
2419 4848 2429 4882 :
2457 4831 2726 4899 quomodo
2776 4832 2946 4899 potuit
2993 4831 3128 4896 ﬁeri,
3174 4843 3230 4884 ut
3261 4832 3328 4886 de
3364 4831 3486 4885 sinu
3520 4832 3692 4885 Patris
3722 4846 3814 4884 non

2246 4921 2555 4977 recederet?
2597 4921 2676 4974 Ad
2710 4921 2810 4975 hoc
2852 4921 3045 4976 dicitur
3089 4921 3241 4992 (Gen.
3278 4937 3337 4987 ιι,
3372 4922 3459 4990 l0)
3491 4940 3503 4973 :
3537 4923 3814 4976 Considera

2246 5023 2476 5083 quatuor
2509 5012 2726 5067 flumina
2770 5012 2837 5068 de
2870 5028 2979 5066 uno
3013 5013 3132 5067 sinu
3172 5014 3406 5082 paradisi
3451 5013 3658 5083 egredi.
3691 5013 3818 5067 Fons

2246 5121 2390 5175 ergo,
2417 5105 2590 5170 Pater,
2609 5113 2689 5159 est
2707 5112 2930 5172 quatuor
2948 5105 3223 5158 fluminum
3249 5123 3259 5156 :
3280 5116 3333 5159 et
3354 5120 3475 5160 cum
3491 5105 3812 5158 circumeant

2243 5213 2455 5252 omnem
2479 5207 2694 5261 terram,
2725 5204 2899 5249 tamen
2918 5196 2984 5249 de
3011 5197 3128 5250 sinu
3149 5197 3319 5251 Patris
3347 5198 3449 5263 sui,
3486 5199 3540 5251 id
3563 5211 3642 5251 est
3673 5191 3820 5249 ﬁnitis

2246 5291 2386 5347 illius
2407 5294 2594 5362 quiest
2616 5292 2667 5346 in
2703 5291 2970 5360 paradiso,
3008 5307 3111 5345 non
3146 5291 3423 5347 recedunt.
3449 5295 3549 5346 Aut
3576 5295 3619 5347 si
3655 5301 3772 5362 pote
3803 5329 3818 5356 ,

2243 5459 2382 5516 rora,
2409 5444 2610 5516 uerbum
2639 5451 2687 5495 et
2724 5444 2946 5516 eﬂicacia
2969 5459 2988 5498 :
3011 5452 3111 5498 tres
3150 5459 3273 5516 ergo
3324 5461 3577 5516 personat,
3610 5447 3698 5502 sed
3732 5464 3818 5500 una

2243 5515 2552 5568 subsistendi
2577 5515 2822 5580 potentia.

2316 5585 2343 5621 εί
2377 5586 2454 5638 lix
2481 5585 2922 5656 antecedentibus
2968 5597 3021 5640 et
3069 5585 3531 5656 consequentibus
3573 5587 3709 5642 forte
3753 5587 3817 5641 le-

2244 5656 2472 5723 gendum
2508 5673 2521 5708 :
2557 5655 2617 5711 Si
2647 5671 2764 5726 ergo
2795 5672 3010 5713 meum
3041 5671 3214 5712 sentio
3255 5655 3344 5728 per
3376 5673 3549 5713 meum
3587 5673 3640 5714 os
3667 5669 3817 5730 egres-

2245 5745 2347 5795 sus,
2375 5735 2479 5782 ctc.
