4004 6354
163 337 272 392 585

856 333 911 389 s.
958 329 1328 388 sensuum
1370 329 1840 386 AllliLATENSIS
1885 298 2154 385 nucum
2197 294 2285 384 Al)
2336 326 2717 385 MONACIIOS.

3315 321 3419 378 583

163 425 495 482 divideinter
517 423 717 479 fontem
737 429 791 477 et
820 421 1058 475 (luvium;
1089 421 1239 488 Quod
1256 421 1299 474 si
1327 421 1426 474 hoc
1444 419 1738 474 facerenon
1778 428 1818 480 Λ
1851 421 2135 475 cruciﬁxus
2165 422 2234 474 sit
2267 422 2424 475 Deus.
2459 421 2533 474 Ad
2590 422 2702 473 haec
2727 398 2913 471 all‘rres
2953 399 3132 485 ipsum
3189 417 3416 486 priorem

164 531 340 590 potes,
370 531 523 572 cessa
549 517 786 571 dividere
816 515 1007 570 Filium
1047 531 1075 568 a
1108 515 1281 580 Patre,
1315 513 1582 582 quomodo
1604 513 1744 582 quod

162 625 274 694 non
302 619 450 678 potes
471 608 537 662 de
585 623 735 677 aqua:
764 607 1033 662 elemento
1060 606 1162 658 ulla
1193 619 1412 673 prorsus
1439 605 1614 658 facere
1655 619 1745 657 ra-

165 702 335 767 tione.
369 700 494 753 Item
543 699 610 753 de
661 699 1008 766 passibilitate
1050 707 1168 768 περὶ
1210 707 1382 751 tecum
1440 697 1741 761 harreticus,

169 799 358 852 Utrum
396 796 535 851 Deus
581 795 650 860 ibi
684 795 780 848 fuit
812 793 1024 864 quando
1053 807 1240 861 passus
1263 801 1345 846 cst
1377 791 1650 845 Dominus.
1686 790 1744 844 Si

164 887 390 952 dixeris,
419 885 575 939 simul
607 899 793 954 passus
841 893 922 938 cst
963 884 1104 936 Deus
1135 881 1415 945 indivisus,
1477 881 1742 949 Patripas-

171 982 385 1036 sionem
417 979 669 1034 incurris.
713 977 768 1033 Si
816 990 977 1046 negas
1015 975 1173 1028 simul
1206 974 1279 1028 ibi
1309 973 1472 1026 fuisse
1502 971 1749 1026 divinita-

170 1083 304 1138 tem,
331 1072 574 1125 haeresim
603 1069 753 1124 facis.
779 1069 908 1123 Cum
937 1083 1064 1137 ergo
1087 1082 1190 1119 non
1221 1080 1382 1134 negas
1403 1065 1474 1119 ibi
1507 1065 1560 1117 in
1587 1078 1746 1118 cruce

169 1163 338 1215 fuisse
371 1161 528 1214 Deum
569 1159 725 1214 simul
765 1159 816 1212 in
847 1157 1050 1212 Christo
1101 1157 1342 1209 mundum
1392 1154 1748 1208 conciliante":

173 1250 268 1322 (II
298 1251 418 1306 Cor.
452 1267 504 1317 v,
547 1252 666 1318 19),
700 1249 1040 1318 compelleris
1083 1247 1294 1312 docere,
1326 1255 1502 1299 utrum
1532 1243 1689 1298 simul
1722 1251 1748 1278 ἰ

248 1375 277 1403 ⁸
315 1367 477 1428 Alias,
502 1366 669 1419 dicere
698 1365 834 1434 quod
856 1365 1032 1419 simul.

1851 511 2071 564 verbera
2105 513 2427 580 suscepisse,
2470 511 2563 565 sed
2610 508 2986 576 impassibiletn
3036 509 3412 575 permansisse.

1849 603 1980 656 Nam
2027 602 2278 670 splendor
2321 603 2450 656 solis
2503 603 2557 654 in
2598 602 2787 655 arbore
2817 613 3058 661 manens,
3087 612 3152 651 eo
3183 606 3418 663 tempore

1849 709 1956 763 quo
1976 693 2136 746 arbor
2166 693 2435 758 inciditur,
2471 693 2698 761 priorem
2735 689 2938 744 securis
2968 689 3131 743 ictum
3175 687 3369 756 accipit
3401 705 3412 737 :

1849 787 1942 838 scd
1967 785 2304 852 impassibilis
2337 799 2673 852 permanens,
2709 786 2914 852 integer
2945 788 3287 851 perseverat;
3329 793 3417 837 ar-

1847 875 1947 930 bor
1974 889 2101 928 vero
2129 874 2396 928 inciditur.
2421 875 2474 927 Si
2498 890 2624 944 ergo
2648 883 2891 929 creatura
2919 872 3136 926 luminis
3161 873 3297 924 hanc
3325 870 3418 924 ub-

1853 969 1982 1019 tinet
2029 966 2300 1028 virtutem,
2332 974 2391 1018 ut
2416 979 2536 1019 cum
2583 968 2650 1020 sit
2680 967 2734 1019 in
2787 966 2928 1033 ligno
2959 964 3232 1018 verberata
3266 963 3422 1016 simul

1853 1072 1972 1111 cum
2007 1057 2168 1126 ligno,
2205 1057 2401 1123 lignum
2453 1058 2686 1125 passioni
2739 1057 3103 1126 derelinquat;
3151 1057 3264 1123 ipsa
3294 1069 3420 1108 vero

1853 1149 2044 1205 evadat
2086 1146 2330 1216 iniuriam
2360 1164 2372 1198 :
2404 1157 2604 1216 quanto
2654 1147 2821 1216 magis
2868 1149 2981 1215 ipse
3021 1157 3227 1200 creator
3257 1146 3428 1198 enmi-

1860 1250 2050 1309 potens
2071 1254 2215 1304 ,vera
2236 1238 2347 1304 lux,
2362 1238 2708 1307 impassibilis
2727 1238 3085 1306 perseverabit
3104 1238 3155 1290 in
3175 1235 3427 1306 Christo?

185 1436 3414 1478 Μ.

2452 1476 3046 1485 ..κ’-.-α--ηση-

185 1475 1625 1498 W"
344 1540 1516 1724 sumus
1634 1475 3425 1690 “Formiana?

962 1795 1853 1908 ARELATENSIS
1930 1794 2666 1898 EPISCOPUS.
3151 1784 3154 1788 ’

1073 2057 1173 2118 DE
1215 2054 1280 2117 S.
1330 2051 1794 2117 AURELIANO
1835 2046 2179 2119 EJUSQUE
2221 2043 2544 2106 REGULA

1383 2171 1768 2236 VETERUM
1811 2169 2298 2231 TESTIMONIA
2313 2212 2326 2226 .

257 2322 318 2378 S.
353 2320 641 2390 Gregorius
669 2318 739 2372 Μ.
771 2317 863 2371 lib.
886 2331 977 2380 vn,
1001 2313 1159 2383 epist.
1189 2313 1316 2367 H7.
1345 2311 1459 2366 Ind.
1479 2310 1535 2376 2,
1561 2310 1627 2364 ad
1662 2309 1748 2364 Vi-
1797 2312 1841 2371 Β
1870 2322 1952 2362 na:
1971 2307 2105 2361 sedis
2124 2305 2350 2358 antistite
2372 2304 2440 2357 ad
2479 2302 2897 2374 prcedecesscrem
2925 2312 3139 2359 vestrum
3177 2305 3438 2362 Aurelium

189 2409 378 2480 gilium
400 2407 604 2464 Arelat.
633 2406 941 2476 episcopum
967 2422 980 2458 :
1012 2401 1264 2457 Gloriosa:
1284 2400 1537 2455 memoria:
1559 2397 1764 2454 Childe—

185 2506 356 2560 bertus
384 2502 706 2557 Francorum
735 2515 824 2553 rea:
855 2497 1120 2552 catholica:
1145 2494 1410 2566 religionis
1449 2509 1624 2546 amore
1643 2508 1764 2545 suc-

183 2611 365 2650 census
401 2596 536 2648 intra
579 2607 750 2646 muros
791 2590 1100 2644 Arelatensis
1139 2587 1356 2642 civitatis
1395 2585 1766 2638 monasterium

187 2688 436 2751 uirorum,
465 2694 518 2739 ut
549 2684 736 2751 scripto
761 2681 1059 2750 reperimus,
1085 2695 1176 2748 pro
1205 2694 1302 2731 sua
1325 2675 1554 2730 mercede
1579 2675 1768 2728 consti-

187 2790 365 2843 tuens,
409 2777 642 2849 qucedam
671 2775 858 2828 ibidem
899 2788 990 2843 pro
1035 2769 1373 2824 habitantium
1401 2767 1767 2821 sustentatioue

189 2869 458 2923 concessit.
482 2867 639 2937 Cujus
670 2880 730 2918 ne
757 2862 991 2916 voluntas
1017 2869 1243 2930 unquam
1273 2858 1542 2911 duceretur
1570 2855 1621 2908 in
1652 2854 1770 2907 irri-

190 2969 318 3027 tum,
339 2968 385 3013 et
401 2976 461 3013 ea
476 2974 588 3029 qute
603 2973 696 3028 pro
711 2957 875 3026 quiete
897 2952 1261 3008 monachorum
1274 2950 1519 3018 disposita
1541 2948 1767 3017 fuerunt,

191 3057 549 3118 turbarentur;
577 3067 788 3122 quaeque
815 3049 1034 3103 contulit
1071 3048 1125 3101 in
1147 3049 1268 3117 jure
1297 3044 1528 3114 ejusdem
1569 3056 1769 3094 monas-

193 3150 328 3216 terii,
356 3148 582 3220 epistolis
605 3147 714 3200 suis
742 3143 1023 3214 apostolica
1047 3141 1190 3208 petiit
1211 3138 1516 3190 auctoritate
1546 3133 1766 3200 firmari.

195 3240 348 3296 Unde
371 3239 492 3309 quia
521 3237 754 3304 effectum
777 3243 825 3287 et
851 3231 994 3300 regia
1023 3228 1259 3282 voluntas
1285 3236 1331 3279 et
1352 3240 1430 3277 res
1461 3221 1606 3276 valde
1635 3220 1770 3273 desi-

192 3332 376 3386 derata
404 3328 665 3398 poscebat,
695 3343 727 3380 α
754 3323 1118 3394 praedecessore
1146 3328 1317 3371 nostro
1355 3314 1542 3384 Vigt'lio
1575 3311 1768 3364 Roma-

1871 2399 1890 2469 (
1914 2398 2019 2467 leg.
2051 2395 2423 2464 Aurelianum)
2446 2396 2636 2464 scripta
2660 2397 2958 2449 transmissa
2981 2405 3121 2449 sunt.

1942 2487 2205 2556 Egbertus
2247 2485 2680 2554 archiepiscopus
2716 2485 3068 2539 Eboracensis
3106 2485 3160 2540 in
3197 2497 3420 2557 exeerpt

1870 2578 1937 2633 de
1983 2578 2111 2632 .Iure
2149 2575 2400 2641 Sacerd.,
2437 2591 2552 2644 cap.
2596 2575 2699 2641 69,
2737 2576 2788 2628 in
2827 2575 3018 2630 concil.
3061 2574 3302 2630 Britan.:
3338 2578 3436 2630 Au-

1871 2669 2099 2723 relianus
2146 2668 2412 2737 episcopus
2457 2666 2580 2719 dicit
2619 2681 2637 2719 :
2684 2664 2885 2721 Carnes
2930 2665 2982 2719 in
3029 2664 3146 2719 cibo
3197 2667 3442 2722 monachi

1874 2775 2142 2831 nunquam
2173 2767 2420 2815 sumant:
2446 2759 2569 2828 pulli
2595 2771 2742 2824 vero,
2772 2767 2902 2822 etc.,
2930 2767 2986 2810 ut
3016 2774 3130 2826 cap.
3157 2757 3246 2811 5|.

1943 2853 2001 2908 S.
2033 2851 2352 2908 Benedictus
2386 2851 2604 2904 Anianae
2640 2849 2804 2903 abbas
2853 2851 2904 2902 in
2935 2846 3230 2903 Concordia
3267 2848 3412 2919 Begu

1873 2944 2041 2999 larum
2073 2957 2190 3012 cap.
2222 2943 2276 3008 6,
2308 2943 2362 3009 7,
2392 2941 2483 3005 22,
2522 2940 2610 3003 3t,
2643 2939 2734 3008 42,
2765 2956 2827 2995 ea:
2864 2939 3063 3012 Regula
3091 2941 3254 2995 sancti
3279 2943 3444 2998 Aure—

1872 3035 1998 3088 liani
2025 3033 2252 3103 episc0pi
2280 3032 2346 3086 ad
2377 3029 2666 3084 Monachus
2696 3030 2998 3084 testimonia
3027 3030 3263 3084 adducit.

1943 3124 2262 3192 Smaragdus
2282 3136 2491 3190 quoque
2514 3121 2562 3173 in
2588 3121 2932 3187 Expositione
2955 3121 3170 3190 Regulae
3192 3122 3248 3176 S.
3273 3121 3444 3179 Bene-

1875 3215 2002 3270 dicti
2031 3213 2266 3279 ejusdem
2290 3210 2605 3264 auctoritate
2621 3219 2671 3262 et
2692 3211 3011 3263 testimoniis
3041 3215 3234 3265 utitur:
3265 3227 3446 3280 quam-

1872 3309 1953 3363 vis
1975 3306 2086 3361 Iere
2105 3318 2317 3372 semper
2338 3301 2612 3356 Aurelium
2635 3315 2738 3354 non
2763 3301 3105 3356 Aurelianum
3128 3311 3298 3357 vocet.

195 3413 3430 3459 ______________________——————-—————————

963 3469 1396 3552 OBSERVATIO
1433 3490 1707 3547 CRITICA
1747 3489 1810 3543 IN
1851 3485 2180 3542 REGULAM
2218 3483 2662 3552 SEQUENTEM.

179 3650 182 3652 -
264 3615 710 3687 Quemadmodum
753 3611 815 3667 S.
849 3607 1102 3664 Caesarius
1135 3606 1264 3659 duas
1303 3601 1528 3673 Regulos
1569 3613 1772 3670 compo-
1803 3601 1846 3662 C
1878 3595 2164 3665 exemplum
2209 3593 2537 3659 exetnptionis
2563 3610 2594 3647 a
2621 3594 2743 3660 jure
2765 3592 3042 3661 episcopali
3075 3591 3344 3658 habemus,
3382 3593 3444 3646 ab

193 3712 314 3777 suit,
340 3710 414 3764 sic
434 3707 584 3761 etiam
610 3714 656 3759 et
681 3703 741 3760 S.
772 3702 1106 3765 Aurelianus,
1130 3698 1303 3750 itidem
1326 3693 1636 3749 Arelatensis
1661 3692 1770 3760 epi-

193 3816 408 3871 scopus,
453 3812 558 3860 non
610 3793 871 3864 proximus
924 3789 988 3844 S.
1045 3785 1255 3842 Caesarii
1301 3787 1587 3846 successor,
1643 3782 1774 3834 inter

194 3903 463 3962 utrumque
486 3889 618 3943 enim
639 3885 772 3939 hanc
792 3884 957 3939 sedem
978 3877 1458 3950 archiepiscopalem
1479 3891 1567 3948 per
1582 3889 1771 3946 paucos

195 3999 359 4039 annos
386 3978 679 4053 gubernavit
710 3976 1000 4030 Auxanius.
1022 3971 1140 4025 Duo
1163 3963 1470 4024 monasteria
1494 3967 1766 4030 ordinavit,

195 4090 357 4128 unum
403 4088 494 4143 pro
534 4071 685 4135 viris,
727 4069 941 4120 alterum
992 4079 1083 4130 pro
1125 4061 1284 4114 sacris
1327 4058 1625 4130 virginibus,
1680 4073 1770 4124 pro

193 4166 374 4232 quibus
411 4169 458 4216 et
495 4163 636 4215 binas
680 4155 905 4226 Regulos
935 4151 1184 4206 condidit.
1219 4147 1333 4202 Iloc
1362 4157 1527 4202 autem
1557 4147 1775 4199 virorum

192 4255 476 4310 coenobium
503 4249 852 4307 Childebertus
899 4243 1224 4299 Francorum
1264 4257 1356 4294 rea:
1385 4241 1639 4303 condidit,
1679 4240 1774 4290 do-

194 4348 378 4418 nisque
423 4345 577 4414 regiis
623 4339 977 4408 locupletavit;
1020 4332 1443 4402 quemadmodum
1475 4339 1518 4382 et
1557 4328 1775 4396 Vigilius

194 4415 335 4507 papa
347 4435 402 4489 in
423 4449 566 4488 suam
584 4426 858 4498 specialem‘
877 4424 1236 4494 protectionem
1262 4419 1502 4488 suscepit.
1533 4416 1620 4472 Sic
1643 4415 1776 4468 enim

192 4505 410 4581 testatur
450 4522 511 4577 S.
559 4517 830 4587 Gregorius
872 4512 952 4568 Μ.
979 4527 1136 4580 supra
1163 4511 1386 4575 citatus,
1432 4507 1517 4560 ubi
1555 4505 1777 4559 vividum

657 4610 888 4619 σσ--υι-Α..

1881 3689 1990 3758 ipso
2019 3688 2254 3757 episcOpo
2281 3686 2545 3739 ordinario
2570 3685 2869 3754 impetratw.
2906 3682 3055 3736 Hanc
3080 3684 3234 3752 igitur
3265 3699 3444 3736 mona-

1882 3781 2091 3833 chorum
2122 3777 2368 3848 Regulam
2395 3777 2599 3846 scripsit
2623 3775 2685 3831 S.
2704 3775 3008 3830 Aurelianus
3031 3775 3315 3829 immediate
3338 3787 3449 3844 post

1879 3872 2116 3943 adeptum
2142 3876 2482 3942 episcOpatum
2500 3911 2516 3935 ,
2543 3870 2682 3923 circa
2709 3869 2949 3922 nimirum
2979 3885 3168 3922 annum
3189 3867 3326 3933 545;
3356 3869 3448 3921 sub

1882 3966 2028 4019 initio
2066 3967 2202 4020 enim
2228 3964 2382 4036 hujus
2412 3965 2535 4018 anni
2562 3969 2760 4016 creatus
2788 3971 2860 4016 est
2888 3962 3296 4031 archiepiscopus
3325 3963 3449 4014 Are-

1881 4057 2085 4110 latensis
2120 4057 2503 4123 obiitque-anno
2542 4052 2666 4109 545.
2700 4051 2869 4106 Habet
2896 4053 3095 4121 quidem
3117 4053 3230 4123 ipsa
3254 4051 3452 4124 Regula

1879 4163 2130 4228 magnam!r
2155 4147 2514 4199 connexionern
2555 4159 2666 4198 cum
2704 4142 2764 4196 S.
2805 4143 3012 4197 Cwsarii
3053 4142 3295 4212 Regula:
3332 4158 3450 4195 nam

1881 4237 2005 4289 ordo
2052 4236 2211 4288 divini
2261 4235 2425 4304 Uﬁicii
2484 4239 2587 4303 fere
2621 4234 2754 4285 idem
2789 4242 2862 4284 est
2906 4232 2958 4283 in
3000 4240 3246 4299 utraque;
3293 4232 3452 4298 fusior

1883 4338 2052 4379 tamen
2083 4335 2160 4377 est
2189 4326 2373 4386 altera,
2405 4325 2737 4391 complectens
2768 4323 2836 4376 55
2861 4321 3057 4386 capita,
3101 4330 3278 4386 prazter
3317 4335 3450 4389 prte-

1881 4416 2128 4483 scriptum
2151 4414 2404 4482 psallendi
2426 4413 2654 4477 modum,
2681 4421 2828 4478 atque
2848 4409 3205 4478 particularem
3231 4408 3451 4461 ciborum

1884 4516 1932 4558 et
1963 4512 2112 4574 potus
2133 4503 2360 4556 ordinem
2391 4503 2442 4554 in
2473 4499 2739 4569 refectorio
2763 4499 3144 4552 observandum.

1461 4703 1545 4778 s.
1609 4696 2226 4796 AUBELIANI

925 4889 989 4945 (δ
1053 4870 1572 4984 REGULA
1645 4806 1812 4974 lto
1889 4857 2624 4972 MONACHOS.

1623 5119 2036 5176 ΡΒοοΕΜιυΜ.

278 5274 482 5333 Sanctis
508 5280 552 5326 et
573 5269 774 5325 Christo
794 5260 1092 5320 venerandis
1121 5254 1427 5326 fratribusin
1449 5253 1778 5318 monasterio,
1811 5259 1861 5316 1)
1888 5251 2046 5308 simul
2094 5249 2178 5303 vel
2232 5246 2450 5317 spretis,
2480 5243 2752 5315 eligeretis
2783 5238 3134 5296 sanctissima:
3164 5233 3285 5290 vita:
3318 5232 3454 5288 nito-

210 5367 338 5435 quod
360 5365 466 5418 Deo
493 5363 764 5416 miserante
784 5373 844 5411 ac
847 5354 1056 5428 jubente
1074 5365 1192 5421 rege
1207 5345 1530 5403 Childeberto
1545 5343 1778 5414 fecimus,

217 5457 519 5521 constitutis,
551 5453 855 5508 Aurelianus
887 5449 1173 5518 episcopus.

287 5549 416 5616 Quia
443 5548 554 5601 Deo
583 5545 896 5613 inspirante,
931 5538 1019 5607 qui
1074 5549 1170 5590 nos
1225 5530 1485 5602 praevenit
1528 5525 1781 5582 inell‘abili

226 5637 583 5695 misericordia
613 5650 730 5700 sua,
761 5634 933 5688 visum
957 5629 1110 5683 nobis
1138 5633 1242 5688 est,
1276 5633 1334 5677 ut
1364 5620 1652 5689 repudiatis
1679 5632 1782 5671 sse-

231 5733 330 5788 culi
352 5729 706 5800 voluptatibus
737 5741 798 5782 ac
825 5719 1204 5792 temporalibus
1223 5715 1431 5787 gaudiis
1459 5709 1785 5782 contemptis

1893 5357 2028 5403 rem,
2050 5351 2102 5395 et
2126 5337 2445 5409 virginitatis
2474 5349 2536 5390 ac
2565 5333 2823 5389 castitatis
2848 5329 3068 5401 gratiam
3097 5325 3455 5394 complecten-

1887 5444 1995 5496 tes,
2031 5447 2265 5487 amorem
2295 5430 2388 5483 Dei
2430 5434 2537 5482 tota
2583 5427 2846 5479 viscerum
2888 5432 2941 5477 et
2985 5419 3163 5475 cordis
3202 5416 3454 5470 aviditate

1887 5534 2172 5586 sectantes,
2205 5522 2474 5588 conligere
2499 5517 2691 5570 timore
2716 5512 2992 5567 Dominico
3019 5523 3206 5564 carnes
3229 5517 3450 5570 vestras;

1887 5628 1940 5670 ct
1969 5617 2145 5670 dicere
2172 5612 2301 5666 illu-l
2334 5628 2348 5664 :
2380 5609 2558 5661 Juravi
2593 5618 2640 5660 et
2673 5605 2828 5659 statui
2859 5603 3112 5657 custodire
3135 5601 3334 5671 judicia
3367 5602 3454 5669 ju-

1893 5707 2018 5760 titia:
2047 5717 2146 5757 ture
2176 5701 2345 5772 (Psol.
2389 5696 2566 5766 cvm).
2602 5695 2670 5752 Et
2695 5737 2710 5764 ,
2736 5695 2858 5748 mihi
2915 5693 3129 5747 mundus
3177 5691 3453 5755 cruciﬁxus
