4004 6354
211 296 317 350 389

1417 298 1690 355 REGULA
1736 299 1823 353 AD
1863 299 2248 358 MONACIIOS.

3367 307 3467 361 390

289 413 348 465 l-l.
375 411 644 480 Exceptus
673 427 800 467 vero
823 427 987 483 usque
1011 411 1076 467 ad
1104 421 1331 467 mortem
1354 427 1505 466 suam
1531 429 1629 467 nec
1648 428 1780 481 prae-
1808 415 1860 474 Α
1889 413 2110 483 (Matth.
2147 419 2316 484 xvm).
2354 416 2416 469 Et
2448 416 2546 468 alia
2577 415 2848 485 Scriptura
2877 435 2887 470 :
2924 417 3014 470 Ira
3049 419 3183 470 enim
3210 420 3467 490 t-irijusti-

210 514 410 568 sumat,
446 518 543 558 nec
564 508 901 571 permittatur
923 504 991 560 de
1024 506 1353 559 monasterio
1384 504 1587 572 egredi,
1621 518 1786 572 pr0p-

210 604 297 648 tcr
326 593 454 647 illud
482 596 888 662 propheticum:
917 593 1080 650 Unam
1095 595 1218 662 petii
1247 611 1278 647 a
1302 593 1547 658 Domino,
1567 595 1698 646 hanc
1711 611 1790 647 re-

207 686 434 755 quiram,
463 696 516 738 ut
547 687 821 739 inhabilem
854 689 906 740 in
935 688 1086 740 domo
1103 685 1312 739 Domini
1343 687 1574 740 omnibus
1613 686 1788 738 diebus

209 779 328 831 vita:
357 793 480 830 ante
506 776 677 847 (Psal.
713 778 884 847 xxvi).

291 870 375 926 Ill.
405 869 729 923 Vestimenta
762 885 890 924 vero
910 869 1157 939 religiosa
1186 881 1292 922 non
1325 868 1570 938 accipiet,
1600 867 1699 922 nisi
1724 867 1791 922 de

210 963 360 1014 onini
397 962 646 1015 facultate
685 977 780 1013 sua
806 961 918 1015 sive
948 960 1135 1030 grandi
1164 961 1276 1014 sive
1321 974 1482 1027 parva
1508 999 1522 1024 ,
1577 959 1792 1013 chartas

211 1052 520 1106 donationis
545 1062 636 1105 aut
656 1051 979 1106 venditionis
994 1054 1079 1106 cui
1103 1049 1335 1106 voluerit
1354 1051 1513 1105 faciat
1536 1067 1550 1105 :
1577 1059 1794 1120 pr0pler

212 1143 426 1198 Domini
462 1144 792 1207 mandatum,
828 1143 918 1198 ubi
947 1143 1077 1196 dicit
1125 1159 1136 1171 ο
1181 1141 1242 1197 Si
1269 1143 1340 1196 eis
1373 1141 1627 1210 perfectus
1666 1155 1792 1203 esse,

210 1237 374 1289 vende
411 1237 580 1290 omnia
607 1251 720 1304 qua:
748 1235 900 1289 habes
948 1235 1161 1306 (Matth.
1183 1233 1293 1305 ιιι)
1317 1251 1334 1288 :
1360 1235 1443 1298 Et,
1476 1234 1520 1285 si
1547 1233 1658 1300 quis
1696 1246 1795 1284 non

209 1329 470 1395 reliquerit
501 1329 671 1382 omnia
697 1344 809 1396 quae
831 1329 1078 1396 possidet,
1108 1344 1209 1382 non
1235 1337 1396 1397 potest
1418 1342 1528 1381 esse
1549 1341 1690 1378 meus
1711 1325 1795 1378 di-

208 1417 444 1486 scipulus
472 1417 624 1488 (Luc.
657 1420 792 1486 xw).

287 1508 373 1561 IV.
407 1508 461 1562 Si
491 1510 608 1577 quis
629 1509 1172 1563 Iaicustonsurandus
1192 1515 1294 1572 est,
1329 1507 1398 1562 de
1425 1507 1633 1576 capillis
1658 1505 1798 1560 illius

211 1598 271 1652 in
300 1599 637 1654 confessione
665 1600 922 1663 mittatur,
959 1609 1017 1652 ut
1036 1600 1085 1653 ei
1113 1599 1164 1651 in
1191 1598 1498 1652 testimonio
1527 1598 1615 1650 sit.
1645 1595 1797 1662 Quod

211 1692 260 1744 si
293 1701 620 1754 tensuratus,
648 1701 740 1745 aut
766 1693 816 1744 in
848 1691 1030 1744 habitu
1060 1691 1310 1758 religioso
1331 1689 1557 1752 venerit,
1578 1704 1682 1742 non
1707 1703 1796 1742 ex-

1893 507 2017 558 lium
2050 505 2144 558 Dei
2171 523 2270 559 non
2306 518 2543 576 eperatur
2571 507 2710 578 (Jac.
2741 507 2802 576 ι).
2832 509 3196 574 ΕιΑροετοΙιιε
3220 529 3231 564 :
3259 512 3351 564 Sol
3374 529 3470 565 non

1892 599 2091 651 occidat
2112 616 2262 668 super
2279 600 2596 653 iracundiam
2627 611 2840 654 vestram
2869 601 3080 671 (Ep/tes.
3107 602 3199 670 tv).
3227 603 3376 668 Quod
3404 606 3470 668 si,

1895 689 2038 757 quod
2069 690 2209 744 Deus
2237 701 2464 760 avertat,
2507 693 2721 746 diabolo
2753 696 3034 763 instigante
3067 695 3133 746 ita
3167 694 3326 748 fuerit
3357 697 3472 763 quis

1893 781 2074 836 furore
2104 783 2356 847 repletus,
2387 794 2443 837 ut
2473 785 2569 836 ista
2597 788 2842 839 mandata
2877 786 3132 855 pertinaci
3157 789 3316 841 corde
3335 804 3466 842 con-

1898 879 2124 936 temnat,
2149 880 2203 926 et
2225 889 2364 927 unus
2387 873 2452 928 de
2476 874 2580 928 illis
2602 876 2689 943 qui
2718 876 3083 934 discordantes
3108 887 3230 930 sunt
3262 893 3468 946 przeve-

1899 964 2038 1017 nerit
2069 965 2253 1027 alium,
2285 966 2495 1018 veniam
2527 967 2576 1019 ei
2610 976 2822 1034 petent;
2871 970 2915 1022 si
2959 969 3044 1022 ille
3091 971 3173 1023 cui
3206 971 3332 1038 petit
3363 985 3469 1023 non

1896 1057 2184 1120 dimiserit,
2215 1058 2504 1125 legitimam
2537 1059 2872 1128 disciplinam
2905 1064 3152 1130 accip’at,
3179 1073 3233 1116 ut
3263 1062 3324 1115 ad
3345 1063 3469 1116 cha-

1901 1147 2113 1200 ritatem
2142 1161 2200 1201 se
2223 1148 2473 1216 corrigat.
2503 1148 2654 1214 Quod
2685 1152 2728 1202 si
2747 1151 2902 1204 ambo
2924 1150 3290 1220 despexerint,
3316 1151 3472 1206 ambo

1897 1251 1961 1305 pa
1971 1237 2098 1292 riter
2111 1253 2139 1290 a
2166 1241 2560 1302 communione,
2579 1239 2661 1292 vel
2685 1254 2712 1291 a
2727 1239 2847 1294 cibo
2861 1242 3274 1309 su5pendantur,
3301 1244 3471 1297 donec

1897 1329 2124 1383 invicem
2153 1331 2251 1384 sibi
2277 1330 2709 1384 reconcilientur.

1967 1421 2105 1476 XIII.
2140 1422 2393 1476 Fraterin
2425 1420 2642 1476 fratrem
2676 1421 2719 1475 si
2750 1436 2910 1476 ausus
2935 1421 3092 1476 fuerit
3116 1437 3326 1478 manum
3349 1424 3472 1478 mit-

1897 1521 2036 1575 tere,
2068 1512 2353 1580 legitimam
2378 1512 2709 1581 dtseiplinam
2731 1512 2978 1581 accipiat.

1971 1601 2107 1655 XIV.
2141 1602 2327 1655 Nullus
2357 1603 2522 1656 laicus
2545 1644 2560 1668 ,
2589 1603 2708 1657 sive
2741 1604 2936 1656 nobilis
2965 1602 3079 1655 sive
3110 1603 3357 1670 ignobilis
3384 1649 3396 1671 ,
3424 1605 3473 1659 in

1900 1689 2176 1746 basilicam
2218 1693 2330 1746 sive
2365 1693 2751 1747 monasterium
2779 1693 3000 1747 introire
3023 1695 3362 1762 permittatur
3395 1713 3405 1746 :
3432 1695 3475 1749 si

209 1783 460 1851 cipiatur,
498 1783 599 1836 nisi
631 1792 688 1835 ut
709 1782 960 1852 superius
978 1781 1456 1844 diximus,chartas
1478 1780 1545 1833 de
1570 1793 1634 1832 eo
1655 1779 1795 1847 quod
1829 1773 1873 1832 Β
1902 1782 2022 1850 quis
2052 1797 2150 1851 pro
2181 1783 2463 1837 devotione
2495 1793 2586 1836 aut
2613 1788 2881 1852 parentela
2912 1800 3196 1840 occurrere
3221 1786 3476 1854 voluerit,

209 1875 488 1942 proprium
513 1876 563 1930 in
593 1878 791 1932 saeculo
818 1875 1096 1939 habuerat,
1123 1874 1308 1936 faciat;
1339 1883 1397 1927 ut
1430 1873 1556 1925 nihil
1589 1871 1690 1924 sibi
1717 1886 1802 1924 re-

211 1975 395 2019 servet
418 1967 558 2036 quod
591 1983 697 2021 non
726 1981 753 2018 a
784 1983 844 2022 se
873 1968 1103 2020 alienet:
1136 1979 1191 2020 et
1224 1966 1272 2019 id
1317 1965 1456 2035 quod
1490 1979 1668 2019 secum
1700 1978 1799 2017 ex-

216 2057 472 2126 hibuerit,
501 2061 678 2114 omnia
719 2060 770 2114 in
806 2068 1118 2128 potestatem
1144 2057 1320 2112 tradat
1343 2057 1575 2122 abbatis,
1609 2055 1802 2109 timens

216 2155 526 2220 exemp'um
561 2154 778 2207 Anania:
824 2164 877 2206 et
928 2153 1164 2219 Saphiraa
1196 2151 1332 2220 (Art.
1365 2155 1454 2220 ν),
1480 2149 1571 2219 qui
1602 2161 1800 2218 partem

219 2243 556 2306 obtulerunt,
582 2254 784 2312 partem
816 2244 916 2298 sibi
949 2243 1234 2298 inlideltter
1255 2250 1689 2296 reservaverunt.

290 2333 355 2384 V.
398 2334 542 2386 Nihil
574 2335 779 2387 occulte
809 2334 1082 2403 accipiatis
1109 2351 1122 2384 :
1152 2334 1245 2387 sed
1275 2335 1316 2386 si
1337 2333 1455 2402 quis
1478 2336 1801 2402 propinquus

217 2433 310 2478 aut
336 2426 538 2477 amicus
559 2425 820 2493 aliquidin
846 2427 1182 2485 vestimento,
1208 2434 1297 2478 aut
1319 2424 1535 2488 inauro,
1553 2425 1633 2477 vel
1660 2424 1802 2476 aliud

217 2515 571 2584 quodcunque
614 2517 823 2570 dederit
866 2526 957 2567 aut
1007 2514 1384 2579 transmiserit,
1450 2513 1502 2566 in
1537 2524 1804 2582 p0testate

219 2608 288 2659 sit
314 2605 522 2660 albatis
552 2623 564 2658 :
597 2616 650 2660 et
679 2607 722 2659 si
747 2605 819 2660 illi
844 2605 930 2659 cui
955 2605 1331 2658 transmittitur
1366 2620 1586 2658 necesse
1618 2606 1800 2668 fuerit,

222 2698 516 2751 tribuatur:
548 2698 630 2751 sin
659 2712 788 2751 vero
813 2697 903 2752 ille
931 2697 1060 2750 nihil
1085 2697 1308 2766 indiget,
1333 2697 1385 2751 in
1409 2712 1690 2750 commune
1721 2713 1806 2750 re-

219 2787 435 2842 dactum
463 2789 546 2841 cui
582 2789 940 2842 necessarium
968 2797 1052 2842 est
1092 2788 1377 2841 tribuatur.

301 2881 388 2936 Vl.
431 2883 700 2950 Epistolas
715 2883 980 2950 praecipue
995 2896 1091 2936 nec
1116 2881 1319 2934 dandas
1344 2895 1443 2934 nec
1470 2878 1804 2948 accipiendas

223 2972 343 3026 sine
371 2973 591 3026 scientia
622 2982 712 3024 aut
740 2973 999 3041 permisso
1029 2973 1254 3025 abbatis.

302 3059 410 3115 VII.
451 3061 639 3116 Nullus
669 3063 808 3115 circa
841 3065 1036 3116 lectum
1081 3078 1260 3126 suum,
1293 3062 1434 3130 quod
1485 3062 1806 3114 manducare

1911 1873 1963 1925 in
1989 1873 2358 1926 salutatorium
2393 1873 2702 1927 monasterii
2720 1884 2984 1928 occurrat.

1976 1963 2091 2018 XV.
2125 1963 2375 2018 Mulieres
2406 1979 2558 2028 vero,
2608 1979 2707 2018 nec
2737 1965 3005 2036 religiosae
3033 1980 3133 2020 nec
3161 1967 3474 2030 saeculares,

1906 2057 2064 2111 nulla:
2086 2057 2328 2123 omnino,
2353 2071 2453 2110 nec
2473 2056 2702 2120 abbatis,
2734 2072 2833 2110 nec
2857 2057 3218 2126 cujuscunque
3235 2057 3481 2110 monachi

1907 2158 2096 2213 mater,
2125 2158 2214 2200 aut
2241 2148 2492 2216 qumlihet
2539 2149 2834 2217 pr0pinqua
2867 2159 2958 2200 aut
2988 2159 3110 2201 nota
3145 2149 3210 2200 ad
3251 2150 3482 2200 salutan-

1905 2239 2056 2302 dum,
2095 2247 2187 2292 aut
2215 2241 2279 2292 ad
2323 2239 2619 2292 orationem
2651 2238 2853 2306 ingredi
2884 2239 3239 2307 permittatur.
3273 2237 3480 2291 Domini

1906 2341 1960 2383 et
1991 2327 2225 2398 Magistri
2255 2338 2543 2397 sequentes
2573 2329 2900 2397 exemplum,
2926 2343 3047 2382 cum
3078 2329 3204 2382 dicit
3231 2346 3244 2380 :
3272 2329 3338 2381 Et
3371 2345 3483 2397 qua:

1906 2431 1978 2475 est
2009 2431 2171 2475 mater
2194 2438 2323 2485 utea,
2355 2433 2401 2474 et
2431 2423 2617 2490 fratres
2659 2425 2794 2476 mei?
2820 2424 2885 2478 Et
2917 2423 3047 2477 illud
3081 2441 3093 2474 :
3128 2423 3190 2478 Si
3228 2425 3342 2493 quis
3385 2440 3484 2476 non

1906 2513 2163 2582 reliquerit
2212 2523 2406 2580 patrem
2457 2521 2546 2565 aut
2588 2523 2816 2578 matrem,
2848 2529 2947 2566 non
2987 2523 3148 2583 patcst
3201 2530 3340 2567 meus
3377 2531 3484 2568 esse

1908 2603 2211 2672 discipulus.
2262 2603 2327 2657 Et
2366 2603 2468 2659 alia
2520 2603 2793 2673 Scriptura
2828 2623 2839 2657 :
2878 2605 2977 2671 Qui
3003 2608 3240 2658 dixerunt
3271 2607 3401 2673 patri
3441 2615 3484 2659 et

1908 2697 2082 2760 matri,
2111 2711 2212 2749 non
2239 2697 2470 2749 novimus
2502 2713 2607 2765 vos,
2643 2697 2695 2749 hi
2730 2698 3076 2750 custodierunt
3104 2709 3353 2767 prwccpta
3377 2709 3464 2751 tua

1906 2783 2148 2840 Domine.

1979 2877 2121 2933 XVI.
2166 2878 2298 2947 Ipsis
2333 2894 2458 2933 vero
2489 2877 2638 2933 laicis
2663 2878 2790 2932 viris
2818 2879 3006 2948 quibus
3037 2880 3351 2946 permissum
3399 2881 3488 2932 dc-

1909 2969 2083 3024 dimus
2112 2971 2450 3034 occurrendi,
2484 2971 2686 3023 nullum
2713 2985 2941 3039 unquam
2968 2971 3347 3023 monachorum
3372 2971 3488 3025 sine

1911 3059 2101 3113 abbate
2124 3070 2214 3112 aut
2257 3061 2566 3128 pra'posito,
2601 3062 2683 3116 vel
2724 3073 2871 3114 certe
2903 3061 3008 3114 alio
3046 3076 3363 3130 quocunque
3408 3077 3493 3115 se-

223 3161 322 3206 aut
351 3153 530 3208 bibere
562 3153 750 3223 pessit,
782 3169 1040 3222 reponere
1072 3163 1392 3220 prtesumat;
1427 3152 1518 3204 sed
1550 3151 1806 3204 omnesin
1837 3144 1882 3205 C
1914 3152 2086 3214 niore,
2118 3151 2202 3203 cui
2235 3153 2398 3205 abbas
2427 3153 2763 3219 prmeeperit,
2797 3152 3012 3206 videant
3037 3160 3129 3205 aut
3169 3153 3487 3220 loquantur;

225 3246 498 3300 communi
520 3247 740 3300 cellario
773 3245 1067 3299 recondunt
1101 3262 1113 3296 :
1145 3254 1194 3298 et
1223 3248 1266 3297 si
1311 3245 1638 3310 inaequalitas
1685 3237 1813 3297 exe-1

227 3338 390 3410 gerit,
415 3339 638 3408 jubente
663 3339 874 3394 seniore
904 3337 1043 3407 quod
1078 3351 1296 3393 necesse
1324 3337 1479 3391 fuerit
1511 3352 1616 3390 non
1644 3338 1690 3390 ei
1720 3352 1814 3390 ne-

229 3441 408 3502 getur.

306 3523 441 3578 VIII.
485 3521 620 3578 Nulli
667 3524 823 3577 liceat
848 3521 1038 3576 cellam
1069 3531 1160 3576 aut
1187 3521 1554 3588 armariolum,
1589 3532 1674 3574 aut
1705 3521 1802 3575 ali-

231 3616 361 3687 quid
393 3616 696 3686 hujusmodi
731 3616 872 3686 quod
913 3614 1234 3686 peculiarius
1263 3615 1436 3669 claudi
1469 3617 1657 3685 possit,
1717 3620 1812 3668 ha-

234 3711 389 3766 bere.

309 3800 398 3854 IX.
435 3799 549 3854 Non
576 3798 766 3868 juretis
799 3817 814 3854 :
844 3799 964 3869 quia
1005 3799 1265 3856 Dominus
1312 3800 1444 3854 dixit
1473 3817 1485 3853 :
1522 3799 1697 3854 Nolite
1713 3804 1809 3872 ju-

236 3909 356 3946 rare
381 3891 588 3962 (Matth.
617 3892 693 3959 v).
723 3892 786 3945 Et
812 3893 912 3948 alia
936 3892 1209 3961 Scriptura
1237 3911 1248 3945 :
1286 3892 1372 3945 Vir
1401 3894 1815 3964 multuntjttrans

238 3982 533 4050 implebitur
560 3983 862 4048 iniquitate;
891 3991 938 4036 et
983 4000 1084 4037 non
1127 3983 1351 4035 discedet
1396 3983 1459 4035 de
1489 3985 1638 4035 domo
1679 3985 1818 4037 illius

243 4074 398 4142 plaga
428 4073 601 4142 (Eccl.
633 4091 699 4127 xx
713 4075 812 4143 In).

314 4164 384 4218 X.
425 4165 536 4220 Non
587 4166 915 4221 maledicatis
956 4183 970 4220 :
1004 4168 1124 4232 quia
1167 4165 1426 4234 scriptum
1456 4175 1538 4218 est

241 4257 480 4310 maledici
516 4273 728 4328 regnum
775 4258 870 4311 Dei
893 4257 1217 4327 possidebunt
1252 4257 1300 4325 (Ι
1332 4255 1451 4311 Cor.
1478 4259 1576 4325 γι).

317 4347 408 4403 XI.
451 4349 661 4402 Mentiri
692 4351 912 4401 omnino
942 4364 1045 4402 non
1076 4349 1263 4410 liceat;
1289 4349 1410 4415 quia
1439 4365 1492 4400 os
1521 4349 1655 4416 quod
1686 4364 1826 4402 uten-

243 4441 371 4494 titur
394 4439 574 4494 occidit
605 4438 827 4489 animam
852 4438 1002 4506 (Sap.
1033 4441 1094 4503 t);
1122 4447 1175 4490 et
1198 4438 1325 4490 illud
1359 4455 1372 4489 :
1408 4435 1602 4490 Perdcs
1629 4454 1710 4491 eos
1734 4439 1822 4506 qui

243 4533 521 4598 loquuntur
544 4527 860 4579 mendacium
899 4525 1076 4596 (Psal.
1105 4525 1182 4594 v).

320 4617 436 4672 XII.
479 4616 807 4670 lraeundiam
834 4617 1008 4672 nullus
1042 4631 1210 4685 usque
1235 4616 1285 4670 in
1319 4617 1473 4671 aliam
1514 4617 1653 4672 diem
1696 4635 1822 4686 pro-

245 4709 462 4766 trahere
489 4717 798 4778 przesumat,
831 4709 970 4777 quod
999 4707 1064 4772 si,
1093 4719 1147 4760 ut
1177 4707 1334 4763 habet
1364 4709 1589 4762 humana
1620 4709 1821 4779 fragili-

246 4811 352 4866 tas,
383 4814 562 4855 sermo
591 4799 773 4852 durior
806 4799 945 4854 inter
977 4801 1166 4853 fratres
1197 4810 1345 4855 ortus
1379 4801 1555 4866 fuerit,
1587 4802 1820 4856 invicem

246 4895 351 4950 s'bi
381 4893 593 4948 veniam
625 4902 900 4962 petere,et
921 4892 1100 4948 debita
1129 4893 1369 4949 relaxare
1391 4895 1677 4962 debebunt,
1703 4910 1827 4965 pro-

251 4997 368 5053 pter
401 4984 606 5038 Domini
639 4983 967 5048 mandatum,
997 4983 1084 5036 ubi
1110 4983 1238 5036 dicit
1268 5000 1282 5037 :
1315 4985 1376 5038 Si
1400 4987 1694 5039 recordatus
1713 4991 1826 5057 fue-

248 5079 320 5130 ris
348 5077 467 5146 quia
498 5075 652 5144 frater
679 5085 794 5128 tuus
825 5073 968 5127 habet
996 5074 1188 5142 aliquid
1219 5076 1454 5129 adversus
1493 5078 1825 5147 te,teiinque

252 5182 434 5218 munus
451 5176 595 5218 tuum
618 5165 922 5230 antealtare,
941 5173 987 5218 et
1015 5167 1142 5218 vade
1169 5168 1309 5234 prius
1335 5168 1656 5220 reconciliari
1674 5169 1826 5237 fratri

257 5266 381 5321 tuo;
411 5267 458 5310 et
497 5265 616 5309 tunc
645 5258 845 5310 ueniens
886 5255 1070 5321 o/ferre
1100 5272 1283 5309 munus
1319 5264 1462 5308 tuam
1497 5255 1714 5327 (Matth.
1749 5257 1825 5326 v).

254 5347 321 5403 Et
346 5367 358 5400 :
386 5349 444 5403 Si
473 5365 573 5402 non
601 5350 896 5403 dimiseritis
941 5349 1227 5402 hominibus
1266 5360 1470 5420 peccata
1507 5366 1709 5417 eorum,
1743 5369 1832 5406 nec

259 5441 416 5498 Pater
432 5453 590 5498 vester
603 5445 813 5499 celestis
832 5446 1042 5498 dimittet
1055 5445 1191 5498 vobis
1213 5452 1418 5515 peccata
1439 5456 1602 5500 uestra
1618 5445 1827 5515 (Matth.

225 5535 358 5604 ,v't).
393 5533 521 5588 Item
549 5551 560 5587 :
595 5534 655 5588 Si
681 5537 864 5604 septies
893 5536 942 5588 in
965 5537 1046 5589 die
1067 5542 1344 5604 peccaverit
1366 5537 1418 5589 in
1444 5546 1520 5602 te,
1549 5547 1594 5591 et
1621 5553 1832 5591 conver-

259 5640 344 5678 sus
373 5623 557 5679 αἰπεινὴ
583 5643 601 5681 :
636 5626 849 5680 Paenitet
889 5643 998 5692 me;
1029 5627 1226 5682 dimitte
1251 5628 1329 5680 illi
1361 5627 1526 5697 (Luc.
1549 5644 1653 5681 xvn
1677 5630 1713 5697 ).
1743 5629 1831 5693 Et,

261 5733 358 5771 non
382 5718 494 5771 dico
523 5717 611 5772 tibi
641 5733 798 5787 usque
826 5719 1132 5789 septies,sed
1165 5735 1320 5788 usque
1347 5721 1632 5790 septuagies
1655 5724 1834 5791 septies

1584 4183 1596 4217 :
1643 4164 1822 4235 Neque

1914 3254 2014 3293 nec
2046 3253 2278 3307 unquam
2302 3239 2492 3292 altiore
2514 3255 2645 3294 voce
2667 3241 2972 3308 loquantur.

1988 3329 2146 3383 XVII.
2171 3329 2362 3382 Minori
2391 3339 2548 3384 aztate
2573 3331 2625 3384 in
2658 3331 2986 3384 monasterio
3027 3346 3130 3384 non
3163 3331 3496 3399 excipiantur

1919 3423 2019 3476 nisi
2049 3422 2116 3476 ab
2146 3422 2300 3476 annis
2329 3422 2514 3476 decem
2545 3431 2633 3476 aut
2663 3421 2967 3489 duodecim,
2991 3424 3080 3493 qui
3102 3431 3155 3478 et
3175 3424 3363 3479 nutriri
3391 3440 3499 3480 non

1921 3526 2134 3585 egeant,
2170 3525 2224 3569 et
2253 3529 2446 3568 cavere
2475 3515 2721 3568 noverint
2749 3515 2952 3583 culpas.

1991 3607 2179 3661 XVIII.
2223 3606 2420 3661 Servus
2459 3622 2565 3660 non
2595 3606 2889 3676 excipiatur
2921 3623 2933 3658 :
2967 3607 3188 3662 libertus
3216 3617 3414 3672 tamen,
3449 3608 3495 3662 si

1920 3699 2082 3755 fuerit
2112 3701 2287 3754 adhuc
2315 3699 2638 3755 adolescenti
2671 3708 2826 3754 aetate
2852 3743 2864 3763 ,
2898 3709 2946 3754 et
2986 3715 3105 3754 cum
3138 3701 3378 3770 epistolis
3410 3718 3502 3769 pa-

1930 3795 2068 3849 troni
2097 3795 2178 3848 sui
2213 3795 2444 3861 venerit,
2479 3794 2531 3848 in
2555 3793 2760 3848 abbatis
2789 3793 2859 3847 sit
2885 3792 3106 3848 arbitrio
3126 3793 3173 3847 si
3202 3795 3377 3863 excipi
3403 3794 3500 3850 de-

1922 3889 2065 3943 beat.

2000 3982 2138 4036 XIX.
2185 3981 2496 4037 Provisores
2515 3997 2644 4036 vero
2668 3983 2997 4048 monasterii,
3023 3983 3065 4037 si
3089 3981 3140 4037 in
3161 3982 3344 4038 habitu
3367 3982 3502 4037 laico

1927 4074 2151 4141 fuerint,
2187 4091 2285 4130 nec
2313 4075 2410 4143 ipsi
2442 4076 2823 4143 permittantur
2848 4075 3073 4138 intrare;
3107 4089 3204 4142 pro
3245 4075 3327 4128 his
3359 4075 3503 4128 utili-

1923 4168 2125 4224 tatibus
2152 4183 2285 4236 quas
2313 4169 2364 4220 in
2401 4167 2501 4221 hac
2531 4169 2708 4237 regula
2737 4168 3039 4232 statuimus,
3073 4181 3193 4220 cum
3218 4165 3506 4220 marcioni-

1927 4260 2027 4315 bus
2059 4271 2152 4314 aut
2193 4259 2578 4325 carpentariis,
2615 4259 2658 4310 si
2686 4258 2883 4325 aliquid
2917 4271 3140 4310 necesse
3168 4265 3250 4308 est
3280 4256 3392 4308 fieri
3423 4272 3508 4308 re-

1929 4351 2134 4419 parari,
2169 4360 2259 4401 aut
2283 4361 2430 4402 certa
2460 4350 2636 4414 aliqua
2672 4349 2877 4399 ratione
2904 4345 3082 4396 ahbati
3128 4343 3388 4409 facienda,
3421 4344 3504 4395 in~

1931 4448 2158 4493 troeant.
2186 4439 2262 4490 De
2290 4446 2484 4490 cretero
2511 4436 2712 4488 nullam
2755 4433 3023 4487 licentiam
3065 4439 3156 4485 aut
3203 4432 3502 4486 libertatem

1849 4513 1900 4572 D
1929 4532 2160 4586 habeant
2189 4527 2511 4581 introeundi.

1999 4622 2117 4678 XX.
2159 4620 2344 4676 Nullus
2374 4621 2627 4674 infimum
2658 4619 2723 4673 de
2755 4617 3015 4687 baptismo
3038 4618 3288 4688 excipiat.

1999 4715 2140 4770 XXI.
2183 4713 2386 4779 Quibus
2413 4713 2590 4767 claves
2618 4713 2684 4766 de
2709 4710 2945 4777 cellario,
2987 4727 3242 4778 caunava,
3286 4713 3481 4766 horreo
3505 4755 3518 4777 ,

1931 4807 2175 4876 postieio,
2205 4807 2506 4859 etoratorio
2531 4803 2797 4858 tradenda:
2824 4812 2966 4863 sunt,
2995 4805 3229 4872 probatae
3258 4805 3364 4860 sint
3389 4820 3522 4872 per-

1932 4911 2104 4957 sonae;
2134 4906 2187 4949 et
2214 4893 2442 4962 desuper
2471 4894 2622 4947 altari
2649 4893 2728 4946 vel
2760 4891 3046 4961 Evangelia
3087 4907 3176 4944 eas
3207 4893 3466 4960 accipient
3507 4910 3519 4941 :

1933 4989 2161 5042 scientes
2183 5001 2242 5041 se
2288 4986 2398 5041 Deo
2436 4985 2736 5040 redditur.:s
2790 4984 3045 5037 rationem
3090 4983 3155 5035 de
3203 4984 3504 5036 ministerio

1931 5079 2029 5133 sibi
2061 5077 2285 5133 credito.

2003 5170 2166 5224 XXII.
2208 5170 2261 5224 In
2288 5170 2430 5224 omni
2452 5167 2762 5231 ministerio,
2792 5166 2903 5219 sive
2934 5165 2985 5218 in
3011 5164 3197 5217 ordine
3223 5161 3506 5229 psallendi,

1933 5273 2024 5317 aut
2054 5262 2280 5330 legendi,
2310 5262 2393 5316 vel
2425 5259 2920 5328 Operandi,vic.hus
2949 5254 3049 5309 sibi
3072 5253 3513 5320 succedant,abs-

1935 5369 2036 5423 que
2066 5363 2250 5407 sancto
2280 5352 2504 5415 abbate;
2550 5358 2600 5404 et
2631 5349 2789 5402 nimis
2831 5347 3066 5408 senibus,
3097 5353 3150 5398 et
3186 5343 3514 5412 perparvulis

1937 5445 2246 5510 infantibus,
2273 5454 2361 5498 aut
2390 5453 2532 5497 certe
2563 5443 2628 5496 ita
2660 5440 2902 5504 infirmis,
2935 5447 2990 5490 ut
3037 5450 3256 5504 surgere
3297 5435 3516 5488 omnino

1941 5551 2044 5590 non
2092 5536 2316 5604 possint,
2369 5549 2473 5587 non
2518 5531 2906 5601 compellantur
2940 5526 3131 5588 facere,
3162 5541 3258 5596 pro
3283 5542 3346 5579 eo
3376 5525 3515 5594 quod

1943 5643 2045 5682 non
2071 5627 2375 5696 prazvalent.

2014 5719 2201 5776 XXIII.
2241 5718 2537 5775 Artificium
2579 5729 2703 5770 vero
2744 5713 3072 5778 discendum,
3127 5720 3216 5766 aut
3267 5710 3518 5780 quaelibet.
