4040 6474
541 325 633 381 391

1675 322 1731 379 S.
1773 322 2144 380 AUREIJANI
2186 324 2653 382 ARELXTENSIS

3704 328 3813 383 592

539 454 701 508 opera
733 436 969 494 facienda
998 452 1102 493 non
1133 452 1228 507 pro
1248 451 1345 491 suo
1370 436 1518 491 Iibito
1555 436 1779 506 eligant;
1816 440 1908 493 sed
1941 440 1992 493 in
2036 457 2120 491 ar—
2151 443 2197 500 Α
2228 442 2502 505 gressione
2534 440 2729 507 regular
2755 440 3082 509 increpatur,
3110 451 3195 495 aut
3222 441 3553 512 disciplinam
3584 445 3813 513 accipit,

542 530 701 583 bitrio
730 529 937 583 abbatis
983 531 1105 593 erit,
1152 528 1290 597 quod
1322 526 1448 581 u;ile
1478 529 1812 596 prospexerit
1849 530 2115 598 imperau-

540 623 691 677 dum.

612 716 801 772 XXIV.
834 717 934 771 Per
964 724 1143 769 totum
1173 712 1314 769 diem
1356 727 1476 768 cum
1525 713 1767 769 manibus
1802 722 2115 782 operantur,

540 810 815 865 meditatio
856 818 1037 863 sancta
1077 807 1141 860 de
1170 805 1333 860 corde
1374 819 1477 859 non
1508 814 1703 870 cesset,
1748 816 1963 872 promer
1992 804 2116 857 illud

542 902 783 969 Apostoli
836 916 853 954 :
912 898 1168 963 Psalmis,
1215 897 1454 967 hymnis,
1503 898 1712 951 canticis
1766 897 2117 964 spiritualibus

538 1001 800 1044 cantantes
857 1001 899 1043 et
947 987 1216 1055 psallentes
1262 988 1316 1041 in
1369 988 1607 1041 cordibus
1670 989 1846 1041 vestris
1900 987 2116 1041 Domino

542 1082 739 1153 (Calas.
772 1081 874 1148 tu).

615 1171 779 1226 XXV.
827 1170 1014 1224 Nullus
1064 1177 1355 1239 prmsumat
1394 1169 1678 1239 quidquam
1729 1184 1881 1223 suum
1912 1168 2113 1233 dicere,

542 1271 634 1317 aut
656 1276 807 1317 suum
840 1262 1114 1329 prOprium
1146 1260 1448 1324 vindicare;
1497 1262 1591 1315 sed
1631 1260 1922 1313 secundum
1952 1260 2117 1313 Actus

540 1351 902 1419 apostolorum
934 1351 1085 1420 (Cap.
1130 1352 1227 1421 tv),
1260 1352 1366 1404 sint
1393 1350 1544 1403 vobis
1567 1351 1745 1403 omnia
1776 1351 2112 1413 communia;

540 1443 612 1496 sit
636 1442 787 1497 vobis
813 1442 986 1495 anima
1015 1457 1118 1496 una
1145 1452 1199 1495 et
1227 1455 1321 1494 cor
1350 1454 1511 1493 unum
1541 1440 1595 1493 in
1627 1440 1871 1493 Domino.

610 1533 803 1589 XXVI.
849 1531 1177 1587 Vestimenta
1225 1531 1332 1585 alio
1372 1530 1554 1586 colore
1604 1544 1709 1585 non
1756 1530 1986 1585 induatis
2014 1529 2117 1585 nisi

540 1626 667 1692 laia,
694 1625 905 1689 Iactina,
932 1623 1149 1691 etnigra
1174 1623 1375 1677 nativa.

612 1716 823 1770 XXVII.
870 1713 1146 1767 Lectttaria
1183 1710 1460 1766 srccularia
1486 1710 1552 1765 de
1580 1710 1851 1765 coloribus
1897 1710 2032 1765 facta
2064 1712 2115 1765 in

2223 531 2466 598 arguenti
2490 530 2811 598 reSpondcrc
2862 546 2963 585 non
2992 542 3318 600 praesumat:
3358 534 3479 601 quia
3520 547 3812 603 peccatum

2221 620 2360 688 quod
2410 620 2497 675 hic
2540 620 2895 689 distringitur,
2944 620 2997 674 in
3042 629 3242 676 mterna
3272 622 3669 678 examinatione
3700 638 3812 677 non

2222 708 2461 778 punitur.
2490 709 2555 763 Et
2591 709 2666 763 sic
2690 710 2896 764 debetis
2927 710 3116 763 anima:
3142 726 3325 765 curam
3360 714 3630 781 excipere,
3662 727 3809 781 quo-

2221 796 2379 851 modo
2396 813 2538 867 aeger
2564 813 2744 852 curam
2765 799 2954 853 medici
2977 817 2988 850 :
3017 808 3257 853 tenentes
3280 801 3404 855 illud
3430 811 3633 855 sancta:
3655 802 3813 856 Scri-

2221 898 2390 957 ptura:
2418 907 2430 943 :
2465 890 2563 954 Qui
2606 890 2782 958 abjicit
2820 889 3140 957 disciplinam
3170 891 3350 960 infelix
3380 901 3452 945 est
3477 891 3659 959 (Prov.
3686 892 3811 945 XVII

2220 981 2283 1035 Et
2313 981 2471 1035 illud:
2504 980 2613 1053 Ego
2640 985 2692 1035 in
2733 982 2937 1052 ﬂagella
2964 994 3178 1052 paratus
3207 1001 3316 1037 sum
3349 984 3517 1053 (Psal.
3566 987 3806 1055 xxxvii).

2292 1072 2529 1129 XXXIX.
2565 1074 2706 1128 Lites
2738 1075 2912 1128 nullas
2959 1076 3219 1140 habeatis,
3250 1077 3559 1132 obedientes
3593 1092 3807 1145 prace—

2220 1174 2311 1231 pto
2341 1167 2607 1234 Apostoli,
2642 1167 2730 1220 ubi
2772 1166 2937 1220 dicit:
2972 1167 3184 1221 Servum
3230 1169 3432 1222 Domini
3473 1185 3577 1223 non
3604 1179 3808 1239 oportet

2218 1253 2440 1324 litigare,
2467 1258 2555 1309 sed
2584 1266 2904 1311 mansuetum
2934 1273 3039 1311 esse
3065 1258 3115 1329 (1
3127 1258 3151 1310 I
3175 1259 3331 1324 Tim.,
3364 1260 3447 1329 tt).

2291 1346 2400 1400 XL.
2443 1347 2697 1416 Superbis
2724 1364 2873 1411 vero,
2904 1348 3348 1416 inobedientibus,
3380 1360 3433 1404 et
3470 1349 3808 1405 iracundiam

2217 1440 2653 1509 protrahentibus
2694 1456 2963 1511 nunquam
3010 1440 3361 1512 parcendum,
3411 1442 3587 1497 donec
3630 1444 3806 1497 οοιτὶο

2216 1538 2425 1597 gantur.

2291 1620 2427 1675 XLI.
2457 1620 2561 1675 Pro
2590 1621 2824 1690 qualibet
2853 1621 3005 1690 culpa
3035 1622 3081 1675 si
3125 1636 3345 1676 necesse
3391 1621 3557 1676 fuerit
3604 1622 3805 1691 ﬂagelli

2219 1713 2462 1779 accipere
2489 1711 2843 1780 disciplinam,
2884 1726 3152 1781 nunquam
3210 1712 3471 1781 legitimus
3512 1713 3811 1767 excedatur

536 1820 641 1877 usu
661 1819 765 1860 non
793 1804 1052 1858 habeatis.
1080 1802 1241 1855 Palla:
1267 1800 1580 1855 boloserica:
1602 1800 1669 1854 ad
1692 1802 1878 1854 altaria
1903 1803 1969 1855 de
1989 1816 2118 1856 auro
2150 1798 2196 1859 Β
2224 1816 2503 1867 numerus,
2532 1802 2585 1856 id
2608 1811 2708 1866 est,
2735 1804 2947 1871 triginta
2974 1813 3027 1856 et
3055 1817 3269 1857 novem.

543 1904 634 1951 aut
657 1895 723 1950 de
752 1894 975 1965 gemmis
1009 1900 1211 1947 ornatae
1239 1907 1271 1945 a
1298 1890 1457 1959 vobis
1498 1905 1769 1961 nunquam
1812 1906 2123 1960 comparen-

546 1997 651 2043 tur.
676 1987 734 2045 Si
762 1985 953 2055 aliquis
976 1983 1044 2040 de
1070 1983 1318 2039 ﬁdelibus
1360 1998 1457 2051 pro
1485 1993 1611 2037 voto
1637 1997 1735 2038 suo
1762 1982 2037 2049 obtulerit,
2071 1991 2125 2039 et

542 2083 720 2139 abbati
742 2081 914 2137 visum
940 2080 1118 2146 fuerit,
1140 2086 1235 2133 aut
1263 2078 1555 2133 necessitas
1582 2077 1839 2147 exegerit,
1858 2076 2124 2133 vendendi

545 2172 742 2227 iaciant
787 2183 962 2225 usum.

612 2260 853 2317 XXVIII.
894 2260 1022 2315 Post
1050 2258 1336 2313 matutinas
1366 2258 1635 2311 orationes
1666 2257 1729 2310 ad
1761 2272 2004 2311 somnum
2034 2271 2122 2313 re-

543 2353 677 2407 verti
705 2365 810 2406 non
842 2352 998 2404 liceat
1023 2366 1035 2403 :
1065 2348 1160 2402 sed
1182 2346 1459 2415 completis
1481 2348 1752 2401 matutinis
1777 2347 1955 2402 statim
1980 2348 2126 2401 dica-

545 2454 631 2497 tur
660 2440 852 2510 prima,
875 2438 1066 2493 deinde
1088 2451 1254 2507 usque
1280 2435 1345 2491 ad
1375 2438 1561 2491 horam
1594 2438 1805 2492 tertiam
1835 2452 2021 2493 omnes
2048 2437 2127 2493 Ie-

546 2529 709 2585 ctioni
748 2534 957 2582 vacent.

554 2667 560 2677 .
614 2617 809 2673 XXIX.
840 2616 919 2671 Ad
949 2615 1155 2684 vigilias
1177 2614 1302 2671 dum
1339 2616 1499 2671 lectio
1522 2617 1735 2687 legitur,
1762 2618 2125 2686 autdesparta

544 2724 637 2769 aut
660 2713 727 2768 de
753 2726 954 2780 canape
999 2720 1088 2765 aut
1129 2710 1271 2764 aliud
1318 2710 1622 2779 hujusmodi
1667 2713 1910 2765 manibus
1938 2726 2127 2780 opera-

548 2802 698 2865 mini,
739 2810 797 2855 ut
825 2815 928 2854 non
960 2813 1179 2855 somnus
1205 2800 1443 2869 obrepat.
1474 2799 1531 2854 Si
1552 2814 1682 2855 vero
1711 2800 2010 2855 dominicus
2037 2807 2128 2855 aut

548 2893 668 2950 testi
697 2900 824 2950 sunt
846 2891 981 2958 dies,
1013 2890 1099 2947 cui
1145 2904 1366 2947 somnus
1402 2891 1630 2958 venerit,
1662 2891 1779 2947 aliis
1819 2891 2129 2949 sedentibus

545 2986 790 3055 jubeatur
816 2995 983 3050 stare,
1010 2994 1066 3038 ut
1091 2982 1261 3054 possit
1291 2998 1319 3036 a
1342 2998 1400 3038 se
1422 2984 1596 3037 somni
1625 2998 1921 3038 marcorem
1955 2984 2124 3053 repel-

550 3077 691 3141 lere;
726 3091 791 3131 ne
822 3075 877 3129 in
908 3090 1070 3145 opere
1103 3076 1193 3130 Dei
1216 3083 1306 3129 aut
1329 3072 1539 3143 lepidus
1565 3073 1890 3141 inveniatur,
1916 3084 2007 3128 aut
2031 3090 2127 3129 ne-

547 3169 772 3239 gligens.

618 3259 788 3313 XXX.
820 3257 983 3327 Signo
1017 3266 1152 3313 tacto
1174 3272 1332 3312 omne
1352 3272 1485 3326 opus
1509 3257 1961 3327 prtetermittatur,
1988 3260 2129 3314 sicut

544 3365 674 3420 apes
700 3349 1127 3420 prudentissimae
1165 3349 1229 3402 ad
1257 3349 1568 3412 alvcarium,
1606 3350 1677 3403 ita
1701 3350 1870 3405 veloci
1900 3349 2125 3405 festina-

547 3440 692 3496 tione
732 3453 1017 3510 pr0perare
1046 3438 1373 3494 contendite.
1425 3437 1481 3493 Si
1519 3438 1638 3507 quis
1670 3440 1868 3494 tardius
1890 3440 2124 3505 venerit,

548 3534 869 3589 districtioni
908 3533 1202 3601 subiaceat.

616 3624 814 3680 XXXI.
848 3624 982 3677 Dum
1011 3624 1273 3692 psallitur,
1305 3622 1556 3677 studeant
1594 3633 1792 3676 sancta:
1825 3623 2016 3677 anima:
2040 3639 2129 3679 vc-

546 3724 673 3771 strae
696 3730 801 3769 non
826 3715 1005 3783 vagari
1034 3714 1242 3779 animo;
1275 3730 1463 3768 verum
1493 3716 1651 3768 etiam
1681 3729 1777 3768 nec
1798 3717 2007 3783 operari
2035 3724 2126 3770 aut

548 3805 691 3872 loqui
723 3812 1063 3872 prtcsumant.
1096 3805 1201 3858 Sed
1225 3806 1427 3872 psallite
1455 3806 1709 3875 sapienter
1735 3806 1908 3875 (Psal.
1944 3811 2083 3878 XLVI)
2111 3828 2122 3861 :

550 3893 840 3947 sicutdixit
871 3895 1125 3961 propheta
1153 3912 1164 3945 :
1199 3894 1428 3947 Psallam
1463 3905 1509 3949 et
1532 3896 1814 3965 intelligam
1842 3898 2011 3967 (Psal
2046 3903 2121 3969 c).

548 3983 615 4037 Et
643 3984 771 4038 illud
802 4000 816 4037 :
850 3983 1079 4038 Psallam
1126 3987 1331 4055 spiritu,
1379 3987 1597 4055 psallam
1640 3998 1686 4043 et
1722 4001 1886 4044 mente
1916 3994 1967 4063 (Ι
1999 3993 2121 4048 Cor.

548 4074 683 4145 xw).
708 4075 1000 4131 Metuentes
1030 4078 1155 4131 illud
1183 4096 1193 4129 :
1221 4076 1529 4132 Maledictus
1553 4079 1709 4135 homo
1734 4084 1820 4153 qui
1847 4085 1969 4154 facit
1998 4102 2123 4156 opus

547 4165 757 4220 Domini
786 4166 1097 4238 negligenter
1127 4167 1258 4238 (Jer.
1292 4169 1499 4237 XLVIII).

619 4257 834 4312 XXXII.
871 4259 1100 4312 Litteras
1126 4274 1313 4313 omnes
1343 4259 1568 4315 discant.

613 4349 849 4405 XXXIII.
882 4349 1076 4404 Omnes
1106 4350 1292 4406 ll.\'lSlS
1322 4363 1572 4407 maneant
1600 4354 1827 4409 lectulis.

614 4443 854 4499 XXXIV.
885 4444 1109 4501 Sanctus
1139 4445 1302 4513 abbas
1334 4460 1482 4503 extra
1519 4453 1984 4523 congregationem
2018 4468 2121 4507 non

543 4545 777 4589 maneat.

614 4625 829 4680 XXXV.
859 4627 973 4681 Iioc
1011 4630 1295 4696 specialius
1325 4645 1502 4685 coram
1551 4632 1660 4685 Deo
1691 4648 1971 4687 monemus
2016 4649 2113 4687 cu-

542 4716 749 4782 stodiri,
783 4727 839 4771 ut
868 4719 995 4772 nulli
1022 4722 1180 4775 liceat
1212 4738 1331 4776 cum
1380 4725 1484 4776 alio
1527 4728 1787 4779 secretius
1833 4728 1994 4795 loqui,
2028 4738 2118 4781 aut

543 4805 764 4870 sedere;
812 4811 1074 4877 prtecipue
1099 4813 1432 4879 vespertinis
1471 4824 1523 4867 et
1561 4818 1831 4870 nocturnis
1864 4817 2029 4875 horis.
2059 4819 2113 4875 Si

541 4888 748 4951 secrete
772 4897 973 4951 inventi
1024 4899 1238 4962 fuerint,
1269 4910 1514 4970 tanquam
1558 4906 1600 4957 si
1650 4906 1851 4959 crimen
1882 4909 2115 4964 admise-

541 4992 666 5054 rint,
698 4990 1039 5045 severissime
1069 4991 1485 5061 distringantur;
1508 4999 1710 5067 absque
1757 5000 1859 5055 illis
1887 5002 1976 5071 qui
2002 5018 2116 5071 pro-

541 5080 648 5134 bati
677 5089 801 5135 sunt
829 5090 985 5136 (etate
1012 5091 1063 5135 et
1093 5084 1391 5138 sanctitate.

610 5171 850 5233 XXXVI.
892 5173 1029 5228 Nulli
1064 5174 1222 5229 liccat
1261 5176 1403 5247 loqui
1434 5193 1551 5233 cum
1594 5179 1684 5235 illo
1707 5183 1796 5251 qui
1841 5182 1995 5237 fuerit
2023 5199 2117 5238 ex-

537 5264 977 5329 communicatus,
1015 5274 1206 5333 praeter
1241 5267 1389 5323 illum
1420 5284 1576 5339 quem
1620 5272 1669 5325 ei
1708 5285 1923 5328 sanctus
1954 5274 2117 5330 abbas

538 5352 812 5407 custodem
852 5353 1083 5409 dederit.

609 5443 871 5499 XXXVII.
930 5446 1137 5500 Obedite
1182 5450 1467 5517 prwpositis
1517 5453 1711 5514 vestris,
1764 5461 1809 5503 et
1862 5454 2117 5520 suliiarete

540 5533 640 5585 illis
656 5549 674 5586 :
702 5535 800 5602 ipsi
826 5538 955 5589 enim
974 5538 1269 5607 pervigilant
1290 5552 1378 5607 pro
1395 5541 1658 5593 animal-us
1681 5543 1850 5597 vestris
1872 5545 2115 5598 rationem

541 5626 801 5679 reddentes
836 5627 938 5681 Deo
970 5629 1153 5700 (Hebr.
1185 5632 1327 5699 xm).

612 5714 892 5771 XXXVIII.
922 5718 1118 5789 Siquis
1148 5738 1244 5791 pro
1286 5724 1520 5793 qualibet
1567 5725 1742 5797 culpa,
1801 5737 1891 5785 aut
1945 5740 2115 5787 trans~

2301 1892 2460 1947 XLII.
2497 1894 2561 1946 Et
2596 1893 2882 1962 quamlibet
2911 1894 3051 1961 justa
3098 1892 3379 1961 disciplina
3424 1901 3691 1955 teneatur,
3722 1901 3808 1946 ta-

2228 1996 2350 2037 men
2380 1982 2670 2037 secuudutn
2700 1983 2826 2037 illud
2860 2000 2872 2035 :
2902 1982 3183 2036 Bonitatem
3208 1994 3253 2036 et
3276 1984 3605 2049 disciplinam
3627 1982 3807 2051 (Pent.

2226 2074 2441 2145 csvm),
2471 2085 2749 2145 paternum
2781 2075 3025 2129 allectum
3053 2083 3270 2129 sanctus
3299 2074 3464 2130 abbas
3500 2075 3645 2128 circa
3693 2091 3809 2128 om-

2230 2181 2324 2221 nes
2354 2176 2552 2232 teneat,
2581 2168 2875 2223 secundum
2899 2167 3212 2237 Apostolum
3240 2184 3254 2220 :
3281 2175 3526 2236 tanquam
3558 2169 3603 2220 si
3627 2170 3808 2220 nutrix

2230 2257 2394 2325 foveat
2422 2259 2660 2326 parvulos
2681 2274 2801 2311 suos
2824 2258 2885 2328 (Ι
2912 2257 3110 2325 Thess,
3142 2256 3226 2324 it).
3254 2258 3350 2321 Et,
3382 2258 3615 2311 omnibus
3636 2261 3813 2312 omnia

2233 2345 2398 2414 {actus
2427 2362 2557 2409 sum,
2586 2356 2640 2400 ut
2668 2363 2837 2401 omnes
2866 2347 3216 2415 lucrifacerem
3249 2346 3299 2417 (1
3320 2346 3463 2414 Con,
3488 2350 3591 2418 ιχ).

2304 2434 2483 2490 XLIII.
2519 2437 2714 2492 Sancto
2743 2437 2917 2491 abbati
2947 2452 3053 2492 non
3086 2438 3239 2492 liceat
3268 2437 3469 2501 aliquid
3493 2438 3563 2494 de
3587 2439 3813 2494 faculta-

2233 2530 2372 2584 tibus
2401 2530 2706 2585 monasterii
2753 2530 2955 2586 donare
2995 2540 3087 2585 aut
3141 2531 3406 2596 vendere;
3462 2548 3562 2588 nec
3606 2534 3810 2603 aliquid

2231 2631 2417 2676 contra
2447 2620 2662 2690 Regula:
2692 2622 2930 2676 inStituta
2960 2636 3139 2690 agere.
3172 2623 3325 2688 Quod
3349 2624 3393 2677 si
3425 2624 3601 2678 facere
3631 2633 3813 2677 tenta-

2231 2714 2386 2778 verit,
2442 2724 2627 2769 sancto
2674 2714 2898 2770 consilio
2948 2724 3001 2771 et
3041 2730 3143 2769 uno
3171 2730 3439 2771 consensu
3486 2717 3716 2772 Iratrum
3742 2733 3811 2771 ex

2234 2816 2418 2861 nostro
2463 2806 2729 2875 permisso
2770 2822 2874 2862 non
2905 2808 2953 2862 ei
3004 2808 3381 2875 acquiescatis;
3437 2818 3492 2864 et
3538 2809 3642 2863 hoc
3703 2811 3815 2863 ﬁeri

2233 2898 2374 2951 nulla
2402 2899 2607 2952 ratione
2635 2898 2956 2967 permittite;
2983 2899 3103 2968 quia
3129 2913 3345 2952 causam
3383 2912 3444 2953 se
3484 2907 3610 2954 ante
3636 2899 3812 2954 Deum

2233 2988 2441 3044 noverit
2465 3003 2583 3042 esse
2610 2989 2900 3043 dicturum.

2303 3078 2485 3135 XLIV.
2511 3063 2715 3150 Siquid
2743 3094 2871 3137 vero
2894 3078 3215 3149 superfuerit
3236 3078 3487 3148 expensis
3514 3089 3607 3133 aut
3630 3080 3817 3134 usibus

2149 3165 2199 3231 α
2232 3171 2476 3239 fratrum,
2518 3172 2570 3225 in
2601 3186 2754 3236 auro,
2798 3182 2889 3226 aut
2936 3171 2990 3226 in
3019 3172 3276 3236 vestibus,
3305 3171 3389 3225 vel
3419 3170 3665 3233 cellario,
3698 3184 3818 3223 san-

2229 3277 2345 3317 ctus
2373 3264 2535 3317 abbas
2566 3278 2659 3332 per
2692 3276 2878 3317 manus
2908 3263 3223 3332 provisoris,
3256 3272 3345 3315 aut
3377 3277 3475 3330 per
3516 3262 3819 3331 quamlibet

2230 3354 2439 3409 ﬁdelem
2467 3369 2749 3424 personam
2780 3352 3117 3424 pauperibus,
3154 3353 3474 3422 peregrinis,
3508 3361 3603 3406 aut
3643 3355 3818 3421 capti-

2228 3447 2308 3498 vis
2334 3444 2491 3499 faciat
2521 3444 2836 3513 dispensari.

2298 3535 2463 3590 XLV.
2500 3536 2823 3591 Vestimenta
2862 3538 3020 3592 etiam
3065 3550 3183 3590 cum
3217 3550 3354 3589 nova
3402 3535 3700 3605 accipiunt,
3733 3550 3820 3587 ve-

2230 3638 2345 3683 tera
2379 3629 2556 3684 abbati
2605 3630 2910 3695 refundant,
2942 3628 3318 3698 incipientibus
3364 3637 3455 3682 aut
3484 3628 3813 3697 pauperibus

2228 3722 2517 3790 eroganda.

2303 3812 2482 3865 XLVI.
2525 3811 2709 3868 Nullus
2738 3815 2991 3867 honorem
3025 3811 3340 3881 presbyterii
3371 3819 3459 3865 aut
3487 3810 3811 3864 diaconatus

2228 3904 2475 3973 accipiat,
2509 3915 2704 3975 praeter
2727 3905 2972 3960 abbatem
3002 3906 3045 3959 si
3069 3904 3296 3959 voluerit
3317 3904 3550 3957 ordinari
3587 3903 3816 3974 presby-

2232 4006 2425 4062 terum,
2458 4006 2511 4050 ct
2542 4012 2703 4050 unum
2726 3997 3028 4062 diaconcm,
3055 4005 3107 4049 ct
3132 3995 3535 4060 subdiaconem,
3557 4010 3668 4063 quo
3698 3995 3815 4063 ipse

2230 4089 2479 4153 voluerit,
2516 4100 2567 4144 et
2588 4089 2798 4159 quando
2824 4090 3077 4153 voluerit,
3110 4087 3393 4141 ordinandi
3435 4088 3627 4143 habeat
3657 4097 3817 4156 puteo

2229 4187 2441 4232 Statem.
2471 4180 2524 4233 Si
2558 4196 2686 4233 vero
2736 4181 2841 4234 Deo
2870 4180 3098 4248 propitio
3128 4179 3198 4232 ita
3227 4179 3579 4247 proliceretis,
3614 4187 3671 4231 ut
3713 4180 3814 4231 ali-

2228 4271 2344 4337 quis
2376 4286 2437 4323 ex
2479 4272 2628 4325 vobis
2668 4271 2733 4325 ad
2765 4272 3126 4340 episcopatum
3174 4278 3471 4339 expetatur,
3516 4272 3629 4337 ipse
3657 4270 3815 4323 solus

2228 4363 2550 4429 egrediatur.

2301 4458 2502 4512 XLVII.
2537 4458 2634 4525 Qui
2667 4474 2794 4514 vero
2843 4460 3062 4513 minoris
3104 4461 3278 4513 aetatis
3330 4467 3470 4523 sunt,
3523 4467 3617 4511 aut
3664 4457 3810 4509 vivis

2154 4541 2529 4613 Dparentibus
2586 4548 2637 4602 in
2699 4551 3078 4603 monasterium
3132 4549 3536 4618 ingrediuntur,
3588 4546 3810 4600 chartas

2221 4652 2347 4694 time
2374 4642 2547 4696 facere
2575 4644 2985 4711 compellantur,
3019 4642 3231 4712 quando
3263 4651 3418 4695 natale
3442 4638 3650 4709 probati
3686 4639 3811 4694 fue-

2217 4736 2344 4797 rint,
2371 4742 2463 4785 aut
2492 4748 2579 4788 res
2611 4742 2881 4799 parentum
2915 4734 2965 4786 in
2993 4742 3251 4803 potestate
3284 4731 3583 4787 habuerint.

2290 4824 2515 4879 XLVIII.
2557 4823 2869 4880 Convivium
2904 4827 3055 4891 nulli,
3088 4841 3183 4881 nec
3201 4826 3485 4894 episcopis,
3519 4839 3617 4878 nec
3639 4823 3810 4879 abba-

2219 4916 2379 4981 tibus,
2426 4929 2526 4969 nec
2556 4915 2945 4983 provisoribus,
2997 4930 3096 4972 nec
3122 4917 3215 4970 ulli
3264 4916 3514 4985 religioso
3544 4926 3636 4969 aut
3666 4916 3809 4969 laico

2222 5009 2424 5075 parenti
2454 5018 2544 5061 aut
2572 5010 2870 5079 propinquo
2896 5011 2965 5065 de
2997 5010 3095 5063 hac
3129 5009 3351 5062 civitate
3393 5009 3443 5061 in
3473 5008 3807 5061 monasterio

2222 5100 2331 5151 liat.
2364 5098 2465 5152 Sed
2498 5098 2540 5153 si
2566 5099 2706 5169 quis,
2742 5110 2799 5154 ut
2825 5102 3041 5164 assolet,
3067 5100 3250 5165 abbas,
3277 5108 3366 5152 aut
3397 5098 3664 5168 peregrini
3692 5112 3807 5152 mo-

2220 5189 2373 5243 nachi
2408 5200 2791 5258 praetereuntes
2815 5194 3150 5258 advenerint,
3177 5201 3231 5245 et
3257 5192 3583 5245 monasterio
3608 5205 3805 5244 occur-

2217 5295 2339 5336 rere
2366 5281 2654 5349 voluerint,
2684 5284 2771 5337 sit
2798 5284 2848 5336 in
2878 5292 3139 5352 potestate
3165 5283 3333 5337 sanati
3373 5282 3602 5346 abbatis,
3635 5282 3679 5335 si
3702 5295 3805 5336 eos

2221 5374 2444 5428 voluerit
2487 5375 2551 5427 ad
2586 5375 2935 5431 refectionem
2967 5378 3217 5431 invitare.
3260 5376 3391 5443 Quia
3438 5376 3804 5429 indesinenter

2220 5474 2459 5518 sanctam
2490 5465 2804 5520 charitatem
2828 5476 3058 5522 vestram
3084 5469 3311 5521 orationi
3340 5477 3394 5522 et
3423 5467 3639 5521 lectioni
3667 5466 3803 5520 insi-

2216 5564 2380 5623 stere,
2411 5567 2465 5610 et
2491 5555 2593 5611 soli
2619 5557 2728 5611 Deo
2758 5573 2949 5612 vacare
2980 5559 3220 5612 volumus
3247 5574 3261 5609 :
3314 5558 3435 5611 ideo
3466 5572 3563 5611 vos
3592 5556 3661 5610 ab
3701 5555 3829 5625 har,

2218 5646 2604 5715 prarparationc
2651 5656 2740 5703 aut
2788 5647 3154 5719 inquietudine
3202 5649 3400 5704 liberos
3445 5661 3568 5702 esse
3611 5646 3803 5715 ιη·πεὶ-

2216 5752 2415 5807 pimus.
