4004 6354
202 269 318 328 393

202 571 434 631 uterque
457 565 636 631 homo,
669 578 720 623 et
746 571 980 625 exterior
1005 573 1147 638 cibo,
1176 587 1231 631 et
1260 579 1480 634 interior
1506 586 1670 638 verbo
1694 586 1786 642 Dei

201 653 496 708 reﬁciatur.
523 659 654 721 Quia
681 660 938 728 scriptum
970 674 1055 718 est
1088 684 1102 720 :
1136 665 1257 720 Non
1287 671 1337 722 in
1376 688 1509 739 pane
1535 677 1647 728 solo
1671 678 1788 731 vivit

202 741 378 807 homo,
409 747 498 798 sed
533 747 588 800 in
619 750 757 802 omni
785 752 930 806 verba
961 753 1054 809 Dei
1076 756 1288 824 (Matth.
1315 762 1409 829 iv).

280 835 342 890 L.
379 837 607 893 Sanctus
629 843 814 908 abbas,
843 846 947 900 nisi
975 849 1332 920 inaequalitate
1362 856 1610 926 faciente,
1634 873 1784 917 extra

193 931 671 999 congregationem
702 950 807 990 non
840 938 1067 996 reﬁciet.

277 1022 361 1079 LI.
402 1023 605 1081 Carnes
635 1028 685 1082 in
708 1030 829 1084 cibo
857 1048 1116 1103 nusquam
1147 1049 1446 1095 sumantur.
1489 1042 1622 1098 Pulli
1650 1062 1784 1102 vero

193 1117 288 1171 vel
317 1127 505 1173 cuncta
532 1121 696 1177 altilia
726 1121 778 1177 in
805 1130 1218 1196 congregatione
1240 1146 1343 1186 non
1369 1134 1777 1192 minisnentur:

193 1210 432 1266 infirmis
463 1223 664 1269 tantum
698 1219 1099 1287 provideantur,
1131 1233 1188 1279 et
1215 1227 1461 1296 accipere
1491 1230 1667 1286 liceat.
1702 1233 1784 1288 Pi-

192 1318 323 1358 sces
355 1319 482 1362 vero
519 1309 680 1363 certis
718 1308 1119 1379 festivitatibus,
1168 1327 1262 1372 aut
1311 1321 1526 1389 quando
1565 1337 1784 1381 sanctus

191 1393 370 1450 abbas
393 1397 771 1468 indulgentiam
789 1402 964 1460 fzicere
993 1407 1241 1474 voluerit,
1271 1418 1394 1464 tunc
1409 1426 1777 1480 procurentur.

275 1483 382 1539 LII.
426 1486 588 1544 Extra
618 1504 857 1546 mensam
884 1507 1224 1551 communem
1248 1513 1348 1553 nec
1369 1502 1658 1571 quidquam
1681 1506 1783 1560 cibi

191 1585 429 1645 potusve
454 1589 668 1650 gustare
707 1582 891 1652 liceat,
942 1586 1146 1657 absque
1174 1591 1399 1647 inﬁrmis
1427 1603 1482 1648 et
1512 1595 1618 1650 illis
1659 1608 1784 1652 teta-

191 1667 370 1734 tibus,
402 1683 522 1741 qum
549 1673 727 1729 adhuc
755 1678 1075 1743 perenutriri
1105 1678 1365 1751 indigent.

272 1758 405 1815 LIII.
448 1760 676 1817 Inﬁrmis
716 1779 845 1820 vero
876 1767 947 1822 ita
986 1767 1464 1837 obtemperantium
1503 1786 1604 1842 est,
1651 1779 1781 1833 utsi
1817 1789 1858 1846 Β
1887 1791 1941 1838 et

187 1858 390 1904 sancto
417 1851 597 1908 abbati
622 1853 825 1924 justum
860 1858 1036 1912 visum
1068 1858 1247 1928 fuerit,
1271 1863 1429 1919 etiam
1451 1867 1782 1924 cellariolum

188 1951 356 1992 suum
389 1940 440 1994 in
484 1957 792 2011 commune,
841 1956 896 2001 et
933 1949 1217 2019 coquinam
1249 1964 1639 2023 sequestratam
1691 1960 1786 2012 ha.-

189 2027 404 2086 beant:
448 2042 503 2087 et
527 2049 655 2090 cura
687 2037 790 2092 illis
822 2039 904 2094 vel
934 2041 1168 2097 studium
1211 2045 1567 2117 impendatur,
1608 2051 1782 2108 donec

186 2123 603 2180 convalescant.

1428 291 1466 344 ll
1479 292 1703 349 ῑςϐυιΑ
1746 297 1784 348 Α
1798 297 1836 349 ι)
1876 297 2260 356 MUNACIIOS.

286 383 469 438 XLIX.
496 385 755 442 Sedentcs
781 390 845 444 ad
877 406 1114 447 mensam
1145 404 1374 464 taceant,
1405 410 1457 456 et
1483 402 1642 457 lectio
1663 422 1792 474 quo-
1822 415 1868 469 Α

203 473 340 528 tidie
377 477 519 528 omni
553 487 814 546 tempore,
844 481 969 536 dum
998 485 1150 540 cibus
1172 490 1418 555 sumitur,
1455 473 1699 562 legatur}
1737 509 1791 552 ut

3375 324 3475 379 30'.

1970 411 2101 468 LIV.
2149 414 2214 467 Et
2243 419 2363 487 quia
2395 421 2502 474 Deo
2539 424 2772 494 propitio
2806 427 2962 499 digna
2995 441 3047 486 et
3084 435 3357 491 sufficiens
3387 457 3452 492 vo

1894 502 1975 557 bis
2023 505 2243 561 facultas
2290 513 2484 567 collata
2532 527 2635 585 est,
2689 534 2806 586 qua:
2852 523 3104 581 sufﬁcere
3149 538 3478 586 monasterio

1893 602 2068 647 vestro
2096 599 2281 666 possit,
2313 616 2492 658 eoram
2526 605 2635 659 Deo
2663 618 2717 662 et
2756 613 2961 681 angelis
3003 615 3120 685 ejus
3165 627 3238 685 te,
3287 635 3474 679 sancte

1892 684 2060 738 frater
2085 689 2242 758 abba,
2275 703 2330 747 et
2356 704 2427 760 te,
2456 702 2775 757 venerabilis
2797 707 3097 777 quicunque
3127 713 3290 768 fueris
3332 734 3473 785 pne-

1888 775 2112 842 positus,
2142 779 2406 838 admoneo
2433 796 2486 841 et
2515 801 2815 857 contestor,
2857 806 2914 852 ut
2953 811 3153 857 sanctae
3192 820 3477 879 congrega-

1888 863 2042 931 tioui,
2073 883 2192 936 quae
2224 871 2332 926 Deo
2357 876 2648 946 inspirante
2669 895 2722 938 et
2749 885 2974 955 jubente
3001 863 3476 955 securidumuinSti-

1888 961 1995 1007 tuta
2029 971 2149 1024 quae
2178 958 2400 1018 fecimus
2446 971 2764 1038 regulariter
2809 978 2960 1048 vivit,
3007 983 3182 1037 omnia
3231 1002 3350 1045 utne
3396 992 3476 1043 eis

1885 1056 2010 1098 sunt
2055 1055 2354 1108 necessaria
2403 1057 2454 1112 in
2501 1066 2695 1118 vestitu
2725 1077 2779 1120 et
2807 1071 2949 1126 victu
2993 1090 3113 1130 cum
3151 1079 3472 1136 sufﬁcientia

1888 1138 2148 1195 tribunalis.
2182 1145 2351 1211 Quam
2385 1166 2495 1206 rem
2539 1154 2581 1207 si
2625 1158 2992 1230 neglexeritis,
3015 1175 3069 1220 et
3106 1167 3179 1222 illi
3212 1176 3475 1238 coeperint

1883 1232 2108 1304 aliquid,
2142 1243 2462 1298 necessitate
2489 1251 2860 1320 compellente,
2895 1272 3229 1316 murmurare
3257 1275 3345 1318 aut
3396 1266 3472 1319 iu-

1884 1322 2087 1392 digere,
2138 1345 2354 1386 causam
2385 1350 2483 1388 vos
2524 1350 2648 1395 ante
2703 1343 2937 1400 tribunal
2979 1348 3178 1406 Christi
3212 1358 3468 1411 noveritis

1885 1430 2091 1472 mecum
2118 1435 2236 1477 esse
2264 1425 2525 1483 dicturos.

1955 1508 2064 1564 LV.
2106 1512 2174 1566 Et
2203 1529 2320 1584 vos,
2376 1533 2560 1576 sancta
2602 1530 2967 1598 congregatio,
3021 1548 3118 1602 per
3170 1539 3294 1605 prof
3309 1552 3468 1597 -ctum

1883 1611 2118 1659 vestrum
2175 1619 2228 1662 et
2259 1625 2354 1678 per
2407 1613 2571 1669 Deum
2621 1619 3046 1689 omnipotentem
3106 1629 3351 1700 cnnjuro,
3410 1647 3466 1689 ut

1886 1694 2061 1747 omnia
2092 1711 2214 1765 qua:
2242 1700 2294 1753 in
2323 1701 2422 1758 hac
2450 1709 2630 1774 regula
2663 1727 2757 1776 pro
2785 1715 3025 1770 remedio
3056 1720 3247 1774 animus
3276 1736 3470 1780 nostra:

1971 1799 2066 1854 pro
2091 1788 2389 1847 animarum
2422 1807 2723 1855 vestrarum
2761 1805 2930 1860 salute
2957 1812 3356 1878 constituimus,
3389 1817 3469 1870 iu-

1889 1884 2034 1944 tegra
2059 1889 2111 1932 et
2133 1879 2333 1936 illibata
2359 1888 2694 1946 custodiatis.
2731 1895 2797 1949 Et
2826 1913 2892 1952 ne
2915 1915 3012 1967 per
3031 1903 3469 1962 oblivioncmali-

1885 1967 2011 2033 quid
2042 1972 2347 2041 negligatis,
2381 1981 2548 2035 semel
2575 1997 2634 2036 ea
2665 1985 2716 2036 in
2752 1988 2966 2055 triginta
2997 1991 3184 2048 diebus
3214 1997 3468 2067 relegite;

1887 2056 1938 2109 id
1969 2068 2051 2113 est
2077 2061 2128 2115 in
2161 2065 2421 2122 calendis.

390 2258 694 2326 Ordinem
738 2266 929 2328 etiam
973 2285 1103 2348 quo
1145 2274 1418 2349 psallere
1461 2281 1768 2357 debeatis,
1821 2291 1882 2348 in
1931 2291 2051 2353 hoc
2097 2293 2315 2356 libello
2355 2279 2782 2387 judicavimus
2828 2307 3259 2374 inserendum.

394 2365 526 2390 ,τῃ
557 2367 640 2390 λε,
683 2368 896 2390 nunc“
934 2388 948 2390 _
978 2373 992 2390 .
1028 2383 1065 2390 _,
1109 2376 1142 2390 -.
1268 2388 1276 2390 μ
1385 2379 1425 2390 ν
1493 2383 1503 2390 .
1610 2386 1665 2390 --

268 2363 328 2417 In
356 2365 528 2434 primo
555 2367 641 2422 die
683 2368 902 2426 Pascbte
929 2373 992 2428 ad
1027 2376 1231 2430 tertiam
1265 2388 1344 2433 ter
1374 2379 1534 2451 Kyrie
1567 2386 1787 2452 eleison,

187 2454 390 2524 psalmi
421 2455 698 2513 duodecim
728 2477 743 2514 :
774 2460 824 2514 id
845 2473 949 2529 est,
988 2475 1214 2531 quatuor
1237 2467 1432 2526 fratres
1468 2471 1621 2528 binos
1646 2479 1784 2545 psal-

189 2561 316 2600 mos
357 2554 411 2601 et
438 2547 811 2606 alleluiaticum
850 2553 1063 2608 tertium
1102 2556 1280 2613 dicant
1315 2577 1328 2611 :
1361 2561 1615 2626 perdictis
1639 2567 1781 2635 psal-

187 2640 320 2702 mis,
359 2637 518 2709 Kyrie
551 2639 740 2695 eleison
772 2652 826 2697 et
853 2644 1172 2714 antiphonas
1192 2663 1306 2714 sex,
1340 2649 1597 2709 lectiones
1627 2665 1734 2711 tres
1761 2676 1774 2710 :

189 2742 298 2782 una
322 2726 392 2782 de
423 2728 638 2784 Actibus
665 2732 1059 2802 apostolorum,
1093 2735 1194 2791 alia
1216 2742 1283 2792 de
1305 2739 1643 2812 Apocalypsi,
1677 2754 1779 2801 trr-

187 2816 262 2870 tia
286 2815 360 2871 de
391 2816 702 2888 Evangelio;
737 2821 964 2893 hymnus
989 2823 1112 2879 Jam
1149 2829 1314 2898 surgit
1352 2829 1480 2886 hora
1511 2835 1678 2902 tertia,
1724 2847 1778 2893 et

186 2904 530 2974 capitellum;
558 2907 754 2965 deinde
785 2911 944 2981 Kyrie
970 2915 1179 2971 eleison.
1205 2917 1296 2974 Sic
1336 2921 1387 2974 in
1432 2925 1580 2979 omni
1609 2941 1775 2996 opere

189 2993 286 3049 Dei
319 2997 474 3051 tertia
510 2996 629 3052 vice
675 2997 834 3070 It'yrie
861 3005 1051 3059 eteison
1092 3007 1272 3073 dicite,
1321 3020 1603 3083 antequam
1637 2993 1769 3072 inci-

188 3086 390 3155 piatis:
418 3096 473 3143 et
501 3090 719 3159 psalmis
753 3096 1004 3162 perdicﬁs
1031 3108 1085 3154 et
1109 3103 1360 3171 capitello
1400 3108 1662 3175 perdicto.
1694 3112 1776 3167 Ad

184 3191 398 3236 sextam
428 3183 567 3238 idem
617 3200 870 3243 numerus
915 3191 1263 3260 psalmorum,
1312 3199 1601 3267 antiphona
1647 3219 1770 3270 una,
1801 3234 1845 3295 Ο
1879 3215 2008 3268 nam
2035 3217 2086 3269 ίη
2115 3228 2320 3283 aestate,

186 3271 423 3295 L........-
456 3290 468 3295 -
515 3275 617 3295 1----
651 3287 784 3295 --μηκ
827 3294 861 3295 η
940 3282 949 3291 ο
1092 3281 1104 3295 Ι
1144 3286 1172 3295 -γ
1306 3286 1318 3295 .
1412 3288 1424 3295 .
1494 3291 1530 3295 -
1757 3294 1760 3295 ,

186 3271 426 3342 hymnus
455 3290 470 3326 :
500 3275 621 3327 Jam
643 3287 786 3330 sexta
814 3282 999 3333 sensim
1023 3281 1262 3349 volv'tur,
1306 3286 1462 3342 lectio
1493 3291 1768 3362 Evangelii

183 3369 241 3416 et
267 3362 603 3430 capitellum.
628 3362 710 3418 Ad
741 3382 936 3423 nonam
979 3369 1092 3438 ipse
1129 3372 1264 3427 ordo
1307 3383 1588 3434 teneatur:
1623 3380 1774 3451 hym-

183 3466 308 3518 nus,
345 3450 448 3505 Ter
476 3453 604 3508 hora
632 3457 767 3510 tritta
785 3457 1020 3513 volvitur.
1051 3461 1134 3517 Ad
1157 3463 1513 3523 lucernarium
1538 3450 1770 3530 directa-

186 3560 322 3601 neus
368 3547 649 3615 parvulus;
703 3549 756 3604 id
807 3561 909 3619 est,
941 3553 1120 3626 Regna
1165 3566 1332 3623 terrm,
1389 3571 1587 3617 cantate
1639 3564 1768 3630 Deo,

184 3640 395 3706 psallite
430 3637 649 3696 Domino
695 3641 868 3712 (Psal.
919 3648 1112 3718 vatt).
1164 3649 1282 3704 Alia
1325 3651 1450 3707 die:
1503 3655 1767 3723 Laudate,

185 3729 360 3794 pueri,
408 3728 718 3798 Dominum;
749 3736 1038 3804 antiphona
1085 3740 1217 3804 tria;
1253 3741 1483 3813 hymnus
1513 3765 1525 3799 :
1561 3747 1661 3802 llic
1696 3760 1769 3806 est

184 3819 294 3874 dies
324 3837 472 3875 uerus
503 3821 620 3888 Dei,
664 3835 718 3879 et
755 3827 1099 3896 capitellum;
1131 3846 1290 3902 quem
1352 3835 1610 3905 hymnum
1657 3848 1770 3896 toto

184 3909 395 3966 Pascha
442 3913 508 3967 ad
553 3915 841 3971 matutinos
885 3928 940 3974 et
974 3921 1042 3974 ad
1089 3921 1444 3982 lucernarium
1473 3928 1649 3988 dicite.
1685 3934 1767 3989 Ad

183 4001 560 4058 duodecimam
607 4005 872 4074 imprimis
914 4008 1257 4069 directaneus
1312 4019 1609 4084 parvulus:
1671 4023 1767 4079 Sol

185 4094 420 4163 cognovit
440 4111 675 4150 occasum
712 4114 860 4152 suum
889 4098 1060 4169 (Psal.
1087 4105 1225 4174 CIII).
1255 4105 1361 4161 Sex
1395 4108 1585 4166 fratres
1615 4114 1768 4169 binos

185 4185 424 4251 psalmos
478 4201 598 4242 cum
651 4187 763 4244 suis
814 4190 1150 4250 alleluiaticis
1207 4196 1426 4266 dicant,
1476 4205 1767 4273 antiphona

185 4276 323 4346 tria,
386 4278 640 4336 lectiones
689 4282 855 4350 duas,
906 4295 1067 4340 unam
1121 4288 1188 4343 de
1243 4290 1540 4360 Apostolo,
1609 4299 1764 4352 aliam

183 4365 253 4423 de
343 4369 656 4441 Evangelia.
746 4373 828 4427 Ad
912 4385 1204 4431 nocturnos
1288 4381 1567 4446 paschales
1649 4387 1766 4454 ipso

184 4477 413 4519 numero
442 4466 621 4520 omnia
671 4465 853 4532 dicite,
895 4469 1037 4522 sicut
1080 4473 1130 4522 in
1178 4471 1490 4528 duodecima
1522 4477 1767 4547 designa-

181 4553 386 4606 vimus.
427 4555 505 4608 Ad
539 4555 829 4610 matutinos
866 4557 1129 4625 imprimis
1153 4560 1552 4621 directaneum:
1601 4569 1766 4623 Era!-

183 4645 306 4694 tabo
319 4653 386 4706 te,
409 4641 545 4698 Deus
561 4659 703 4700 meus
719 4655 766 4698 et
782 4645 891 4701 Rea:
912 4663 1070 4703 meus.
1097 4649 1242 4718 lude,
1256 4653 1444 4708 Indica
1469 4673 1568 4724 me,
1593 4659 1764 4726 Deus;

182 4743 259 4800 et,
296 4731 436 4788 Deus
461 4734 595 4788 Deus
617 4752 779 4802 meus,
803 4739 871 4791 ad
891 4749 938 4792 te
957 4741 1021 4794 de
1041 4741 1155 4798 luce
1180 4745 1356 4816 vigilo,
1384 4761 1504 4803 cum
1530 4751 1762 4808 alleluia.

186 4822 408 4888 Deinde,
438 4822 762 4894 Conﬁtemiui
791 4828 1029 4896 Domino,
1057 4847 1179 4888 cum
1204 4838 1445 4904 alleluia;
1480 4842 1604 4898 inde
1629 4843 1764 4898 Can-

186 4921 348 4966 temus
379 4913 618 4980 Domino,
664 4926 721 4970 et
745 4917 916 4986 ipsum
939 4921 1045 4987 sic;
1099 4934 1303 4994 postea,
1345 4927 1546 4997 Lauda,
1590 4936 1762 4992 anima

188 5020 315 5070 mea,
367 5004 660 5060 Dominum.
722 5008 952 5064 Laudate
989 5011 1286 5081 Dominum,
1313 5021 1552 5087 quoniam
1601 5023 1761 5082 bonus

187 5105 256 5147 est
284 5100 530 5167 psalmus.
571 5097 773 5161 Lauda,
804 5101 1110 5169 Jtrusalem,
1142 5105 1418 5163 Dominum
1438 5127 1458 5164 :
1488 5123 1626 5170 totos
1651 5127 1760 5174 tres

187 5184 433 5252 alleluia;
488 5188 682 5244 deinde
729 5190 1032 5248 benedictio
1057 5194 1283 5252 dicenda
1335 5208 1436 5253 est.
1487 5202 1611 5260 Post
1660 5207 1756 5263 be-

188 5274 567 5331 nedictionem:
626 5278 860 5334 Laudate
905 5281 1185 5338 Dominum
1232 5287 1296 5340 de
1337 5290 1497 5346 caelis.
1544 5293 1758 5352 Cautate

188 5363 404 5423 Domino
425 5370 678 5424 canticum
706 5389 910 5428 novum.
934 5373 1164 5430 Laudate
1184 5376 1465 5436 Dominum
1493 5386 1545 5438 in
1571 5392 1760 5443 sanctis

189 5460 294 5528 ejus
317 5478 335 5526 ;
363 5475 482 5515 cum
513 5462 754 5518 alleluia.
789 5464 1091 5536 Hagniﬁcat
1117 5471 1294 5524 anima
1319 5489 1432 5526 mea
1458 5475 1755 5547 Dominum,

191 5562 275 5602 aut
326 5568 444 5607 cum
493 5555 812 5621 antiphona,
861 5566 954 5611 aut
1001 5572 1125 5613 cum
1179 5561 1427 5628 alleluia;
1480 5567 1751 5637 hymnum,

195 5638 364 5699 Gloria
408 5648 460 5698 in
490 5647 702 5700 ett-celsis
734 5646 864 5714 Deo,
916 5660 969 5704 et
999 5652 1328 5720 capitellum.
1383 5658 1448 5712 Et
1490 5663 1754 5730 complete

198 5737 471 5792 matutinos
497 5739 613 5807 ipso
641 5740 826 5794 ordine
848 5750 957 5795 toto
990 5743 1209 5802 Pascha.
1242 5749 1328 5803 Sic
1349 5751 1492 5806 omni
1523 5753 1610 5808 die
1650 5756 1714 5810 d”

502 5831 772 5894 ΡΑτιιοι.
821 5834 1077 5898 LXVIII
1087 5881 1101 5898 .

1891 2392 2106 2457 minico,
2157 2404 2212 2450 et
2237 2399 2483 2455 omnibus
2523 2402 2816 2477 majoribus
2843 2405 3238 2479 festivitatibus,
3275 2417 3323 2470 in
3350 2421 3465 2488 qui-

1887 2483 1983 2538 bus
2014 2486 2082 2540 ab
2107 2502 2272 2555 opere
2300 2483 2575 2547 vacabitis.
2627 2495 2963 2561 Quotitlianis
3006 2517 3133 2557 vero
3178 2483 3462 2564 diebus-ad

1885 2585 2178 2634 nocturnos
2232 2580 2494 2649 imprimis
2539 2584 2876 2644 directaneus
2919 2591 3176 2652 dicatur:
3224 2597 3464 2655 Miserere

1880 2666 1999 2724 mei,
2047 2666 2222 2733 Deus,
2250 2674 2527 2726 secundum
2557 2691 2792 2744 magnam
2841 2683 3241 2739 misericordiam
3289 2698 3463 2746 tuam:

1878 2757 2072 2815 deinde
2095 2763 2283 2828 psalmi
2312 2763 2499 2820 decem
2522 2777 2578 2822 et
2595 2777 2737 2823 octo.
2769 2772 3071 2841 Antiphona
3096 2778 3194 2832 tria
3218 2786 3460 2848 parvula,

1877 2850 2135 2908 lectiones
2168 2857 2406 2924 Apostoli
2435 2868 2528 2912 aut
2557 2860 2941 2931 Prophetarum
2970 2867 3109 2934 dua,
3160 2879 3215 2925 et
3242 2875 3460 2943 capitel-

1875 2941 2004 2997 lum.
2033 2942 2326 3014 Completis
2357 2950 2633 3007 nocturnis
2653 2953 2815 3010 dicite
2837 2960 3146 3015 matutinos.
3171 2961 3226 3016 In
3249 2941 3456 3034 testate,

1877 3032 1928 3087 id
1951 3044 2052 3098 est,
2079 3046 2197 3102 post
2225 3037 2430 3093 Pascha
2472 3058 2639 3111 usque
2668 3046 2920 3102 calendas
2942 3050 3207 3119 Octobris,
3235 3055 3350 3125 ipse
3370 3032 3459 3114 or;-

1875 3123 1945 3177 do
1973 3126 2094 3179 erit.
2151 3126 2312 3182 Sexta
2343 3129 2474 3184 feria
2506 3149 2635 3188 vero
2665 3145 2783 3204 post
2812 3149 3104 3196 nocturnos
3133 3143 3252 3198 duae
3279 3150 3459 3204 missae

2372 3221 2425 3275 in
2457 3223 2633 3278 hieme
2664 3236 2792 3283 tres.
2841 3229 2971 3285 Nam
3015 3234 3279 3292 dominica
3310 3246 3457 3298 omni

1877 3314 2117 3376 tempore
2143 3319 2196 3365 et
2228 3311 2280 3366 in
2313 3322 2498 3368 testate
2524 3324 2577 3370 et
2602 3316 2655 3371 in
2702 3319 2875 3376 hieme
2899 3331 3018 3392 post
3040 3338 3331 3386 nocturnos
3358 3348 3453 3389 sex

1875 3398 2054 3452 missa:
2095 3401 2242 3456 ﬁant.
2297 3403 2351 3458 Si
2383 3421 2511 3461 vero
2552 3412 2794 3466 evenerit
2823 3425 2878 3467 ut
2924 3416 3124 3473 tardius
3151 3422 3218 3475 ad
3250 3425 3453 3493 vigilias

1873 3498 2143 3560 surgatur,
2191 3505 2446 3562 quantum
2479 3498 2660 3555 abbati
2691 3503 2860 3559 visum
2910 3506 3090 3577 fuerit,
3142 3522 3344 3570 tantum
3377 3519 3454 3573 le-

1871 3591 2046 3650 gatur.
2097 3583 2321 3651 Quando
2370 3588 2577 3657 signum
2609 3590 2814 3658 fecerit,
2861 3598 2951 3664 qui
2977 3597 3105 3669 legit
3135 3603 3252 3659 sine
3300 3622 3450 3662 mora

1873 3687 2177 3745 consurgat,
2227 3681 2606 3736 utcanonicns
2653 3685 2934 3743 missarum
2976 3707 3230 3749 numerus
3282 3703 3454 3766 possit

1874 3763 2101 3831 impleri.
2151 3765 2192 3820 A
2217 3768 2456 3824 calendis
2499 3786 2631 3827 vero
2660 3775 2908 3834 Octobris
2951 3782 3040 3836 alii
3070 3763 3313 3842 nocturni
3353 3792 3452 3844 ad-

1871 3854 2029 3910 dendi
2057 3866 2209 3912 sunt:
2253 3861 2319 3914 ad
2350 3861 2552 3930 primos
2579 3863 2866 3924 dicendum
2897 3881 3009 3928 est:
3055 3875 3297 3937 Miserere
3326 3885 3446 3948 mei,

1870 3945 2032 4011 Deus,
2061 3953 2340 4006 secundum
2359 3970 2596 4024 magnam
2619 3960 3015 4020 misericordiam
3046 3977 3228 4035 tuam;
3269 3973 3336 4028 ad
3365 3991 3450 4030 se-

1868 4040 2112 4094 cundos:
2171 4041 2412 4099 Miserere
2436 4049 2554 4114 mei,
2597 4048 2757 4115 Deus,
2799 4056 3037 4112 miserere
3065 4064 3183 4126 mei,
3215 4065 3450 4121 directa-

1870 4143 2004 4184 neus
2034 4131 2295 4189 dicendus
2321 4145 2426 4202 est,
2466 4141 2657 4207 psalmi
2685 4143 2870 4200 decem
2899 4158 2955 4202 et
2981 4160 3136 4216 octo;
3189 4154 3448 4212 lectiones

1869 4219 1988 4274 duae
2036 4221 2103 4277 de
2145 4223 2450 4294 Prophetis,
2506 4240 2597 4285 aut
2633 4233 2701 4287 de
2743 4234 3054 4292 Salomone.
3100 4241 3337 4312 Hymnus
3378 4253 3446 4302 ad

1869 4312 2070 4376 primos
2093 4321 2412 4370 nocturnos:
2442 4317 2553 4372 Rex
2574 4330 2760 4373 wterue
2785 4322 3020 4380 Domine.
3045 4329 3124 4382 Ad
3149 4335 3448 4393 secundos:

1871 4396 2064 4466 Magna
2087 4409 2134 4452 et
2157 4403 2430 4455 mirabilia.
2460 4406 2588 4459 Post
2606 4407 2799 4471 dictos,
2823 4413 2943 4478 quia
2969 4426 3152 4471 noctes
3174 4435 3441 4493 crescunt,

1867 4488 2106 4556 quotidie
2145 4491 2209 4544 ad
2254 4493 2446 4548 librum
2480 4498 2636 4552 facite
2684 4503 2872 4557 missas
2901 4512 3032 4561 tres.
3092 4509 3237 4567 Unus
3285 4488 3448 4574 frater

1794 4613 1842 4673 Β
1870 4577 2009 4647 legat
2057 4580 2272 4648 paginas
2305 4593 2412 4636 tres
2456 4595 2546 4640 aut
2585 4597 2832 4657 quatuor,
2886 4601 3153 4662 quomodo
3194 4617 3443 4664 mensura

1875 4668 2033 4724 fuerit
2070 4669 2228 4726 libri:
2265 4671 2308 4727 si
2341 4674 2541 4731 minute
2587 4679 2837 4747 scriptus,
2882 4694 2973 4739 aut
3018 4691 3202 4759 majori
3249 4693 3442 4765 forma,

1872 4769 2051 4815 ternas
2081 4765 2341 4832 paginas;
2381 4767 2425 4820 si
2459 4769 2652 4835 minor,
2708 4783 2969 4840 quatuor:
3028 4790 3080 4834 et
3116 4783 3204 4837 ﬁat
3230 4789 3441 4857 oratio;

1872 4851 2062 4906 iterum
2114 4853 2253 4923 legat
2302 4864 2528 4926 tantum,
2585 4860 2677 4914 ﬁat
2720 4863 2822 4918 alia
2877 4869 3092 4936 oratio;
3149 4879 3309 4931 tertio
3360 4851 3442 4936 le;

1869 4953 1956 5013 gat
2004 4944 2142 5000 idem
2189 4955 2414 5015 tantum,
2486 4961 2540 5005 et
2589 4954 2811 5022 surgite,
2880 4956 3042 5014 dicite
3093 4966 3440 5035 antiphonam

1868 5035 1937 5090 de
1977 5038 2194 5104 psalmis
2245 5041 2296 5093 in
2341 5042 2548 5107 ordine,
2604 5056 2790 5114 postea
2837 5065 3171 5121 responsum,
3243 5061 3440 5117 deinde

1869 5127 2238 5194 antiphonam.
2291 5131 2483 5188 lterum
2525 5135 2665 5205 legat
2706 5138 2841 5192 alius
2889 5141 3081 5210 frater;
3131 5158 3184 5200 et
3235 5151 3311 5204 sic
3343 5154 3440 5206 im-

1868 5216 2023 5284 pletis
2071 5219 2238 5274 tribus
2268 5222 2443 5278 missis
2490 5226 2650 5281 dicite
2701 5231 3072 5288 matutinarios
3120 5243 3438 5308 canonicos;

1863 5308 1915 5361 id
1943 5318 2046 5373 est,
2100 5312 2272 5380 primo
2305 5317 2567 5372 canticum
2610 5319 2662 5374 in
2708 5323 3020 5391 antiphona,
3055 5328 3249 5388 deinde
3290 5335 3435 5391 dire-

1861 5407 2108 5456 ctaneum
2136 5421 2145 5454 :
2200 5403 2392 5458 Judica
2419 5423 2518 5473 me,
2559 5408 2714 5464 Deus.
2763 5412 2902 5466 Deus
2931 5415 3067 5471 Deus
3098 5436 3256 5489 meus,
3286 5429 3353 5479 ad
3391 5439 3439 5483 te

1861 5493 1924 5542 de
1962 5492 2074 5545 luce
2112 5494 2284 5565 vigilo.
2313 5495 2543 5552 Laudute
2577 5501 2873 5570 Dominum,
2902 5509 3143 5573 quoniam
3175 5513 3333 5570 bonus
3364 5533 3438 5574 est

1860 5583 2105 5648 psalmus.
2133 5584 2333 5645 Lauda,
2363 5587 2670 5657 Jerusalem,
2701 5591 2999 5650 Dominum.
3030 5599 3176 5668 lude,
3201 5603 3437 5664 Laudate

1863 5671 2137 5726 Dominum
2167 5677 2230 5728 de
2259 5679 2415 5732 caelis.
2463 5678 2678 5734 Caritate
2703 5682 2921 5739 Domino
2949 5693 3203 5749 canticum
3230 5715 3432 5760 nurum.

1861 5761 2089 5818 Laudute
2114 5763 2388 5822 Dominum
2416 5770 2466 5823 in
2492 5773 2682 5826 sanctis
2703 5775 2813 5839 eius
2830 5791 2849 5830 :
2877 5779 2928 5832 in
2951 5784 3238 5854 antiphona
3270 5789 3435 5851 dicite

2847 5869 2919 5930 13
