4004 6354
532 301 647 358 395

544 417 824 485 hymnum,
860 412 1121 481 Splendor
1153 420 1371 479 paterntr
1396 405 1605 476 gloria);
1638 404 1737 457 alia
1769 404 1877 465 die,
1910 401 2125 455 {Emme
2153 400 2198 459 Α

544 506 672 559 lucis
693 504 949 566 conditor,
996 514 1043 554 ct
1076 499 1402 568 capitellnm,
1435 505 1489 545 et,
1517 494 1673 563 lt'yrie
1702 494 1891 547 eleison
1920 494 2124 547 duode-

547 600 650 651 cim
682 596 901 649 viribus.
953 592 1211 645 Omnibus
1240 590 1428 642 diebus
1459 585 1785 655 qttotitlianis
1812 589 1877 639 ito
1907 587 2125 649 implea-

548 701 656 745 tur.
706 690 828 742 Post
879 685 1166 739 matutinos
1217 680 1281 733 ad
1337 680 1562 747 primam
1606 678 1883 729 duodecim
1934 678 2123 745 psalmi

547 781 828 840 dicantur;
866 778 1115 844 hymnus.
1152 771 1418 841 Fn'gentis
1443 778 1621 822 auctor
1645 769 1845 820 a-tlten't
1871 784 1888 832 ;
1935 767 2124 820 lectiu-

550 886 643 925 nes
671 870 809 930 dum,
844 881 944 919 una
970 863 1268 925 du'Vuteri,
1302 862 1402 913 alia
1428 861 1494 912 de
1526 860 1673 912 Novo
1694 860 2046 911 Testamento
2071 866 2126 911 et

546 960 867 1028 Capitellum.
935 956 1180 1009 I’Ostltaec
1235 968 1421 1005 omnes
1475 950 1686 1003 lectioni
1736 961 1925 1003 vacent
1959 964 2125 1018 usque

544 1056 608 1108 ad
640 1053 821 1105 horam
856 1049 1094 1102 tertiam:
1126 1046 1192 1099 de
1222 1046 1424 1113 reliquo
1448 1059 1575 1096 vero
1600 1042 1705 1095 dici
1734 1041 1906 1109 spatio
1930 1042 2127 1094 faciant

542 1162 703 1215 opera
733 1160 825 1199 sua
858 1141 1147 1197 secundum
1178 1138 1304 1192 illud
1336 1135 1475 1206 quod
1506 1136 1762 1188 Dominus
1796 1133 1931 1187 dixit
1963 1151 1973 1161 ·
2016 1131 2121 1185 Pa-

542 1248 617 1293 ter
638 1254 778 1290 meus
805 1233 1114 1305 usquemodo
1142 1238 1407 1295 operatur,
1436 1237 1479 1281 et
1506 1243 1598 1295 ego
1629 1242 1813 1293 operor
1832 1224 2015 1296 (Joon.
2040 1225 2120 1292 ν).

544 1331 607 1383 Et
638 1329 765 1383 illud
792 1325 1027 1395 Apostoli
1047 1343 1059 1377 :
1082 1325 1359 1391 Operantes
1388 1321 1615 1373 manibus
1643 1323 1828 1372 nostris
1853 1316 1937 1387 (ll
1971 1317 2122 1375 Thes.

544 1424 639 1487 tv).
666 1420 751 1485 Et,
787 1420 885 1486 Qui
909 1434 1009 1472 non
1038 1424 1281 1486 aperatur
1305 1430 1406 1466 non
1432 1413 1699 1466 titanducel
1730 1411 1798 1479 (1.
1834 1411 1988 1466 Thes.
2018 1415 2120 1479 ιιι).

542 1516 673 1577 Quia
703 1514 958 1581 scriptum
989 1520 1109 1564 est:
1169 1507 1279 1561 Vite
1308 1508 1587 1561 otiosorum
1617 1516 1790 1560 strnue
1815 1519 1935 1562 sunt
1962 1506 2124 1574 spinis

544 1603 725 1671 (Prov.
752 1603 864 1672 xv).
916 1602 1002 1665 Et,
1046 1615 1240 1653 servum
1281 1597 1514 1650 inutilem
1538 1598 1772 1666 projicite
1811 1597 1864 1650 in
1894 1604 2124 1652 tenebras

541 1697 816 1749 exteriores
844 1694 1057 1765 (.llattlt.
1090 1691 1235 1759 xxv).
1280 1689 1609 1758 Quotidianis
1645 1690 1808 1761 igitur
1833 1689 2027 1745 diebus
2054 1690 2120 1744 ad

1675 296 1735 348 S.
1780 290 2150 348 AURFLIANI
2195 290 2659 348 ARISIATENSIS

3700 297 3805 351 3C6

2301 400 2353 451 In
2386 400 2572 453 Natale
2600 402 2807 455 Domini
2840 414 2891 457 et
2930 401 2983 455 itt
3013 402 3307 472 Etrphania
3339 404 3498 457 tertia
3530 404 3661 458 liora
3694 422 3810 459 sur-

2223 498 2364 568 gite:
2416 499 2578 552 dicite
2610 515 2769 552 unum
2806 508 3148 565 nocturnum,
3200 510 3256 553 et
3301 500 3458 554 facite
3489 516 3582 553 ses
3612 505 3809 555 missas

2225 590 2290 640 tle
2322 590 2453 643 Isaia
2485 590 2775 658 propheta;
2833 590 3027 644 iterum
3077 591 3237 646 dicite
3265 592 3560 647 secundum
3589 604 3809 647 noctur-

2227 697 2375 745 num,
2404 692 2456 733 et
2482 683 2730 751 legantur
2756 681 2876 734 alite
2908 697 3004 736 sex
3034 682 3107 735 de
3139 683 3450 750 Evangelio.
3484 682 3543 736 In
3577 684 3812 752 Epipha—

2228 776 2312 827 nia
2353 775 2427 851 ita.
2456 792 2467 824 :
2505 775 2555 826 in
2590 774 2763 843 primo
2805 789 2967 826 unum
2999 784 3338 839 nocturnum,
3388 774 3587 829 deinde
3615 775 3685 829 de
3716 778 3811 829 Da-

2228 866 2371 919 niele
2398 867 2653 935 propheta
2684 865 2843 920 facile
2875 866 2993 920 illas
3020 881 3115 920 sex
3145 866 3360 932 missas,
3392 878 3449 922 et
3477 878 3768 922 nocturnos
3794 887 3808 919 :

2227 967 2283 1010 et
2306 959 2375 1009 ita
2407 958 2474 1010 de
2509 956 2800 1025 Evangelia
2828 971 2924 1010 sex
2953 955 3243 1009 matutinos
3266 971 3331 1009 eo
3357 956 3570 1021 ordine,
3599 960 3741 1010 sicut
3761 959 3809 1009 iu

2228 1049 2428 1103 Pascha
2454 1049 2790 1117 scripsimus,
2822 1059 2929 1127 .aut
2951 1048 3233 1103 dominicis
3260 1048 3471 1103 diebus.
3522 1049 3581 1103 In
3612 1058 3810 1119 marty-

2226 1159 2343 1199 rum
2367 1143 2746 1199 festivitatibus
2772 1152 2882 1197 tres
2913 1150 3005 1197 aut
3032 1150 3260 1210 quatuor
3289 1142 3465 1196 missa:
3493 1142 3647 1195 fiant.
3700 1141 3810 1196 Pri-

2228 1252 2368 1292 mam
2395 1235 2610 1291 missam
2634 1236 2700 1289 de
2717 1235 3007 1301 Evangelio
3035 1235 3214 1303 legite,
3248 1233 3482 1304 reliquas
3500 1234 3573 1289 de
3602 1234 3811 1301 passio-

2227 1328 2387 1382 nibus
2426 1338 2740 1398 martyrum.
2787 1327 2941 1380 Otttni
2964 1336 3113 1381 sexta
3139 1326 3269 1381 feria
3294 1336 3413 1393 post
3431 1326 3808 1381 duodecimam

2226 1434 2323 1473 sex
2368 1419 2545 1472 missa:
2591 1418 2655 1470 ad
2699 1416 2893 1471 librum
2950 1418 3219 1485 legantur;
3272 1424 3329 1470 et
3371 1425 3491 1484 post
3517 1426 3807 1470 nocturnos

2223 1518 2354 1567 tres.
2386 1510 2540 1565 Omni
2567 1508 2793 1563 sabbato
2814 1509 2880 1562 ad
2907 1509 3218 1573 matutinos,
3247 1508 3525 1561 Cantemus
3557 1506 3806 1571 Domino;

2227 1612 2304 1668 et,
2338 1600 2408 1655 Te
2439 1602 2601 1654 Deum
2641 1601 2941 1654 laudamus.
2997 1598 3078 1654 Ad
3121 1599 3336 1653 tertiam
3375 1606 3486 1653 tres
3511 1598 3802 1652 lectiones:

2228 1710 2331 1747 una
2362 1694 2431 1747 de
2462 1692 2764 1761 Prophetis,
2811 1693 2913 1746 alia
2953 1693 3021 1746 de
3047 1692 3324 1760 Apostolo,
3352 1693 3506 1745 trrtia
3537 1691 3607 1745 de
3634 1690 3803 1744 Evan-

543 1786 756 1840 tertiam
782 1785 1058 1839 duodecim
1090 1787 1319 1853 psalmos
1349 1786 1532 1848 dicite,
1561 1782 1933 1851 autiphonam,
1968 1782 2121 1849 hym-
2149 1765 2203 1828 Β
2229 1784 2369 1855 gelio
2398 1784 2663 1837 dicantur.
2707 1783 2866 1838 Omni
2896 1783 3164 1837 dominica
3210 1792 3330 1851 post
3358 1793 3650 1837 nocturnos
3688 1797 3801 1836 cum

547 1893 696 1942 num,
746 1877 865 1930 lam
918 1880 1079 1947 surgit
1111 1877 1238 1929 liora
1285 1878 1473 1942 tertia;
1508 1874 1787 1931 leutionem
1815 1884 1872 1929 et
1899 1874 2123 1944 capiteI-

543 1968 677 2033 lum,
704 1967 848 2031 Fiat,
884 1965 1125 2023 Domine.
1147 1968 1228 2021 Ad
1255 1977 1458 2020 sextam
1473 1966 1542 2019 sit
1568 1965 1682 2035 ipse
1703 1978 1957 2019 numerus
1977 1965 2120 2034 psal-

540 2076 771 2123 morum,
803 2061 1117 2129 antiphona,
1172 2060 1421 2131 hymnus,
1472 2057 1595 2113 Jam
1622 2068 1769 2112 sexta
1794 2059 1987 2112 sensim
2015 2057 2125 2111 vol-

538 2152 707 2217 vitur;
750 2154 906 2207 lcetio
944 2163 999 2207 ct
1035 2154 1366 2221 capitellum.
1422 2152 1503 2207 Ad
1543 2167 1738 2207 nonam
1781 2153 1898 2221 ipso
1935 2151 2124 2207 ordine

539 2248 863 2302 dicendum:
933 2246 1164 2317 hymnus
1204 2262 1365 2313 vero,
1409 2245 1508 2300 Ter
1544 2245 1675 2299 hora
1713 2246 1847 2299 trina
1884 2246 2119 2299 volvitur.

539 2340 619 2393 Ad
652 2340 1010 2393 lucernarium
1040 2340 1183 2393 omni
1225 2347 1465 2409 tempore
1492 2347 1548 2394 et
1576 2338 1730 2394 festis
1773 2349 1826 2394 et
1853 2339 2123 2410 quotidia-

539 2429 623 2482 nis
649 2429 857 2492 diebus,
902 2429 1167 2498 imprimis
1192 2429 1554 2495 directaneus,
1597 2439 1783 2500 postea
1814 2429 2121 2501 antiphonte

537 2521 686 2586 dum;
729 2522 881 2576 tertia
912 2536 1126 2589 semper
1170 2536 1291 2574 cum
1342 2522 1557 2578 alleluia
1586 2522 1839 2577 dicatur:
1888 2514 2149 2594 hymnus

533 2630 643 2667 una
670 2615 775 2680 dic,
811 2611 948 2667 Deus
971 2615 1053 2682 qui
1076 2616 1226 2670 certis
1258 2612 1485 2685 legibus;
1512 2615 1615 2669 alia
1638 2615 1745 2680 die,
1772 2614 1906 2669 Deus
1923 2627 2121 2670 creator

540 2708 792 2773 omnium,
823 2706 877 2762 e't
899 2708 1224 2777 capitellum.
1253 2707 1334 2761 Ad
1362 2707 1730 2762 duodecimam
1770 2708 2002 2777 psalmos
2026 2710 2120 2764 de-

551 2818 667 2857 cem
694 2812 746 2855 et
770 2812 912 2866 octo,
943 2802 1286 2871 antiphmiam
1340 2810 1394 2855 et
1423 2800 1699 2869 hymnum,
1751 2799 2033 2854 lectionem
2065 2812 2120 2857 et

538 2895 872 2963 capitc’lum.
927 2893 1150 2961 Quando
1176 2895 1505 2962 repausaturi
1537 2892 1686 2957 estis,
1746 2893 1797 2945 in
1843 2895 2024 2947 schola
2064 2894 2116 2948 itt

549 3003 652 3056 qua
710 2987 938 3041 manetis
984 2986 1245 3055 completa
1289 2984 1529 3039 dicatur:
1578 2984 1841 3053 imprimis
1886 2985 2119 3040 directa-

535 3093 687 3141 ncns,
721 3082 955 3145 psalmus
986 3077 1363 3147 nonagesimus
1391 3074 1619 3141 dicatur,
1649 3074 1843 3131 deinde
1870 3078 2114 3145 capitella

530 3169 1030 3225 consuetudinaria.

2229 1879 2396 1948 prima
2423 1878 2586 1931 missa
2612 1876 2822 1947 legitur,
2854 1874 2906 1928 id
2934 1884 3017 1929 est
3039 1875 3383 1940 resurrectio,
3415 1875 3600 1928 nullus
3616 1873 3802 1928 sedere

2225 1978 2537 2041 prtesumat,
2578 1969 2672 2022 sed
2703 1982 2892 2021 omnes
2920 1975 3082 2022 stent.
3141 1967 3258 2021 Alia
3289 1966 3556 2021 dominica
3585 1966 3689 2019 alia
3722 1982 3800 2019 re.

2223 2064 2505 2127 surrectio,
2530 2076 2578 2117 et
2604 2064 2682 2116 sic
2705 2063 2756 2115 in
2774 2061 2964 2115 ordine
2988 2070 3111 2115 tota:
3131 2070 3359 2129 quatuor
3378 2061 3803 2116 resurrectiooes

2224 2169 2320 2224 per
2344 2154 2582 2223 singulas
2612 2152 2907 2206 dominicas
2938 2153 3199 2223 legantur.
3252 2151 3380 2206 Post
3408 2152 3621 2206 tertiam
3654 2168 3796 2217 vero,

2228 2245 2385 2299 Pater
2396 2256 2588 2311 noster,
2608 2244 2769 2299 dicite
2795 2252 2850 2298 et
2878 2241 3153 2313 psnllendo
3174 2256 3361 2297 omnes
3380 2244 3798 2297 communicent.
3848 2237 3855 2246 ’

2219 2338 2312 2393 Sic
2342 2348 2395 2392 et
2426 2338 2479 2392 in
2532 2335 2904 2391 festivitatibus
2951 2333 3129 2388 facite.
3196 2333 3367 2388 Missa:
3412 2347 3547 2388 vero
3593 2334 3799 2402 quando

2222 2438 2414 2485 sancto
2442 2427 2620 2481 abbati
2642 2428 2811 2479 visum
2843 2424 3000 2480 fuerit
3031 2434 3158 2479 tunc
3183 2424 3334 2479 flant.

2293 2520 2519 2589 Quando
2550 2518 2743 2587 aliquis
2767 2516 3049 2572 defunctus
3080 2517 3259 2582 fuerit,
3305 2531 3474 2587 usque
3501 2515 3681 2572 media
3712 2532 3799 2570 no-

2220 2626 2307 2668 cte
2331 2629 2449 2668 eum
2480 2612 2630 2682 pauci
2659 2611 2850 2664 fratres
2874 2609 2924 2663 in
2948 2609 3186 2664 oratorio
3214 2609 3557 2679 pervigilem,
3591 2618 3648 2663 et
3675 2608 3797 2662 mis-

2219 2722 2309 2763 sas
2348 2705 2564 2758 faciant.
2620 2702 2747 2757 Post
2791 2702 3019 2756 mediam
3060 2712 3270 2755 noctem
3318 2702 3409 2773 qui
3439 2702 3796 2771 vigilaveram

2220 2801 2512 2871 quiescant,
2569 2807 2624 2852 ct
2669 2800 2862 2852 iterum
2889 2796 2978 2850 alii
3006 2795 3243 2865 vigilem.
3296 2795 3363 2849 Et
3392 2797 3575 2865 ponite
3606 2796 3710 2850 hoc
3747 2797 3795 2849 in

2221 2893 2463 2947 notitiam
2493 2899 2679 2943 sancto
2706 2889 2977 2958 episcopo,
3029 2898 3087 2943 ut
3113 2903 3236 2943 eum
3277 2887 3465 2959 jubeat
3508 2887 3578 2942 ad
3626 2888 3795 2942 locum

2222 2982 2310 3036 ubi
2347 2980 2622 3050 ponendus
2650 2986 2737 3034 est
2794 2976 3085 3047 deportari.
3136 2979 3230 3033 Sin
3262 2992 3390 3033 vero
3420 2988 3681 3048 praestare
3705 2978 3796 3032 de—

2227 3071 2483 3141 Spexerit,
2517 3070 2585 3124 de
2613 3082 2930 3137 quacunque
2972 3066 3200 3122 ecclesia
3226 3067 3452 3122 clericos
3475 3075 3679 3137 rogate,
3710 3064 3794 3137 qui

2226 3180 2345 3219 eum
2378 3163 2674 3226 deducant;
2705 3167 2760 3213 et
2783 3159 2905 3216 date
2924 3157 3031 3215 illis
3058 3159 3318 3230 eulogias.

1248 3416 1560 3475 Ordinem
1604 3419 1796 3476 etiam
1842 3419 2118 3481 convivii
2164 3422 2314 3484 huic
2354 3417 2593 3498 regulte
2636 3416 3051 3478 inseruimus.

598 3537 809 3594 cibaria
841 3533 1079 3601 quotidie
1104 3533 1169 3587 ad
1199 3534 1542 3589 refectionem
1571 3534 1693 3599 tria,
1720 3533 1787 3587 ad
1820 3535 2108 3602 prandium

529 3631 660 3687 duo.
702 3625 766 3678 ad
789 3640 995 3679 coenam
1023 3624 1149 3678 duo.
1205 3624 1419 3679 Biberes
1448 3625 1513 3677 ad
1544 3626 1909 3694 refectionem,
1941 3627 1991 3681 id
2023 3639 2107 3684 est

537 3720 589 3773 in
636 3724 821 3770 testate
853 3729 1055 3768 merum
1102 3722 1157 3767 et
1207 3722 1316 3769 tres
1363 3714 1657 3781 caldellos;
1708 3716 1773 3770 ad
1826 3719 2106 3786 prandium

533 3819 641 3861 tres
673 3816 872 3867 tantum
900 3822 915 3859 :
961 3802 1029 3857 ad
1058 3816 1265 3858 cumam
1294 3804 1348 3858 in
1391 3812 1599 3871 aestate,
1627 3806 1900 3861 mensibus
1925 3807 2106 3878 Junio,

530 3897 670 3953 Julio
698 3906 752 3951 et
781 3896 1038 3965 Augusto,
1074 3902 1290 3959 ternas;
1333 3894 1553 3964 reliquis
1582 3895 1772 3951 diebus
1798 3897 1864 3951 ad
1893 3913 2104 3954 caenam

532 3989 685 4043 binas
714 3988 914 4041 bibant.
944 3973 999 4040 lii
1030 3984 1408 4040 festivitatibus
1435 4000 1586 4050 vero,
1625 3998 1679 4041 et
1704 3989 1916 4057 quando
1941 3989 2107 4045 abbas

529 4078 886 4147 indulgentias
930 4076 1155 4130 voluerit
1200 4074 1412 4139 facere,
1461 4084 1515 4130 et
1558 4076 1793 4142 cibaria,
1848 4088 2105 4148 quantum

527 4172 641 4242 ipse
678 4168 926 4235 voluerit,
978 4176 1033 4222 et
1058 4175 1304 4222 recentes
1342 4165 1631 4221 addantur.
1686 4168 1935 4236 Quotidie
1976 4184 2106 4223 vero

2216 3540 2347 3595 feria
2388 3536 2738 3609 jejunandum
2768 3543 2870 3589 est.
2929 3535 2972 3590 Α
3008 3533 3248 3590 colendis
3276 3532 3595 3590 Novembris
3621 3548 3786 3607 usque

2219 3632 2431 3687 Domini
2461 3629 2647 3684 Natale
2671 3625 2909 3698 quotidie
2936 3624 3281 3695 jejunandum
3306 3634 3409 3689 est,
3444 3625 3648 3696 absque
3675 3626 3792 3681 sab-

2216 3723 2342 3777 bato
2369 3732 2423 3776 et
2452 3719 2717 3775 dominica
2744 3735 2765 3785 ;
2811 3718 2880 3793 ab
2911 3717 3205 3787 Epiphania
3236 3732 3364 3772 vero
3393 3732 3564 3785 usque
3592 3716 3791 3772 Pascha

2215 3813 2454 3884 quotidie
2479 3810 2826 3882 jejunandum
2853 3819 2961 3873 est,
2991 3808 3193 3877 absque
3216 3807 3509 3877 majoribus
3532 3807 3789 3862 festivita-

2214 3907 2377 3970 tibus,
2418 3904 2640 3960 sahbato
2670 3911 2726 3958 et
2752 3901 3039 3957 dominica.
3078 3900 3207 3956 Post
3238 3901 3441 3955 Pascha
3464 3915 3595 3955 vero
3620 3914 3787 3966 usque

2212 3986 2603 4069 Pentecosten,
2655 4002 2804 4049 sexta
2865 3991 2995 4048 feria
3044 4000 3246 4046 tantum
3291 3990 3640 4061 jejunandum
3686 3998 3784 4044 est.

2212 4090 2343 4145 Post
2368 4070 2749 4152 Pentecdsten,
2808 4099 2991 4141 mense
3034 4084 3214 4147 Junio,
3249 4084 3390 4140 Julio
3430 4094 3484 4138 et
3528 4084 3781 4152 Augusto,

2213 4182 2266 4236 in
2294 4190 2557 4251 potestate
2587 4180 2794 4233 abbatis
2825 4164 2895 4231 sit
2922 4177 2989 4233 de
3014 4176 3221 4247 jejunio
3247 4187 3338 4231 aut
3363 4176 3619 4246 prandio;
3650 4176 3785 4230 sicut

525 4268 670 4321 olera
693 4277 851 4319 caseo
876 4270 929 4316 et
951 4262 1073 4315 oleo
1097 4276 1313 4329 semper
1338 4261 1672 4317 condiantur.
1710 4262 1928 4318 Biberes
1952 4263 2103 4317 binas
2134 4252 2183 4312 D
2211 4272 2406 4327 viderit
2461 4269 2865 4339 possibilitatem
2916 4259 3163 4333 fratrum,
3205 4267 3275 4322 ita
3324 4267 3536 4321 studeat
3582 4277 3785 4336 tempe-

524 4359 590 4410 ad
622 4354 926 4424 prandium,
956 4353 1109 4408 binas
1136 4353 1203 4407 ad
1234 4367 1445 4409 cmnam
1477 4355 1780 4422 accipiant;
1812 4356 1855 4409 si
1883 4355 2101 4425 jejuna-

526 4448 718 4511 verint,
760 4456 957 4500 ternas.
990 4446 1255 4517 Jejunium
1286 4461 1417 4501 vero
1447 4461 1477 4500 a
1504 4447 1742 4503 calendis
1765 4447 2101 4517 Septembris

527 4554 692 4607 usque
723 4537 973 4592 calendas
1001 4537 1249 4594 Octobris
1295 4541 1551 4608 secunda,
1596 4551 1807 4611 quarta,
1856 4552 1911 4597 et
1950 4552 2100 4597 sexta

593 4758 648 4810 ltt
681 4755 875 4810 Christi
907 4757 1122 4811 nomine
1168 4755 1441 4809 fundatum
1476 4764 1562 4811 est
1591 4759 1976 4813 monasterium
2010 4758 2096 4813 vi-

522 4864 701 4905 rorum
735 4849 825 4903 Dei
868 4848 920 4900 in
947 4847 1162 4903 civitate
1189 4847 1488 4902 Arelatensi
1534 4862 1562 4899 a
1595 4855 1782 4900 sancto
1810 4848 2099 4902 Aureliano

520 4945 798 5011 episcopo,
825 4939 1049 5009 jubente
1076 4947 1278 4992 sancta:
1308 4934 1583 4992 memorite
1605 4936 1950 4992 Childeberto
1975 4954 2099 5008 rege

523 5035 871 5095 Francorum,
918 5030 1106 5099 quinto
1127 5028 1339 5083 decimo
1362 5026 1614 5081 calendas
1643 5028 1976 5093 Decembris,
2018 5030 2101 5084 in-

519 5128 755 5181 dictione
800 5122 1124 5177 undecima:
1166 5131 1310 5172 anno
1338 5118 1368 5151 “
1398 5118 1585 5183 quinto
1612 5127 1730 5187 post
1764 5120 2101 5174 consulatum

523 5217 703 5270 Basilii
754 5212 983 5283 junitiris
1019 5226 1071 5264 v.
1106 5223 1182 5275 c.,
1228 5216 1285 5264 et
1313 5208 1529 5263 basilica
1570 5209 1765 5265 ibidem
1814 5211 1866 5264 in
1900 5212 2101 5266 honore

517 5317 822 5361 sanctorum
878 5300 1243 5372 apostolorum
1300 5308 1354 5353 et
1408 5309 1702 5371 martyrum
1759 5319 1772 5355 :
1836 5301 2100 5363 habetque

519 5398 619 5449 Ibid
661 5414 708 5449 Ill
755 5394 1008 5463 reiiquias
1057 5390 1293 5461 positas;
1338 5389 1389 5445 id
1441 5401 1544 5456 est,
1594 5391 1661 5446 de
1693 5407 1853 5447 cruce
1887 5392 2097 5446 Domini

2213 4376 2268 4414 ττι
2277 4376 2355 4414 re.

2285 4449 2605 4503 Aurelianus
2654 4458 2903 4516 peccator
2928 4448 3167 4517 regulam
3198 4446 3336 4503 hanc
3362 4448 3415 4501 in
3444 4445 3645 4504 Christi
3693 4465 3785 4505 no-

2210 4539 2353 4594 mine
2376 4539 2621 4593 inStituit.

2205 4760 2370 4814 nostri
2412 4758 2535 4813 Jesu
2561 4756 2787 4823 Christi,
2839 4759 3009 4813 beatae
3053 4758 3234 4813 Maria:
3271 4759 3546 4827 genitricis
3574 4761 3780 4815 Domini

2205 4847 2371 4917 nostri
2402 4846 2526 4899 Jesu
2555 4846 2774 4909 Christi,
2822 4845 3043 4901 Joannis
3073 4846 3320 4915 Baptista:
3350 4858 3404 4903 et
3441 4852 3783 4915 praecursoris

2204 4936 2414 4991 Domini
2450 4936 2616 4990 nostri
2647 4936 2771 4990 Jcsu
2801 4936 3025 5003 Christi,
3074 4937 3354 5003 Stephani,
3395 4938 3567 5003 Petri,
3614 4943 3779 5005 Pauli,

2200 5025 2447 5093 Joannis,
2476 5026 2684 5093 Jacobi,
2713 5028 2960 5092 Andreae,
2992 5028 3239 5097 Philippi.
3272 5030 3514 5097 Thomas,
3548 5031 3777 5086 Bartho-

2199 5116 2397 5179 lomzei,
2454 5119 2709 5181 Matthaei.
2758 5118 2965 5186 Jacobi,
3012 5119 3271 5185 Simonis,
3323 5120 3497 5185 Judze,
3536 5123 3776 5185 Mathiae,

2200 5209 2435 5276 Gcnesii,
2494 5211 2908 5283 Symphoriani,
2970 5210 3232 5281 Baudilii,
3290 5211 3543 5280 Victoris,
3596 5214 3773 5267 Hilarii

2197 5302 2436 5370 episcopi
2465 5312 2520 5358 et
2556 5302 2903 5367 confessoris,
2953 5302 3163 5358 Martini
3195 5302 3436 5373 episcopi
3465 5312 3524 5358 et
3548 5301 3776 5357 confes-

2198 5396 2360 5456 soris,
2389 5394 2603 5448 Carsarii
2634 5392 2891 5463 episcOpi.

1507 5584 1647 5645 (Ex
1688 5586 2000 5665 diptycht's
2050 5589 2319 5668 ejusdem
2359 5587 2770 5661 monasterii.)

582 5740 857 5805 SimuIQue
900 5738 1181 5804 firecantes
1209 5743 1423 5784 oramus
1453 5737 1636 5796 ettatn,
1687 5729 1932 5800 Domine,
1986 5747 2081 5801 pro

2191 5729 2471 5787 animabus
2499 5727 2818 5783 famulorum
2851 5737 3083 5796 tuorum,
3128 5738 3340 5799 patrum
3374 5737 3531 5800 atque
3562 5727 3745 5784 instita
