4004 6354
161 263 274 349 sor

1405 287 1682 344 REGULA
1723 287 1815 341 Al)
1861 288 2196 350 VIRGINES.

3315 293 3421 348 338

167 419 340 463 torum
373 404 641 476 quondam
693 411 1021 468 nostrorum,
1063 400 1354 466 Aureliani.
1406 399 1571 464 Petri.
1621 398 1740 454 Flo-
1767 402 1816 460 A
1847 407 2262 465 tercessionibus
2308 415 2612 464 sanctorum
2648 412 2881 471 tuorum,
2928 404 3108 460 Marize
3139 403 3425 461 Genilricis

161 496 380 561 rentini,
423 493 724 563 Redempti,
772 492 1133 559 Constantini,
1177 490 1443 558 liimiteri,
1488 491 1738 553 Hilarini,

159 585 454 649 Januarini,
508 585 782 653 lieparati,
839 581 1189 649 Childebcrti,
1246 583 1578 652 Vultrogotm
1657 584 1738 636 vel

157 678 401 732 omnium
449 675 674 729 fratrum
725 683 1054 736 nostrorum,
1105 662 1240 742 qu'os
1261 661 1334 726 de
1363 669 1465 727 hoc
1509 663 1635 727 Ἰοεό
1673 663 1740 727 ad

162 778 215 822 te
251 782 444 823 vocare
486 766 734 835 dignatus
796 779 876 819 es.
922 745 1743 834 Cunctoruinque‘e'tiamhujus

163 861 265 916 loci
297 872 565 914 memores
592 858 850 920 lidelium,
885 856 1191 928 pariterque
1224 868 1503 927 parentum
1533 866 1744 913 nostro-

161 966 282 1006 rum
334 959 491 1020 atque
519 950 875 1004 servientium
899 948 1060 1020 hujus
1087 949 1224 1004 loci:
1260 957 1315 1004 et
1340 964 1438 1017 pro
1464 951 1743 1004 animabus

165 1043 404 1096 omnium
439 1041 676 1096 ﬁdelium
709 1043 1025 1096 famulorum
1059 1051 1271 1096 tuorum
1303 1042 1386 1098 vel
1425 1042 1742 1098 lainularum

162 1149 225 1188 ac
253 1135 653 1202 peregrinorum
684 1134 737 1188 in
783 1148 914 1203 pace
946 1134 1200 1188 Ecclesiae
1225 1134 1596 1190 defunctorum
1625 1152 1636 1188 :
1687 1145 1744 1190 nt

159 1225 263 1290 eis,
295 1233 351 1279 tu
381 1225 604 1280 Domine
635 1225 773 1280 Deus
798 1234 1004 1293 noster,
1039 1235 1380 1294 peccatorum
1413 1227 1617 1282 tribuas
1650 1244 1742 1282 ve-

163 1315 330 1382 niam,
375 1324 429 1371 et
456 1315 697 1387 requiem
723 1315 963 1387 largioris
991 1327 1281 1373 aiternam:
1320 1320 1530 1374 meritis
1569 1331 1623 1375 et
1654 1321 1738 1376 in-
1827 1381 1838 1387 _

1849 491 2062 548 Domini
2091 500 2257 553 nostri
2279 499 2404 555 Jesu
2434 497 2655 564 Christi,
2686 496 2906 550 Joannis
2929 496 3177 564 Baptistrc
3205 506 3262 552 et
3289 513 3431 567 prm-

1847 587 2082 639 cnrsoris
2113 588 2318 643 Domini
2352 592 2516 643 nostri
2544 590 2669 643 Jesn
2697 587 2918 652 Christi,
2944 587 3222 655 Stephani,
3258 586 3429 652 Petri,

1829 658 2020 754 jPauli,
2071 679 2316 744 Joannis,
2352 679 2567 748 'Jacobi,
2601 682 2846 744 Andreae,
2895 681 3142 749 Philippi,
3186 680 3430 744 Thomas,

1852 766 2249 840 Bartliolommi,
2287 775 2545 835 Mattlnri,
2581 771 2787 837 Jacobi,
2828 771 3084 835 Simonis,
3117 769 3290 837 Judm,
3323 769 3436 822 Ma-

1828 859 1996 924 .thiie,
2027 861 2271 930 Genesii,
2305 865 2702 934 Symphoriani,
2752 863 2996 926 llaudilii,
3044 862 3290 925 Victoris,
3339 862 3432 915 lli-

1850 949 1965 1004 larii
1995 955 2233 1023 episcopi
2262 966 2315 1009 et
2351 957 2695 1020 confessoris,
2727 957 2930 1010 Martini
2963 957 3195 1024 episcopi
3229 965 3280 1008 et
3307 969 3436 1006 con-

1853 1040 2093 1112 l'essoris,
2126 1046 2339 1101 Czesarii
2366 1049 2628 1116 episcOpi,
2666 1050 2778 1103 haec
2813 1049 3072 1117 prapitius
3101 1057 3360 1117 praestare
3381 1055 3436 1100 et

1850 1137 2106 1192 exaudire
2151 1140 2423 1210 digneris:
2471 1140 2558 1208 qui
2617 1141 2755 1192 vivis
2797 1148 2853 1193 et
2898 1155 3088 1208 regnas
3135 1141 3186 1192 in
3232 1139 3438 1193 unitate)

1851 1226 2082 1296 Spiritus
2112 1232 2280 1285 sancti
2315 1233 2476 1298 Deus,
2511 1232 2561 1285 in
2585 1231 2776 1284 saecula
2801 1247 2857 1284 sa
2876 1234 3138 1287 culorum.
3169 1232 3364 1285 Amen.

165 1467 3431 1522 ω

807 1610 911 1670 DE
957 1611 1019 1670 S.
1052 1609 1514 1671 AURELIANO
1557 1610 1897 1684 EJUSQUE
1941 1611 2259 1669 REGULA
2306 1611 2414 1669 AD
2457 1608 2828 1670 VIRGINES

1080 1743 1668 1827 VETERUM
1745 1738 2500 1830 TESTIMONIA.

237 1984 676 2057 Martyrologium
703 1982 862 2038 Rom.
894 1981 982 2039 die
1011 1999 1100 2038 xvr
1135 1982 1570 2053 J'uniizLugduni
1595 1985 1755 2053 depo-
1791 1989 1834 2047 Β
1863 1984 2055 2052 ripiant
2095 1985 2185 2054 qui
2222 1985 2364 2037 missi
2394 1995 2550 2049 sunt,
2604 1997 2692 2036 aut
2720 1985 3017 2038 Anastasius
3040 1989 3267 2054 quidam,
3297 2005 3444 2056 quem

161 2079 288 2135 sitio
324 2077 456 2131 beati
483 2077 746 2130 Aureliani
772 2074 990 2146 episcopi
1028 2075 1354 2130 Arelatensis.

242 2164 468 2236 Vigilius
504 2161 609 2218 PP.
633 2162 854 2232 epistola
881 2161 946 2216 ad
975 2161 1316 2216 Aurelianum
1359 2162 1565 2215 Arelat.
1602 2178 1614 2214 :
1651 2162 1756 2214 Ad-

161 2257 592 2309 ministrationem
619 2257 785 2308 vicum
805 2264 1095 2308 nostrarum
1115 2254 1418 2322 fratern‘tati
1442 2261 1617 2306 vestrae
1644 2255 1754 2305 ani-

162 2363 249 2400 mo
283 2346 460 2400 libenti
487 2345 867 2407 committimus,
917 2353 963 2398 et
999 2344 1251 2398 credimus
1291 2345 1556 2398 charitatis
1580 2355 1756 2398 vestra:

158 2439 328 2510 Oﬁcio
348 2439 542 2491 actibus
571 2437 678 2492 Deo
693 2437 896 2508 placitis
917 2438 1185 2508 diligenter
1214 2438 1450 2492 universa
1473 2436 1710 2506 compleri
1735 2451 1753 2488 :

161 2530 375 2598 quando
402 2539 450 2582 et
477 2528 658 2581 summi
687 2528 956 2582 sacerdotii
981 2528 1237 2581 consortio
1265 2544 1352 2581 vos
1375 2529 1558 2598 dignos
1585 2528 1756 2580 divina

163 2634 279 2672 esse
298 2618 460 2690 gratia
469 2618 741 2688 judicarit,
774 2626 822 2671 et
851 2617 1204 2688 gloriosissimi
1244 2617 1552 2671 Childeberti
1582 2614 1753 2670 Fran-

161 2725 344 2762 corum
377 2711 509 2778 rcgis
557 2707 849 2762 Christiana
891 2717 937 2762 et
981 2708 1086 2763 Deo
1134 2709 1327 2780 placita
1374 2710 1427 2763 in
1452 2708 1757 2780 perhibendo

160 2799 304 2853 vobis
331 2799 615 2853 testimonio
641 2799 873 2854 voluntas
904 2801 1132 2865 accessit,
1153 2814 1256 2855 etc.

233 2895 379 2948 Ideni
404 2893 468 2947 ad
521 2893 800 2963 episcopos
826 2893 1014 2949 Galliae
1047 2911 1062 2948 :
1094 2895 1230 2961 Quia
1275 2893 1471 2947 dudum
1516 2893 1756 2949 Auxanio

163 2985 425 3053 quondam
456 2985 762 3038 Artlatensis
795 2985 1012 3038 civitatis
1039 2984 1251 3039 antistiti
1278 2985 1441 3037 ticum
1467 2993 1757 3039 nostrarum

163 3076 569 3130 sollicitudinem
618 3076 950 3141 dederamus;
980 3075 1068 3130 sed
1096 3092 1302 3129 cursum
1337 3077 1453 3129 vitta
1493 3076 1756 3145 prazsentis

163 3167 426 3236 implendo
443 3165 614 3220 dehac
639 3165 752 3220 luce
776 3168 1033 3237 migravit,
1054 3168 1112 3220 in
1135 3170 1283 3235 cuius
1312 3165 1422 3219 loco
1450 3164 1755 3219 Aurelianus

167 3261 332 3327 frater
383 3268 554 3312 noster
607 3258 833 3311 noscitur
874 3257 1171 3311 successisse
1192 3297 1207 3321 ,
1239 3257 1579 3311 necessarium
1607 3256 1755 3310 valde

1861 2088 2064 2128 sanctus
2095 2077 2361 2143 episcOpus
2402 2076 2703 2128 Aurelianus
2757 2078 3064 2130 Arclatrnsii
3117 2079 3327 2132 civitatis
3375 2083 3444 2134 ad

1859 2165 2210 2218 beatissimum
2239 2181 2428 2233 papam
2464 2177 2580 2217 ante
2606 2165 2701 2216 hoc
2750 2165 3004 2219 biennium
3045 2169 3324 2233 direxerat,
3353 2170 3445 2224 ibi-

1859 2258 1972 2309 dem
2001 2257 2053 2307 iit
2075 2254 2153 2308 Gtt
2178 2255 2258 2306 liis
2284 2257 2458 2323 aliqua
2489 2257 2781 2308 mentiatur.

1928 2345 1984 2398 S.
2005 2346 2144 2413 Creg
2172 2343 2296 2397 rius
2328 2344 2392 2396 Μ.
2424 2343 2646 2411 θιίδιυιίι
2688 2343 2808 2411 117,
2834 2342 2926 2407 50,
2975 2345 3027 2409 7,
3057 2346 3169 2398 ind.
3195 2346 3228 2398 Ξ).
3257 2346 3322 2400 ad
3360 2348 3446 2399 Vi-

1855 2434 2039 2504 gilium
2088 2436 2453 2488 Arelatensem
2493 2434 2800 2503 episcopum
2834 2455 2849 2488 :
2882 2433 3132 2490 Glorioste
3183 2439 3443 2494 memoria:

1859 2523 2209 2579 Childebertus
2243 2523 2562 2578 Francorum
2591 2542 2680 2578 rex
2707 2525 2968 2580 catholica:
2991 2529 3250 2598 religionis
3271 2545 3446 2585 amore

1857 2632 2128 2669 succensus
2155 2617 2286 2668 intra
2322 2633 2494 2670 muros
2519 2617 2823 2670 Arelatensis
2848 2619 3062 2670 civitatis
3085 2622 3447 2676 monasterium

1858 2708 2102 2771 virorum,
2133 2717 2186 2759 ut
2215 2707 2401 2777 scripto
2423 2709 2722 2776 reperimus,
2757 2723 2848 2777 pro
2878 2724 2972 2760 sua
3003 2710 3224 2763 mercede
3253 2712 3444 2764 consti-

1858 2808 2025 2867 tuens,
2074 2799 2309 2869 qutedam
2339 2799 2528 2852 ibidem
2585 2816 2676 2870 pro
2717 2800 3052 2854 habitantium
3082 2805 3447 2860 sustentatione

1857 2893 2123 2946 concessit.
2151 2892 2310 2961 Cujus
2332 2907 2393 2947 ne
2420 2893 2655 2946 voluntas
2687 2910 2907 2962 unquam
2950 2893 3218 2948 duceretur
3249 2895 3304 2948 in
3325 2895 3445 2948 irri-

1859 2993 1986 3049 tum,
2011 2993 2057 3037 et
2082 3001 2141 3038 ea
2168 3001 2284 3055 qua:
2329 3001 2421 3054 pro
2448 2987 2611 3052 quiete
2653 2987 3018 3040 monachorum
3057 2987 3301 3059 disposita
3331 2989 3444 3056 fue-

1858 3083 2000 3139 runt,
2035 3077 2389 3140 turbarentur;
2442 3093 2654 3146 quazque
2698 3079 2911 3131 contulit
2961 3078 3014 3131 in
3047 3079 3167 3148 jure
3214 3079 3442 3151 ejusdem

1858 3168 2169 3234 monasterii,
2215 3167 2442 3238 epistolis
2490 3170 2595 3221 suis
2652 3170 2929 3238 apostolica
2956 3171 3096 3235 petiit
3141 3171 3443 3224 auctoritate

1858 3258 2077 3327 ﬁrmari.
2124 3257 2272 3310 Unde
2297 3259 2419 3325 quia
2467 3257 2703 3324 e/fectum
2745 3267 2792 3311 et
2835 3258 2975 3328 regia
3003 3257 3239 3311 voluntas
3269 3268 3318 3312 et
3359 3275 3440 3312 res

165 3347 501 3415 credidimus,
531 3348 928 3402 sollicitudinem
955 3348 1086 3401 lianc
1107 3366 1137 3400 a
1159 3347 1301 3402 nobis
1324 3348 1553 3417 antefato
1577 3345 1756 3401 debere
1779 3351 1827 3416 C
1856 3350 2002 3403 valde
2022 3348 2307 3403 desiderata
2334 3353 2586 3416 poscebat,
2608 3367 2639 3402 a
2661 3350 3028 3416 prwdecessore
3049 3359 3220 3402 nostro
3248 3348 3442 3422 Vigilio

164 3442 435 3504 committi,
454 3440 761 3508 conﬁdentes
781 3440 927 3493 illum
949 3450 996 3493 et
1009 3455 1102 3508 pro
1126 3439 1223 3493 loci
1249 3439 1328 3494 sui
1348 3437 1592 3510 qualitate
1611 3437 1754 3491 bonis

165 3534 368 3588 actibus
400 3534 655 3601 universa,
683 3549 797 3603 quae
817 3531 926 3587 Deo
949 3532 1200 3603 placeant,
1235 3548 1381 3601 posse
1402 3530 1685 3602 complere;
1707 3539 1754 3583 et

166 3630 392 3682 maxime
427 3643 540 3680 cum
591 3631 848 3698 gloriosus
885 3629 1024 3696 ﬁlius
1065 3639 1234 3682 noster
1285 3628 1632 3683 Childebertus
1663 3644 1755 3682 res:

167 3720 512 3773 testimonium
534 3723 676 3773 bona:
702 3720 1020 3773 conscientia:
1046 3736 1138 3790 pro
1176 3719 1471 3774 Christiana
1515 3735 1626 3774 sua:
1667 3735 1754 3773 vo-

169 3810 386 3863 luntatis
405 3811 665 3864 devotione
689 3809 964 3881 perhibuit.

243 3901 376 3955 Item
398 3899 622 3970 epistola
667 3901 736 3954 ab
781 3901 942 3955 Italiae
973 3901 1184 3956 clericis
1209 3901 1542 3957 Francorum
1565 3901 1754 3972 legatis

166 3991 397 4057 directa,
429 4001 573 4045 torno
604 3991 624 4045 Ι
652 3989 861 4047 Concil.
894 3990 1079 4046 Calliae
1103 4006 1120 4044 ι
1147 3990 1417 4046 Sirmondi
1445 4008 1457 4046 :
1495 3989 1643 4046 Unde
1670 4005 1756 4045 ro-

168 4099 353 4152 gamus
375 4093 420 4137 et
445 4093 784 4138 contestamur
830 4083 1048 4155 gloriam
1089 4093 1306 4137 vestram
1329 4125 1345 4150 ,
1376 4094 1432 4137 ut
1452 4084 1520 4136 ad
1547 4084 1754 4153 provin-

165 4174 276 4228 cias
287 4185 476 4228 vestras
497 4176 604 4228 lucc
629 4175 799 4229 omnia
810 4174 1046 4229 velociter
1061 4174 1318 4239 indicetis,
1341 4189 1404 4228 ue
1419 4185 1509 4226 aut
1535 4173 1621 4226 isti
1639 4172 1762 4226 sub-

1858 3437 2109 3493 Iiomanae
2131 3440 2263 3493 sedis
2285 3439 2511 3493 antistite
2533 3440 2600 3492 ad
2629 3441 3045 3508 prazdecessorem
3089 3450 3309 3495 vestrum
3332 3442 3439 3496 Au-

1856 3532 2039 3586 relium
2057 3532 2184 3601 (leg.
2217 3531 2571 3598 Aurelianum)
2593 3533 2783 3602 scripta
2807 3535 3106 3587 transmissa
3131 3544 3272 3588 sunt.

1931 3619 2169 3675 Joannes
2200 3620 2529 3674 Trithcmius
2559 3620 2653 3674 lib.
2680 3620 2747 3675 de
2789 3621 3116 3691 Proprietate
3145 3623 3440 3678 monacho-

1858 3731 1997 3780 rum,
2028 3730 2143 3783 cap.
2180 3715 2213 3769 5
2246 3731 2260 3768 :
2291 3713 2596 3769 Aurelianus
2621 3715 2883 3784 episcopus
2914 3717 2964 3768 in
2997 3715 3193 3788 Regula
3239 3717 3307 3768 ad
3334 3733 3443 3770 mo-

1859 3806 2043 3872 niales,
2072 3823 2188 3872 cap.
2219 3805 2271 3870 3,
2301 3805 2373 3860 sic
2402 3807 2525 3859 dicit
2554 3823 2571 3861 :
2597 3805 2736 3860 Nihil
2758 3807 2965 3861 occulte
3003 3807 3300 3877 accipiatis,
3333 3818 3439 3863 etc.

1933 3897 2008 3952 Ex
2032 3896 2135 3952 hac
2155 3912 2362 3966 quoque
2387 3896 2588 3967 Regula
2616 3896 2786 3952 sancti
2807 3898 3081 3954 Aureliani
3104 3899 3170 3954 ad
3201 3899 3444 3969 Virgines

1857 3988 2063 4057 aliquot
2087 3988 2262 4057 capita
2285 3986 2438 4043 all'ert
2461 3998 2677 4044 sanctus
2699 3987 3020 4044 Benedictus
3037 3991 3257 4046 Aniena:
3277 3991 3442 4048 abbas

1861 4079 1914 4133 in
1944 4077 2242 4133 Concordia
2270 4077 2612 4146 Regularum.

166 4324 1879 4350 —————-————-——————

944 4421 1375 4478 OBSERVATIO
1413 4417 1680 4474 CRITICA
1725 4417 1789 4471 IN
1829 4413 2157 4470 REGULAM
2197 4410 2639 4475 SEQUENTEM.

236 4544 368 4597 Jan:
387 4557 543 4608 supra
565 4540 626 4594 de
651 4540 713 4594 S.
740 4539 998 4593 Aureliani
1015 4538 1208 4608 Regula
1232 4536 1300 4589 ad
1323 4535 1603 4589 Monac/tos
1626 4535 1761 4588 dixi-
1792 4539 1838 4597 1)
1864 4545 2086 4601 prwsens
2111 4544 2205 4600 pro
2227 4527 2416 4580 sanctis
2449 4525 2728 4598 virginibus
2747 4525 2974 4579 eamdem
2999 4525 3281 4578 doctrinam
3326 4541 3440 4578 mo-

162 4649 288 4688 mus
308 4647 326 4684 :
356 4647 488 4683 nunc
515 4631 580 4683 ad
608 4630 752 4683 illam
791 4629 1103 4699 pervenimus
1134 4644 1283 4696 quam
1323 4627 1391 4679 ad
1430 4641 1603 4679 sacras
1635 4623 1755 4678 Vir-

164 4730 312 4796 gines
343 4723 505 4776 dedit.
568 4720 1005 4788 Quemadmodum
1050 4719 1182 4773 enim
1238 4719 1301 4774 S.
1348 4717 1600 4773 Casarius
1652 4716 1755 4769 duo

167 4817 482 4872 monasteria
518 4815 572 4869 in
609 4814 731 4868 urbe
773 4813 1059 4866 Arelatensi
1098 4811 1373 4877 condidit;
1423 4811 1498 4863 sic
1529 4809 1680 4862 etiam
1709 4818 1752 4862 et

165 4913 280 4981 ejus
311 4923 573 4962 successor
601 4907 656 4960 in
683 4906 1026 4973 episcopatum
1059 4902 1119 4957 S.
1154 4902 1461 4955 Aurelianus
1483 4900 1537 4952 in
1580 4899 1754 4957 eadem

172 5001 374 5053 civitate
392 4999 492 5052 duo
515 4995 744 5050 ctenobia
774 5009 837 5048 es:
869 4994 1167 5047 liberalitate
1187 4991 1497 5045 Childebcrti
1525 4988 1757 5043 Franco-

172 5107 288 5142 rum
315 5090 448 5160 regis
477 5086 732 5140 exstruxit
757 5098 776 5137 .'
806 5086 967 5137 unum
996 5099 1088 5152 pro
1119 5083 1261 5146 viris,
1299 5084 1512 5134 alterum
1554 5095 1646 5149 pro
1683 5080 1758 5146 fe-

171 5179 345 5242 minis,
374 5179 555 5247 quibus
592 5185 639 5230 et
671 5176 799 5229 duas
837 5173 1106 5226 distinctas
1155 5171 1380 5242 Regulos
1426 5172 1746 5238 conscripsit.

176 5271 617 5338 Quemadmodum
653 5268 809 5339 igitur
850 5266 1015 5337 prima
1061 5264 1262 5335 Regula
1317 5279 1556 5333 magnam
1603 5261 1751 5316 habet

175 5379 290 5416 eum
323 5361 386 5418 S.
414 5360 625 5416 (ἔωσανὶὶ
654 5358 850 5430 Regula
878 5355 1280 5418 connexionem;
1308 5354 1378 5407 sic
1405 5352 1556 5407 etiam
1577 5359 1623 5404 et
1649 5352 1755 5404 [nec

1857 4623 2101 4677 nasticam
2143 4619 2387 4680 continet,
2432 4619 2717 4688 praesertim
2767 4618 2903 4670 circa
2943 4617 3100 4670 divini
3124 4616 3273 4686 oﬂicii
3302 4618 3440 4670 ordio

1857 4729 1991 4776 nent,
2021 4713 2206 4766 victum
2227 4719 2272 4763 et
2293 4711 2556 4769 vestitum;
2583 4706 2900 4762 solummodo
2927 4709 2987 4761 ab
3010 4710 3173 4761 altera
3200 4707 3439 4775 ili/ferens

1855 4802 2030 4873 quoad
2077 4799 2324 4870 quasdam
2379 4798 2785 4852 circumstantias
2845 4806 2895 4850 et
2942 4799 3284 4850 cwremonias.
3335 4797 3440 4851 Sed

1859 4903 2047 4962 prater
2068 4892 2197 4944 hanc
2225 4889 2473 4958 Regulam
2504 4889 2571 4944 40
2594 4889 2832 4958 capitulis
2871 4892 3305 4954 comprehensam,
3328 4887 3440 4953 qui-

1861 4987 1953 5040 bus
1970 4986 2122 5040 etiam
2148 4985 2392 5056 adjicitur
2420 4982 2696 5052 singularis
2729 4979 3030 5034 Exhortatio
3058 4984 3119 5031 de
3160 4979 3330 5030 divino
3357 4982 3440 5044 of-

1862 5079 2000 5146 ﬁcio,
2051 5076 2350 5130 llolstenius
2395 5074 2598 5127 addidit
2641 5073 2928 5142 Epistulam
2954 5069 3174 5123 Joannis
3200 5066 3435 5136 episcopi

1859 5167 2188 5223 Arelatensis
2221 5165 2622 5220 exhortatoriam
2651 5163 2718 5216 ad
2767 5178 2942 5216 sacras
2973 5157 3306 5215 S.Aureliuui
3332 5158 3434 5209 vir-

1849 5263 1990 5330 gines
2021 5259 2152 5313 lectu
2175 5258 2548 5328 dignissimam,
2595 5271 2708 5325 qua
2747 5261 2790 5308 et
2822 5253 2986 5323 ipsum
3036 5251 3282 5321 [tegulam
3316 5264 3435 5304 cau-

1856 5352 2025 5415 ﬁrmat
2053 5362 2099 5404 et
2127 5351 2445 5404 corroborat.

1526 5545 2108 5576 ...ᾤ-σ-
