4004 6354
548 364 655 423 399
1681 353 1740 409 S.
1786 345 2163 408 AUREUANI
2205 343 2677 405 ARELATENSIS
3713 336 3834 391 400

576 434 3835 501 Μ

1797 548 1881 621 S.
1958 541 2549 618 AURELIANI

1434 692 1957 806 REGULA
2030 694 2197 795 AD
2270 690 2722 795 VIBGIN
2731 689 2925 793 ES.

2000 898 2385 961 PROLOGUS.

629 1008 831 1067 Sanctis
858 1016 909 1062 et
955 1007 1007 1060 in
1036 1005 1239 1062 Christo
1265 1004 1560 1059 venerandis
1588 1002 1845 1057 sororibus
1886 999 1938 1052 in
1960 1014 2143 1052 mona-
2169 1002 2219 1059 Α
2246 993 2487 1065 ligeretis
2514 990 2707 1046 timore
2736 989 2921 1047 divino
2945 1005 3135 1046 carnes
3151 998 3376 1053 vestras.
3397 997 3649 1044 tenentes
3675 989 3834 1044 illud:

555 1104 710 1156 sterio
752 1101 909 1154 beata:
955 1098 1139 1153 Maria:
1175 1102 1345 1169 quod,
1375 1097 1481 1150 Deo
1518 1096 1748 1168 jubente,
1779 1095 1915 1146 intra
1962 1106 2132 1145 muros
2234 1084 2418 1139 Juraoi
2444 1094 2490 1137 et
2517 1084 2671 1136 statui
2702 1082 2957 1136 custodire
2994 1082 3198 1151 judicia
3220 1083 3441 1153 justitiae
3492 1092 3597 1134 tua:
3657 1080 3837 1149 (Psat.

556 1192 870 1248 Arelatensis
895 1191 1037 1245 urbis
1053 1191 1292 1261 fecimus,
1337 1186 1623 1242 constitutis
1647 1226 1663 1251 ,
1695 1184 1999 1237 Aurelianus
2027 1181 2136 1249 epi-
2237 1176 2452 1244 cxvut);
2482 1184 2557 1238 et,
2586 1172 2717 1226 Mihi
2741 1173 2963 1226 mundus
3012 1172 3290 1240 cruciﬁxus
3310 1182 3403 1234 est,
3433 1181 3482 1225 et
3508 1187 3603 1240 ego
3634 1174 3838 1225 mundo

556 1299 761 1355 scapus.
2241 1265 2384 1337 (Gal.
2412 1264 2490 1335 Vl)
2519 1283 2532 1317 :
2564 1264 2954 1333 disposuimus,
2982 1262 3205 1333 jubente
3234 1263 3464 1317 Domino
3510 1274 3682 1331 atque
3707 1280 3837 1332 epe-

626 1374 758 1441 Quia
780 1373 890 1428 Deo
920 1371 1216 1440 inspirante
1238 1369 1323 1437 qui
1355 1384 1452 1422 nos
1472 1365 1733 1435 praevenit
1757 1361 2008 1417 incliabili
2031 1358 2135 1414 mi-
2241 1368 2394 1412 rante
2421 1356 2474 1410 in
2505 1355 2659 1409 nobis
2688 1356 2823 1409 velle
2847 1364 2903 1409 et
2925 1355 3207 1424 perlicere,
3249 1365 3305 1409 ιιι
3326 1356 3723 1409 monasterium
3745 1372 3839 1407 vo-

558 1469 848 1525 sericordia
876 1481 996 1529 sua,
1023 1464 1195 1517 visum
1223 1463 1376 1516 vobis
1397 1470 1479 1514 est
1508 1446 1589 1515 ut.
1630 1456 1923 1526 repudiatis
1955 1451 2134 1506 szrculi
2245 1450 2326 1503 bis
2350 1464 2448 1518 pro
2460 1446 2697 1517 profectu
2724 1446 3021 1500 animarum
3038 1456 3329 1500 vestrarum
3354 1456 3831 1511 consumeremus,

559 1560 1022 1630 voluptatibus,ac
1044 1555 1425 1624 temporalibus
1452 1552 1660 1621 gaudiis
1683 1545 1999 1614 contemptis
2024 1543 2137 1596 sive
2245 1543 2386 1597 sicut
2413 1548 2467 1594 et
2495 1539 2739 1594 fecimus.
2764 1538 2833 1592 Et
2863 1538 2983 1594 ideo
3014 1539 3268 1608 Regulam
3298 1539 3450 1593 vobis
3493 1538 3562 1592 ad
3587 1539 3831 1606 disciptt-

567 1652 789 1721 spretis,
817 1647 1086 1716 eligeretis
1116 1644 1470 1699 sanctissimae
1517 1641 1640 1693 vita:
1670 1639 1922 1697 nitorem,
1954 1641 2010 1688 et
2036 1632 2143 1684 vir—
2248 1648 2371 1687 nam
2432 1630 2785 1695 instituimus,
2840 1644 2961 1700 quae
2998 1642 3119 1699 prr'
3147 1642 3245 1684 vos
3278 1630 3419 1684 viam
3458 1630 3833 1684 mandatorum

564 1718 805 1812 ginitatis
835 1753 899 1793 ac
924 1736 1183 1791 castitatis
1227 1734 1447 1801 gratiam
1479 1729 1915 1795 complectentes,
1957 1737 2142 1777 amore
2247 1722 2343 1778 Dei
2373 1722 2592 1777 doceret
2616 1734 2858 1785 currere,
2885 1728 2941 1776 et
2966 1719 3034 1776 ad
3059 1734 3221 1791 regna
3249 1718 3506 1775 oculorum
3532 1720 3835 1776 tacet-etle-

566 1831 665 1887 Dei
696 1841 802 1885 tota
826 1832 1093 1885 viscerum
1123 1836 1177 1882 et
1200 1824 1381 1880 cordis
1419 1822 1670 1877 aviditate
1700 1828 1989 1879 sectantes.
2017 1831 2146 1868 con-
2250 1813 2424 1869 liciter
2447 1812 2745 1879 pervenire.

568 1906 3353 1938 ___________________————-—————————-—

574 464 991 477 ._—-——-—————

1570 1981 1968 2046 lNClPlUNT
2014 1976 2407 2038 CAPITULA
2454 1971 2829 2035 REGULE.

564 2099 619 2154 1.
663 2096 984 2163 Quaecunque
1004 2094 1073 2147 ad
1101 2091 1477 2163 conversionem
1521 2088 1795 2163 venerit,et
1830 2080 1996 2163 recipi
2018 2097 2071 2133 se
2092 2080 2145 2131 in

632 2151 993 2239 nibnasterium
1012 2173 1283 2232 rogaverit,
1307 2158 1560 2239 Regulaei
1583 2157 1802 2239 primum
1825 2155 1875 2205 in
1899 2151 2150 2239 salutato-

2256 2076 2346 2131 19.
2377 2074 2540 2129 Nulla
2579 2089 2733 2141 Opera
2780 2089 2874 2141 pro
2902 2089 2993 2127 suo
3040 2072 3180 2125 libita
3216 2072 3406 2140 eligant
3447 2072 3706 2138 facienda,
3752 2070 3832 2124 sed

2320 2147 2457 2213 quod
2476 2144 2540 2198 ab
2565 2144 2820 2198 abbatissa
2840 2143 2915 2196 vel
2945 2143 3229 2213 praeposita
3248 2144 3549 2209 imperatum
3580 2142 3755 2213 fuerit.

634 2211 1432 2304 .itiéépi'a
1461 2211 1637 2304 fuerit,
1660 2240 1819 2295 usque
1844 2224 1910 2276 ad
1938 2233 2149 2274 mortem
2248 2211 2341 2271 20.
2371 2214 2497 2270 Cum
2522 2225 2797 2286 operantur
2820 2211 3072 2280 manibus,
3101 2211 3365 2265 meditatio
3392 2222 3573 2264 sancta
3604 2212 3670 2262 de
3690 2211 3832 2263 corda

637 2298 865 2361 suamude
905 2305 1207 2358 monasterio
1237 2298 1353 2354 non
1368 2298 1679 2367 egrediatur.

565 2377 621 2433 2.
644 2360 651 2361 7
672 2376 980 2454 vestimenta
1000 2375 1237 2454 religiosa
1259 2388 1360 2454 non
1383 2360 1617 2454 accipiat,
1645 2364 1741 2419 nisi
1763 2362 1966 2417 chartas
1987 2360 2050 2413 de
2072 2361 2151 2429 fa-
2184 2394 2229 2454 Β

643 2447 830 2500 cultate
858 2461 953 2498 sua
981 2446 1063 2497 cui
1089 2440 1300 2496 uoluerit
1332 2440 1507 2507 faciat.

568 2518 624 2573 '5.
668 2515 817 2571 Nihil
838 2514 1033 2568 occulte
1054 2500 1405 2579 accipiendam
1430 2526 1445 2572 ;
1474 2508 1563 2561 sed
1584 2506 1629 2559 si
1647 2504 1770 2575 quid
1799 2500 2150 2579 transmissum

644 2570 820 2655 fuerit,
847 2596 890 2637 et
917 2584 993 2636 illi
1015 2584 1095 2636 cui
1137 2570 1491 2655 ti'ansmittitur
1520 2570 1718 2655 necesse
1762 2588 1862 2626 non
1891 2572 2066 2655 fuerit,
2101 2570 2151 2622 in

641 2642 905 2710 commune
926 2654 1206 2713 redactum.
1239 2654 1322 2703 cui
1350 2660 1424 2701 est
1445 2648 1798 2707 necessarium,
1833 2642 2104 2713 tribuatur.

571 2726 628 2783 4.
673 2724 931 2789 Epistolas
958 2740 1047 2777 nec
1086 2710 1281 2775 dandas
1327 2736 1416 2773 nec
1454 2718 1781 2786 accipiendas
1806 2715 1914 2768 sine
1944 2710 2153 2766 scientia

645 2805 735 2849 aut
764 2796 1011 2863 permissu
1033 2794 1323 2847 abbatissa’.

574 2877 627 2933 5.
673 2857 836 2929 Nulla
860 2875 995 2929 circa
1022 2876 1205 2927 lectum
1234 2886 1408 2932 suum,
1434 2867 1571 2938 quod
1608 2861 1904 2919 manducari
1942 2867 2033 2912 aut
2053 2857 2156 2911 bibi

647 2946 828 3016 possit,
852 2955 1081 3016 reponat.

574 3015 631 3071 ϐ.
649 3002 838 3070 ’Νηιιὰ
863 3002 990 3069 εέιιιι
1019 3024 1107 3068 aut
1126 3012 1456 3067 armariolunt
1486 3007 1739 3062 peculiare
1767 3002 1970 3056 habeat.

578 3088 633 3140 7.
678 3085 799 3157 Non
819 3087 1122 3157 jurandum.

577 3158 633 3212 8.
677 3155 798 3211 Non
821 3155 1252 3209 maledicendum.

575 3228 632 3283 9.
677 3226 799 3281 Non
829 3226 1194 3280 mentiendum.

576 3298 666 3353 10.
707 3295 1044 3351 lracundiam
1065 3295 1262 3364 penitus
1291 3308 1391 3345 non
1415 3289 1704 3364 tenendam.

575 3369 669 3424 11.
708 3368 873 3422 Soror
894 3369 945 3420 in
966 3359 1189 3421 sororem
1219 3378 1420 3416 manum
1441 3376 1543 3413 non
1572 3359 1761 3412 mittat.

576 3448 666 3504 12.
711 3447 861 3501 Nulli
891 3448 1039 3501 liceat
1067 3447 1133 3499 ad
1165 3442 1497 3498 salutandum
1521 3439 1662 3494 exire
1687 3436 1783 3490 nisi
1810 3448 1926 3487 cum
1958 3448 2158 3501 pra'po-

645 3515 748 3572 sita
774 3525 862 3571 aut
885 3519 1056 3587 aliqua
1080 3516 1299 3569 seniore.

580 3598 666 3652 13.
708 3595 911 3650 Ancilla
934 3580 1037 3648 non
1065 3594 1380 3657 excipiatur;
1424 3589 1605 3642 liberta
1630 3594 1798 3639 tamen
1822 3583 1866 3637 si
1888 3591 1980 3649 est,
2001 3590 2046 3633 et
2068 3580 2157 3633 ab-

651 3666 854 3719 batissa:
877 3667 1040 3719 uisum
1062 3664 1234 3733 fuerit.
1263 3660 1566 3726 excipiatur.

577 3744 673 3798 .N.
704 3743 814 3797 Nec
837 3743 931 3797 uiri
954 3758 1045 3795 nec
1063 3729 1302 3794 mulieres
1323 3738 1594 3791 steculares
1622 3735 1674 3787 in
1696 3729 2055 3785 monasterium
2079 3731 2156 3783 iu-

652 3813 949 3895 grediantur
997 3821 1184 3891 praeter
1235 3810 1287 3862 in
1330 3806 1591 3863 basilicam
1619 3801 1854 3857 Dominte
1877 3800 2080 3869 Marite,
2109 3810 2157 3855 et

651 3883 706 3936 in
736 3883 1118 3937 salutatorium.

576 3962 673 4018 15.
719 3961 788 4015 Ut
810 3977 901 4016 nec
919 3961 1045 4027 ipsis
1074 3956 1579 4029 provisoribusliceat
1602 3955 1660 4006 in
1687 3951 2051 4029 monasterium
2079 3950 2159 4029 in-

644 4032 830 4099 troire,
862 4022 961 4085 nisi
982 4022 1082 4100 pro
1104 4029 1185 4083 his
1212 4027 1517 4082 utilitatibus
1562 4038 1690 4094 quas
1734 4024 1787 4076 in
1841 4024 1939 4075 hac
1981 4022 2159 4093 regula

650 4102 943 4157 statuimus.

583 4172 670 4228 16.
702 4171 933 4243 Infantes
961 4172 1025 4226 de
1052 4169 1300 4241 baptismo
1320 4182 1421 4221 non
1456 4167 1800 4233 excipiendos.

582 4254 669 4308 17.
715 4252 842 4318 Quae
864 4253 918 4306 in
962 4259 1079 4306 actu
1108 4256 1370 4319 ponuntur
1395 4247 1611 4315 desuper
1637 4245 1928 4317 euangelica
1948 4248 1963 4266 ⁶
1993 4243 2161 4297 claves

651 4324 929 4393 accipiant.

579 4402 668 4460 18.
706 4400 773 4457 In
793 4401 1123 4456 ministerium
1145 4398 1332 4451 uicibus
1378 4395 1473 4448 sibi
1518 4397 1810 4459 succedant,
1856 4395 2041 4463 absque
2069 4392 2160 4445 ab-

648 4473 840 4527 batissa
867 4481 913 4525 et
937 4470 1159 4539 parvulis
1190 4466 1492 4538 infantibus.

2321 2303 2421 2339 non
2451 2296 2629 2340 888881.

2252 2357 2343 2412 21.
2377 2356 2497 2412 Sint
2537 2356 2675 2410 vobis
2706 2356 2880 2408 omnia
2921 2353 3244 2412 communia.
3274 2362 3321 2404 et
3364 2350 3509 2405 nulla
3542 2366 3830 2419 suumpro-

2326 2428 2499 2495 prium
2523 2427 2688 2480 dicere
2713 2436 2800 2495 aut
2821 2424 3078 2478 vindicare
3106 2430 3400 2495 prajsumat.

2252 2490 2343 2620 22;
2382 2495 2694 2618 liestiuwnta
2712 2494 2818 2549 alio
2863 2494 3033 2549 colore
3058 2509 3160 2547 non
3188 2493 3506 2557 induantur,
3542 2491 3644 2543 nisi
3666 2490 3766 2545 (aia
3785 2500 3830 2545 et

2344 2583 2404 2620 ac
2429 2584 2532 2620 tua.

2344 2568 2532 2620 actina.

2255 2640 2349 2693 25.
2383 2636 2447 2690 In
2475 2636 2663 2709 vigiliis
2692 2634 3112 2709 studendumuest
3133 2640 3189 2685 ut
3216 2632 3358 2709 nulla
3377 2631 3621 2685 dormiat.

2257 2709 2347 2763 21.
2380 2703 2544 2779 Signo
2571 2717 2704 2779 tacto
2733 2707 2876 2760 nulla
2907 2706 3099 2779 tardius
3127 2703 3311 2756 veniat.

2257 2780 2348 2835 23.
2369 2774 2519 2900 fam
2560 2777 2797 2846 psallitur
2831 2774 2975 2830 nulla
3008 2774 3278 2845 loquatur,
3320 2786 3413 2824 nec
3448 2780 3691 2841 aperetur
3728 2787 3828 2823 ma-

2330 2864 2380 2900 Μ
2419 2866 2498 2900 ηδ.
3290 2874 3294 2877 ‘

2330 2864 2498 2901 Μυηδ.
3290 2874 3294 2877 Α

2255 2919 2345 2974 26.
2377 2917 2593 2971 Litteras
2618 2932 2793 2971 omnes
2814 2917 3035 2971 discant.

2257 2990 2347 3043 27.
2379 2989 2569 3042 Sancta
2585 2986 2840 3039 abbatissa
2862 2987 2914 3039 in
2935 2984 3322 3054 congregatione
3345 2991 3572 3037 maneat.

2255 3061 2344 3116 28.
2377 3058 2436 3113 Si
2455 3075 2558 3128 qua
2584 3074 2676 3126 pro
2694 3057 2913 3128 qualibet
2939 3056 3091 3125 culpa
3111 3052 3394 3123 corrigatur
3418 3060 3509 3106 aut
3529 3052 3821 3122 castigatur,

2259 3129 2568 3253 2“arguenti
2588 3127 2892 3251 νῖῖρολπάὶἓε
2916 3140 3018 3207 non
3039 3132 3329 3195 prtesumat.

2300 3237 2350 3251 ..
2429 3215 2612 3253 tesnu
2655 3215 2713 3250 as
2772 3213 2803 3248 α
2866 3209 2981 3249 am.

2300 3209 2350 3251 5L
2383 3209 2520 3253 Lites
2542 3209 2713 3251 nullas
2734 3209 2981 3249 ηαοεαιη.

2258 3268 2349 3324 50.
2380 3269 2649 3337 Superbis,
2680 3264 3077 3337 inobedientibus
3105 3273 3152 3317 et
3192 3261 3510 3317 iracundiam
3540 3262 3827 3332 protrahet

2331 3335 2742 3405 tibus-nunquam
2769 3335 3097 3404 parcendum.

2258 3409 2349 3465 31.
2383 3401 2885 3464 Sanctte'abbatisste
2907 3420 3006 3458 non
3040 3405 3189 3456 liceat
3212 3404 3274 3455 de
3302 3401 3632 3471 facultatibus
3657 3417 3827 3454 mona-

2330 3482 2469 3532 sterii
2492 3478 2705 3532 uendere
2729 3488 2817 3531 aut
2845 3478 3062 3538 donare;
3086 3489 3178 3529 nec
3205 3473 3400 3537 aliquid
3428 3482 3611 3526 contra
3631 3472 3830 3541 Regule

2332 3550 2565 3603 instituta
2585 3563 2753 3617 agere.

2260 3620 2350 3672 32.
2384 3620 2627 3673 Sedentes
2656 3618 2725 3670 ad
2752 3631 2978 3671 mensam
3007 3623 3225 3670 taceant.

2262 3691 2352 3745 3'5.
2378 3690 2570 3745 Sancta
2591 3687 2845 3742 abbatissa
2872 3695 3013 3739 extra
3039 3685 3475 3755 congregationem
3494 3698 3599 3736 non
3621 3682 3827 3749 reficiat.

2183 3763 2231 3829 (ζ
2261 3759 2349 3814 54.
2375 3760 2564 3815 Comes
2590 3760 2644 3813 in
2660 3758 2782 3811 cibis
2806 3772 3064 3829 nunquam
3084 3765 3305 3829 sumant.

2265 3828 2354 3885 35.
2388 3830 2530 3883 Pulli
2553 3838 2599 3883 et
2623 3829 2815 3897 reliqua
2840 3826 3007 3880 altilia
3031 3825 3248 3897 infirmis
3270 3823 3831 3897 tantumministrentur

2338 3914 2386 3955 et
2413 3899 2680 3954 delicatis:
2706 3893 2865 3967 pisces
2893 3912 3007 3950 vero
3028 3896 3176 3949 certis
3194 3893 3586 3967 festivitatibus.

2265 3972 2358 4027 56.
2386 3969 2547 4024 Extra
2569 3984 2791 4022 mensam
2809 3981 3125 4020 communem
3150 3966 3276 4018 nihil
3296 3966 3389 4018 cibi
3408 3975 3624 4036 potusve
3637 3974 3832 4032 gustare

2341 4041 2512 4103 liceat,
2541 4039 2639 4092 nisi
2663 4038 2879 4106 inﬁrmis
2906 4046 2956 4091 et
2984 4036 3283 4106 infantibus.

2264 4112 2358 4168 57.
2383 4109 2617 4177 Qualiter
2645 4108 2862 4175 infirmis
2887 4105 3332 4177 obteinperandum
3350 4114 3444 4161 est.

2268 4183 2359 4237 38.
2395 4175 2495 4235 Ubi
2520 4194 2724 4233 cursum
2759 4178 2791 4228 d
2816 4192 2997 4231 urnum
3022 4175 3100 4230 uel
3130 4186 3430 4229 nocturnum
3463 4175 3661 4228 dicant.

2269 4252 2360 4307 39.
2386 4249 2454 4304 Ut
2474 4260 2647 4304 sancta
2664 4247 2919 4302 abbatissa
2939 4244 3188 4317 quidquid
3205 4261 3400 4300 necesse
3418 4244 3571 4314 fuerit
3596 4259 3709 4298 cum
3727 4242 3832 4312 suf-

2340 4320 2566 4388 ficientia
2595 4323 2835 4388 praebeat.

2265 4383 2356 4446 40.
2403 4389 2471 4445 Ut
2508 4383 2686 4444 sancta
2714 4387 3037 4457 congregatio
3066 4385 3239 4440 omnia
3272 4400 3390 4456 qua
3425 4393 3619 4439 statuta
3660 4383 3829 4447 habet,

2332 4461 2544 4529 implere
2568 4459 2862 4514 contendat.

649 4585 671 4610 ‘
709 4582 1015 4651 Legendum
1039 4581 1318 4651 euangelio.
1341 4590 1398 4633 ut
1419 4589 1562 4648 patet
1591 4585 1796 4632 textum
1820 4576 2120 4630 consulenti
2155 4574 2290 4629 inira
2317 4574 2425 4629 col.
2456 4573 2581 4640 402,
2605 4574 2701 4628 lin.
2729 4574 2784 4627 ί).
2818 4572 2968 4625 Εοιτ.

1965 4745 2431 4815 REGULA.

653 4863 963 4919 CAPITULO!
985 4875 1207 4915 rmuuu.
1234 4858 1346 4913 Hoc
1370 4858 1593 4926 jubente
1621 4856 1730 4910 Deo
1762 4855 2024 4924 imprimis
2053 4864 2160 4909 sta-
2191 4859 2238 4915 D
2265 4854 2572 4909 donationis
2600 4862 2690 4907 aut
2716 4854 3040 4910 venditionis
3058 4856 3142 4910 cui
3167 4852 3599 4920 volueritfaciat,
3625 4867 3833 4927 propter

583 4953 784 5010 tuimus
809 4950 1186 5007 inviolabiliter
1212 4947 1498 5004 tenendum
1518 4987 1531 5011 ,
1558 4954 1615 5000 ut
1640 4947 1685 4999 si
1707 4960 1809 5015 qua
1837 4946 1903 5000 ad
1934 4962 2159 5001 conver-

579 5046 784 5103 sionem
815 5043 1041 5109 venerit,
1060 5038 1260 5109 Regula
1282 5038 1335 5092 ei
1366 5036 1419 5092 in
1445 5036 1759 5090 salutatorio
1784 5036 2005 5104 legatur,
2037 5046 2091 5092 et
2113 5035 2158 5090 si

583 5137 822 5208 professa
865 5134 1025 5190 fuerit
1051 5145 1112 5188 se
1136 5130 1316 5186 omnia
1347 5128 1711 5198 impleturum,
1744 5137 1871 5183 tunc
1910 5127 2157 5197 excipia-

584 5240 671 5287 tur
700 5246 716 5285 :
745 5238 970 5297 excepta
999 5238 1129 5280 vero
1155 5236 1326 5292 usque
1352 5220 1417 5276 ad
1448 5231 1675 5277 mortem
1705 5236 1855 5277 suam
1896 5236 1994 5278 nec
2022 5236 2159 5291 prte-

583 5327 781 5386 sumat,
798 5333 898 5375 nec
920 5316 1262 5388 permittatur
1275 5312 1342 5367 de
1357 5311 1687 5367 monasterio
1707 5313 1917 5382 egredi:
1941 5322 2160 5382 propter

579 5411 710 5469 illud
740 5408 1111 5481 propheticum
1139 5421 1154 5459 :
1183 5402 1349 5459 Unam
1370 5403 1492 5473 petii
1517 5420 1549 5456 a
1576 5401 1813 5469 Domino,
1838 5403 1971 5456 hanc
1994 5406 2163 5474 requi-

580 5517 723 5565 ram,
767 5508 824 5555 ut
869 5496 1147 5552 inhohitem
1171 5494 1227 5547 in
1265 5493 1419 5547 domo
1463 5490 1675 5546 Domini
1715 5491 1945 5548 omnibus
1985 5494 2160 5548 diebus

579 5592 695 5645 uitta
724 5605 849 5645 τηρεε
870 5585 1040 5657 (Psal.
1064 5583 1235 5654 xm).

658 5679 731 5735 ll.
767 5678 1100 5734 Vestimenta
1128 5664 1259 5731 vero
1280 5671 1526 5745 religiosa
1558 5686 1661 5727 non
1692 5672 1937 5741 accipiat,
1962 5672 2064 5728 nisi
2092 5673 2160 5729 de

582 5771 729 5828 omni
771 5767 1022 5825 facultate
1049 5780 1164 5826 sua.
1197 5763 1313 5821 sive
1341 5762 1549 5838 grandi.
1580 5762 1693 5819 sive
1720 5774 1881 5832 parva
1913 5760 2156 5829 ;cltartas

2270 4945 2479 4999 Domini
2501 4944 2773 5011 mandata,
2790 4946 2878 5000 ubi
2901 4946 3064 5001 dicit:
3090 4947 3150 5003 Si
3178 4948 3249 5002 vis
3270 4949 3522 5018 perfectus
3542 4965 3669 5014 esse,
3688 4952 3833 5006 vende

2266 5036 2436 5090 omnia
2463 5050 2576 5102 qua
2599 5035 2750 5089 habes
2768 5034 2981 5105 (Matth.
3008 5036 3145 5106 xu);
3174 5048 3251 5102 et,
3277 5037 3471 5107 Siquis
3500 5056 3603 5093 non
3627 5042 3833 5110 relique-

2264 5128 2333 5180 rit
2354 5128 2525 5181 omnia
2546 5142 2659 5197 quaz
2681 5128 2927 5199 possidet,
2958 5143 3060 5182 non
3081 5122 3242 5198 potest
3266 5146 3410 5184 meus
3431 5146 3540 5185 esse
3561 5131 3834 5202 discipulus

2271 5215 2421 5286 (Luc.
2453 5216 2587 5287 xtv).

2340 5308 2427 5363 Ill.
2460 5310 2600 5364 Nihil
2625 5310 2832 5363 occulte
2860 5309 3168 5378 accipiatis:
3192 5311 3286 5366 sed
3311 5312 3355 5367 si
3375 5314 3493 5381 quis
3517 5315 3833 5384 propinquus

2267 5412 2357 5453 aut
2384 5401 2589 5454 amicus
2610 5400 2807 5465 aliquid
2830 5401 2879 5453 iu
2901 5401 3222 5456 vestimento
3244 5413 3332 5458 aut
3359 5404 3411 5459 iu
3429 5408 3679 5471 auro,vel
3699 5408 3830 5462 aliud

2270 5492 2621 5561 quodcunque
2647 5490 2856 5545 dederit
2883 5502 2973 5545 aut
3003 5494 3377 5559 transmiserit,
3405 5494 3457 5549 in
3492 5506 3748 5564 potestate
3766 5500 3829 5551 sit

2268 5581 2570 5645 abbatissae,
2604 5590 2655 5633 et
2686 5581 2727 5634 si
2761 5580 2837 5633 illi
2870 5584 2954 5635 cui
2987 5583 3365 5636 transmittitur
3390 5599 3620 5647 necesse
3662 5586 3826 5647 fuerit,

2267 5674 2560 5735 tribuatur;
2588 5672 2669 5726 sin
2692 5687 2819 5725 vero
2848 5672 2935 5726 illa
2961 5672 3093 5726 nihil
3124 5672 3343 5742 indiget,
3378 5676 3433 5730 in
3453 5690 3805 5735 communem

2265 5764 2474 5820 dictum
2504 5764 2585 5817 cui
2618 5776 2692 5819 cst
2731 5767 3091 5820 necessarium
3121 5762 3406 5822 tribuatur.
