4004 6354
197 321 308 377 ιθι

1430 319 1709 376 REGULA
1753 319 1842 374 AD
1883 319 2219 375 VIRGINES.

3364 324 3470 381 ιος

281 437 367 491 IV.
396 435 664 505 Epistolas
687 436 1037 507 praecepimus
1061 451 1159 492 nec
1180 435 1384 493 dandas
1407 453 1507 494 nec
1529 438 1787 506 accipien-
1817 444 1869 503 Α
1966 437 2102 492 XVI.
2134 439 2284 493 Nulla
2320 439 2575 495 infantem
2615 438 2682 497 de
2709 437 2977 509 baptismo
3001 438 3255 509 excipiat.

194 529 302 585 das
330 530 447 584 sine
471 531 688 584 scientia
721 540 810 584 aut
832 532 1094 598 permisso
1118 532 1422 586 abbatissae.

281 624 347 678 ν.
379 625 532 678 Nulla
561 625 703 679 circa
749 625 942 679 lectum
971 641 1126 681 suum
1171 627 1312 694 quod
1344 628 1668 683 manducare
1700 638 1790 683 aut

199 715 397 771 bibere
417 715 604 784 possit,
626 732 887 786 reponere
911 729 1224 787 prtesumat;
1251 719 1343 773 sed
1364 735 1552 774 omnes
1573 721 1624 774 in
1642 737 1789 776 com-

197 809 358 861 muni
399 808 622 862 cellario
651 811 946 863 recondant
976 828 989 876 ;
1019 822 1072 864 et
1095 811 1140 865 si
1172 812 1500 880 inaequalitas
1526 815 1785 883 exegerit,

189 897 421 966 iubente
441 898 653 953 seniore
680 900 818 968 quod
851 916 1068 956 necesse
1099 901 1275 966 fuerit,
1319 919 1424 957 non
1461 907 1507 958 ei
1541 917 1782 975 negetur.

277 989 365 1043 VI.
392 989 530 1044 Nulli
552 991 712 1046 liceat
739 994 930 1047 cellam
960 1004 1052 1048 aut
1072 996 1436 1060 armariolum,
1466 1006 1557 1051 aut
1585 999 1786 1069 aliquid

193 1077 513 1149 Itujusmodi
545 1082 684 1149 quod
715 1082 1035 1150 peculiarius
1065 1085 1240 1139 claudi
1273 1087 1460 1154 possit,
1495 1089 1711 1144 habere.
1786 1133 1790 1136 .

280 1172 390 1227 VII.
413 1173 528 1227 Non
547 1173 765 1242 jttretis,
793 1176 918 1244 quia
947 1177 1202 1231 Dominus
1219 1177 1382 1232 dixit:
1413 1178 1589 1233 Nolite
1603 1183 1788 1249 jurare

97 1277 107 1342 ξ
193 1260 421 1333 (Matth.
454 1263 527 1333 v).
561 1264 624 1319 Et
653 1266 754 1319 alia
784 1268 1079 1334 scriptura:
1119 1267 1211 1322 Vir
1241 1272 1663 1342 multumjurans
1692 1275 1788 1328 int-

87 1367 100 1436 i
193 1354 426 1422 plebitur
452 1356 738 1424 iniquitate,
762 1371 807 1410 et
835 1374 938 1412 non
964 1358 1186 1414 discedet
1207 1363 1269 1413 de
1291 1361 1442 1416 domo
1466 1364 1603 1417 illius
1633 1365 1788 1436 plaga

86 1439 94 1452 '
117 1449 132 1472 ’·
190 1442 428 1514 (Eccles.
461 1447 638 1515 xxttt).

278 1536 410 1591 VIII.
443 1537 557 1592 Non
588 1539 950 1605 maledicatis,
982 1544 1104 1612 quia
1153 1544 1410 1610 scriptum
1450 1556 1570 1600 est:
1607 1545 1789 1616 Neque

191 1629 445 1682 maledici
471 1646 683 1700 regnum
715 1629 811 1684 Dei
834 1634 1161 1699 possidebunt
1189 1634 1238 1704 (1
1269 1635 1390 1690 Cor.
1413 1638 1512 1703 vt).

276 1721 370 1776 IX.
396 1723 612 1777 Mentiri
639 1725 863 1778 omnino
893 1741 997 1779 non
1030 1727 1186 1781 liceat
1210 1744 1225 1782 :
1254 1729 1374 1797 quia
1407 1746 1463 1781 os
1483 1730 1621 1799 quod
1647 1747 1788 1785 men-

1967 529 2128 586 XVII.
2160 531 2361 595 Quibus
2389 531 2567 584 claves
2596 530 2664 586 de
2689 530 2906 585 cellario
2927 575 2941 598 ,
2971 544 3200 592 canava,
3233 528 3428 590 horreo
3449 569 3465 594 ν

1893 619 2136 688 posticio,
2162 629 2215 672 et
2238 621 2471 672 oratorio
2489 619 2770 673 credenda:
2787 628 2929 684 sunt,
2958 619 3190 687 probata:
3217 621 3327 674 sint
3348 635 3466 687 per-

1890 724 2066 770 sonat;
2092 718 2146 762 et
2163 709 2393 777 desuper
2423 711 2611 764 altario
2643 709 2724 763 vel
2751 709 3038 778 Evangelio
3055 724 3146 764 eas
3167 709 3464 778 accipiant:

1887 803 2122 858 scientes
2172 816 2231 855 se
2257 802 2364 856 Deo
2393 803 2693 857 reddituros
2740 802 3001 857 rationem
3047 802 3116 857 de
3165 802 3469 858 ministerio

1888 892 1990 947 sibi
2027 892 2255 945 credito.
2889 959 2892 961 λ

1963 983 2147 1037 XVIII.
2184 985 2241 1037 In
2270 984 2414 1038 omni
2448 983 2748 1040 ministerio
2793 985 2904 1039 sive
2952 983 3139 1038 ordine
3171 984 3466 1053 psallendi,

1889 1086 1981 1131 aut
2008 1075 2242 1146 legendi,
2273 1076 2356 1128 vel
2401 1076 2690 1144 Operandi,
2743 1076 2946 1130 vicibus
2985 1075 3087 1131 sibi
3135 1076 3468 1132 succedant:

1888 1169 2090 1236 absque
2119 1168 2411 1232 abbatissa,
2443 1168 2524 1221 vel
2558 1180 2749 1235 printer
2777 1171 2910 1223 satis
2937 1182 3094 1224 senes
3121 1179 3175 1223 et
3219 1170 3468 1238 parvulas

1890 1259 2150 1323 infantes,
2184 1266 2276 1312 aut
2314 1268 2459 1313 certe
2487 1260 2559 1311 ita
2609 1259 2878 1324 inﬁrmas,
2911 1269 2970 1314 ut
2995 1275 3218 1331 surgere
3247 1260 3467 1316 omnino

1891 1365 1996 1403 non
2027 1350 2249 1418 possint,
2276 1364 2380 1403 non
2404 1349 2793 1418 compellantur
2821 1350 2998 1406 facere
3023 1350 3165 1420 quod
3195 1365 3303 1406 non
3330 1365 3470 1421 prm-

1889 1437 2087 1492 valent.

1960 1529 2103 1584 XIX.
2135 1529 2286 1583 Nulla
2316 1544 2476 1598 opera
2507 1544 2600 1597 pro
2628 1543 2724 1583 suo
2751 1528 2907 1584 libito
2935 1528 3136 1596 eligant
3184 1529 3467 1597 facienda,

1890 1620 1984 1673 sed
2016 1620 2157 1689 quod
2187 1620 2454 1674 abbatissa
2484 1620 2783 1687 imperavit,
2818 1621 2919 1674 hoc
2947 1617 3163 1673 faciant.
3413 1677 3421 1687 ,

1961 1711 2081 1767 XX.
2112 1713 2213 1767 l‘er
2237 1723 2402 1766 totum
2425 1716 2564 1765 diem
2591 1729 2711 1766 cum
2736 1715 3027 1782 operamini
3059 1711 3321 1775 manibus,
3349 1726 3466 1765 me-

194 1813 328 1867 titur
353 1815 538 1868 occidit
564 1816 789 1869 animam
819 1817 971 1888 (Sap.
1002 1819 1068 1887 ι),
1103 1829 1157 1874 et
1183 1821 1310 1874 illud
1336 1838 1351 1876 :
1384 1819 1574 1876 Perdes
1595 1840 1676 1876 eos
1697 1825 1777 1892 qui

1900 1803 2075 1858 dilatio
2123 1815 2306 1858 sancta
2356 1807 2422 1857 de
2463 1805 2624 1858 corde
2656 1821 2758 1856 non
2811 1815 2984 1896 cesset
3018 1821 3030 1858 :
3068 1816 3285 1873 propter
3336 1805 3467 1859 illud

193 1902 485 1971 loquuntur
505 1906 826 1959 mendacium
853 1906 1028 1978 (Psal.
1062 1909 1138 1978 v).

273 1994 341 2049 X.
377 1995 712 2051 Iracundiam
744 1999 888 2052 nulla
917 2015 1087 2070 usque
1113 2002 1176 2055 ad
1209 2003 1366 2057 aliam
1405 2004 1542 2058 diem
1575 2014 1784 2074 protra-

191 2083 677 2154 herepraesumat.
706 2088 773 2143 Et
802 2092 941 2146 sicut
967 2093 1126 2149 habet
1153 2095 1380 2150 humana
1427 2097 1708 2167 fragilitas,
1739 2099 1784 2154 si

196 2188 390 2229 sermo
413 2177 597 2232 durior
628 2180 769 2235 inter
791 2197 1008 2237 sorores
1030 2195 1179 2239 ortus
1210 2187 1391 2252 fuerit,
1426 2189 1650 2244 invicem
1681 2190 1784 2245 sibi

188 2267 410 2321 veniam
444 2279 627 2337 petere
671 2282 729 2327 et
760 2273 935 2329 debita
968 2278 1216 2333 relaxare
1247 2281 1537 2336 lestinent:
1570 2294 1786 2354 propter

192 2354 417 2410 Domini
441 2360 772 2429 mandatum,
796 2363 882 2418 ubi
909 2365 1066 2420 dicit:
1092 2368 1154 2423 Si
1173 2371 1471 2424 recordatus
1486 2373 1642 2440 fueris
1660 2375 1785 2444 quia

193 2450 362 2513 frater
390 2459 506 2503 tuus
536 2452 679 2504 habet
709 2454 904 2524 aliquid
937 2457 1204 2512 adversum
1233 2469 1299 2525 te,
1330 2461 1560 2533 relinque
1598 2480 1785 2518 munus

193 2548 342 2592 tuum
371 2553 494 2597 ante
520 2545 716 2612 altare,
761 2557 811 2602 et
841 2551 966 2604 vade
1006 2553 1149 2618 prius
1199 2556 1581 2610 reconciliatum
1636 2562 1784 2625 fratri

192 2640 284 2684 tuo
301 2646 322 2686 :
344 2642 390 2686 et
413 2643 533 2688 tunc
555 2640 754 2692 veniens
780 2640 958 2708 o/feres
980 2660 1164 2700 munus
1189 2655 1333 2701 tuum
1355 2648 1570 2718 (Matth.
1595 2656 1671 2720 v).
1695 2653 1782 2717 Et,

190 2723 243 2776 si
270 2739 372 2777 non
400 2726 695 2782 dimiseritis
726 2731 1013 2790 hominibus
1039 2750 1245 2805 peccata
1283 2756 1479 2806 eorum,
1505 2759 1596 2796 nec
1632 2744 1786 2797 Pater

192 2823 357 2867 vester
379 2819 592 2872 cmlestis
618 2821 832 2877 dimittet
853 2826 990 2879 vobis
1012 2840 1217 2896 peccata
1245 2842 1409 2886 vestra
1439 2833 1650 2904 (Matth.
1681 2837 1780 2907 VI).

193 2902 350 2968 Item,
380 2905 636 2978 Sisepties
657 2917 930 2980 peccaverit
955 2917 1004 2969 in
1026 2919 1107 2972 die
1123 2921 1174 2974 in
1197 2912 1262 2987 te,
1288 2931 1334 2974 et
1355 2939 1621 2978 conversus
1642 2928 1787 2982 dixe-

191 2997 284 3060 rit,
318 2998 517 3063 paenitet
566 3016 673 3067 me;
695 3003 890 3059 dimitte
931 3007 1010 3060 illi
1039 3011 1191 3065 lLuc.
1223 3014 1374 3075 xv").
1403 3015 1488 3083 Et,
1525 3014 1646 3068 Non
1669 3019 1783 3070 dico

194 3086 288 3139 tibi
313 3105 472 3156 usque
491 3092 695 3160 septies,
727 3096 817 3148 sed
845 3113 1002 3167 usque
1026 3111 1310 3172 septuagtes
1345 3115 1526 3172 septies
1565 3105 1778 3176 (Matth.

1888 1897 2128 1964 Apostoli
2167 1913 2180 1948 :
2235 1895 2494 1962 Psalmis,
2545 1897 2750 1964 hymnis
2775 1937 2790 1961 ,
2829 1895 3053 1951 canticis
3114 1898 3467 1968 spiritualibus

1887 1997 2149 2041 cantantes
2204 1997 2251 2042 et
2303 1987 2575 2058 psallentes
2623 1989 2677 2041 in
2730 1989 2968 2042 cordibus
3021 1999 3197 2043 vestra
3246 1989 3465 2043 Domino

1892 2080 2028 2149 (Col.
2060 2081 2166 2147 ιιι).

1958 2171 2099 2227 XXI.
2130 2171 2280 2226 Nulla
2314 2180 2601 2240 pra-sumat
2630 2171 2916 2240 quidquam
2949 2188 3102 2226 suum
3150 2172 3347 2238 dicere,
3373 2183 3466 2227 aut

1887 2275 2040 2314 suum
2071 2262 2340 2330 proprium
2367 2262 2639 2316 vindicare
2667 2279 2680 2315 :
2709 2264 2802 2316 sed
2827 2263 3120 2318 secundum
3145 2263 3312 2317 Actus
3337 2277 3467 2332 apo-

1885 2353 2168 2418 stolorum,
2192 2352 2298 2407 sint
2322 2351 2472 2407 vobis
2492 2353 2665 2405 omnia
2688 2355 3009 2406 communia:
3032 2354 3101 2408 sit
3123 2355 3271 2409 vobis
3294 2355 3466 2408 anima

1885 2461 1990 2499 una
2009 2453 2056 2498 et
2085 2460 2174 2498 cor
2205 2461 2365 2498 unum
2393 2446 2446 2499 in
2482 2443 2699 2499 Domino
2733 2446 2868 2515 (Act.
2899 2447 2998 2513 tv).

1960 2535 2124 2590 XXII.
2157 2537 2487 2593 Vestimenta
2515 2537 2620 2592 alio
2647 2537 2828 2592 colore
2845 2553 2951 2592 non
2977 2537 3210 2603 induatis
3231 2537 3334 2596 nisi
3359 2536 3465 2594 Iaia

1883 2637 1937 2681 et
1969 2626 2181 2681 lactina.

1958 2717 2144 2772 XXIII.
2171 2718 2250 2772 Ad
2281 2718 2488 2787 vigilias
2515 2718 2654 2772 nulla
2686 2717 2948 2772 dormiat:
2977 2717 3021 2773 si
3047 2710 3465 2776 velo'dominici

1886 2820 1979 2864 aut
2006 2809 2124 2865 festi
2157 2810 2273 2865 dies
2302 2819 2447 2877 sunt,
2487 2810 2572 2864 cui
2619 2823 2839 2865 somnus
2867 2809 3094 2875 venerit,
3126 2808 3249 2865 aliis
3271 2808 3464 2865 seden-

1886 2905 2027 2959 tibus
2058 2902 2151 2957 illa
2180 2913 2306 2966 stet,
2327 2913 2387 2956 ut
2410 2902 2578 2973 possit
2605 2917 2634 2956 a
2659 2916 2718 2958 se
2747 2901 2920 2957 somni
2952 2915 3255 2956 tnarcorem
3285 2902 3463 2970 repel-

1886 2995 2028 3058 lere;
2064 3010 2131 3048 ne
2160 2993 2214 3047 in
2243 3008 2408 3062 opere
2436 2993 2531 3048 Dei
2565 3002 2656 3047 aut
2683 2993 2859 3063 tepida
2891 2992 3210 3059 inveniatur,
3241 3001 3334 3048 aut
3360 3007 3462 3049 ne-

1885 3082 2109 3153 gligcns.

192 3183 376 3248 xvttt).
408 3183 473 3237 Et
500 3185 600 3239 alia
653 3189 916 3258 scriptura
948 3207 962 3245 :
997 3190 1089 3245 Ira
1117 3171 1222 3248 viri
1251 3171 1505 3264 justitiam
1559 3171 1651 3251 Dei
1681 3217 1779 3253 non
1809 3171 1856 3235 c
1956 3173 2144 3226 xxw'
2189 3172 2353 3240 Sig'm
2392 3181 2532 3264 me“?
2561 3186 2723 3264 om"?
2750 3186 2885 3240 opus
2915 3175 3378 3240 prmlcrmi‘mmr’
3406 3183 3462 3228 ⁸⁸

193 3283 444 3343 aperutur
466 3275 604 3346 (Jac.
633 3280 697 3347 t).
727 3280 791 3334 Et
811 3283 1100 3349 Apostolus
1125 3303 1136 3337 :
1163 3286 1259 3341 Sol
1285 3305 1387 3341 non
1414 3291 1609 3344 occidat
1629 3308 1781 3361 super

192 3365 519 3420 iracundiam
558 3381 777 3424 vestram
809 3372 1030 3443 (Ephes.
1062 3376 1162 3445 tv).
1191 3376 1342 3443 Quod
1368 3379 1511 3434 Deus
1549 3393 1779 3450 avertat,

193 3457 238 3510 si
269 3458 491 3514 diabolo
519 3461 809 3531 instigante
841 3465 1000 3522 fuerit
1029 3468 1203 3537 aliqua
1253 3470 1434 3526 furore
1474 3473 1700 3542 repleta,
1726 3483 1783 3528 ttt

194 3543 299 3599 ista
332 3549 580 3604 mandata
625 3553 885 3620 pertinaci
914 3556 1078 3611 corde
1105 3568 1446 3626 contemnat;
1483 3572 1537 3617 et
1581 3579 1683 3616 una
1713 3563 1780 3619 de

194 3635 302 3691 illis
328 3654 448 3705 quae
479 3640 847 3700 discordantes
877 3657 1002 3702 sunt
1026 3652 1344 3717 prmvenerit
1366 3652 1776 3718 aliam,veniam

192 3729 240 3781 ei
277 3739 497 3797 petens;
521 3734 566 3787 si
598 3734 686 3788 illa
711 3737 796 3790 cui
821 3747 961 3806 petet
990 3755 1096 3795 non
1127 3741 1417 3809 dimiserit,
1440 3743 1774 3814 disciplinam

194 3823 460 3891 accipiat,
496 3836 552 3880 ut
578 3828 643 3881 ad
683 3829 996 3888 cbaritatem
1041 3848 1101 3890 se
1142 3837 1394 3908 corrigat.
1433 3837 1502 3893 Et
1542 3838 1587 3893 si
1618 3842 1778 3894 ambo

193 3910 565 3981 despexerint,
593 3920 762 3973 ambae
795 3923 992 3990 pariter
1019 3939 1050 3978 a
1077 3927 1452 3982 communione
1488 3929 1570 3983 vel
1599 3944 1628 3982 a
1654 3931 1776 3986 cibo

192 4011 621 4077 suspendantur;
652 4013 822 4069 donec
845 4017 1072 4072 invicem
1102 4018 1202 4074 sibi
1229 4020 1663 4077 reconcilientur.

269 4097 362 4151 XI.
395 4103 557 4156 Soror
586 4104 637 4158 in
665 4121 908 4162 sororem
939 4108 986 4162 si
1011 4123 1142 4165 ausa
1161 4111 1321 4167 fuerit
1342 4127 1560 4169 manum
1590 4114 1776 4172 mitte-

193 4204 276 4255 re,
310 4192 643 4262 disciplinam
674 4199 924 4269 accipiat.

271 4282 386 4337 XII.
412 4285 551 4340 Nulli
578 4288 738 4343 liccat
758 4290 823 4345 ad
845 4291 1181 4346 salutandum
1213 4293 1384 4358 exire,
1415 4294 1518 4348 nisi
1542 4308 1664 4349 cum
1687 4295 1778 4351 ab-

193 4372 394 4427 batissa
426 4385 517 4429 aut
571 4379 882 4445 prwposita,
910 4381 993 4433 vel
1024 4389 1172 4435 certe
1201 4382 1304 4434 alia
1349 4397 1665 4452 quacunque
1685 4399 1776 4438 se-

194 4464 350 4518 niore
371 4464 455 4518 cui
475 4465 740 4519 abbatissa
764 4468 1096 4534 praeceperit.
1122 4469 1275 4522 Etsic
1297 4469 1627 4537 propinquos
1649 4486 1776 4526 suos

192 4550 433 4617 videant,
464 4562 555 4605 ant
585 4555 900 4620 loquantur,
925 4569 992 4608 ne
1018 4555 1193 4609 altiori
1224 4571 1356 4612 voce
1389 4557 1702 4627 loquantur.

272 4639 412 4694 XIII.
440 4641 647 4696 Ancilla
678 4659 782 4698 non
804 4645 1134 4715 excipiatur:
1158 4647 1349 4702 liberta
1380 4657 1555 4704 tamen
1587 4652 1634 4706 si
1662 4652 1776 4709 fue-

191 4731 290 4797 rit,
317 4731 492 4788 adhuc
519 4734 835 4789 adolescens
864 4745 1044 4802 atate,
1076 4747 1130 4791 et
1154 4754 1274 4793 cum
1302 4739 1542 4809 epistolis
1565 4745 1774 4810 patroni

193 4820 276 4875 sui
301 4821 526 4886 venerit,
556 4824 609 4878 in
634 4824 920 4880 abbatissae
948 4828 1256 4886 sitarbitrio
1272 4833 1317 4886 si
1354 4834 1528 4904 excipi
1558 4835 1770 4892 debeat.

217 4983 221 4986 ξ
267 4911 406 4966 XIV.
439 4913 546 4968 Nec
575 4916 670 4967 viri
702 4930 802 4970 nec
829 4917 1083 4973 mulieres
1104 4922 1390 4976 saeculares
1420 4924 1474 4977 in
1501 4935 1773 4982 monaste-

194 5001 333 5056 rium
366 5002 978 5076 ingrediantur,prazter
1000 5007 1055 5063 in
1083 5010 1352 5067 basilicam
1382 5013 1440 5067 Β.
1481 5015 1684 5083 Mariae,
1716 5028 1771 5073 et

197 5093 249 5146 in
276 5094 666 5150 salutatorium.

268 5185 386 5240 XV.
422 5186 733 5241 Provisores
760 5202 886 5243 vero
912 5190 1245 5255 monasterii,
1275 5191 1317 5246 si
1346 5192 1400 5246 in
1427 5192 1608 5250 habitu
1633 5197 1772 5253 laico

197 5274 414 5340 fuerint,
449 5291 545 5332 nec
575 5279 672 5348 ipsi
718 5280 1094 5344 permittantur
1133 5281 1364 5349 intrare,
1398 5283 1501 5339 nisi
1546 5300 1642 5355 pro
1687 5288 1769 5342 his

199 5369 509 5423 utilitatibus
537 5386 668 5438 quas
698 5370 751 5424 in
783 5369 880 5425 hac
909 5371 1109 5441 Regula
1141 5374 1446 5438 statuimus,
1475 5389 1595 5428 cum
1622 5391 1762 5428 mar-

199 5458 440 5514 cionibus
468 5471 559 5514 aut
584 5463 955 5529 carpentariis,
980 5465 1022 5518 si
1054 5464 1257 5533 aliquid
1289 5479 1510 5521 necesse
1542 5477 1623 5522 est
1653 5466 1770 5521 ﬁeri

199 5562 286 5605 aut
315 5553 576 5622 reparari,
606 5564 698 5607 aut
727 5565 874 5611 certe
904 5571 1000 5625 pro
1039 5555 1220 5626 aliqua
1249 5560 1458 5614 ratione
1485 5558 1770 5612 abbatissae

199 5642 497 5700 introeant:
531 5646 598 5701 de
628 5655 826 5701 (vetere
856 5649 1056 5704 nullam
1103 5648 1371 5707 licentiam
1403 5657 1493 5704 aut
1548 5648 1769 5705 liberta-

198 5742 298 5791 teni
329 5737 555 5796 habeant
584 5738 907 5796 introeundi.

1884 3267 2023 3319 sicut
2049 3279 2175 3332 apes
2203 3262 2630 3333 prudentissima:
2652 3263 2718 3316 ad
2745 3265 3060 3328 alvearium,
3098 3267 3164 3317 ita
3191 3265 3360 3318 veloci
3392 3267 3460 3320 le-

1883 3359 2172 3412 stinatione
2224 3371 2512 3423 properare
2542 3355 2888 3419 contendite;
2931 3357 2975 3409 si
3007 3371 3108 3424 qua
3141 3355 3344 3412 tardius
3370 3371 3462 3413 ve-

1881 3448 2042 3515 nerit,
2076 3445 2393 3499 districtmni
2430 3445 2725 3513 subjaceat.

1955 3540 2119 3594 XXV.
2143 3541 2273 3593 Dum
2300 3540 2542 3608 psallitur
2565 3539 2815 3593 studeant
2833 3548 3032 3594 sanctae
3053 3541 3246 3595 animae
3266 3552 3461 3597 vestra:

1883 3647 1988 3684 non
2011 3646 2190 3699 Vagal'l
2221 3632 2423 3694 animo,
2449 3645 2632 3683 verum
2659 3630 2818 3684 etiam
2848 3645 2946 3684 nec
2975 3631 3184 3700 operari
3203 3641 3294 3686 aut
3317 3633 3459 3702 loqui

1882 3732 2230 3791 pra-sumant;
2265 3722 2357 3777 sed
2390 3722 2592 3790 psallite
2618 3723 2872 3791 sapienter
2901 3721 3074 3794 (Psal.
3107 3723 3276 3792 XLVI),
3320 3726 3459 3780 sicut

1879 3813 2014 3866 dixit
2066 3813 2361 3884 propheta:
2393 3811 2623 3866 Psallam
2652 3822 2701 3867 et
2751 3812 3036 3882 intelligam
3081 3812 3233 3885 (Psal
3291 3815 3372 3884 c),
3405 3825 3461 3870 et

1879 3906 2006 3961 illttd
2033 3923 2046 3958 :
2083 3904 2312 3958 Psallam
2336 3905 2539 3974 spiritu,
2571 3905 2789 3975 psallam
2815 3913 2862 3957 et
2901 3914 3064 3958 mente
3091 3904 3141 3976 (1
3175 3904 3294 3959 Cor.
3322 3909 3452 3976 xlv),

1879 4009 2180 4054 metuentes
2212 3999 2339 4051 illud
2366 4015 2377 4054 :
2411 3996 2718 4053 Maledictus
2748 3997 2900 4051 homo
2923 4000 3010 4067 qui
3041 4000 3163 4064 l’acit
3191 4015 3320 4067 opus
3360 3998 3458 4055 Dei

1879 4091 2191 4163 negligenter
2221 4090 2353 4161 (λετ.
2385 4091 2593 4160 xum).

1953 4181 2140 4235 XXVI.
2172 4181 2400 4235 Litteras
2428 4197 2615 4236 omnes
2640 4181 2868 4236 discant.

1950 4270 2167 4329 XXVII.
2192 4270 2389 4326 Sancta
2410 4271 2678 4326 abbatissa
2695 4279 2848 4325 extra
2868 4272 3330 4341 congregationem
3347 4288 3455 4329 non

1878 4373 2111 4415 maneat.

1953 4447 2187 4501 XXVIII.
2219 4447 2273 4502 Si
2305 4461 2408 4514 qua
2437 4461 2533 4516 pro
2562 4447 2794 4516 qualibet
2835 4448 2990 4517 culpa
3036 4458 3128 4504 aut
3157 4459 3454 4521 transgres-

1801 4539 1853 4601 D
1880 4542 2030 4595 sione
2054 4540 2249 4608 regula:
2276 4538 2599 4607 increpatur,
2624 4548 2714 4594 aut
2735 4540 3066 4610 disciplinam
3094 4545 3338 4613 accipiat,
3367 4561 3454 4601 ar—

1879 4632 2060 4704 guenti
2108 4631 2434 4699 respondere
2483 4645 2589 4685 non
2639 4641 2970 4702 praesumat:
3003 4635 3126 4706 quia
3174 4646 3453 4705 peccatum

1879 4723 2020 4794 quod
2068 4724 2151 4777 hic
2180 4722 2543 4793 distringitur,
2573 4722 2624 4776 in
2667 4733 2865 4777 aeterna
2910 4728 3303 4783 examinatione
3343 4745 3449 4786 nou

1880 4817 2116 4885 punitur.
2149 4814 2216 4869 Et
2239 4817 2318 4869 sic
2343 4815 2550 4872 debetis
2592 4815 2784 4869 anima:
2813 4831 2994 4871 curam
3015 4819 3285 4888 excipere,
3315 4837 3452 4887 quo-

1879 4907 2040 4963 modo
2061 4923 2202 4976 mger
2221 4922 2403 4960 curam
2421 4906 2609 4962 medici
2631 4924 2644 4961 :
2673 4916 2914 4962 tenentes
2936 4908 3063 4962 illud
3093 4921 3290 4965 sanctae
3307 4911 3456 4967 Scri-

1878 5013 2082 5071 pturm:
2117 5002 2218 5067 Qui
2245 5000 2420 5072 objicit
2448 5001 2775 5068 disciplinam
2814 5002 2994 5068 infelix
3023 5012 3094 5054 est
3122 5002 3303 5072 (Prov.
3335 5005 3452 5074 xv).

1876 5091 1942 5147 Et
1965 5091 2128 5145 illud:
2167 5090 2274 5161 Ego
2301 5091 2585 5160 inﬂagella
2624 5101 2834 5154 paratus
2874 5109 2986 5145 sum
3016 5092 3186 5162 (Psal.
3221 5094 3452 5164 xxxvu).

1948 5183 2141 5237 XXIX.
2172 5183 2318 5238 Lites
2347 5184 2522 5237 nullas
2553 5181 2818 5249 habeatis,
2854 5193 3096 5240 tenentes
3124 5195 3449 5257 praeceptum

1872 5280 2142 5349 Apostoli,
2169 5280 2257 5348 qui
2286 5277 2416 5333 dicit
2442 5296 2454 5331 :
2489 5277 2706 5334 Servum
2737 5278 2943 5332 Domini
2974 5295 3075 5332 non
3103 5289 3296 5350 oportet
3342 5280 3451 5334 liti-

1875 5387 2015 5443 gare,
2039 5371 2127 5424 sed
2157 5380 2472 5422 mansuetum
2494 5384 2602 5422 esse
2635 5366 2718 5438 (ΙΙ
2754 5367 2886 5422 Tim.
2920 5375 2984 5437 t).

1947 5461 2118 5516 XXX.
2147 5460 2404 5529 Superbis
2434 5458 2982 5528 inobedientibusque,
3023 5469 3077 5515 et
3121 5461 3445 5516 iracundiam

1873 5552 2310 5624 protrahentibus
2353 5564 2622 5621 nunquam
2670 5552 3027 5619 parcendum,
3057 5551 3228 5606 donec
3274 5553 3446 5609 corri-

1872 5655 2083 5715 gattlur.

1946 5735 2134 5792 XXXI.
2185 5734 2395 5790 Sanctae
2422 5731 2703 5788 abbatissa:
2735 5747 2837 5788 non
2870 5732 3024 5789 liceat
3055 5733 3251 5806 aliquid
3274 5734 3342 5791 de
3370 5735 3448 5791 la.-
