4004 6354
510 326 617 382 403

1639 322 1697 379 S.
1740 320 2111 378 AURELIANI
2153 321 2627 379 ARELATENSIS

3662 321 3770 377 404

512 438 801 495 cultatibus
824 424 1359 494 monasteriidonare
1385 450 1446 490 ac
1476 434 1705 489 vendere
1729 451 1745 500 ;
1768 447 1866 488 nec
1886 433 2082 501 aliquid
2113 435 2161 494 Α
2188 433 2340 499 Quod
2368 434 2410 488 si
2437 434 2606 489 hiems
2632 444 2820 504 aspera
2854 436 3034 504 fuerit,
3070 434 3364 491 matutinos
3392 443 3598 491 tantum
3620 476 3636 500 ,
3668 449 3767 489 ve-

516 544 703 589 contra
732 531 950 603 Regula:
982 532 1217 587 instituta
1241 545 1417 600 agere.
1444 528 1594 597 Quod
1619 528 1662 582 si
1691 527 1869 583 facere
1912 536 2085 582 tenta-

515 623 673 697 verit,
698 635 883 678 sancto
905 622 1129 676 consilio
1155 632 1207 675 et
1232 636 1335 674 uno
1356 634 1621 674 consensu
1642 632 1887 673 sororum
1910 633 1977 672 ex
2002 635 2092 670 no-

516 722 629 769 stro
656 714 919 782 permisso
948 729 1051 765 non
1096 713 1141 764 ei
1173 710 1552 779 acquiescatis;
1587 719 1637 764 et
1671 708 1771 762 hoc
1802 707 1918 761 ﬁeri
1949 706 2087 761 nulla

519 806 725 859 ratione
756 805 1045 872 permittite
1072 819 1083 853 :
1113 800 1234 871 quia
1283 814 1497 855 causam
1539 814 1600 854 se
1627 809 1751 855 ante
1798 799 1962 853 Deum
1994 812 2093 852 no-

519 895 653 949 verit
681 908 800 948 esse
828 894 1111 945 dicturam.

589 981 805 1037 XXXII.
839 980 1099 1036 Sedentes
1146 979 1210 1033 ad
1258 992 1500 1033 mensam
1548 978 1787 1043 taceant’,
1827 986 1882 1030 et
1935 974 2093 1031 lectio

520 1073 756 1143 quatidie
783 1074 927 1128 omni
976 1082 1219 1142 tempore
1248 1086 1369 1124 cum
1411 1069 1561 1124 cibus
1590 1068 1821 1123 sumitur
1865 1068 2089 1136 legatur.

522 1163 754 1232 Uterque
772 1165 954 1226 homo,
977 1172 1031 1217 et
1059 1163 1295 1217 exterior
1319 1161 1462 1223 cibo,
1484 1174 1537 1214 et
1561 1160 1786 1215 interior
1804 1158 1969 1215 verbo
2000 1159 2090 1214 Dei

519 1254 809 1317 reficiatnr,
841 1254 962 1321 quia
991 1255 1247 1321 scriptum
1292 1261 1373 1305 est
1399 1269 1410 1302 :
1447 1249 1499 1304 Ν
1504 1267 1568 1302 on
1605 1251 1658 1303 in
1688 1265 1816 1317 pane
1839 1250 1950 1303 solo
1975 1248 2095 1302 vivit

519 1347 689 1405 homo,
722 1346 809 1397 sed
839 1346 891 1397 in
922 1345 1060 1397 omni
1085 1348 1232 1397 verba
1262 1343 1354 1397 Dei
1378 1340 1589 1411 (Matth.
1620 1346 1714 1410 tv).

590 1434 823 1488 XXXIII.
842 1434 1034 1490 Sancta
1050 1434 1339 1498 abbatissa,
1358 1431 1454 1486 nisi
1479 1432 1831 1501 inazqualitate
1848 1428 2091 1495 faciente,

520 1534 670 1579 extra
700 1527 1167 1593 congregationem
1200 1540 1305 1577 non
1333 1524 1556 1577 reficiat.

593 1614 835 1670 XXXIV.
863 1615 1063 1669 Carnes
1094 1615 1146 1668 in
1174 1614 1295 1669 cibo
1325 1629 1587 1682 nunquam
1617 1622 1917 1666 sumantur.

596 1705 810 1761 XXXV.
826 1706 961 1760 Pulli
990 1708 1068 1761 vel
1091 1717 1278 1761 cuncta
1298 1706 1460 1759 altilia
1483 1707 1536 1759 in
1560 1706 1967 1773 congregatione
1989 1721 2095 1761 non

2188 540 2399 591 speram
2430 534 2486 580 et
2522 524 2890 581 duodecimam
2920 528 2973 581 in
3012 528 3261 595 praedicta
3304 526 3523 581 basilica
3554 526 3662 579 dici
3688 540 3719 579 e
3748 543 3766 579 :

2188 618 2476 674 secundam
2500 634 2649 685 vero,
2676 620 2909 681 tertiam.
2932 630 3137 674 sextam
3155 629 3211 674 et
3236 634 3429 673 nonam
3452 619 3507 672 in
3528 618 3774 670 interiori

2189 712 2704 781 oratoriozpropter
2745 713 2867 766 illos
2912 713 3000 779 qui
3049 720 3142 764 aut
3187 726 3343 764 orare
3388 711 3648 778 cupiunt,
3682 717 3773 759 ant

2190 802 2473 857 abbatissae
2519 811 2844 865 occurrunt,
2876 810 2967 854 aut
3018 810 3268 869 parentes
3294 811 3422 852 suas
3464 799 3769 866 requirunt.

2190 892 2417 960 Quando
2441 893 2620 962 aliqua
2643 893 2889 947 defuncta
2913 892 3094 955 fuerit,
3114 907 3281 956 usque
3302 890 3534 945 mediani
3559 897 3770 942 noctem

2191 1000 2310 1039 eam
2343 998 2521 1053 paucae
2550 1000 2763 1039 sorores
2789 985 2841 1039 in
2868 986 3103 1038 oratorio
3123 982 3459 1052 pervigilem,
3501 988 3561 1034 et
3593 980 3771 1033 missa:

2198 1074 2267 1130 de
2294 1076 2554 1143 Apostolo
2583 1075 2712 1129 ﬁant
2738 1091 2754 1140 ;
2777 1083 2899 1144 post
2926 1076 3156 1130 mediam
3184 1084 3395 1128 noctem
3442 1088 3564 1142 qua:
3592 1071 3778 1140 vigila-

2194 1177 2386 1222 verttnt
2428 1168 2729 1237 quiescant;
2763 1177 2819 1223 et
2847 1169 3037 1222 iterum
3084 1167 3200 1221 alia
3227 1167 3468 1234 vigilem,
3501 1171 3560 1217 et
3589 1168 3773 1230 ponite

2196 1256 2295 1312 hoc
2314 1257 2367 1312 in
2388 1258 2631 1313 notitiam
2662 1268 2847 1313 sancto
2865 1259 3138 1327 epiScopo,
3174 1266 3230 1312 ut
3253 1273 3371 1312 eam
3390 1255 3577 1326 iubeat
3601 1253 3670 1309 ad
3701 1254 3777 1308 lo-

2194 1363 2315 1403 cum
2340 1349 2429 1403 ubi
2461 1351 2705 1417 ponenda
2735 1362 2816 1404 est
2844 1351 3135 1420 deportari.

2267 1437 2510 1494 XXXIX.
2543 1440 2611 1494 Et
2644 1441 2767 1511 quia
2802 1442 2913 1496 Deo
2950 1442 3179 1510 propitio
3205 1439 3363 1509 digna
3402 1446 3461 1494 et
3500 1437 3777 1492 sufﬁciens

2197 1531 2350 1586 vobis
2376 1532 2599 1588 facultas
2644 1534 2839 1589 collata
2888 1544 2993 1601 est,
3024 1549 3143 1603 quae
3172 1533 3420 1588 sufficere
3450 1532 3776 1587 monasterio

2198 1634 2380 1677 vestro
2411 1624 2610 1692 possit,
2640 1640 2822 1680 coram
2854 1625 2965 1680 Deo
2992 1634 3046 1679 et
3073 1624 3277 1695 angelis
3306 1626 3424 1693 ejus
3454 1634 3507 1678 te
3539 1634 3773 1678 sanetam

2198 1710 2525 1767 abbatissam
2544 1751 2562 1780 ,
2589 1722 2644 1768 et
2671 1725 2724 1769 te
2771 1714 3133 1771 venerabilem
3154 1755 3170 1780 ,
3198 1728 3535 1785 quacunque
3583 1712 3776 1778 fueris,

524 1798 924 1862 ministrentur;
959 1798 1058 1851 nisi
1111 1798 1336 1851 infirmis
1384 1806 1585 1851 tantum
1626 1798 2004 1865 provideautur
2044 1808 2097 1853 et
2130 1801 2175 1861 Β
2204 1800 2539 1869 pnnpositam
2556 1802 2820 1857 admoneo
2843 1813 2895 1859 et
2918 1813 3224 1870 contestor,
3253 1812 3534 1857 utsancta:
3557 1817 3777 1871 congre-

524 1886 786 1941 delicatis.
816 1887 993 1940 Pisces
1015 1901 1143 1940 vero
1164 1888 1326 1940 certis
1350 1886 1747 1951 festivitatibus,
1774 1899 1859 1941 aut
1885 1889 2101 1957 quando

524 1977 794 2031 abbatissa
827 1977 1206 2046 indulgentiam
1240 1982 1413 2031 facere
1458 1978 1706 2045 voluerit,
1740 1986 1867 2034 tunc
1908 1994 2101 2049 procu-

526 2076 730 2123 rentur.

597 2155 835 2212 XXXVI.
872 2157 1029 2210 Extra
1063 2171 1299 2210 mensam
1340 2171 1680 2213 communem
1709 2157 1841 2212 nihil
1872 2157 1975 2213 cibi
2002 2174 2098 2229 po.

525 2256 679 2303 tusve
698 2259 916 2318 gustare
939 2248 1128 2313 liceat;
1178 2248 1379 2317 absque
1410 2248 1637 2303 infirmis
1666 2258 1720 2304 et
1746 2249 1851 2303 illis
1885 2251 1974 2321 qui
1996 2250 2097 2304 mi-

526 2340 671 2394 net-is
700 2339 873 2393 :etatis
900 2350 1043 2394 sunt.

597 2429 863 2484 XXXVII.
898 2431 1127 2486 lnfirmis
1150 2444 1276 2484 vero
1304 2429 1374 2484 ita
1404 2431 1878 2498 obtentperandum
1909 2440 2009 2496 est,
2045 2440 2103 2485 ut

527 2520 573 2575 si
600 2531 799 2575 sancta:
820 2521 1102 2576 abbatissae
1123 2521 1325 2590 jusmm
1347 2520 1519 2575 visum
1548 2522 1724 2587 fuerit,
1749 2523 1911 2576 etiam
1938 2522 2100 2576 cella-

531 2614 728 2666 riolum
754 2628 904 2667 suum
935 2614 987 2668 in
1011 2629 1317 2679 commune,
1337 2624 1390 2669 et
1416 2615 1695 2683 coquinam
1714 2622 2101 2683 sequestratam

530 2701 789 2757 habeant.
812 2714 863 2757 et
883 2719 1009 2758 cura
1036 2705 1139 2760 illis
1162 2719 1256 2759 seu
1286 2703 1517 2759 studium
1544 2704 1901 2779 impendatur,
1926 2704 2098 2759 donec

529 2796 921 2851 convalescant.

599 2886 880 2943 XXXVIII.
911 2886 1135 2944 Cursum
1161 2888 1407 2944 diurnum
1432 2890 1512 2945 vel
1546 2899 1886 2955 nocturnum,
1919 2890 1967 2943 id
1996 2903 2101 2957 est,

531 2984 841 3048 matutinos,
875 2983 1102 3053 vigilias,
1125 2993 1439 3048 nocturnos,
1460 2998 1738 3051 vesperam
1765 2995 1820 3038 et
1840 2984 2101 3038 duodeci-

2202 1891 2400 1962 gatioui
2423 1908 2560 1961 quae,
2588 1893 3003 1965 DeoinSpirante
3031 1902 3087 1950 et
3111 1894 3359 1965 iubente,
3382 1896 3681 1949 secundum
3705 1897 3779 1947 in-

2204 1982 2386 2037 stituta
2412 1999 2531 2051 quae
2558 1983 2782 2038 fecimus
2823 1985 3140 2054 regulariter
3169 1986 3316 2049 vivit,
3345 1986 3529 2040 omnia
3558 2000 3681 2053 quae
3704 1985 3780 2039 eis

2203 2084 2328 2130 sunt
2355 2078 2653 2131 necessaria
2676 2078 2731 2132 in
2763 2079 2953 2133 vestitu
2985 2088 3039 2132 et
3065 2081 3116 2132 in
3140 2078 3281 2133 victu
3310 2092 3431 2131 eum
3459 2077 3778 2130 sufficientia

2206 2166 2473 2222 tribuatis.
2499 2168 2667 2235 Quam
2699 2183 2812 2223 rem
2844 2169 2888 2224 si
2913 2170 3276 2235 neglexeritis,
3304 2180 3358 2223 et
3386 2169 3493 2222 illae
3519 2171 3777 2236 cmperiot

2205 2256 2404 2327 aliquid
2434 2258 2757 2314 necessitate
2798 2261 3153 2328 compellente
3191 2275 3551 2326 murmurare,
3583 2270 3673 2313 aut
3702 2260 3777 2313 iu-

2204 2350 2419 2417 digere,
2466 2363 2683 2404 causam
2713 2363 2808 2405 vos
2853 2360 2976 2406 ante
3007 2351 3239 2408 tribunal
3278 2351 3481 2406 Christi
3526 2351 3781 2405 noveritis

2205 2453 2413 2494 mecum
2443 2455 2563 2495 esse
2590 2441 2847 2496 dicturas.

2277 2527 2391 2582 XL.
2414 2528 2479 2584 Et
2509 2544 2623 2595 vos,
2652 2540 2836 2584 sancta
2858 2531 3216 2602 congregatio,
3249 2545 3346 2599 per
3368 2529 3670 2599 profectum
3695 2544 3782 2582 ve.

2206 2630 2377 2675 strum
2408 2634 2461 2677 et
2488 2636 2583 2690 per
2611 2622 2777 2676 Dettm
2801 2622 3219 2690 omnipotentem
3242 2620 3492 2690 conjuro,
3517 2628 3577 2673 ut
3605 2620 3780 2672 omnia

2204 2728 2324 2782 quae
2353 2713 2404 2766 in
2434 2715 2530 2766 hac
2550 2712 2748 2783 Regula
2774 2728 2869 2782 pro
2890 2714 3129 2767 remedio
3151 2711 3342 2766 animas
3369 2722 3589 2770 nostrze,
3611 2717 3669 2763 et
3690 2719 3781 2775 pro

2205 2804 2500 2858 animarum
2523 2816 2824 2859 vestrarum
2845 2803 3019 2858 salute
3040 2802 3344 2864 statuimus,
3372 2802 3579 2868 integra
3602 2812 3656 2853 et
3679 2798 3783 2851 illi-

2205 2892 2329 2947 bata
2360 2893 2694 2948 custodiatis.
2727 2893 2794 2947 Et
2825 2907 2892 2947 ne
2919 2907 3013 2961 per
3040 2891 3361 2947 oblivionem
3385 2888 3587 2959 aliquid
3615 2887 3781 2956 negli-

2205 2983 2368 3051 gatis,
2391 2983 2558 3037 semel
2581 2997 2645 3036 ea
2669 2984 2722 3037 in
2763 2998 2948 3038 mense
2975 2983 3227 3054 relegite;
3259 2980 3310 3036 id
3331 2990 3415 3036 est
3442 2980 3495 3034 in
3525 2978 3782 3042 calendis,

533 3087 671 3127 tuam
704 3073 755 3127 in
786 3073 1000 3127 basilica
1050 3073 1288 3127 Domina-
1336 3072 1513 3127 Maria:
1559 3074 1901 3143 congregatio
1938 3073 2099 3127 dicat.
2134 3066 2180 3128 Ε
2210 3090 2271 3130 ac
2303 3077 2382 3131 sic
2411 3077 2691 3132 duodecim
2722 3077 2926 3132 vicibus
2957 3078 3008 3131 in
3039 3091 3203 3131 anno.

609 3319 911 3381 Ordinem
940 3320 1132 3381 etiam
1162 3320 1483 3397 quomodo
1523 3319 1795 3398 psallere
1818 3321 2127 3394 debeatis,
2163 3325 2223 3382 in
2257 3323 2378 3386 hoc
2404 3324 2623 3385 libello
2644 3322 3071 3400 judicavimns
3104 3323 3541 3386 inserendum.

600 3486 781 3543 Primo
810 3483 895 3538 die
914 3483 1132 3539 Pascha:
1153 3482 1217 3534 ad
1247 3482 1480 3547 tertiam,
1501 3479 1659 3548 Kyrie
1680 3480 1885 3541 eleison,
1914 3479 2105 3548 psalmi

531 3577 851 3633 duodecim:
885 3575 933 3627 iil
965 3583 1047 3628 est
1086 3585 1309 3636 quztlttor
1336 3584 1549 3624 sorores
1585 3567 1739 3623 binos
1764 3567 1998 3636 psalmos
2053 3577 2108 3623 et

531 3668 908 3723 alleluiaticum
935 3664 1142 3718 tertium
1173 3663 1369 3724 dicant,
1397 3659 1644 3728 perdictis
1677 3657 1916 3726 psalmis,
1949 3658 2108 3728 Kyrie

533 3760 747 3823 eleison,
773 3755 1090 3823 antiphonas
1113 3770 1231 3817 sex,
1254 3752 1510 3807 lectiones
1532 3759 1667 3803 tres:
1694 3765 1850 3802 unum
1875 3749 1941 3805 de
1962 3752 2108 3805 Acti-

532 3851 633 3905 bus
660 3846 1055 3915 apostolorum,
1088 3845 1245 3899 aliam
1291 3843 1357 3898 de
1402 3840 1752 3911 Aperalypsi,
1800 3841 2011 3895 tertiam
2038 3842 2105 3898 de

534 3940 858 4011 Evangelia;
884 3940 1159 4010 hymnum,
1189 3937 1310 3990 lam
1337 3936 1500 4007 surgit
1532 3934 1656 3986 hora
1686 3934 1852 3999 tertia,
1879 3944 1932 3989 et
1961 3933 2105 4003 capi.

531 4031 714 4087 tellum
737 4072 751 4093 ,
784 4028 977 4085 deinde
1005 4027 1163 4099 Kyrie
1195 4027 1405 4082 eleison.
1434 4026 1522 4082 Sic
1552 4024 1603 4080 in
1635 4026 1777 4081 omni
1807 4040 1970 4094 epere
2010 4023 2103 4078 Dei

533 4122 687 4174 tertia
718 4119 834 4173 vice
865 4116 1025 4189 Kyrie
1049 4118 1235 4172 eleison
1280 4116 1470 4179 dicite,
1501 4125 1784 4186 antequam
1816 4112 2103 4184 incipiatis,

530 4219 587 4264 et
625 4192 841 4279 psalmis
878 4209 1039 4264 dictis
1090 4208 1142 4262 ei
1188 4207 1436 4275 capitello
1484 4205 1740 4273 perdicto.
1771 4206 1850 4260 Ad
1898 4214 2101 4260 sextam

530 4301 671 4356 idem
703 4314 963 4355 numerus
1003 4299 1348 4369 psalmorum,
1374 4304 1429 4352 et
1461 4298 1748 4366 antiphona
1782 4313 1907 4362 una,
1952 4296 2105 4367 hym-

529 4410 651 4461 nus,
681 4392 803 4446 Jam
842 4402 984 4447 sexta
1010 4390 1198 4446 sensim
1243 4389 1479 4443 volvitur.
1522 4388 1703 4443 Lectio
1729 4387 1997 4458 Evangelii
2049 4395 2103 4441 et

527 4485 856 4552 capitellum.
896 4482 972 4536 Ad
1003 4496 1196 4535 nonam
1242 4479 1355 4548 ipse
1384 4478 1516 4534 ordo
1543 4490 1801 4542 teneatur,
1832 4478 2058 4549 hymnus
2082 4516 2099 4544 ,

2208 3500 2326 3538 cuin
2354 3485 2599 3550 alleluia;
2632 3486 2844 3549 deinde,
2872 3485 3196 3555 Con/itemini
3221 3483 3466 3551 Domino,
3498 3501 3621 3540 cum
3652 3486 3787 3543 alle-

2208 3575 2341 3639 luia;
2366 3575 2578 3641 deinde,
2602 3575 2875 3632 Cantemus
2904 3576 3144 3639 Domino,
3162 3590 3281 3630 eum
3307 3574 3552 3641 alleluia;
3578 3586 3783 3645 postea,

2207 3664 2412 3731 Lauda,
2431 3668 2603 3721 anima
2622 3685 2752 3732 mea,
2772 3668 3062 3721 Dominum.
3084 3666 3319 3719 Laudate
3335 3662 3613 3720 Dominum
3627 3707 3644 3733 ,
3663 3668 3783 3738 quia

2208 3754 2369 3808 bonus
2398 3765 2470 3809 est
2497 3756 2741 3827 psalmus.
2775 3753 2977 3819 Lauda,
3002 3754 3346 3820 Hierusalem,
3374 3753 3689 3810 Dominum:
3706 3766 3786 3811 to-

2212 3854 2298 3901 tos
2322 3855 2431 3901 tres
2460 3862 2580 3903 cum
2609 3846 2843 3911 alleluia,
2875 3846 3069 3901 deinde
3097 3845 3397 3900 benedictio
3424 3844 3651 3900 dicenda
3677 3855 3779 3902 est.

2213 3937 2340 3993 Post
2360 3937 2805 4003 benedictionem,
2827 3936 3060 3990 Laudate
3090 3935 3364 3989 Dominum
3385 3936 3447 3989 de
3468 3937 3626 3990 calls.
3648 3934 3783 3990 Cau-

2209 4040 2311 4085 tatc
2355 4028 2578 4084 Domino
2622 4033 2877 4083 canticum
2914 4044 3117 4082 novum.
3149 4026 3382 4080 Laudate
3424 4025 3703 4080 Dominum
3730 4028 3783 4082 in

2208 4121 2400 4174 sanctis
2430 4124 2542 4191 ejus
2560 4136 2581 4174 :
2601 4135 2719 4174 cum
2746 4120 2979 4174 alleluia.
3009 4116 3313 4189 Magni/icui
3340 4118 3514 4169 anima
3529 4133 3646 4170 mea
3674 4117 3782 4171 Do-

2210 4211 2400 4263 minam
2423 4226 2442 4264 :
2462 4220 2555 4264 aut
2581 4224 2700 4264 cum
2730 4207 3042 4275 antiphona,
3072 4218 3161 4262 aut
3206 4222 3326 4261 cum
3353 4208 3564 4261 alleluia
3588 4225 3604 4273 ;
3633 4207 3786 4278 hym-

2211 4314 2357 4365 num,
2390 4298 2568 4354 Gloria
2591 4303 2643 4353 in
2670 4298 2879 4353 excelsis
2912 4298 3049 4364 Deo;
3076 4308 3129 4352 et
3158 4297 3487 4366 capitellunt.
3519 4297 3587 4351 Et
3631 4313 3781 4353 com-

2207 4388 2419 4459 plebitis
2447 4390 2736 4445 matutinos
2767 4388 2885 4456 ipso
2914 4388 3100 4443 ordine
3130 4398 3241 4441 t0to
3268 4386 3494 4441 Pascha.
3526 4388 3617 4443 Sic
3637 4390 3781 4444 omni

2206 4480 2294 4536 die
2319 4481 2608 4548 dominico,
2634 4491 2684 4534 et
2712 4480 2957 4534 omnibus
2987 4478 3277 4547 majoribus
3306 4477 3705 4545 festivitatibus,
3729 4480 3781 4534 in

528 4571 629 4625 Ter
658 4573 784 4625 liora
815 4573 949 4625 trina
978 4572 1210 4625 volvitur.
1241 4570 1319 4624 Ad
1368 4569 1723 4625 lucernarium
1765 4570 2100 4622 directanens
2131 4572 2179 4630 ι)
2207 4570 2398 4640 quibus
2418 4569 2485 4623 ab
2510 4584 2671 4637 opere
2694 4567 2967 4622 vacabitis.
2992 4567 3322 4633 Qumidiauis
3345 4582 3475 4621 vero
3498 4566 3691 4622 diebus
3716 4569 3781 4623 ad

530 4672 806 4741 parvulus,
840 4670 890 4725 id
917 4680 1019 4731 est.
1053 4670 1225 4742 Regna
1269 4679 1438 4736 teme,
1489 4681 1691 4723 cantate
1733 4668 1867 4733 Deo,
1900 4666 2102 4737 psallite

529 4760 752 4815 Domino
774 4758 1149 4830 (Psal.t.xvtt).
1170 4760 1284 4814 Alia
1313 4759 1695 4826 diezLaudate,
1729 4757 1894 4826 pueri,
1922 4757 2099 4811 Domi.

530 4871 673 4919 num,
703 4853 1008 4924 antiphona'.
1030 4862 1167 4919 trc~;
1196 4851 1444 4923 hymnus,
1474 4849 1575 4903 llic
1595 4859 1668 4903 est
1690 4848 1796 4901 dies
1816 4864 1960 4901 uerus
1986 4847 2101 4911 Dei,

529 4954 584 5000 et
612 4942 937 5013 capitellum,
962 4957 1118 5013 quem
1148 4941 1400 5012 hymnum
1427 4947 1538 4994 toto
1560 4936 1762 4992 Pascha
1788 4936 1852 4989 ad
1881 4939 2098 4991 matuti-

531 5052 630 5092 nos
658 5043 713 5090 et
752 5035 816 5089 atl
849 5033 1202 5089 lucernarium
1250 5031 1432 5085 dicite.
1477 5028 1557 5083 Ad
1589 5026 1955 5082 duodecimam
1996 5027 2095 5080 itu-

497 5127 716 5197 -primis
762 5126 1102 5180 dircctaneus
1146 5121 1440 5191 parvulus:
1470 5118 1565 5172 Sol
1609 5118 1839 5187 cognovit
1871 5133 2103 5171 occasum

528 5238 677 5275 suum
713 5217 886 5292 (Psal.
915 5216 1050 5289 cui).
1097 5216 1200 5270 Sex
1241 5225 1454 5267 sorores
1501 5210 1652 5265 binos
1703 5210 1934 5279 psalmos
1980 5224 2101 5262 cum

529 5314 639 5366 suis
667 5310 1005 5366 alleluiaticis
1057 5307 1275 5369 dicant;
1310 5304 1627 5373 antiphonas
1670 5311 1808 5366 tres,
1844 5300 2099 5356 lectiones

528 5405 681 5465 «luas,
712 5418 872 5456 unam
895 5400 964 5456 de
988 5397 1264 5467 Apostolo,
1291 5395 1446 5449 aliam
1472 5392 1537 5448 de
1560 5391 1867 5460 Evangelio.
1897 5391 1974 5444 Ad
1999 5406 2098 5444 no-

531 5503 747 5549 cturnos
776 5492 1050 5564 paschales
1080 5491 1196 5555 ipso
1222 5503 1446 5543 numero
1473 5486 1651 5540 omnia
1672 5484 1852 5549 dicite,
1884 5482 2019 5537 sicut
2048 5485 2097 5536 in

527 5584 839 5640 duodecima
870 5580 1285 5653 designavimus.
1321 5576 1399 5631 Ad
1431 5575 1717 5631 matutinos
1742 5573 2000 5642 imprimis
2030 5570 2102 5626 di-

531 5688 831 5731 rectancuui
854 5672 1136 5731 :Exaltabo
1164 5682 1228 5735 te,
1259 5670 1393 5723 Deus
1410 5684 1548 5721 meus
1578 5676 1623 5720 ct
1648 5666 1756 5719 Rex
1772 5680 1929 5719 meus.
1953 5664 2097 5731 Inde,

531 5770 721 5827 ἰαύει-α
743 5787 839 5837 me,
864 5770 1016 5824 Deus.
1045 5767 1178 5821 Deus
1205 5763 1342 5819 Deus
1364 5777 1522 5829 meus,
1549 5759 1618 5813 ad
1642 5768 1687 5813 te
1717 5758 1903 5812 deluce
1926 5755 2078 5827 vigilo

2206 4670 2497 4714 nocturnos
2546 4659 2807 4726 imprimis
2861 4658 3202 4712 directaneus
3252 4657 3508 4713 dicatur:
3542 4659 3782 4713 Miserrrc

2206 4753 2303 4806 mei
2327 4797 2341 4819 ,
2375 4750 2514 4805 Deus
2533 4791 2549 4816 ,
2580 4752 2857 4805 secundum
2889 4767 3123 4818 magnam
3165 4749 3565 4803 misericordiam
3595 4759 3773 4813 tuam;

2207 4844 2398 4898 deinde
2431 4844 2619 4912 psalmi
2648 4844 2831 4896 decem
2858 4851 2909 4896 et
2937 4852 3089 4903 octo;
3119 4844 3422 4910 antiphonas
3451 4852 3560 4895 tres
3586 4857 3784 4911 parvu-

2209 4937 2294 5001 lae,
2326 4936 2582 4990 lectiones
2606 4933 2846 5004 Apostoli
2876 4935 3363 5002 autPrOplietarum
3388 4931 3529 4998 duas,
3560 4944 3613 4987 et
3636 4932 3785 5002 capi-

2210 5027 2418 5083 tellum.
2465 5025 2757 5095 Completis
2800 5025 3075 5081 nocturnis
3118 5024 3310 5081 dicetis
3364 5026 3677 5078 matutinos.
3723 5023 3779 5077 In

2206 5128 2420 5181 testate,
2468 5116 2519 5172 id
2551 5126 2632 5172 est
2662 5126 2783 5184 post
2804 5115 3005 5170 Pascha
3038 5132 3204 5185 usque
3234 5115 3484 5171 calendas
3513 5112 3784 5178 Octobris,

2204 5212 2318 5276 ipse
2346 5209 2479 5265 ordo
2505 5210 2625 5263 erit.
2667 5207 2829 5263 Sexta
2873 5207 3002 5260 feria
3044 5222 3171 5262 vero
3195 5215 3313 5277 post
3342 5212 3636 5260 nocturnos
3662 5205 3781 5257 duae

2204 5303 2380 5357 missae
2410 5300 2535 5355 fiant
2568 5301 2620 5353 in
2650 5305 2864 5363 aestate;
2902 5297 2955 5350 in
2986 5295 3162 5352 hieme
3191 5306 3319 5353 tres.
3346 5294 3480 5351 Nam
3512 5294 3782 5349 dominica

2204 5392 2350 5447 omni
2382 5402 2618 5459 tempore
2646 5390 2700 5443 in
2731 5397 2915 5442 aestate
2944 5396 2998 5442 et
3038 5388 3090 5441 in
3119 5386 3294 5441 hieme
3337 5393 3458 5455 post
3492 5394 3785 5440 nocturnos

2205 5498 2300 5539 sex
2330 5483 2507 5537 missae
2528 5480 2674 5534 fiant.
2691 5480 2746 5534 Si
2773 5494 2903 5534 vero
2923 5478 3167 5533 evenerit
3192 5486 3249 5530 ut
3273 5476 3472 5530 tardius
3489 5475 3555 5529 ad
3577 5474 3783 5544 vigilias

2209 5585 2515 5645 surgantur,
2545 5583 2798 5642 quantum
2830 5569 3113 5625 abbatissa:
3156 5568 3326 5623 visum
3362 5566 3543 5633 fuerit,
3576 5577 3780 5620 tantum

2208 5665 2429 5734 legatur.
2455 5661 2676 5730 Quando
2702 5662 2911 5730 signum
2959 5658 3145 5715 fecerit
3188 5654 3477 5719 abbatissa,
3507 5671 3629 5725 quae
3656 5656 3781 5725 legit

2206 5758 2320 5811 sine
2354 5769 2498 5809 mora
2524 5762 2830 5821 consurgat,
2861 5760 2919 5805 ut
2946 5750 3237 5806 canonicos
3268 5749 3548 5804 missarum
3589 5763 3777 5803 nume-
