4004 6354
109 1385 121 1473 i

189 293 297 352 £05

1412 290 1685 347 REGULA
1729 292 1817 345 Al)
1862 288 2200 346 VIRGINES.

3336 282 3439 334 ἇυδ

189 418 279 458 rus
301 401 471 472 possit
497 402 724 472 impleri.
758 402 802 455 A
832 401 1070 456 calendis
1098 415 1224 455 vero
1254 400 1500 455 Octobris
1537 402 1626 455 alii
1666 417 1760 454 no-
1789 408 1840 463 Α
1869 401 2060 453 cimam
2106 398 2337 467 ps‘nlttms
2366 396 2548 452 decem
2579 406 2632 451 et
2660 404 2779 451 octo
2827 395 3024 450 dicite:
3055 393 3394 463 antiphanam
3423 431 3441 454 ,

190 493 363 548 eturni
391 493 623 549 addendi
645 503 791 558 sunt;
826 492 892 546 ad
925 493 1124 562 primos
1154 491 1437 547 dicendum
1467 499 1546 545 est
1571 509 1583 545 :
1612 490 1767 544 Mise-

190 603 304 641 rere
322 587 443 651 mei,
469 586 627 650 Deus,
642 586 920 640 secundum
936 602 1170 657 magnam
1183 584 1579 638 misericordiam
1594 594 1732 635 tuam
1748 598 1767 647 ;

190 677 258 732 ad
309 676 573 731 secundas
608 692 624 731 :
666 674 912 729 Hiserere
967 676 1085 740 mei,
1138 672 1313 737 Dens;
1351 674 1588 726 miserrre
1638 673 1767 735 mei;

193 766 381 835 psalmi
408 768 594 821 decem
617 773 674 821 et
696 775 840 828 octo,
867 766 1121 819 lectiones
1145 764 1265 819 dua:
1288 763 1355 819 de
1376 762 1653 831 Prophetis
1679 770 1771 816 aut

191 859 263 913 de
311 859 622 912 Salomone.
671 858 910 929 Hymnus
939 857 1004 910 ad
1050 858 1247 925 primas
1296 866 1626 910 nocturnos:
1662 854 1772 908 Iter

192 958 379 1002 (uterne
406 948 641 1014 Domine,
664 948 731 1001 ad
749 948 1044 1003 secundas:
1074 947 1266 1016 Magna
1290 957 1339 1001 et
1366 945 1643 1000 mirabilia.
1672 945 1785 1000 Ubi

194 1054 312 1112 post
338 1044 639 1099 celebratas
665 1042 931 1099 secundas
953 1052 1265 1107 nocturnos,
1288 1043 1407 1112 quia
1439 1049 1622 1096 noctes
1650 1055 1769 1095 cre-

193 1144 373 1197 scunt,
400 1133 639 1204 quotidie
666 1134 730 1188 ad
756 1134 947 1189 librum
978 1133 1136 1189 facile
1159 1134 1348 1187 missas
1380 1143 1505 1185 tres.
1543 1130 1651 1185 Una
1683 1145 1773 1184 so—

195 1242 288 1281 ror
330 1227 472 1293 legat
513 1225 755 1295 paginas,
802 1233 895 1279 aut
933 1233 1180 1295 quatuor,
1229 1223 1497 1294 quomodo
1528 1237 1774 1276 mensura

195 1315 361 1369 fuerit
389 1314 511 1370 libri
536 1331 550 1367 :
580 1313 626 1368 si
651 1313 854 1368 minute
875 1312 1033 1368 fuerit
1058 1314 1311 1381 scriptus,
1329 1319 1420 1365 aut
1448 1310 1636 1379 majori
1665 1308 1776 1363 lor.

197 1420 307 1469 ma,
346 1414 456 1459 tres
487 1404 738 1474 paginas;
767 1405 812 1458 si
842 1403 1056 1468 minori,
1089 1414 1341 1474 quatuor,
1373 1411 1427 1456 et
1468 1401 1559 1455 liat
1583 1401 1773 1456 oratio.

199 1493 398 1549 lterum
454 1493 593 1562 legat
634 1502 864 1557 tantum,
900 1492 990 1547 fiat
1032 1493 1135 1545 alia
1190 1493 1405 1545 oratio:
1438 1492 1595 1544 tertia
1644 1490 1782 1557 legat

200 1582 341 1637 idem
371 1590 604 1648 tantum;
636 1593 690 1638 et
709 1584 931 1652 surgite,
972 1582 1132 1637 dicite
1170 1575 1518 1651 antiphonam
1544 1582 1609 1635 de
1644 1584 1783 1649 psal-

203 1671 308 1726 mis
331 1671 386 1725 in
410 1672 621 1734 ordine,
655 1684 839 1741 postea
867 1671 1287 1740 responsorium.
1321 1670 1512 1725 deinde
1538 1672 1785 1739 antipha-

1874 490 2152 556 hymnum,
2189 489 2467 543 lectionem
2508 497 2559 542 et
2586 487 2913 555 capitcllum.
2940 486 3161 555 Quando
3190 497 3440 552 repausa-

1872 591 2005 635 tura:
2033 581 2187 645 estis,
2212 581 2262 633 in
2294 596 2334 634 ει
2356 581 2499 645 Itala,
2524 580 2574 633 in
2602 595 2702 650 qua
2734 581 2979 644 manetis,
3006 577 3265 647 completa
3295 576 3443 629 dica-

1873 680 1987 736 tur;
2017 670 2275 738 imprimis
2305 670 2641 725 directanens
2666 713 2681 738 ,
2715 678 2771 725 et
2800 670 3033 739 psalmus
3064 664 3441 737 nonagesimus

1872 763 2096 828 dicatur,
2126 762 2317 815 deinde
2355 762 2602 831 capitolia
2641 760 3130 816 consuetudinaria.
3173 756 3227 811 In
3269 755 3440 810 Natali

1875 853 2080 907 Domini
2110 854 2235 908 etin
2270 853 2558 920 Epiphania
2585 852 2740 907 tertia
2768 853 2899 907 hora
2919 852 3087 906 noctis
3108 851 3307 919 surgite
3329 863 3343 902 :
3363 847 3444 900 di-

1872 943 1978 998 cite
2008 957 2168 995 unum
2217 951 2554 1003 nocturnum,
2587 955 2638 997 et
2667 942 2822 997 facile
2868 958 2963 997 sex
3000 942 3189 997 missas
3216 939 3282 992 de
3314 938 3443 989 Isaia

1876 1032 2165 1103 propheta;
2195 1033 2386 1087 iterum
2410 1033 2574 1087 dicite
2603 1034 2893 1088 Secundum
2922 1046 3267 1099 nocturnum,
3293 1042 3342 1085 et
3370 1030 3445 1084 le-

1874 1133 2064 1192 gantur
2084 1122 2200 1176 alite
2228 1138 2320 1175 sex
2350 1121 2416 1175 de
2441 1122 2750 1192 Evangelia.
2786 1124 2839 1178 In
2873 1124 3166 1194 Epiphania
3200 1125 3270 1178 ita
3302 1142 3313 1175 :
3349 1125 3447 1176 itu-

1880 1216 2062 1285 primis
2082 1231 2244 1269 unum
2271 1224 2582 1270 nocturnum
2606 1232 2621 1281 ;
2646 1215 2839 1271 deinde
2861 1216 2932 1272 de
2953 1217 3167 1272 Daniele
3188 1215 3447 1286 prapheta

1880 1308 2039 1362 facile
2092 1307 2211 1361 illas
2257 1322 2350 1363 sex
2383 1308 2572 1360 missas
2602 1315 2657 1361 et
2694 1318 3020 1374 nocturnas,
3048 1316 3104 1364 et
3148 1308 3339 1363 iterum
3383 1304 3450 1360 de

1882 1398 2166 1467 Evangelia
2196 1414 2310 1453 sex.
2342 1398 2624 1453 Matutinos
2654 1413 2722 1454 eo
2762 1400 2951 1454 ordine
2979 1400 3117 1456 sicut
3154 1399 3209 1457 in
3244 1399 3447 1453 Pascha

1884 1488 2221 1555 scripsimus,
2252 1499 2339 1541 aut
2365 1488 2647 1544 dominicis
2672 1488 2881 1545 diebus.
2906 1490 2963 1544 In
2986 1504 3274 1556 lltitl'lyl‘um
3306 1490 3453 1544 festi-

1884 1579 2135 1633 vitatibus
2164 1589 2273 1633 tres
2302 1587 2392 1632 aut
2418 1590 2645 1649 quatuor
2670 1580 2847 1635 missa:
2877 1581 3038 1633 liant:
3067 1581 3289 1645 primam
3320 1578 3453 1632 mis-

1884 1683 1998 1724 sam
2047 1676 2114 1724 de
2155 1670 2444 1738 Evangelia
2491 1672 2678 1741 legite;
2724 1672 2955 1742 reliquas
2999 1672 3065 1725 de
3115 1671 3452 1740 passionibus

203 1777 351 1816 nam.
390 1762 585 1817 Iterum
613 1760 758 1831 legat
782 1761 882 1814 alia
924 1775 1112 1827 soror;
1145 1771 1201 1816 et
1226 1762 1309 1816 sic
1355 1761 1586 1830 impletis
1618 1762 1783 1816 tribus
1815 1774 1862 1833 Β
1888 1774 2205 1834 martyrum.
2237 1762 2392 1816 Omni
2423 1776 2573 1817 serta
2625 1764 2755 1817 feria
2789 1775 2906 1832 post
2949 1764 3315 1819 duodecimam
3360 1776 3454 1816 sex

204 1851 383 1906 missis
407 1852 570 1907 dicite
598 1852 889 1907 matutinos
917 1854 1241 1906 canonicos:
1275 1851 1325 1907 id
1356 1862 1439 1907 est
1465 1853 1636 1921 primo
1656 1866 1786 1906 can-

206 1941 372 1995 ticum
397 1941 449 1994 in
471 1940 797 2009 antiphona:
825 1939 1020 1994 deinde
1048 1941 1411 1995 direclaueum
1434 1958 1446 1992 :
1473 1940 1664 1993 Judica
1683 1956 1780 2006 me,

205 2032 374 2089 Deus.
405 2032 560 2097 Deus,
599 2030 738 2086 Deus
764 2048 921 2097 meus,
955 2033 1023 2085 ad
1052 2042 1102 2087 te
1130 2034 1193 2086 de
1224 2032 1336 2086 luce
1373 2032 1548 2103 vigilo.
1583 2031 1782 2096 Lauda,

209 2124 385 2175 anima
421 2138 565 2188 mea,
607 2120 901 2175 Dominum.
948 2121 1178 2176 Laudate
1220 2122 1516 2186 Dominum,
1547 2124 1787 2195 quoniam

211 2213 378 2265 bonus
414 2225 489 2266 est
525 2214 773 2281 psalmus.
818 2212 1021 2279 Lauda,
1071 2212 1427 2275 Hierusalem,
1474 2211 1786 2276 Dominum;

210 2303 427 2369 deinde,
464 2302 691 2354 Laudate
731 2302 1005 2355 Dominum
1037 2304 1100 2356 de
1134 2304 1293 2357 cretis.
1326 2302 1539 2357 Cantate
1572 2303 1791 2359 Domino

209 2392 466 2445 canticum
511 2408 713 2445 novum.
743 2390 977 2445 Laudate
1017 2392 1291 2446 Dominum
1317 2393 1370 2446 in
1406 2395 1598 2447 sanctis
1643 2397 1787 2462 ejus,

210 2498 334 2536 cum
365 2480 672 2548 antiphona.
710 2482 878 2537 Dicite
926 2483 1179 2549 hymnum
1207 2498 1222 2538 :
1254 2483 1519 2551 Splendor
1566 2497 1791 2552 paterna

211 2572 429 2640 gloriw;
452 2570 554 2624 alia
580 2571 699 2625 die:
729 2570 946 2625 AEterne
967 2570 1095 2625 lucis
1115 2573 1368 2641 conditor,
1387 2584 1440 2627 et
1459 2574 1788 2643 capitolium,

213 2674 268 2720 at
301 2663 463 2734 Kyrie
490 2665 684 2718 eleison
732 2664 1009 2719 duodecim
1053 2665 1281 2720 vicibus.
1318 2667 1577 2721 Omnibus
1605 2668 1793 2722 diebus

212 2759 488 2827 quotidian
513 2773 539 2811 s
567 2760 645 2812 sic
673 2758 981 2827 impleatur.
1002 2757 1125 2812 Post
1149 2758 1441 2813 matutinos
1466 2759 1533 2813 ad
1564 2760 1791 2828 primam

213 2864 307 2904 sex
352 2848 539 2918 psalmi
585 2849 851 2914 dicantur,
897 2858 950 2903 et
996 2844 1269 2919 hymnus:
1307 2848 1571 2920 Fulgentis
1614 2861 1796 2905 auctor

214 2939 453 3003 aetheris;
482 2940 737 2993 lectiones
763 2938 881 2993 dua:
909 2958 920 2991 :
946 2938 994 2994 id
1026 2948 1109 2994 est
1139 2955 1239 2994 una
1270 2940 1339 2996 de
1372 2941 1568 3007 Veteri,
1598 2944 1700 2996 alia
1724 2943 1794 2999 de

216 3034 372 3086 Novo
401 3034 763 3093 Testamento.
793 3042 848 3088 et
866 3034 1189 3101 capitellum.
1219 3034 1345 3089 Post
1371 3033 1472 3089 hoc
1503 3050 1692 3091 omnes
1720 3037 1796 3093 le-

1890 1853 2067 1906 tnissa:
2107 1852 2172 1905 ad
2216 1852 2406 1907 librmu
2464 1853 2726 1920 legantur,
2754 1862 2957 1921 etpost
2988 1864 3275 1906 nocturnos
3326 1861 3454 1905 tres.

1886 1946 2039 2000 Omni
2068 1945 2291 1998 sabbato
2313 1945 2381 1998 ad
2411 1946 2714 2010 matutinus,
2734 1945 3000 1998 Cantemus
3033 1944 3246 1995 Domino
3268 1986 3285 2011 ,
3310 1952 3363 1998 et
3384 1942 3456 1997 Τε

1890 2036 2054 2090 Deum
2083 2038 2372 2090 laudamus.
2403 2037 2481 2091 Ad
2526 2038 2731 2090 tertiam
2764 2046 2873 2090 tres
2920 2036 3210 2090 laetiones:
3242 2051 3342 2088 una
3387 2035 3454 2086 de

1889 2128 2189 2198 Prophetis,
2223 2130 2323 2183 alia
2366 2132 2433 2184 de
2464 2131 2739 2196 Apostolo,
2774 2130 2933 2183 tertia
2973 2127 3041 2182 de
3071 2127 3357 2194 Evangelia
3382 2125 3458 2178 di-

1888 2231 2097 2278 cantur.
2127 2220 2282 2277 Otnni
2329 2222 2595 2275 dominica
2645 2230 2761 2289 post
2809 2230 3098 2273 nocturnos
3130 2234 3249 2271 cum
3295 2216 3460 2283 prima

1890 2315 2051 2368 missa
2082 2313 2292 2381 legitur,
2318 2312 2369 2365 id
2396 2321 2478 2365 est
2508 2314 2851 2376 resurrectio,
2874 2311 3012 2362 milla
3044 2310 3234 2363 st-derv
3263 2321 3463 2373 pransu-

1891 2412 2022 2465 mat,
2044 2402 2139 2456 sed
2160 2416 2345 2455 omnes
2360 2409 2499 2455 stent
2528 2416 2543 2463 ;
2573 2400 2676 2454 alia
2700 2399 2961 2453 dlllllilliC-I
2986 2398 3089 2450 alia
3113 2396 3462 2449 resurrectio:

1891 2495 1970 2548 sic
1995 2493 2048 2546 in
2069 2491 2259 2545 ordine
2283 2499 2405 2544 tota:
2428 2502 2655 2558 quatuor
2674 2505 2836 2545 resur
2855 2492 3093 2542 actiones
3115 2502 3209 2553 per
3228 2487 3462 2552 singulas

1891 2583 2187 2638 dominicas
2219 2583 2478 2650 legantur.
2509 2573 2632 2636 Post
2659 2581 2867 2636 tertiam
2899 2596 3046 2644 Vero,
3085 2578 3238 2630 Pater
3290 2590 3460 2629 noster

1891 2674 2052 2731 dicite
2074 2712 2092 2738 ,
2118 2671 2475 2741 etpsallendo
2514 2686 2701 2726 omnes
2744 2672 3160 2726 canununiceut.
3206 2668 3294 2723 Sic
3328 2678 3381 2720 et
3414 2667 3466 2719 in

1894 2766 2277 2825 festivitatibus
2295 2765 2471 2825 facile;
2505 2765 2681 2823 Missa:
2699 2779 2828 2821 vero
2844 2763 3055 2835 quando
3078 2770 3281 2814 sanctae
3307 2759 3465 2813 abba-

1894 2859 2041 2919 tissa
2058 2857 2244 2921 _visum
2270 2858 2765 2919 ίιιειὴνιιωιαιιὶειιι.

1965 3056 2225 3112 Ordinem
2267 3056 2843 3113 etiameannivii'huic
2866 3054 3083 3127 Reg-uta:
3126 3046 3469 3110 inseruimus.

222 3126 393 3180 etinni
428 3135 615 3179 tacent
643 3139 809 3192 usque
832 3126 897 3177 ad
929 3125 1115 3179 haram
1153 3124 1396 3189 tertiam;
1433 3126 1637 3195 reliquo
1666 3143 1788 3183 vero

1898 3147 2125 3203 Fercula
2144 3148 2392 3216 quotidie
2417 3148 2483 3205 ad
2530 3124 3036 3213 releesianemtria,
3078 3149 3145 3200 ad
3186 3147 3469 3215 prandium

214 3218 325 3271 diei
363 3217 536 3286 spatio
569 3216 762 3270 laciaont
799 3230 958 3284 opera
988 3229 1083 3268 sua
1108 3256 1121 3279 ,
1158 3214 1452 3269 secundum
1486 3215 1614 3269 illud
1654 3218 1796 3283 quod

217 3308 481 3362 Dominus
508 3306 641 3360 dixit
668 3323 682 3360 :
713 3304 870 3359 Pater
898 3320 1036 3375 meus
1065 3322 1224 3374 usque
1260 3322 1397 3365 nunc
1444 3316 1707 3376 operatur,
1734 3312 1798 3369 et

213 3406 310 3466 ego
338 3413 520 3466 operor
545 3395 724 3467 (Joan.
747 3394 823 3466 ν).
848 3395 913 3450 Ει
939 3394 1067 3449 illud
1091 3396 1330 3464 Apostoli
1356 3397 1667 3468 :Uperantes
1688 3414 1800 3452 ma-

214 3487 367 3540 nibus
398 3488 583 3540 nostris
612 3486 660 3559 (1
710 3485 865 3543 Thes.
894 3486 997 3557 tv).
1028 3486 1114 3552 Et,
1142 3487 1243 3553 Qui
1273 3505 1375 3541 non
1406 3497 1665 3559 operatur,
1698 3505 1801 3545 non

213 3578 488 3631 manducet
512 3576 595 3646 (II
633 3576 783 3632 Thes.
809 3578 911 3647 ιιι).
937 3578 1067 3645 Quia
1098 3579 1355 3647 scriptum
1384 3592 1499 3635 est:
1546 3580 1649 3635 Vite
1665 3582 1798 3636 otio-

214 3684 393 3722 sorum
420 3679 594 3722 strnue
620 3679 738 3722 sunt
776 3669 935 3738 spinis
970 3667 1147 3737 (Prov.
1181 3672 1320 3740 xm).
1344 3671 1437 3735 Et,
1471 3671 1689 3726 Servum
1715 3674 1798 3727 in-

218 3761 399 3813 utilem
429 3759 664 3829 projicite
686 3760 737 3812 in
762 3760 992 3813 tenebras
1016 3761 1291 3814 exteriores
1333 3762 1546 3832 (Matth.
1576 3763 1724 3835 xxv).

290 3854 629 3921 Quotidianis
670 3854 861 3909 iterum
888 3853 1077 3909 diebus
1102 3855 1169 3908 ad
1202 3858 1411 3909 tertiam
1443 3872 1536 3913 sex
1569 3858 1802 3927 psalmos

222 3946 403 4011 dicite,
434 3940 800 4015 antiphonam.
833 3947 1109 4017 hymnum,
1134 3945 1253 4000 Jam
1283 3949 1443 4016 surgit
1472 3948 1599 4002 liora
1632 3949 1800 4015 tertia,

223 4040 505 4095 lectionem
523 4050 574 4093 et
590 4040 917 4107 capitellum,
944 4038 1084 4103 Fiat,
1112 4040 1345 4093 Domine.
1365 4040 1445 4095 Ad
1462 4052 1671 4096 sextam
1691 4044 1805 4112 ipse

224 4143 481 4181 numerus
509 4129 828 4196 psalmorum
878 4130 1139 4183 tenendus
1168 4147 1180 4181 :
1212 4129 1499 4197 antipltona
1540 4131 1765 4186 dicenda
1786 4172 1803 4197 ,

226 4222 476 4290 hymnus,
506 4223 629 4273 .Iam
659 4232 804 4275 sexta
834 4222 1018 4275 sensim
1048 4220 1286 4283 volvitur,
1318 4221 1478 4275 lectio
1504 4230 1559 4273 et
1585 4224 1806 4291 capitol-

225 4312 356 4367 Inm.
390 4312 467 4364 Ad
492 4326 683 4365 uanam
714 4313 814 4365 iste
852 4315 983 4365 ordo
1017 4309 1352 4364 servandus:
1386 4312 1613 4380 hymnus
1642 4326 1801 4377 vero,

227 4401 327 4454 Ter
344 4404 471 4453 hora
488 4404 621 4453 trina
637 4401 872 4453 volvitur.
898 4400 976 4453 Ad
1002 4399 1356 4452 lucernarinm
1378 4400 1521 4451 omni
1541 4408 1801 4466 tempore,

1899 3233 2029 3301 duo,
2072 3233 2396 3288 adcmnam
2420 3232 2544 3288 dum
2588 3232 2883 3287 Abibituriae.
2918 3230 3386 3285 Ad:re|'ectianem
3416 3228 3472 3282 in

1899 3332 2085 3378 :estata
2106 3321 2335 3377 meosed
2345 3321 2452 3376 ulla
2470 3321 3204 3391 etAugustacaldellosAres,
3226 3322 3293 3373 ad
3312 3334 3473 3387 pran-
3500 3368 3501 3371 η

1898 3413 2047 3471 dium
2068 3422 2205 3477 tres,
2231 3411 2298 3468 ad
2322 3426 2531 3471 canam
2560 3412 3169 3479 omnitemporebinos.
3201 3410 3303 3465 Per
3330 3412 3473 3465 testi-

1899 3504 2092 3559 vitates
2115 3518 2265 3567 vero,
2285 3503 2572 3573 et-quando
2584 3503 2851 3559 abbatissa
2874 3502 3228 3575 indulgentias
3245 3502 3476 3558 voluerit

1900 3595 2101 3661 facere,
2127 3605 2181 3652 et
2209 3597 2411 3651 cibaria
2432 3606 2627 3667 quanta
2654 3598 2765 3666 ipsa
2791 3598 3020 3652 valuerit
3046 3597 3272 3662 ordinet,
3302 3606 3360 3652 et
3390 3611 3477 3651 re-

1900 3695 2087 3742 centes
2106 3685 2290 3740 addat.
2318 3686 2653 3753 Quotidianis
2675 3702 2802 3741 vero
2821 3687 3009 3742 diebus
3028 3687 3176 3742 olera
3200 3688 3476 3743 lormatica

1902 3785 1959 3831 et
1986 3776 2106 3832 oleo
2135 3790 2349 3844 semper
2389 3776 2584 3831 fercula
2625 3776 2963 3838 condiantur.
2994 3776 3422 3845 Jejtuniumvera
3442 3791 3476 3829 a

1902 3865 2141 3927 colendis
2177 3866 2508 3936 Septembris
2548 3869 2815 3937 usquoxad
2863 3867 3116 3927 calendas
3156 3867 3475 3924 Novembris

1901 3958 2167 4023 secunda,
2186 3968 2241 4012 et
2257 3969 2469 4027 quarta,
2491 3969 2546 4013 et
2573 3968 2731 4019 sexta.
2752 3958 2908 4018 toria.
2925 3959 3229 4020 Ascalendis
3248 3959 3478 4017 Navem-

1904 4046 2015 4103 bris
2036 4063 2205 4118 usque
2223 4050 2291 4103 ad
2306 4048 2517 4103 Domini
2542 4049 3477 4120 Nataieai‘uotidiejejunandumest.

1907 4140 2107 4210 absque
2125 4141 2346 4197 sabbato
2369 4151 2422 4196 et
2436 4142 2727 4201 dominicas
2741 4144 2823 4199 Ab
2834 4145 3135 4212 Epiphania
3161 4162 3289 4200 vero
3308 4161 3477 4213 usque

1905 4230 1973 4284 ad
2006 4228 2207 4287 Pascha
2234 4231 2471 4299 quotidie
2508 4229 3018 4299 jejunandumest,
3043 4234 3244 4301 abstine
3288 4234 3478 4300 majori

1908 4319 2219 4381 festivitate.
2248 4319 2494 4383 sabbata,
2529 4320 2915 4380 etidomiuica.
2942 4320 3318 4381 Past_«Pascba
3350 4336 3478 4374 vero

1912 4421 2078 4474 usque
2118 4405 2184 4459 ad
2208 4405 2557 4465 Pentecosten
2582 4414 2731 4459 sexta
2753 4406 2883 4461 feria
2910 4406 3479 4474 tantumjejunandum

225 4501 281 4547 et
310 4492 456 4545 festis
482 4502 535 4545 et
562 4488 883 4557 quotidianis
910 4486 1120 4552 diebus,
1151 4484 1409 4554 imprimis
1437 4485 1803 4552 directaneus;
1837 4509 1885 4566 ο
1910 4503 2012 4547 est.
2042 4493 2168 4549 Post
2188 4494 2537 4548 Pentecosten
2560 4510 2745 4551 mense
2767 4496 2945 4562 lunia,
2974 4497 3126 4559 Julia
3155 4507 3211 4552 et
3238 4500 3480 4565 Augusto

229 4590 418 4651 postea
447 4580 753 4644 antiphonae
796 4572 933 4633 dum.
964 4578 1143 4634 Tertia
1188 4593 1404 4644 semper
1442 4593 1562 4633 cum
1594 4579 1805 4635 alleluia

226 4672 462 4733 dicatur,
488 4669 714 4739 hymnus
740 4684 841 4720 una
869 4669 983 4722 die:
1014 4669 1147 4721 Deus
1173 4668 1259 4736 qui
1281 4669 1429 4721 certis
1450 4669 1681 4739 legibus;
1702 4670 1804 4725 alia

226 4762 317 4829 die
342 4778 354 4812 :
386 4757 519 4812 Deus
549 4770 745 4813 creator
771 4760 1021 4825 omnium,
1050 4770 1102 4813 et
1130 4758 1456 4827 capitellum.
1486 4758 1569 4814 Ad
1596 4761 1802 4816 duode-

1915 4582 1967 4636 in
1986 4592 2246 4653 potestate
2262 4584 2543 4639 abbatissa:
2560 4588 2628 4639 sit
2648 4586 2715 4643 de
2724 4586 2930 4657 jejunio
2948 4596 3044 4643 aut
3062 4587 3314 4659 prandio:
3338 4588 3495 4645 sicut.

1912 4673 2107 4733 viderit
2137 4674 2543 4746 possibilitatem
2582 4691 2857 4741 sororum,
2894 4678 3484 4741 ista.5tudeat,obtem-

1911 4781 2120 4835 perare.

228 4919 3435 4947 W—

376 5038 761 5088 EXGEBP’I'A
789 5038 886 5085 EX
914 5037 1263 5086 EPISTOLA
1292 5038 1690 5087 ACRBLIANI
1719 5039 1788 5085 El

1895 5037 2049 5085 BOPI
2075 5036 2703 5097 ΑιιειΑτεηειελΑυ
2729 5038 3337 5101 ΤΗΕΟΙἈΕΒΕΒἸὍΜ
3366 5086 3371 5089 ,

1720 5126 1866 5175 ιιι-ςσ-
1876 5126 2002 5174 ΞΜ.

304 5256 528 5311 Domino
562 5256 759 5327 inclyta
786 5264 841 5310 et
885 5256 1082 5323 ubique
1118 5251 1504 5324 gloriosissimo
1545 5262 1704 5321 atque
1752 5254 1804 5305 in

234 5346 445 5405 Christo
491 5349 731 5418 piissimo
776 5347 997 5402 domina
1035 5355 1092 5401 et
1128 5345 1261 5412 illia,
1310 5344 1648 5400 Teudcberta
1691 5344 1803 5414 regi

236 5443 553 5497 Aurelianus
573 5439 880 5508 episcopus.

308 5531 458 5585 Licet
503 5539 608 5583 tam
638 5541 758 5583 sera
791 5528 1112 5597 scriptarum
1149 5525 1324 5580 allicia
1366 5523 1659 5593 justissima
1700 5532 1807 5579 tre-

238 5621 437 5689 pidatio
485 5618 806 5684 comitetur,
856 5626 1031 5672 tamen
1069 5630 1422 5685 nequaquam,
1452 5631 1592 5679 rcor,
1626 5629 1805 5668 sermo

232 5727 393 5765 evasti
417 5708 715 5766 oll'eusione
745 5708 1092 5775 indicabitur,
1124 5708 1168 5763 si
1212 5708 1347 5777 apud
1381 5722 1538 5762 aures
1575 5707 1810 5762 clemen-

1916 5251 2004 5304 tia:
2031 5251 2147 5305 sola
2180 5258 2381 5306 tantum
2410 5252 2709 5307 devotione
2724 5252 2889 5308 aaiuri
2921 5254 3299 5323 porpoudatur.
3351 5255 3480 5310 llinc

1917 5342 2187 5411 pracipue
2235 5342 2376 5410 quod
2429 5344 2791 5399 ambientibus
2841 5345 3049 5399 cunctis
3104 5344 3478 5401 celsitudinem

1910 5442 2169 5497 vestram,
2196 5447 2298 5487 nec
2318 5443 2525 5487 metum
2558 5433 2775 5489 trahunt
2788 5448 2864 5489 ex
2892 5434 3169 5505 privilegia
3208 5436 3477 5501 culminis,

1914 5540 2037 5581 nec“
2075 5525 2346 5594 repulsam
2406 5526 2771 5581 metuuatde
2831 5527 3141 5597 prmiudicia
3193 5529 3471 5583 tarditatis.

1916 5615 2106 5670 Vestra
2135 5616 2279 5673 enim
2306 5616 2509 5671 erectio
2536 5617 2605 5673 ita
2646 5616 2902 5672 solemnis
2943 5625 3057 5683 est,
3087 5617 3335 5675 utetiam
3382 5617 3485 5672 hu.

1913 5708 2117 5763 milium
2160 5723 2341 5765 altiore
2388 5719 2661 5779 tangatur,
2714 5724 2781 5764 ac
2828 5708 3147 5779 dignitatum
3193 5710 3465 5765 cumulum
