4004 6354
481 344 582 397 407

1527 345 1889 401 PRIMASEUS
1933 347 2442 403 ADllUilETAVUS
2483 348 2696 403 EPISC.

3641 357 3764 411 ᾙιὸ

481 472 698 516 onerata
734 461 939 532 instiga
980 462 1320 516 vernularum
1352 460 1524 527 adhuc
1569 464 1781 516 rudium
1829 463 2056 532 pritniti-
2086 471 2133 525 Α
2162 465 2330 530 sepiii
2373 467 2569 531 vestri,
2604 463 2989 532 plenitudinem
3039 464 3190 518 nobis
3220 465 3528 536 principalis
3569 468 3761 522 indul-

480 555 561 607 vis
590 553 821 608 cultibus
855 561 1263 622 prrsumantur.
1307 550 1473 605 Novis
1504 567 1734 623 namque
1775 569 1918 608 nunc
1947 564 2057 608 stu-

479 646 581 699 diis
616 646 667 699 in
713 646 968 715 obsequia
1017 644 1246 713 religiosi
1291 643 1546 711 principis
1590 644 1966 710 informamus,
2007 655 2062 700 et

479 755 599 791 cum
631 739 937 794 testimonio
984 753 1015 804 p
1052 737 1235 790 rl‘ecwe
1274 735 1584 789 dilectionis
1621 736 1688 789 ad
1721 736 2058 804 praesentiam

479 842 704 884 sacrata:
736 819 929 884 mentis
955 829 1313 883 admittimur.
1345 827 1468 882 Haec
1495 843 1625 898 ergo
1649 843 1713 883 ex
1745 839 1893 897 parte
1915 843 2062 883 amo.

480 922 552 973 ris
583 921 748 974 nostri
780 921 1021 974 fiduciam
1041 959 1056 984 ,
1084 919 1342 987 Princeps
1383 919 1605 988 Optime,
1651 919 1906 984 metieris,
1938 934 2058 974 cum

479 1013 794 1067 ministeriis
842 1013 945 1066 tuis
993 1027 1091 1066 nec
1134 1011 1304 1066 territi
1355 1027 1453 1081 pro
1497 1011 1745 1066 tarditate
1792 1012 2061 1066 subtrahi-

478 1121 619 1167 tntn',
654 1119 749 1157 nec
781 1103 1098 1158 verecundia
1144 1106 1394 1173 pauperis
1433 1104 1635 1173 ingenii
1667 1104 2058 1160 refraudamur.

475 1196 698 1262 Suscipe
759 1195 920 1264 igitur
965 1197 1192 1265 benigne
1231 1196 1539 1252 devotionis
1588 1197 1765 1251 studio
1818 1198 2060 1252 tirocinia

476 1289 823 1340 l‘anmlantum
855 1298 907 1341 et
934 1291 1135 1357 gremia
1169 1289 1337 1343 venia:
1383 1289 1626 1355 largioris
1657 1290 1899 1356 cspande
1931 1305 2060 1358 sup-

477 1379 720 1444 plicibus.
753 1380 884 1446 Quia
933 1395 1054 1433 cum
1099 1396 1286 1435 omnes
1331 1381 1652 1449 generaliter
1700 1379 1841 1434 bono
1879 1380 2057 1436 cordis

475 1474 655 1540 inclyti
688 1472 1040 1540 perfruantur,
1075 1487 1172 1525 nos
1203 1482 1399 1538 tamen,
1427 1473 1523 1526 etsi
1548 1473 1733 1541 exigua
1764 1473 1934 1540 portio
1960 1473 2056 1524 oh-

2165 555 2356 624 gentia:
2382 554 2448 607 ad
2495 554 2756 624 integrum
2802 555 3151 610 vindicamus.
3185 557 3394 612 Etenim
3435 573 3559 614 Cum
3589 563 3662 615 de
3700 573 3762 616 te

2166 647 2449 716 loquimur,
2476 648 2628 702 adest
2661 651 2854 716 gratia,
2886 649 2983 702 etsi
3015 650 3315 719 eloquentia
3343 654 3526 717 deest,
3551 665 3609 707 et
3637 656 3758 708 solo

2163 740 2372 793 ornatui
2419 751 2601 795 nostro
2632 743 2853 796 materia
2893 741 3118 809 Sufficit,
3155 759 3456 812 quanquam
3505 745 3756 800 doctrina

2164 847 2268 885 non
2297 827 2455 886 adsit.
2480 833 2608 899 Qua:
2629 847 2748 887 cum
2775 835 2845 887 ita
2873 834 3000 902 sint,
3027 837 3342 903 praeclaram
3372 836 3609 891 indolem
3639 839 3755 892 lau-

2162 922 2246 977 dis
2277 932 2470 978 vestra:
2500 925 2636 978 vntis
2665 927 2840 993 potius
2865 927 3148 982 celebrabo
3177 944 3336 997 quam
3367 929 3580 985 litteris.
3607 931 3755 997 Quo-

2167 1015 2306 1067 niam
2337 1030 2550 1084 semper
2569 1031 2686 1084 qua
2714 1025 2838 1069 sunt
2868 1017 3102 1071 maxima
3120 1061 3134 1083 ,
3161 1021 3542 1074 conscientiam
3574 1025 3754 1089 potius

2165 1104 2440 1171 requirunt
2479 1120 2635 1172 quam
2685 1105 2950 1175 linguam,
2981 1108 3296 1178 diguiusque
3339 1112 3751 1166 committuntur

2169 1196 2400 1263 pectoris
2449 1196 2650 1258 iudicio
2699 1212 2860 1266 quam
2907 1200 3212 1268 sermonis.
3245 1202 3322 1254 Ac
3369 1204 3594 1269 perinde
3647 1219 3752 1257 non

2168 1290 2293 1342 mihi
2329 1288 2379 1341 in
2412 1289 2546 1341 votis
2587 1288 2686 1341 hoc
2729 1291 3254 1343 commemorandum
3293 1300 3408 1356 cst,
3441 1292 3581 1361 quod
3615 1303 3752 1347 temo

2171 1397 2297 1450 pora
2327 1383 2633 1446 celebrant,
2662 1382 2757 1436 sed
2785 1382 2925 1452 quod
2957 1385 3227 1438 aeternitas
3251 1385 3472 1454 probat,
3497 1396 3607 1440 etc.

475 1571 3742 1614 Μ

1812 1659 1979 1704 ANNO
2022 1659 2248 1702 DOMINI
2289 1660 2433 1704 DLV.

1454 1785 2759 1948 PRIMASIUS

1369 2049 2214 2129 ADRUMETANUS
2317 2050 2958 2132 EPISCOPUS.

1698 2290 1912 2360 PRO
1924 2291 2280 2360 ωαοΜ
2296 2292 2355 2360 Ε
2370 2292 2510 2362 ΝΑ
2525 2344 2544 2362 .

1773 2488 2042 2543 NOTITIA
2086 2491 2104 2560 (
2143 2505 2208 2544 ex
2251 2490 2392 2545 Cave
2427 2492 2465 2559 ).

542 2606 864 2672 Primasius,
897 2613 1056 2674 gente
1094 2603 1238 2670 Afer,
1270 2602 1548 2656 Adrumeti
1592 2602 1741 2656 urbis
1780 2615 1898 2671 quae
1945 2600 2050 2656 Ju-
2081 2605 2127 2664 B
2154 2610 2353 2665 ctores,
2385 2602 2609 2672 placita,
2641 2617 2820 2660 mores
2849 2603 3086 2660 breviter
3123 2615 3390 2662 recenset.
3438 2605 3736 2665 Secundam

468 2699 842 2769 atinianopolis
879 2697 1041 2751 etiam
1073 2694 1213 2748 dicta
1244 2702 1357 2757 est,
1386 2695 1438 2748 in
1470 2693 1739 2763 provincia
1773 2694 2051 2763 Byzacena

467 2796 775 2863 episcopus,
807 2803 945 2844 unus
973 2805 1038 2842 ex
1071 2788 1133 2841 iis
1163 2787 1254 2856 qui
1284 2787 1350 2840 ad
1382 2801 1469 2841 res
1501 2785 1756 2840 Ecclesia:
1786 2785 2053 2840 Africana:

468 2885 834 2956 procurandas
877 2879 1400 2949 Constantinopolim
1445 2878 1588 2934 circa
1627 2893 1717 2933 an.
1750 2879 1856 2934 550
1901 2877 2051 2932 missi

466 2990 590 3034 sunt
619 2996 631 3029 :
663 2977 756 3031 ubi
783 2989 924 3029 anno
955 2982 1215 3042 sequente
1244 2970 1616 3042 episcoporum
1657 2968 1943 3025 conventui
1974 2968 2054 3022 in-

469 3069 676 3134 terfuit,
719 3082 827 3136 quo
872 3065 1091 3134 Vigilius
1111 3061 1681 3119 excommunicationis
1727 3059 2052 3116 sententiam

468 3163 522 3217 i’u
553 3161 895 3216 Theodorum
934 3159 1355 3222 Caesariensem,
1386 3154 1781 3226 Acephalorum
1820 3154 2047 3220 ducem,

465 3253 826 3323 intorquebat.
869 3253 1024 3306 Anno
1048 3249 1175 3314 555,
1207 3251 1403 3318 saepius
1445 3249 1568 3304 licet
1601 3247 1912 3314 advocatus,
1956 3261 2050 3316 sy-

465 3346 608 3399 nodo
633 3342 982 3399 mcumenicaa
1012 3341 1274 3396 interesse
1303 3339 1501 3404 noluit;
1535 3337 1628 3393 sed
1659 3351 1764 3391 una
1785 3351 1907 3390 cum
1931 3336 2052 3391 aliis

465 3435 782 3504 subscripsit
841 3433 1019 3504 Vigilii
1081 3433 1377 3488 constituto
1446 3443 1545 3499 pro
1609 3427 1779 3483 tribus
1855 3426 2047 3496 capiti-

465 3530 598 3591 bus,
649 3528 790 3596 quod
840 3537 1082 3595 tempore
1135 3523 1330 3595 synodi
1385 3535 1524 3592 papa
1585 3520 1896 3590 imperatori
1945 3519 2046 3574 ob-

464 3621 601 3672 tulit.

1106 3683 1413 3742 SCRIPTA.

536 3800 910 3852 Commentaria
939 3800 989 3851 in
1025 3799 1279 3867 Epistolas
1310 3799 1371 3854 S.
1397 3797 1574 3864 Pauli,
1605 3813 1670 3853 ex
1713 3798 2042 3868 Hieronymi,

465 3891 770 3953 Ambrosii,
811 3890 1125 3959 Augustini,
1167 3890 1504 3959 aliorumque
1546 3900 1784 3944 veterum
1829 3889 2071 3958 scriptis-

2158 2707 2363 2765 partem
2403 2696 2678 2750 constituit
2717 2696 2853 2751 liber
2881 2697 2949 2751 de
2980 2697 3462 2754 Prtedesttnatione
3502 2702 3605 2757 sub
3631 2705 3730 2757 Au.

2156 2788 2354 2856 gustini
2385 2788 2600 2842 nomine
2630 2788 2758 2842 olim
2796 2788 3055 2846 conﬁctos
3083 2805 3096 2854 ;
3128 2789 3181 2842 in
3229 2791 3383 2846 tertia
3425 2801 3579 2861 parte
3619 2793 3733 2848 libri

2158 2879 2383 2948 hujusce
2436 2878 2814 2948 Augustiniani
2873 2878 3248 2935 refutationem
3303 2880 3560 2938 instituit.
3607 2885 3729 2950 Quis

2157 2970 2315 3024 fuerit
2343 2984 2500 3024 verus
2525 2969 2714 3024 borum
2747 2969 3004 3024 librorum
3033 2983 3227 3039 parens
3258 2971 3484 3026 eruditis
3513 2974 3652 3028 inter
3674 2991 3730 3029 se

2158 3064 2295 3119 haud
2317 3064 2449 3119 satis
2478 3067 2759 3131 convenit;
2785 3065 3072 3120 Hincmaro
3101 3067 3390 3122 Rhemensi
3422 3068 3525 3122 sub
3547 3068 3728 3140 llygini

2154 3157 2367 3211 nomine
2401 3157 2658 3223 citantur;
2687 3171 2874 3212 errore
2904 3158 3034 3213 satis
3074 3158 3377 3225 manifesto,
3411 3175 3510 3215 nec
3553 3161 3724 3216 forsan

2153 3245 2367 3300 aliunde
2394 3256 2534 3313 orto,
2574 3260 2733 3315 quam
2761 3247 2905 3316 quod
2952 3247 3003 3301 in
3056 3247 3233 3304 indice
3271 3258 3553 3304 auctorum
3584 3251 3727 3320 operi

2153 3336 2371 3407 prmﬁxo
2403 3337 2592 3408 Hygini
2623 3352 2818 3394 nomen
2847 3350 3141 3410 repererat.
3167 3340 3486 3396 Sirmondus
3510 3344 3581 3399 ob
3609 3346 3726 3413 styli

2151 3427 2646 3497 sententiarumque
2676 3427 2993 3485 afﬁnitatem
3025 3433 3262 3487 Arnobio
3283 3432 3485 3503 juniori
3515 3433 3724 3503 adiudi-

2150 3518 2351 3574 candos
2376 3532 2496 3574 esse
2521 3520 2824 3589 suspicatus
2853 3532 2956 3577 est.
2995 3521 3176 3592 Nuper
3203 3524 3547 3580 Piccinardus
3582 3526 3724 3582 theo-

2153 3611 2302 3679 logus
2334 3611 2628 3666 Brixiensis
2660 3611 2999 3669 Vincentium
3042 3615 3326 3684 quemdam
3359 3617 3545 3672 nescio
3571 3633 3722 3688 quem

2149 3712 2423 3756 auctorem
2452 3704 2666 3771 statuit,
2697 3703 2847 3759 illum
2885 3720 3078 3775 nempe
3116 3707 3267 3777 cujus
3308 3708 3377 3762 16
3405 3709 3722 3778 objectioai-

2147 3793 2246 3848 bus
2273 3795 2494 3851 totidem
2539 3799 2918 3867 responsiones
2948 3801 3197 3870 opposuit
3235 3800 3468 3872 Prosper
3510 3804 3721 3874 Aquita-

2147 3903 2267 3942 nus.
2291 3888 2423 3954 Quis
2450 3905 2577 3945 vero
2614 3891 2685 3945 sit
2725 3892 2831 3949 iste
2867 3892 3203 3959 Vincentius,
3229 3909 3296 3948 an
3325 3894 3611 3966 presbyter
3639 3896 3722 3952 ille

464 3985 754 4036 maximam
804 3991 1005 4051 partem
1051 3981 1305 4038 delibata.
1352 3981 1511 4036 Multa
1551 3982 1746 4037 exinde
1787 3982 1838 4035 in
1887 3996 2037 4036 com-
2066 3991 2112 4054 ρ
2146 3981 2362 4036 natione
2405 3979 2588 4036 Gallus
2612 3984 2701 4051 qui
2728 3983 2781 4038 in
2811 3983 3054 4040 Psalmos
3091 3996 3482 4041 commentatus
3506 3998 3618 4054 est,
3659 3988 3722 4046 de

463 4076 722 4128 mentaria
750 4089 844 4128 sua
884 4073 1151 4128 transtulit
1178 4074 1420 4144 Haymo:
1456 4073 1596 4129 unde
1628 4073 1868 4128 nonnulli
1899 4073 2039 4127 allu-

461 4167 623 4220 cinati
656 4165 899 4221 Primasii
943 4167 1328 4220 commentaria
1377 4166 1636 4237 Haymoni
1680 4165 1864 4220 deberi
1909 4179 2040 4220 cen-

458 4271 700 4317 suerunt.
733 4260 1055 4317 Prodierunt
1079 4259 1303 4316 seorsim
1333 4260 1506 4316 Paris.
1531 4259 1693 4324 {545,
1724 4260 1894 4314 in-8°.

527 4353 904 4408 Commentaria
927 4353 1153 4423 mystica:
1173 4351 1504 4421 expositionis
1525 4352 1578 4404 in
1604 4350 1950 4423 Apocalypsin
1971 4352 2039 4405 ad

458 4445 766 4511 Castorium,
799 4445 1037 4514 quinque
1065 4443 1215 4498 libris
1241 4443 1512 4499 distincta.
1540 4441 1864 4498 Prodierunt
1896 4456 2039 4498 seor-

456 4535 558 4586 sim
588 4534 748 4586 Basil.
779 4532 943 4600 l5“,
967 4535 1022 4587 in
1050 4534 1134 4589 8°.

532 4626 768 4697 Utraque
808 4627 1056 4682 Primasii
1100 4627 1488 4683 commentaria
1538 4627 1803 4682 habentur
1843 4640 1872 4678 a
1924 4631 2030 4679 ba-

456 4731 594 4785 gneo
622 4713 765 4772 edita
793 4717 1033 4788 Lugduni
1057 4717 1215 4785 1543,
1243 4728 1298 4773 et
1325 4717 1380 4772 in
1409 4718 1745 4773 Bibliotheca
1789 4717 2029 4784 Patrum,

456 4818 588 4861 tom.
612 4807 682 4862 X.
941 4810 944 4814 ’
1063 4821 1074 4828 ·

529 4901 606 4955 De
633 4899 929 4956 [latratibus
959 4902 1074 4956 libri
1102 4911 1203 4957 tres
1238 4901 1306 4955 ad
1336 4897 1679 4954 Fortunatam
1708 4897 2030 4969 episcOpunt,

456 4994 513 5046 in
546 4992 741 5064 quibus
780 4993 1041 5063 explicuit
1097 4991 1241 5062 quod
1278 4990 1407 5044 olim
1435 4987 1764 5057 Augustinus
1805 4989 1855 5041 in
1893 4987 2032 5042 libro

451 5085 741 5140 Haereseon
788 5083 1158 5152 imperfectum
1205 5082 1536 5149 reliquerat:
1572 5079 1624 5133 in
1677 5080 1848 5148 primo
1891 5079 2032 5133 libro

449 5177 749 5235 ostendens
790 5175 918 5246 quid
948 5174 1259 5229 hzereticum
1288 5170 1473 5236 faciat,
1507 5171 1560 5224 in
1588 5170 1821 5224 secundo
1843 5179 1899 5224 et
1925 5179 2031 5224 ter-

450 5270 524 5322 tio
560 5268 688 5338 quid
729 5258 1041 5323 bereticum
1078 5263 1428 5319 demonstret.
1451 5260 1656 5316 lnteriit
1691 5261 1802 5330 jam
1827 5261 2026 5317 dudum

447 5375 584 5430 opus
610 5360 770 5415 istud.

519 5453 745 5506 Exstant
783 5449 945 5505 hodie
971 5449 1073 5504 sub
1113 5446 1478 5503 Prwdestinati
1515 5444 1730 5500 nomine
1771 5443 1930 5507 editi,
1962 5442 2028 5497 de

457 5541 772 5608 Iliensibus,
803 5541 1070 5610 pratcipue
1112 5537 1617 5594 Pradestinatorum
1647 5532 1840 5589 haeresi
1858 5573 1873 5599 ,
1903 5533 2025 5588 libri

447 5643 576 5685 tres.
609 5633 664 5686 In
695 5634 864 5701 prima
896 5642 1042 5700 parte
1067 5632 1176 5702 agit
1201 5639 1408 5698 auctor,
1435 5626 1677 5700 quisquis
1707 5626 1804 5695 sit,
1823 5625 1890 5681 de
1916 5625 2024 5680 bte-

449 5725 657 5778 rcsibus
695 5725 1098 5794 quibuscunque
1140 5738 1366 5779 numero
1404 5721 1496 5790 90,
1537 5734 1570 5776 a
1608 5719 1826 5775 Simone
1855 5733 2022 5789 usque

447 5818 598 5887 Mago
625 5818 688 5872 ad
731 5818 957 5871 hmrcsin
1001 5818 1561 5886 Praedcstinatianam,
1594 5828 1884 5886 earumque
1923 5828 2016 5871 au-

2147 4087 2253 4140 quo
2278 4072 2585 4128 Gennadius
2611 4089 2660 4129 c.
2684 4075 2778 4142 80,
2808 4091 2875 4130 an
2909 4077 3219 4133 Vincentius
3248 4079 3431 4134 Victor
3469 4080 3721 4138 adversus

2145 4177 2305 4233 quem
2334 4163 2402 4218 de
2441 4165 2660 4234 Origine
2687 4166 2892 4221 anima:
2933 4168 3150 4238 scripsit
3188 4168 3539 4238 Augustinus,
3587 4171 3720 4226 haud

2150 4257 2282 4311 satis
2305 4257 2483 4321 novit;
2512 4256 2842 4314 Lirinensem
2866 4261 3006 4314 enim
3039 4275 3262 4330 prorsus
3291 4262 3466 4330 rejicit
3490 4280 3504 4317 :
3535 4263 3721 4318 librum

2143 4349 2243 4401 snh
2283 4349 2566 4414 Augustini
2612 4351 2832 4406 nomine
2877 4352 3166 4407 confictum
3217 4354 3419 4408 Evodio
3450 4353 3722 4410 Uzzalensi

2144 4439 2360 4503 tribuit,
2407 4455 2564 4508 quem
2611 4441 2911 4510 suspicatur
2957 4442 3138 4496 libello
3183 4458 3284 4497 suo
3332 4443 3473 4499 hunc
3513 4445 3720 4498 titulum

2144 4535 2469 4604 prmfixisse,
2521 4534 2790 4604 Expositio
2843 4536 3089 4590 doctrinm
3135 4537 3440 4608 Augustini,
3494 4537 3722 4607 indeque

2141 4639 2238 4693 pro
2267 4625 2435 4693 ipsius
2467 4627 2748 4694 Augustini
2778 4625 2890 4682 fetu
2933 4626 3168 4681 habitum
3197 4643 3349 4693 esse;
3384 4643 3570 4682 verum
3603 4644 3720 4696 quae

2138 4715 2206 4769 de
2237 4725 2344 4770 tota
2378 4717 2475 4770 hac
2517 4732 2576 4769 re
2623 4717 2783 4771 habet
2818 4717 3196 4784 Piccinardus,
3237 4718 3372 4773 adeo
3417 4719 3642 4772 incertis
3669 4728 3721 4774 et

2141 4808 2344 4860 levibus
2379 4811 2620 4859 nituntur
2666 4807 3012 4875 coniecturis,
3047 4818 3105 4862 ut
3153 4823 3348 4874 paucos
3396 4809 3628 4863 fortasse
3671 4808 3720 4860 in

2135 4901 2456 4953 sententiam
2483 4912 2634 4953 suam
2668 4908 3026 4966 pertracturus
3046 4901 3132 4953 sit.
3165 4900 3344 4969 Longe
3385 4882 3578 4968 potiori
3603 4899 3720 4968 jure

2136 4990 2400 5044 tribuendi
2432 4989 2679 5045 videntur
2706 4989 2967 5045 Primasio
2995 4992 3374 5060 nostro,idque
3399 4990 3502 5045 fide
3524 4991 3718 5045 vetusti

2134 5084 2333 5138 codicis
2377 5100 2478 5138 nis.
2511 5093 2634 5138 ante
2679 5098 2850 5139 annos
2895 5086 3232 5153 octingentos
3271 5085 3516 5147 exarati,
3557 5099 3715 5153 quem

2136 5172 2189 5228 in
2230 5173 2547 5228 bibliorheca
2588 5173 3017 5243 Augiensi-vidit
3060 5175 3130 5227 cl.
3164 5175 3506 5229 Mabillonius
3546 5172 3710 5242 (Itin.

2131 5263 2398 5329 Genuam,
2426 5281 2480 5334 p.
2514 5265 2616 5330 85;
2648 5265 2888 5318 Analect.
2921 5274 3042 5317 tom.
3090 5264 3204 5332 IV),
3250 5267 3303 5319 in
3347 5281 3455 5334 quo
3499 5279 3715 5333 comps-

2052 5364 2105 5424 1)
2132 5359 2235 5410 ruit
2263 5358 2348 5412 hic
2375 5358 2582 5422 titulus,
2614 5357 2848 5412 dilutiori
2880 5359 3093 5427 quidem
3122 5368 3423 5413 atramento
3449 5360 3704 5426 scriptus,

2131 5449 2224 5503 sed
2271 5451 2484 5519 antiqua
2534 5465 2728 5516 manu,
2779 5450 2920 5517 Opus
2941 5451 3103 5504 sancti
3153 5449 3416 5518 Primasii,
3468 5451 3712 5520 discipuli

2131 5541 2433 5609 Augustini,
2477 5541 2541 5594 de
2579 5538 2874 5594 eresibus
2915 5555 3127 5593 numero
3165 5539 3281 5594 XC.
3322 5539 3481 5594 Certe
3526 5549 3712 5594 auctor

2129 5646 2231 5684 non
2259 5646 2363 5684 uno
2393 5632 2443 5686 in
2477 5631 2595 5686 loco
2623 5646 2682 5686 se
2709 5632 2897 5686 Afrum
2932 5647 3053 5687 esse
3079 5633 3304 5688 innuere
3333 5632 3572 5697 videtur;
3607 5633 3704 5687 sed

2131 5732 2184 5776 ut
2212 5723 2352 5788 quod
2381 5723 2628 5789 suspicor
2655 5721 2821 5776 libere
2849 5722 3114 5791 proferam
3133 5763 3148 5786 ,
3173 5724 3414 5794 quisquis
3445 5724 3586 5778 hanc
3611 5737 3710 5776 no—

2129 5813 2288 5866 tulam
2337 5812 2509 5867 codici
2557 5813 2808 5882 Augiensi
2839 5814 3102 5884 apposuit,
3156 5816 3334 5871 forsan
3387 5816 3708 5871 allucinatol
