4004 6354
211 359 322 416 409

1582 368 2103 427 PROLEGUMENA.

3363 381 3469 434 410

208 456 316 519 sit,
360 462 412 509 et
450 470 570 510 cum
601 459 740 528 apud
782 458 1042 514 lsidorum
1088 460 1288 530 legerat
1317 458 1632 515 Primasium
1679 472 1787 514 tres
1816 467 1867 523 Α
1894 471 2096 516 etut-em
2141 463 2409 519 hominem
2453 464 2616 520 fuisse
2662 464 3002 536 Pelagianum
3045 484 3076 523 c
3115 469 3350 534 ntendit,
3385 473 3469 526 ei-

205 545 283 599 de
321 547 620 603 ll:eresihus
655 551 817 605 libros
859 552 1159 618 scripsisse,
1193 550 1397 619 hosque
1439 559 1550 605 tres
1581 564 1787 621 anony-

203 653 330 692 rnos
374 653 683 709 repererat,
725 658 846 697 mox
881 643 1125 697 Primasii
1154 657 1349 698 nomen
1395 641 1606 696 indidit.
1635 643 1786 698 Adde

202 734 502 802 quodcum
534 747 724 790 auctor
764 747 946 792 noster
986 738 1186 791 nullam
1232 737 1342 791 fere
1388 735 1634 790 haeresim
1677 734 1782 789 Ne-

202 824 449 877 storiana
489 826 841 881 recentiorem
872 827 1217 892 memoravit,
1261 827 1552 881 Primasius
1579 835 1655 881 tot
1683 841 1782 880 ex-

199 915 335 970 inde
358 927 508 972 natas
529 928 582 972 et
603 918 878 974 damnatas
906 920 1137 974 haereses
1163 918 1300 973 haud
1322 919 1618 972 omissuros
1643 927 1776 971 erat.

194 1004 314 1059 Sed
343 1014 505 1061 totam
540 1008 675 1062 hanc
717 1025 829 1064 rem
860 1010 1084 1064 eruditis
1108 1010 1496 1065 discutiendam
1527 1008 1780 1079 relinqui-

194 1111 343 1150 mus.
391 1097 601 1152 Primus
631 1100 726 1153 hos
756 1099 923 1155 libros
951 1115 1014 1154 ex
1042 1101 1307 1155 llincmari
1340 1102 1658 1156 Hhemensis
1687 1117 1779 1157 co-

197 1185 326 1239 dice
352 1188 546 1242 extulit
574 1189 679 1244 lac.
704 1191 1019 1246 Sirmondus
1046 1192 1212 1247 Paris.
1244 1193 1404 1258 1663,
1434 1193 1604 1257 iit—8';
1636 1207 1778 1246 anno

191 1280 442 1345 sequenti
484 1294 662 1335 acrem
689 1282 819 1336 satis
849 1283 1010 1338 totius
1047 1283 1226 1352 operis
1255 1300 1535 1339 censuram
1577 1285 1777 1339 Gallice

190 1367 370 1422 edidit
398 1369 554 1424 Joan.
595 1372 834 1428 Awratus
862 1376 1140 1445 theologus
1165 1374 1514 1438 Sorbonicus,
1546 1390 1649 1446 qua
1680 1390 1780 1429 au-

269 1588 728 1645 Christianissimo
796 1606 857 1647 ac
923 1593 1258 1662 pientissimo
1315 1593 1606 1651 Galliarum
1664 1595 1776 1666 regi

190 1679 489 1737 Francisco
530 1683 547 1736 l
594 1683 826 1739 Joannes
864 1684 1133 1755 Gagueius
1178 1687 1453 1741 Parisinus
1499 1687 1779 1756 theologus

188 1775 424 1827 Salutem
459 1775 510 1828 itt
539 1775 776 1829 lihristo.

1891 565 1994 616 que
2021 567 2250 618 errores,
2283 554 2541 622 luereses,
2571 556 2870 622 mendacia,
2902 557 3128 625 fabulas,
3163 559 3466 630 fcedamqne

1889 644 2241 712 ignorantiam
2271 648 2486 718 objicit;
2517 664 2639 703 mox
2669 664 2804 718 opus
2827 651 2878 703 in
2911 650 3190 704 llollandia
3215 667 3461 707 recusutn

1885 735 2269 792 Amstelodami
2289 784 2304 806 ,
2335 740 2385 793 ni
2417 741 2591 807 fallor,
2624 741 2785 808 1615,
2812 741 2973 808 iit-8°,
3003 741 3087 797 cui
3121 743 3314 797 Avvrari
3337 757 3466 797 cen-

1884 840 2063 881 suram
2094 827 2280 883 Latine
2307 845 2513 884 versam
2553 831 2780 899 subjecit
2823 831 2995 886 editor
3031 848 3171 886 anno
3216 833 3374 897 1677,
3406 833 3460 887 in

1885 917 2211 974 Bibliotheca
2245 921 2456 976 Patrum
2481 923 2841 993 Lugdunensi,
2864 937 2995 980 tom.
3026 925 3244 993 XXVII,
3283 926 3460 981 locum

1883 1011 2104 1066 invenit.
2162 1011 2385 1068 Demum
2435 1014 2771 1085 Seraphinus
2829 1018 3170 1073 Picciuardus
3221 1033 3288 1073 ex
3334 1019 3457 1073 ord.

1882 1103 2133 1168 Prasdic.,
2167 1103 2218 1157 in
2246 1105 2520 1158 academia
2544 1105 2792 1162 Patavina
2822 1107 3122 1177 theologus,
3148 1109 3339 1164 additis
3366 1124 3462 1163 va-

1881 1194 1976 1247 riis
2020 1194 2090 1249 de
2132 1203 2387 1260 auctore,
2434 1212 2629 1264 opere,
2675 1209 2888 1268 totaque
2935 1202 3296 1256 centroversia
3341 1201 3457 1254 dis-

1880 1286 2280 1356 sertationibus,
2323 1288 2501 1343 denuo
2530 1289 2581 1343 in
2624 1289 2796 1344 lucem
2827 1291 3047 1360 protulit
3069 1291 3251 1348 Palav.
3286 1290 3452 1359 l686,

1880 1377 2050 1433 iri-4°.

1881 1597 2190 1663 cimmeriis,
2214 1597 2613 1670 interpolandas
2640 1603 3209 1674 reconcinnandasque
3238 1619 3301 1661 ac
3337 1615 3460 1662 tan-

1881 1703 2037 1756 quam
2070 1687 2246 1742 denuo
2279 1692 2615 1761 relingendas
2656 1694 2893 1749 animum
2929 1694 3039 1764 jam
3078 1695 3285 1764 pridem
3317 1712 3448 1751 con-

1881 1778 2139 1833 vertisses
2163 1779 2328 1848 (quod
2345 1796 2445 1851 ego
2467 1782 2516 1836 in
2541 1785 2804 1852 praecipua
2833 1785 3044 1841 laudum
3072 1797 3276 1842 tuarum
3301 1798 3451 1856 parte

267 1865 367 1930 Qui
413 1868 579 1919 bonas
609 1865 815 1920 litteras
863 1881 927 1921 ac
963 1865 1277 1936 disciplinas
1299 1909 1313 1934 ,
1343 1879 1542 1938 quanto
1572 1868 1773 1936 aliquot
1807 1861 1853 1920 B
1878 1868 2057 1936 duco),
2086 1882 2191 1921 non
2224 1880 2327 1924 tua:
2355 1871 2515 1924 modo
2545 1873 2847 1939 :etatis,sed
2877 1877 3102 1944 posteris
3131 1877 3288 1931 etiam
3315 1893 3446 1933 cou-

185 1957 430 2012 antehae
471 1958 684 2012 saeculis
738 1958 793 2012 in
839 1960 1117 2028 squalore,
1164 1975 1430 2031 quamque
1479 1959 1777 2016 foedissimo

185 2046 308 2102 situ
353 2048 620 2116 jacuerint
665 2061 998 2120 compertum
1049 2052 1317 2117 habuerit,
1370 2051 1654 2107 Francisce
1684 2067 1774 2108 rex

187 2137 656 2194 tlhristianissitne
682 2180 698 2204 ,
747 2141 1031 2196 confestim
1073 2143 1332 2211 intelliget
1357 2183 1372 2206 ,
1406 2158 1511 2197 non
1545 2142 1775 2197 humana

185 2244 324 2296 ope,
356 2231 449 2285 sed
482 2233 729 2299 praesenti
757 2233 939 2304 aliquo
971 2235 1189 2288 numine
1219 2236 1487 2301 elfectum,
1525 2244 1582 2289 ut
1613 2236 1666 2288 in
1700 2237 1773 2290 is-

186 2329 307 2373 tum
339 2322 548 2376 tandem
598 2324 937 2392 splendorem
981 2340 1044 2380 ac
1072 2326 1302 2380 nitorem
1341 2341 1372 2381 e
1402 2336 1507 2380 tam
1542 2327 1774 2382 horridis

187 2412 436 2467 tenebris
481 2415 710 2470 existere
763 2418 1102 2487 emicareque
1166 2420 1456 2486 potuerint.
1509 2419 1773 2475 Diluvium

187 2504 338 2557 enim
372 2506 502 2561 illud
531 2506 796 2563 barbarici
827 2511 1218 2575 calamitosum,
1247 2512 1362 2566 sive
1388 2513 1661 2567 hominum
1693 2513 1776 2567 in-

188 2599 367 2664 cui-ia,
397 2615 494 2654 seu
537 2612 836 2670 temporum
871 2603 1065 2671 injuria
1095 2604 1400 2672 obvenerit,
1434 2621 1538 2660 non
1568 2606 1775 2662 litteras

190 2691 362 2745 modo
391 2693 532 2750 ipsas
561 2693 816 2748 meliores
842 2708 904 2748 ac
929 2694 1238 2764 disciplinas
1274 2696 1616 2766 absorpserat
1634 2738 1649 2762 ,
1678 2698 1775 2752 sed

188 2795 264 2834 ne
289 2797 392 2850 qua
429 2783 536 2838 illis
575 2784 864 2854 aliquando
886 2787 1196 2856 emergendi
1224 2802 1346 2856 spes
1383 2799 1545 2858 esset,
1578 2790 1648 2844 ita
1679 2790 1776 2846 bo-

188 2887 293 2925 nos
346 2887 534 2929 omnes
583 2875 747 2930 libros
786 2877 1044 2932 bonarum
1085 2878 1380 2934 litterarum
1409 2889 1657 2948 parentes
1697 2882 1772 2936 fe-

187 2962 554 3019 cuttdissimos
584 2966 804 3021 obrutos
854 2968 1066 3022 tenebat
1091 2983 1154 3023 ac
1192 2970 1466 3040 sepultos,
1515 2980 1571 3026 ut
1607 2972 1652 3027 si
1681 2974 1770 3043 qui

189 3051 463 3108 lituatiore
516 3055 730 3124 ingenio
757 3067 917 3125 atque
939 3059 1004 3112 ad
1029 3059 1233 3113 litteras
1262 3062 1502 3130 apprime
1533 3073 1658 3117 nato
1686 3079 1773 3118 as-

190 3144 375 3209 pirare
403 3145 466 3198 ad
498 3160 591 3200 eas
620 3150 1030 3213 contenderent,
1061 3149 1321 3204 librorutn
1349 3154 1526 3207 statim
1551 3156 1770 3221 penuria

185 3236 640 3290 excluderentur.
667 3239 830 3306 Cujus
851 3254 950 3308 ego
976 3248 1151 3295 tamen
1182 3242 1464 3296 alluvionis
1507 3252 1612 3297 tam
1644 3261 1768 3312 per-
1796 3235 1842 3296 C

192 3326 418 3379 niciosa:
446 3327 736 3396 principem
765 3342 982 3382 causam
1019 3343 1138 3386 esse
1161 3342 1310 3400 puto,
1337 3335 1477 3402 quod
1506 3336 1586 3387 sui
1616 3335 1772 3390 dees-

185 3427 317 3472 sent
345 3433 405 3470 ea
432 3428 590 3472 :etate
621 3419 812 3475 litteris
835 3435 897 3474 ac
922 3421 1223 3490 disciplinis
1244 3433 1542 3479 assertores
1568 3441 1631 3480 ac
1658 3427 1774 3481 vin-

186 3507 341 3561 dices
373 3508 637 3576 principes
682 3526 696 3565 :
738 3510 874 3566 adeo
911 3512 1040 3568 nihil
1074 3523 1179 3568 tam
1225 3528 1407 3570 verum
1439 3531 1596 3587 quam
1628 3519 1770 3588 quod

187 3598 279 3653 ille
311 3599 537 3667 cecinit,

315 3714 428 3763 Sint
451 3714 772 3780 Meccenates,
800 3730 890 3767 non
914 3718 1148 3786 deerunt,
1175 3721 1366 3788 Flacce,
1392 3723 1635 3776 Marones.

189 3815 351 3872 Hunc
396 3818 710 3889 ignorantia:
751 3821 1011 3889 nimbum,
1056 3822 1192 3879 hanc
1217 3826 1283 3878 ad
1314 3833 1398 3880 tua
1439 3842 1608 3898 usque
1636 3837 1769 3883 tem-

187 3925 326 3980 pora
355 3912 408 3965 in
432 3911 624 3968 Galliis
645 3913 953 3970 illuvionem
982 3931 1250 3983 manasse,
1282 3919 1588 3986 Fraueisce,
1629 3921 1773 3978 litte-

192 4019 380 4058 rarum
422 4004 618 4059 vindex
659 4019 723 4060 ac
754 4015 998 4075 patrone,
1030 4023 1188 4062 nemo
1215 4011 1428 4076 nescit,
1469 4012 1557 4081 qui
1590 4013 1771 4082 aliquo

191 4103 282 4148 est
315 4095 369 4148 in
417 4095 704 4150 censendis
754 4097 1112 4153 litteratorum
1158 4102 1500 4155 monimentis
1545 4103 1766 4170 judicio.

191 4187 402 4257 Nempe
432 4197 488 4244 ut
530 4191 784 4246 Bttdteum
824 4191 1121 4248 litterarum
1151 4194 1315 4249 decus
1342 4198 1578 4263 unicum,
1610 4209 1768 4268 atque

191 4281 400 4347 aliquot
428 4297 625 4351 paucos
654 4284 946 4354 inferioris,
980 4301 1077 4342 nec
1101 4288 1422 4356 paenitendae
1446 4299 1624 4346 tamen
1645 4308 1768 4346 eru-

190 4372 418 4427 ditionis
444 4375 591 4429 viros
620 4376 859 4428 anterior
888 4385 1017 4430 aetas
1063 4378 1264 4443 tulerit,
1295 4389 1440 4434 certe
1467 4390 1519 4435 te
1550 4393 1767 4438 auctore

187 4464 448 4518 meliores
469 4479 528 4518 se
554 4479 620 4519 ac
655 4464 924 4520 doctiores
983 4467 1175 4535 seipsis
1205 4467 1444 4534 allectos,
1493 4471 1634 4524 ultro
1664 4473 1764 4540 ipsi

192 4556 496 4609 fateantur.
528 4554 712 4622 Neque
740 4569 867 4610 vero
886 4555 1078 4610 attinet
1103 4557 1304 4624 dicere,
1335 4568 1463 4627 quot
1491 4561 1644 4615 nobis
1673 4563 1766 4616 tri-

192 4643 361 4715 plicis
387 4643 576 4712 lrnguze
605 4643 882 4698 doctorum
930 4645 1204 4700 hominum
1245 4647 1513 4716 myriadas
1561 4653 1768 4718 peperit

190 4737 396 4791 ardens
418 4745 563 4790 tuum
594 4736 721 4790 illud
747 4737 1073 4807 propagandi
1101 4738 1412 4810 philologia:
1441 4741 1650 4811 imperii
1675 4744 1769 4798 de-

191 4826 477 4892 siderium,
509 4842 573 4883 ex
597 4842 705 4898 quo
735 4828 891 4882 trium
924 4829 1219 4899 linguarum
1249 4831 1581 4900 professores
1613 4833 1766 4889 binos

201 4933 451 4977 ternosve
476 4921 618 4990 regia
671 4920 758 4974 illa
788 4929 877 4975 tua
901 4921 1190 4978 Parisiensi
1215 4923 1416 4978 scholae
1445 4925 1762 4981 munificen-

199 5013 269 5066 tia
298 5011 657 5081 suppeditavit
687 5026 705 5066 :
738 5027 858 5066 cum
887 5012 999 5082 jam
1033 5013 1193 5068 hodie
1231 5013 1440 5071 facilius
1465 5018 1631 5072 multo
1677 5029 1763 5073 at-

196 5121 301 5174 que
328 5105 629 5176 elegantius
667 5104 853 5161 Graece
897 5107 1045 5175 pueri
1090 5107 1411 5177 loquantur,
1450 5126 1605 5179 quam
1637 5112 1762 5166 olim

195 5198 381 5250 Latine
403 5210 563 5250 senes
591 5211 697 5251 non
721 5196 941 5252 indocti.
970 5197 1136 5252 l’orro
1158 5213 1487 5268 nequaquam
1515 5202 1765 5258 sufficere

196 5298 341 5340 ratus
385 5302 506 5341 cum
537 5288 853 5344 decessione
881 5289 1051 5343 aerarii
1085 5289 1160 5342 tui
1188 5289 1555 5344 accessionem
1587 5292 1764 5360 philo.
1791 5310 1793 5312 ·

199 5377 349 5445 logia:
393 5377 616 5446 imperio
663 5377 879 5443 facere,
925 5378 1275 5447 undecunque
1316 5380 1590 5434 accersitis
1617 5421 1631 5444 ,
1676 5383 1765 5451 qui

193 5467 300 5540 jogi
347 5470 523 5524 studio
544 5510 559 5535 ,
595 5471 878 5539 laboreque
916 5469 1183 5526 indefesso
1215 5480 1324 5524 tum
1355 5487 1383 5525 a
1413 5471 1762 5527 barbarorum

199 5557 591 5614 incursionibus
620 5559 764 5614 illius
795 5560 990 5614 limites
1011 5571 1283 5626 asserent,
1317 5569 1426 5614 tum
1451 5563 1610 5615 etiam
1643 5579 1767 5627 pro-

203 5650 478 5704 tendereut
505 5649 733 5719 longius,
767 5650 1055 5719 adjunxisti
1083 5651 1300 5721 insuper
1325 5667 1434 5706 rem
1465 5651 1634 5705 multo
1664 5654 1766 5705 uti-

200 5739 474 5796 lissimam.
515 5742 645 5796 Nam
677 5758 798 5797 cum
830 5744 894 5797 ad
923 5760 1109 5798 omnes
1155 5747 1373 5799 omnino
1411 5744 1763 5813 disciplinas,

202 5842 254 5888 et
289 5850 414 5889 rcro
463 5835 691 5889 maxime
736 5849 914 5890 sacras
958 5837 1192 5892 tenebris
1240 5838 1759 5909 oll‘osasplttsquatn

1798 4597 1851 4656 D

1877 1958 2075 2012 soltum
2105 1960 2316 2026 volens,
2359 1961 2500 2015 unde
2532 1961 2768 2017 lucorum
2796 1979 3014 2034 cunque.
3045 1965 3213 2020 bonos
3258 1982 3447 2023 omnes

1877 2046 2042 2102 libros
2063 2047 2382 2120 investigare
2401 2053 2640 2121 sategisti
2664 2055 2715 2107 in
2737 2054 3065 2123 exemplaria
3084 2056 3172 2127 (ne
3187 2058 3312 2127 quid
3340 2058 3454 2114 illis

1875 2135 2132 2206 deesset)
2192 2140 2590 2195 transferendos
2649 2141 2950 2198 innumera.
2994 2144 3209 2200 Memini
3267 2147 3455 2214 enim,

1875 2241 1997 2281 cum
2028 2227 2274 2284 Primasii
2308 2230 2578 2287 Uticensis
2607 2234 2662 2288 in
2692 2236 2872 2289 Africa
2900 2235 3138 2305 episc0pi
3183 2253 3457 2294 commen-

1876 2320 2043 2375 tarios
2073 2331 2128 2375 ut
2156 2324 2560 2392 antiquissimos
2583 2365 2600 2391 ,
2643 2326 2712 2380 ita
2740 2326 3089 2383 doctissimos
3108 2370 3124 2395 ,
3153 2346 3184 2384 e
3215 2332 3453 2387 tenebris

1875 2410 1981 2465 illis
2028 2412 2138 2482 (ubi
2181 2413 2319 2483 apud
2361 2414 2542 2470 divum
2581 2415 2974 2472 Theodericum
3022 2418 3337 2475 Viennensis
3367 2437 3454 2476 ar-

1875 2501 2204 2572 chiepiscopi
2236 2506 2500 2560 coloniam
2549 2522 2722 2562 annos
2769 2523 2933 2578 supra
2973 2509 3124 2564 mille
3162 2512 3451 2583 latuerant)

1875 2606 2111 2650 assertos
2142 2607 2242 2650 tua:
2257 2599 2423 2653 semel
2462 2599 2730 2669 majestati
2771 2601 2911 2656 inter
2958 2603 3328 2672 prandendum
3356 2621 3451 2659 ex-

1878 2685 2129 2754 plicarem
2175 2686 2336 2758 (sicut
2376 2691 2577 2744 nullam
2613 2706 2778 2761 prope
2809 2707 3050 2747 mensam
3085 2693 3239 2749 docta
3271 2695 3449 2766 aliqua

1875 2791 1938 2831 ac
1977 2777 2058 2846 pia
2104 2779 2187 2832 vel
2228 2779 2456 2834 lectione
2495 2781 2575 2835 vel
2615 2782 3004 2851 disceptatione
3042 2800 3230 2840 vacare
3270 2786 3447 2855 sinis),

1876 2879 2119 2949 memini,
2146 2881 2378 2950 inquam,
2394 2891 2588 2950 quanta
2615 2891 2722 2936 tum
2749 2883 2886 2946 illos,
2908 2883 3050 2940 Deus
3072 2883 3231 2950 bone,
3246 2889 3440 2955 gratia,

1874 2994 2141 3050 quamque
2167 2984 2498 3052 gratahunda
2537 2983 2713 3040 fronte
2742 3000 3055 3056 exceperts,
3083 2988 3240 3042 simul
3269 2998 3324 3043 et
3350 2990 3446 3044 ad-

1876 3073 2216 3138 lata-abundo,
2254 3074 2510 3127 hactenus
2537 3074 2817 3130 delituisse
2847 3084 2991 3130 tanta
3023 3078 3172 3146 regni
3200 3077 3446 3132 litterarii

1873 3164 2118 3229 jactura,
2162 3163 2442 3218 thesauros
2483 3176 2588 3218 tam
2629 3180 2778 3218 raros
2821 3177 2982 3235 atque
3018 3168 3305 3236 pretiosos.
3351 3167 3450 3221 llic

1874 3270 1975 3323 ego
1999 3255 2397 3310 sanctissimum
2430 3269 2574 3308 tuum
2601 3257 2923 3323 institutum,
2955 3273 3017 3312 ac
3047 3259 3206 3328 plane
3243 3259 3444 3329 regiam

1872 3354 2198 3408 voluntatem
2229 3353 2583 3423 qualicunque
2631 3369 2746 3408 mea
2779 3371 2937 3423 opera
2967 3356 3267 3423 adjuturos,
3317 3371 3440 3411 cum

1873 3447 2113 3502 dicerem
2143 3446 2384 3516 ejusdem
2429 3456 2479 3502 te
2509 3448 2752 3502 materiei
2783 3448 2944 3502 silvas
2974 3448 3172 3504 habere
3201 3449 3254 3504 in
3281 3463 3449 3518 regno

1877 3547 1970 3592 tuo
2023 3539 2483 3610 quamplurimas,
2524 3540 2617 3594 sed
2659 3541 3004 3595 barbararum
3037 3541 3241 3610 aliquot
3270 3542 3446 3596 natio-

1873 3646 2000 3685 num
2025 3631 2265 3686 custodia
2290 3631 2614 3699 inaccessas,
2643 3634 2905 3688 obstinate
2931 3634 3178 3690 librarias
3197 3649 3322 3690 suas
3351 3650 3445 3691 oc-

1875 3722 2218 3779 cludentibns
2255 3725 2542 3781 ctenobitis
2580 3726 2801 3796 aliquot,
2848 3725 3163 3797 illarumque
3201 3730 3445 3798 ingressu

1874 3815 1975 3872 sibi
2014 3831 2078 3872 ac
2109 3817 2319 3872 exteris
2348 3827 2599 3887 tanquam
2645 3819 2822 3875 Vestae.
2862 3819 3036 3890 adytis
3079 3817 3447 3875 interdicenti-

1873 3908 2006 3962 bus:
2035 3917 2090 3964 te
2119 3909 2298 3964 statim
2327 3910 2457 3966 mihi
2488 3912 2627 3966 viam
2655 3911 2918 3966 facturum
2949 3910 3226 3980 pollicitus
3252 3927 3332 3981 es,
3359 3911 3445 3966 vel

1874 3999 1919 4052 si
1945 3999 2106 4070 (quod
2130 4001 2198 4055 de
2221 4001 2392 4055 hortis
2418 4002 2772 4071 Hesperidum
2795 4001 3122 4073 fabulantur)
3148 4002 3443 4056 draconum

1877 4090 2150 4156 vigilantia
2181 4090 2603 4147 observarentur
2629 4092 2743 4163 jugi
2771 4106 2834 4148 ac
2861 4102 3136 4162 perpetua.
3163 4091 3330 4160 llujos
3348 4107 3450 4162 ego

1874 4189 1985 4236 tam
2016 4182 2246 4250 egregia:
2284 4183 2589 4251 sponsionis
2615 4191 2720 4236 tute
2763 4194 2988 4250 accepto
3039 4183 3093 4236 in
3143 4182 3332 4249 pignus
3370 4182 3452 4233 di-

1875 4272 2110 4341 plomate
2149 4273 2401 4341 publico,
2435 4289 2542 4342 quo
2582 4277 2863 4327 universas
2910 4272 3040 4326 mihi
3077 4283 3262 4337 patere
3299 4269 3448 4336 regni

1876 4362 1950 4414 tui
1978 4361 2225 4415 librarias
2249 4361 2494 4429 juberes,
2537 4373 2701 4427 atque
2741 4361 2865 4416 inde
2893 4366 3154 4427 quotquot
3181 4372 3213 4411 e
3238 4372 3298 4411 re
3325 4357 3452 4424 phi-

1875 4451 2091 4518 lologiae
2125 4450 2440 4504 viderentur
2470 4451 2821 4515 monimenta,
2845 4447 3181 4503 describendi
3214 4456 3448 4515 potesta-

1875 4549 1982 4594 tt-m
2014 4540 2240 4606 faceres,
2263 4543 2400 4608 coepi
2432 4541 2671 4596 omnium
2701 4540 3067 4596 ctenobiorum
3102 4555 3221 4609 qua:
3251 4539 3352 4594 iter
3392 4538 3444 4593 in

1875 4633 2129 4686 comitatu
2155 4642 2244 4686 tuo
2274 4633 2482 4688 facienti
2514 4640 2882 4695 occurrerunt,
2914 4629 3158 4683 librarias
3190 4643 3440 4685 verrere:

1876 4723 2016 4779 unde
2042 4738 2162 4777 cum
2193 4731 2407 4778 centum
2460 4739 2627 4792 prope
2659 4736 2764 4776 non
2806 4721 3079 4777 inferioris
3123 4731 3263 4776 notas
3292 4721 3445 4776 volu-

1873 4818 2018 4872 mina
2052 4833 2081 4870 e
2114 4816 2351 4871 tenebris
2391 4817 2772 4880 vindicassem,
2806 4816 2860 4870 ni
2893 4824 2979 4869 tua
3021 4814 3234 4868 tandem
3263 4824 3451 4869 aucto-

1873 4912 2003 4963 ritas
2025 4908 2438 4969 intercessisset,
2462 4905 2732 4976 perpetuis
2760 4907 2890 4971 illis,
2915 4901 3119 4960 facinus
3146 4905 3442 4973 concepisti

1872 5001 2016 5054 tmlla
2049 5014 2281 5067 unquam
2336 4999 2613 5053 hominum
2653 4998 2908 5053 memoria
2938 4995 3187 5059 delebile,
3214 5010 3450 5063 vereque

1877 5092 2028 5160 regio
2074 5100 2236 5160 atque
2275 5091 2508 5144 humano
2562 5089 2802 5160 principe
2849 5086 3219 5156 dignissimum
3270 5102 3286 5140 ;
3337 5099 3444 5154 quo

1873 5191 2217 5247 Ptoletnteum
2244 5190 2390 5244 illum
2411 5188 2814 5258 Philadelphum
2828 5185 3200 5256 Egyptiorum
3231 5197 3439 5252 regem,

1874 5307 1979 5345 non
2009 5291 2231 5361 :equasti
2282 5293 2443 5346 modo
2469 5331 2484 5357 ,
2519 5291 2610 5346 sed
2651 5291 2834 5344 multis
2871 5289 3092 5343 omnino
3135 5285 3444 5355 paraaangis

1873 5382 2210 5438 antevertisti
2238 5399 2253 5437 :
2282 5383 2391 5436 imo
2431 5383 2475 5436 si
2507 5384 2754 5451 proxime
2782 5395 2968 5434 verum
2998 5377 3142 5448 loqui
3167 5375 3437 5440 volumus,

1873 5473 1992 5539 ejus
2031 5472 2187 5540 plane
2241 5473 2531 5526 luminibus
2580 5469 2939 5534 obstruxisti,
2983 5483 3047 5522 ac
3085 5469 3271 5538 gloriae
3309 5467 3443 5522 nulli

1874 5581 1983 5619 non
2015 5574 2280 5628 veterum,
2312 5573 2370 5618 ut
2402 5564 2528 5618 tnihi
2576 5565 2789 5632 quidem
2819 5561 3066 5626 videtur,
3095 5576 3254 5630 supra
3283 5575 3443 5630 quam

1869 5671 1964 5726 par
1996 5667 2134 5723 erat,
2161 5656 2572 5712 commendata.
2607 5656 2926 5710 l’lolemmus
2957 5655 3098 5709 enim
3127 5653 3252 5707 dum
3299 5653 3439 5708 unde

1874 5750 2116 5802 locorum
2163 5764 2374 5817 cunque
2402 5762 2521 5814 qua:
2554 5747 2642 5801 itis
2673 5745 3026 5800 voluminibus
3069 5746 3332 5815 insignem
3370 5758 3436 5800 ac

1867 5843 2179 5908 stupendam
2204 5842 2478 5897 .librariatn
2510 5856 2539 5894 c
2561 5840 2748 5911 ingerit
2777 5841 2916 5911 (quae
2940 5848 3145 5897 tantum
3178 5839 3252 5896 illi
3285 5837 3424 5908 apud
