4004 6354
517 312 614 366 ιιι

1614 306 1774 361 Plini
1792 302 1970 359 \SIES
2009 301 2525 358 ADRUMETANUS
2562 302 2774 360 EPISC.

3676 308 3809 362 εις

517 428 761 497 αηιηιισς
794 428 998 496 [tepor]
1056 426 1345 497 nominis).
1385 426 1632 494 quidnam
1686 423 1887 491 judicio
1919 423 2093 477 cuivis
2198 418 2460 472 solenteut
2484 460 2499 480 ,
2529 418 2621 471 sed
2644 459 2657 481 ,
2705 420 2751 472 si
2803 433 2986 471 verum
3017 433 3280 488 auguror.
3309 419 3403 475 [ibi
3430 418 3665 474 futuram
3716 425 3795 474 οὺ

518 538 621 576 non
654 533 985 591 pra‘pustcro
1024 521 1075 574 itt
1125 520 1386 587 publicum
1435 517 1763 585 promovisse
1798 516 1965 595 videri
1999 531 2093 581 po-

516 620 646 677 test,
671 612 774 667 nisi
797 612 937 679 quod
960 625 1173 678 sparsos
1200 626 1264 678 pa
1297 609 1396 662 sint
1423 609 1593 661 bonos
1622 624 1683 660 ac
1711 610 1897 661 doctos
1927 606 2092 661 libros

519 704 571 759 in
600 720 759 760 unam
792 705 956 760 semel
1002 704 1177 771 coegit
1218 702 1594 767 bibliothecam
1643 699 1872 754 flammis
1924 699 2123 763 devo-.

519 796 763 850 randus?
791 796 941 862 Quod
972 810 1071 863 ego
1098 809 1225 847 sane
1269 793 1414 847 credi
1455 792 1679 857 nollem,
1722 791 1824 844 nisi
1856 789 2094 844 veritatis

520 889 777 957 ntagistcr
822 900 1029 955 tempus
1061 887 1219 939 fidem
1271 886 1467 939 faceret
1507 886 1692 954 (alque
1742 883 1942 937 utinam
1987 896 2091 935 non

522 979 751 1050 faceret)
777 988 883 1033 tam
914 978 1137 1032 infelicis
1165 976 1342 1032 eventi
1377 975 1755 1030 certissimam.
1782 974 1923 1040 Quot
1950 989 2017 1027 en
2041 989 2092 1027 ιιι

524 1070 703 1136 hodie,
752 1070 996 1135 obsecro,
1032 1078 1294 1137 superant
1331 1082 1363 1121 e
1400 1075 1473 1120 tot
1514 1064 1774 1119 librorum
1816 1064 2094 1131 millibus,

521 1178 637 1230 qua:
665 1177 767 1215 una
796 1161 966 1216 semel
997 1162 1111 1215 lues
1139 1159 1351 1230 publico
1390 1157 1630 1211 omnium
1662 1158 1804 1210 malo
1831 1154 2096 1210 abstulit?
2124 1212 2125 1215 η

521 1252 669 1318 Quod
697 1254 740 1305 si
772 1268 886 1307 rem
908 1252 1206 1320 aliquorum
1232 1250 1486 1320 Opinione
1511 1251 1729 1305 molitus
1751 1249 1840 1303 ille
1865 1262 1987 1302 esse
2012 1247 2092 1300 vi-

520 1345 735 1399 debitur
758 1361 862 1401 non
891 1346 1114 1411 malam,
1146 1359 1376 1413 eamque
1407 1358 1511 1397 non
1542 1344 1761 1397 sinistre
1784 1350 2094 1409 conceptam

517 1437 813 1491 obscurare
855 1439 1042 1506 nequit
1090 1446 1314 1493 eventus
1370 1451 1467 1490 nec
1513 1437 1763 1504 opinatus
1818 1434 1993 1503 hunc,
2039 1440 2093 1485 ttt

520 1526 825 1591 Frattcisce,
862 1529 1159 1583 litterarum
1203 1530 1468 1585 Mecoanas
1506 1545 1571 1584 ac
1611 1541 1869 1598 patrone,
1901 1527 2001 1580 hac
2042 1525 2095 1579 in

521 1628 693 1688 parte,
721 1635 785 1673 tte
811 1619 934 1688 quid
959 1619 1184 1688 amplius
1208 1620 1404 1684 dicam,
1433 1635 1579 1688 atque
1596 1660 1610 1685 ,
1629 1630 1735 1671 tum
1756 1613 2098 1686 prudentiore

522 1707 744 1763 consilio
772 1709 1035 1777 superasd
1066 1710 1231 1762 multo
1261 1724 1323 1763 ac
1356 1708 1767 1778 providentiore.
1795 1706 1910 1760 Non
1947 1706 2092 1758 enim

2195 511 2491 578 argumenti
2521 510 2829 578 dignitatem
2873 512 3194 566 sanetissimi
3225 520 3280 565 et
3311 512 3618 581 graviss'mi
3677 529 3793 565 non

2196 599 2479 669 ingratam.
2528 601 2656 653 Nam
2712 601 2938 668 ingenue
3010 599 3180 654 fateor
3230 602 3433 655 nullum
3479 617 3569 656 me
3611 602 3669 655 in
3718 617 3797 654 eo

2194 706 2356 759 opere
2386 693 2653 746 sermonis
2695 692 2974 745 affectasse
3009 692 3237 747 nitorem
3265 734 3279 756 ,
3324 692 3663 747 satisfactum
3720 694 3789 746 iri

2198 782 2463 851 majestati
2517 791 2617 834 tute
2649 778 2793 836 ratus
2823 783 3207 837 sententiarum
3250 782 3487 853 pondere
3532 783 3700 836 simul
3735 792 3799 835 et

2194 874 2476 941 gravitate,
2502 888 2565 928 ac
2590 888 2683 942 pro
2706 883 2984 942 comperto
3017 875 3220 929 habens
3244 876 3445 944 regium
3474 874 3601 928 illud
3622 884 3798 950 tuum;

2189 963 2472 1033 judicium,
2501 973 2557 1017 ut
2594 979 2861 1018 summum
2910 973 3022 1030 est,
3057 965 3127 1018 ita
3170 981 3276 1017 non
3304 965 3402 1017 nisi
3448 965 3680 1017 summis
3732 974 3793 1017 et.

2195 1054 2374 1108 arduis
2422 1055 2721 1121 delectari,
2764 1054 2997 1122 qualium
3044 1070 3145 1124 ego
3182 1071 3357 1109 rerum
3400 1056 3620 1123 plenum
3658 1069 3790 1109 esse

2195 1143 2428 1198 sciebam
2461 1144 2777 1197 Primasium
2832 1161 2846 1197 :
2887 1153 2941 1197 tu
2970 1160 3181 1214 quoque
3235 1158 3338 1198 una
3384 1157 3437 1198 et
3479 1146 3651 1198 altera
3704 1145 3792 1198 leo

2194 1233 2370 1288 ctione
2401 1249 2505 1287 non
2538 1233 2671 1287 falso
2715 1248 3075 1301 prasenseras
3103 1275 3118 1299 ,
3155 1250 3217 1289 ac
3265 1235 3481 1290 demum
3520 1236 3651 1289 dum
3687 1246 3707 1287 t
3734 1236 3786 1289 bi

2194 1340 2317 1378 eum
2359 1335 2568 1379 vertere
2596 1340 2787 1394 pergo,
2818 1328 3080 1395 agnovisti
3110 1328 3329 1383 certius.
3363 1327 3651 1380 Enimvero
3686 1328 3791 1381 hu-

2192 1412 2280 1483 jus
2305 1429 2404 1480 ego
2436 1414 2719 1469 lectionem
2744 1416 3003 1481 auctoris,
3034 1416 3133 1470 etsi
3154 1417 3509 1484 gratissimam
3542 1417 3635 1471 tibi
3664 1416 3793 1472 fore

2195 1507 2429 1561 sciebam
2450 1549 2465 1571 ,
2524 1510 2746 1575 principi
2779 1526 2955 1563 rerum
2997 1510 3251 1564 bonarum
3286 1512 3697 1575 sitientissitno,
3731 1512 3797 1564 id:

2197 1608 2372 1653 tamen
2400 1599 2452 1653 in
2483 1600 2885 1654 admirationem
2910 1618 2995 1657 me
3031 1603 3189 1656 vertit
3213 1619 3277 1657 ac
3309 1612 3607 1673 stuporem,
3634 1605 3781 1673 quod

2195 1704 2316 1744 cum
2341 1690 2452 1744 fere
2472 1693 2554 1758 (ut
2575 1700 2696 1745 sunt
2720 1708 2806 1747 res
2835 1692 3137 1747 mortalium
3169 1694 3424 1748 tuentium
3454 1695 3791 1764 primigenia

526 1798 742 1852 nescius
766 1813 871 1868 quo
902 1800 951 1852 in
979 1807 1121 1853 ειειυ
1147 1813 1235 1854 ,σεε
1262 1799 1371 1853 sim
1397 1798 1721 1865 mortalium,
1745 1810 1904 1866 porro
1933 1795 2093 1852 etiam
2125 1778 2172 1838 Β
2201 1782 2290 1836 illa
2334 1784 2529 1838 veteris
2558 1784 2748 1839 Adami
2792 1801 2927 1839 noxa
2974 1786 3409 1855 depravatarutn)
3463 1787 3513 1840 in
3569 1802 3780 1839 summa

524 1897 859 1958 compertum
894 1890 1132 1956 habens,
1178 1906 1336 1960 quam
1386 1891 1638 1961 praeclara
1683 1887 1906 1943 aediﬁcia
1935 1902 2096 1957 quam

522 1981 728 2035 subitus
750 1982 883 2050 ignis
900 1983 1177 2048 everterit,
1203 1983 1255 2036 in
1282 1982 1518 2035 animum
1543 1979 1798 2036 indttxisti
1822 1994 1926 2034 non
1950 1980 2096 2050 prius

522 2084 755 2127 veterum
781 2074 1033 2128 librorum
1063 2074 1169 2128 bibl
1195 2076 1439 2128 ethecatn
1459 2082 1688 2138 struere,
1710 2088 1868 2143 quam
1887 2072 1938 2127 in
1955 2087 2099 2127 com-

521 2178 683 2216 mune
713 2162 1009 2232 pltiloi0gizc
1036 2164 1232 2217 bonum
1265 2180 1296 2219 e
1327 2164 1473 2232 prelo
1496 2163 1569 2219 illi
1594 2164 1804 2218 exirent
1836 2165 1885 2217 in
1910 2178 2094 2217 exem-

520 2252 686 2322 plaria
718 2269 875 2324 quam
905 2254 1321 2323 castigatissimi.
1352 2253 1514 2323 Cujus
1537 2270 1635 2323 ego
1665 2255 1741 2308 rei
1771 2270 1864 2322 per
1891 2263 1939 2308 te
1968 2252 2097 2306 mihi

520 2346 837 2397 demandata
870 2344 1176 2413 provincia,
1218 2360 1337 2398 cum
1380 2345 1579 2398 multos
1622 2342 1872 2397 haberem
1922 2342 2098 2396 homi-

525 2452 651 2488 num
695 2447 961 2490 couventu
988 2452 1049 2490 ac
1069 2446 1357 2507 conspectu
1380 2437 1731 2491 litteratorum
1754 2435 2101 2507 dignissimos

522 2524 728 2592 libros,
783 2526 850 2579 ab
895 2543 961 2581 eo
1010 2528 1390 2595 auspicandum
1444 2527 1613 2594 duxi,
1654 2544 1813 2598 quem
1860 2544 1960 2598 ego
2007 2529 2097 2583 tibi

523 2613 721 2668 dudum
748 2616 963 2684 probari
985 2633 1207 2672 censura
1240 2618 1475 2673 sciebam
1505 2634 1610 2674 non
1637 2617 1836 2690 iniqua,
1868 2636 1930 2674 ac
1955 2622 2097 2676 docti

525 2718 712 2760 omnes
743 2722 920 2762 rerum
952 2720 1193 2765 amantes
1222 2710 1519 2765 divinarum
1552 2712 1847 2782 amplexuri
1880 2713 1989 2767 sint
2020 2713 2100 2766 lti-

525 2796 855 2850 beutissitne.
903 2797 949 2853 ls
986 2808 1069 2853 est
1098 2799 1344 2854 Primasii
1383 2799 1645 2857 Uticensis
1690 2802 1741 2856 in
1774 2803 1950 2857 Africa
1984 2805 2100 2874 epi-

521 2887 669 2954 seopi
700 2893 1113 2945 commentarius
1146 2890 1211 2960 (si
1257 2905 1363 2961 quo
1400 2907 1614 2962 possunt
1646 2908 1765 2948 esse
1794 2893 1895 2949 hac
1937 2895 1989 2949 in
2040 2911 2099 2950 re

521 2978 743 3050 illdlClO)
792 2983 1027 3037 omnium
1074 2998 1209 3053 quos
1254 2986 1509 3040 hactenus
1558 2984 1664 3039 vidi
1712 2986 2096 3053 doctissimus,

524 3068 831 3124 Craacorum
860 3072 1005 3140 juxta
1029 3088 1091 3127 ac
1113 3072 1444 3128 Latinorum.
1473 3074 1566 3128 Est
1593 3074 1735 3128 enim
1762 3076 1812 3129 in
1837 3075 1967 3129 locis
1990 3092 2094 3130 non

2200 1877 2615 1945 periclitantium
2639 1894 2819 1933 rerum
2842 1879 3146 1934 consultum
3174 1879 3278 1933 illis
3302 1879 3532 1933 humano
3553 1881 3784 1934 consilio

2201 1968 2377 2036 potius
2405 1969 2572 2037 imus,
2605 1984 2762 2038 quam
2791 1983 3015 2038 superos
3046 1980 3345 2038 precatum,
3373 1985 3662 2039 sacrasque
3693 1971 3780 2024 lit-

2202 2070 2343 2113 teras
2391 2059 2776 2113 consolationis
2808 2060 2892 2128 (ut
2920 2059 3115 2114 Paulus
3150 2059 3247 2126 ait)
3281 2060 3452 2114 fantes
3479 2061 3581 2113 ube
3614 2062 3791 2114 ritnos

2198 2150 2538 2215 consultum,
2586 2159 2641 2204 tu
2689 2162 2864 2205 tamen
2905 2159 2984 2205 tot
3014 2162 3227 2219 tantque
3269 2152 3477 2208 iufe5tis
3518 2154 3784 2207 bellorum

2203 2242 2587 2304 avocamentis,
2612 2251 2688 2295 tot
2716 2242 2960 2310 ancipitis
2992 2252 3203 2312 tamque
3224 2246 3383 2297 varia:
3409 2246 3634 2299 fortunr
3665 2246 3781 2299 col-

2202 2330 2584 2385 luctationibus
2623 2333 2689 2385 ab
2730 2336 3001 2399 auspicata
3048 2336 3213 2389 setnel
3260 2335 3504 2390 Primasii
3554 2337 3785 2391 lecticue

2201 2422 2378 2475 diduci
2409 2422 2715 2491 nequiveris
2747 2437 2762 2474 :
2806 2437 2963 2491 quem
3000 2423 3209 2478 interim
3237 2424 3361 2477 dunt
3404 2426 3494 2478 uni
3529 2427 3622 2479 tibi
3665 2442 3779 2479 ter-

2203 2514 2388 2566 uacnla
2420 2522 2600 2566 nostra
2632 2512 2937 2581 loquentem
2965 2513 3191 2578 edimus,
3217 2530 3336 2576 sua,
3360 2516 3461 2569 hoc
3490 2524 3575 2570 est
3597 2516 3778 2570 Latina

2203 2604 2507 2670 loquentem
2535 2605 2635 2658 sub
2657 2604 2758 2658 tuis
2782 2605 3059 2671 auspiciis,
3076 2615 3270 2674 tuoque
3290 2607 3506 2662 nomine
3527 2608 3789 2663 SlUleaiS-

2202 2696 2447 2749 omnibus
2468 2695 2786 2750 versandum
2805 2697 3073 2751 dedimus.
3102 2697 3268 2751 Porro
3289 2709 3468 2752 autem
3492 2715 3615 2752 cum
3639 2710 3783 2753 totus

2204 2786 2256 2838 in
2301 2787 2575 2838 elevattdis
2604 2787 2875 2840 hominum
2921 2787 3154 2849 mrritis,
3188 2789 3397 2858 ﬁdeque
3438 2798 3643 2844 tantum
3687 2808 3781 2847 ex-

2204 2880 2435 2933 to'lenda
2466 2880 2709 2932 videatur
2734 2894 2853 2934 esse
2881 2878 3191 2945 Primasius,
3222 2897 3289 2934 tte
3319 2898 3418 2949 qua
3450 2885 3572 2936 inde
3604 2885 3653 2936 itt
3686 2900 3775 2936 ve-

2203 2976 2395 3023 terem.
2421 2971 2661 3037 tquejam
2677 2970 2803 3023 oliui
2826 2970 2893 3023 ab
2911 2971 3249 3027 adolescente
3270 2972 3507 3027 ECt‘lcSla
3522 2987 3786 3043 emptam,

2204 3077 2347 3117 nunc
2371 3077 2497 3114 Vero
2521 3073 2699 3115 nostra
2725 3075 2880 3118 aztate
2901 3073 3159 3117 resartatn
3186 3065 3430 3119 lta‘resim
3463 3067 3773 3135 prttl..bcttdi

522 3162 853 3219 difficillimis
873 3204 888 3229 ,
920 3174 1024 3219 tam
1059 3166 1282 3221 facunda
1321 3166 1582 3222 brevitate
1613 3167 1682 3221 ita
1714 3168 2010 3237 gratiosus,
2042 3178 2099 3222 ut,
2126 3140 2174 3204 ο
2204 3167 2446 3214 sumatur
2466 3159 2700 3223 occasio,
2726 3161 3069 3226 repetendum
3087 3161 3212 3214 duxi
3238 3162 3395 3229 paulo
3417 3162 3581 3216 altius
3597 3162 3777 3232 ejusce

519 3252 571 3307 in
602 3255 667 3308 iis
704 3271 823 3324 qua:
852 3256 922 3310 ob
950 3272 1213 3311 summam
1253 3258 1551 3328 argumenti
1577 3257 1943 3315 difficultatem
1973 3273 2097 3328 pro-

520 3345 626 3400 lixe
658 3350 839 3401 caeteri
871 3360 1195 3414 tractarunt,
1223 3350 1443 3404 ntiuime
1468 3350 1536 3405 sit
1562 3350 1888 3406 fastidiosus.
1933 3349 2098 3406 Addit

520 3453 682 3505 porro
711 3442 915 3495 auctori
956 3443 1180 3512 gratiam
1222 3443 1385 3511 (quod
1416 3457 1515 3512 ego
1543 3452 1596 3497 te
1640 3445 1957 3513 plerumque
1988 3461 2093 3500 non

520 3530 638 3584 sine
662 3530 862 3599 judicio
891 3531 1156 3586 dicentem
1181 3533 1384 3600 audivi)
1410 3534 1581 3603 stylus
1607 3534 1779 3588 dulcis
1803 3549 1865 3588 ac
1892 3544 2095 3602 tempe-

517 3629 690 3684 ratus,
721 3630 777 3673 et
808 3620 945 3672 inter
974 3620 1323 3688 paiapltrasiu
1353 3629 1514 3688 atque
1543 3620 1813 3676 homiliam
1842 3624 2051 3677 medius
2076 3640 2091 3676 :

518 3708 675 3776 cujus
709 3718 762 3760 tu
803 3709 971 3761 semel
1004 3709 1195 3762 olfacta
1233 3711 1493 3764 suavitate
1520 3720 1707 3776 captus
1749 3712 2107 3767 vernaculam”

519 3804 626 3849 tant
667 3797 866 3864 egregii
901 3797 1020 3851 libri
1066 3799 1367 3853 versionem
1407 3800 1677 3869 imperasti
1717 3801 1916 3857 homini
1961 3803 2093 3859 mihi

517 3887 582 3939 ad
614 3901 732 3940 eam
765 3902 878 3941 rent
911 3903 1012 3941 non
1050 3890 1180 3944 satis
1209 3891 1432 3955 idoneo,
1461 3894 1656 3963 quippe
1686 3896 1775 3965 qtti
1809 3894 2090 3950 facundum

516 3977 642 4032 illud
662 3978 1167 4035 vernaculediceudi
1202 3997 1367 4049 genus
1394 3998 1659 4052 nunquam
1689 3994 2074 4052 tractaverant,

514 4070 780 4123 scrutantis
810 4070 967 4124 aulici
996 4071 1163 4140 rudis,
1189 4082 1245 4128 et
1279 4084 1402 4129 ante
1430 4090 1601 4129 annos
1625 4076 1762 4131 duos
1788 4077 1923 4131 aulte
1949 4093 2088 4131 nnn-

517 4174 675 4228 quam
736 4173 1002 4216 assuctus.
1054 4163 1283 4219 Proinde
1329 4166 1486 4235 hujus
1535 4183 1634 4237 ego
1678 4185 1811 4223 mete
1841 4169 2086 4225 ruditatis

515 4253 801 4318 conscius,
851 4254 1131 4323 imperium
1172 4266 1319 4310 tuum
1369 4258 1490 4313 ficta
1528 4261 1703 4328 aliqua
1743 4263 2086 4318 excusatione

512 4344 897 4400 detrectassem
950 4346 1165 4410 lubens,
1219 4346 1321 4402 nisi
1366 4349 1477 4419 jam
1510 4350 1714 4419 pridem
1766 4353 1962 4421 ingenii
2010 4354 2087 4409 tui

454 4508 455 4511 η
508 4436 796 4490 candorem
850 4452 1062 4491 nossem
1116 4449 1170 4493 et
1222 4438 1568 4510 facilitatem,
1620 4445 1883 4512 simulque
1935 4446 2086 4503 nefas

2200 3250 2278 3305 rei
2334 3261 2730 3320 argumentum.
2784 3250 2894 3305 Sub
2926 3251 3231 3322 llieronymi
3275 3261 3328 3306 et
3358 3253 3669 3321 Augustini,
3716 3268 3783 3306 ac

2197 3344 2419 3416 proinde
2444 3343 2601 3411 hujus
2632 3341 2705 3395 tui
2732 3342 2974 3396 Primasii
3001 3343 3097 3412 (ita
3126 3344 3264 3396 enim
3291 3342 3480 3398 lubens
3506 3345 3781 3413 appellare

2195 3439 2367 3506 so'es)
2400 3447 2666 3507 tempora,
2701 3436 2819 3490 duae
2848 3437 3236 3490 contrariarum
3269 3418 3497 3503 partium
3544 3438 3771 3492 haereses

2198 3539 2330 3584 ortze
2356 3539 2479 3581 sunt
2510 3545 2523 3581 :
2560 3527 2760 3597 Pelagii
2787 3542 2921 3592 una,
2964 3529 3129 3582 altera
3159 3528 3434 3581 Manichmi
3473 3544 3487 3581 :
3519 3527 3646 3582 dum
3688 3530 3777 3584 ille

2195 3623 2300 3675 vim
2330 3622 2741 3690 facultatemque
2766 3620 2920 3674 liberi
2949 3620 3029 3674 sic
3058 3619 3270 3673 extollit
3298 3619 3536 3683 arbitrii,
3570 3620 3765 3673 nulhnn

2194 3722 2254 3765 ut
2286 3709 2379 3765 Dei
2410 3711 2594 3780 gratia:
2617 3710 2790 3765 locum
2827 3710 2986 3764 faciat
3011 3710 3300 3779 reliquum;
3348 3710 3449 3764 iste
3488 3724 3620 3765 vero
3646 3712 3764 3764 dunt

2195 3812 2363 3857 totum
2395 3802 2491 3857 Dei
2515 3801 2699 3870 gratia:
2745 3801 2957 3865 tribuit,
2988 3799 3193 3853 otiosos
3234 3815 3334 3854 nos
3370 3814 3494 3855 esse
3523 3800 3665 3864 vult,
3707 3814 3775 3855 ae

2193 3876 2351 3965 plane
2379 3893 2753 3957 dormitantes,
2778 3891 3017 3960 nihilque
3036 3890 3105 3946 de
3126 3899 3334 3956 nostro,
3361 3905 3429 3945 ac
3456 3905 3526 3946 ne
3544 3905 3764 3945 consen-

2193 3987 2399 4038 sionem
2450 3982 2664 4051 quidem
2709 3980 2993 4037 voluntatis
3039 3981 3201 4034 ullam
3240 3980 3353 4036 Deo
3401 3981 3767 4037 conferentes.

2192 4073 2424 4128 Proinde
2454 4074 2505 4126 in
2534 4082 2736 4126 tantum
2769 4071 3108 4124 invaluerunt
3150 4069 3201 4124 id
3228 4071 3762 4127 :etatis'diversarum

2194 4165 2422 4234 partium
2455 4174 2649 4227 sectte,
2697 4171 2751 4215 ut
2783 4169 2948 4215 totam
2980 4176 3145 4230 prope
3184 4163 3514 4231 penetrarint
3553 4179 3619 4219 ac
3653 4179 3763 4231 per-

2192 4257 2457 4311 turbariut
2484 4253 2776 4308 Ecclesiam
2811 4251 3062 4321 :quaudo
3116 4253 3163 4307 is
3216 4253 3394 4321 quise
3422 4268 3450 4306 a
3487 4253 3765 4323 Pelagiana

2191 4356 2495 4404 commento
2515 4346 2778 4402 extricare
2800 4344 3075 4409 studebat,
3111 4344 3210 4400 nisi
3235 4344 3470 4415 prudens
3490 4346 3764 4414 solersqtte

2192 4440 2446 4511 judicium
2473 4437 2771 4499 adhiberet,
2802 4436 2855 4489 itt
2879 4435 3153 4490 Manichati
3198 4451 3259 4492 se
3288 4437 3592 4493 involvebat
3622 4452 3760 4492 erra-

514 4523 786 4577 duxissem
806 4567 820 4590 ,
855 4536 959 4578 tam
989 4528 1343 4584 Christianam
1386 4541 1617 4588 mentem
1639 4577 1654 4601 ,
1686 4543 1944 4603 quatenus
1977 4535 2086 4591 Deo
2112 4527 2168 4589 D
2193 4546 2326 4588 tum.
2355 4533 2550 4586 Contra
2583 4530 2674 4599 qui
2700 4527 2975 4582 Manichaei
3006 4542 3065 4583 se
3092 4528 3353 4598 dogmatis
3385 4527 3657 4597 explicare
3676 4543 3764 4582 co-

512 4615 675 4666 daute
706 4628 941 4681 possem,
970 4631 1075 4670 non
1117 4619 1390 4688 adjuvare.
1420 4622 1558 4688 Quid
1582 4623 1725 4677 enim
1767 4634 1874 4677 tam
1916 4633 2001 4678 est
2029 4626 2081 4679 in

510 4702 690 4757 officio
741 4704 976 4775 theologi
1032 4707 1294 4777 hominis,
1347 4726 1507 4781 quant
1550 4714 1599 4766 ei
1633 4712 1861 4781 principi
1903 4727 2084 4769 sacras

509 4796 722 4860 aperire
779 4795 1022 4864 litteras,
1070 4801 1161 4866 qui
1211 4816 1425 4857 omnem
1477 4800 1528 4855 in
1556 4803 1937 4872 promovendis
1980 4804 2083 4859 illis

508 4897 669 4954 atque
693 4887 762 4941 ab
804 4902 988 4941 earum
1023 4890 1288 4945 haereticis
1323 4892 1566 4947 hostibus
1591 4893 1926 4948 vindicandis
1955 4909 2086 4964 ope-

507 4992 622 5031 ram
653 4981 901 5034 navavit?
926 4980 1061 5035 Nam
1088 4992 1212 5036 sunt
1235 4983 1449 5051 quidatn
1487 4983 1701 5052 ingenio
1733 4993 1840 5038 tam
1878 4984 2081 5042 lubrico

503 5081 669 5140 atque
693 5071 756 5125 ad
788 5087 1007 5127 omnem
1035 5075 1400 5128 doctrinarum
1441 5084 1658 5129 ventum
1682 5074 1986 5143 ﬂuctuanti,
2024 5087 2083 5134 ut

505 5164 754 5232 ignorare
783 5181 877 5221 eas
907 5167 1026 5221 illos
1055 5174 1271 5234 praestet
1299 5167 1496 5233 multo,
1537 5167 1638 5221 nisi
1675 5179 1938 5237 quatenus
1980 5184 2078 5224 cu-

506 5255 699 5324 jusque
741 5258 898 5311 saluti
947 5256 1184 5324 expedit.
1228 5257 1304 5312 Te
1333 5272 1497 5322 vero,
1534 5258 1623 5327 qui
1656 5258 1930 5328 religionis
1976 5269 2080 5316 tua:

507 5345 720 5401 invictae
751 5358 805 5401 et
830 5346 1280 5403 constantissime
1312 5348 1433 5403 fidei
1464 5358 1544 5403 tot
1579 5359 1794 5419 tamque
1824 5351 2079 5418 praeclara

501 5450 816 5509 argumenta
845 5440 1172 5510 praestitisti,
1216 5441 1337 5511 quis
1365 5454 1470 5495 non
1501 5440 1659 5510 plane
1698 5441 1765 5499 ad
1805 5454 2080 5497 sacrarunt

506 5532 805 5586 litterarum
837 5532 996 5602 adyta
1021 5532 1300 5588 admittat?
1328 5533 1507 5587 Ausus
1536 5545 1655 5587 sum
1686 5532 1866 5601 igitur,
1894 5532 2079 5601 explo-

503 5626 812 5682 ratissimus
839 5625 1051 5692 pietatis
1080 5634 1184 5682 tua:
1227 5641 1291 5681 ac
1313 5625 1433 5680 fidei
1457 5626 1630 5691 testis,
1661 5625 1787 5681 dum
1816 5625 2075 5681 voluntati

495 5731 600 5776 tua:
629 5714 1000 5774 obsecundare
1026 5717 1218 5789 cupio,
1262 5734 1373 5775 rem
1399 5718 1645 5789 aggredi,
1676 5718 1803 5774 mihi
1833 5733 1959 5774 sane
1994 5718 2075 5774 itt-

2191 4624 2448 4687 nabatur,
2496 4621 2549 4675 itt
2594 4621 2931 4687 Pelagianam
2975 4619 3223 4676 haeresim
3253 4619 3653 4689 prolabebatur.
3698 4620 3759 4674 Et

2188 4730 2319 4769 vero
2340 4713 2599 4768 adversus
2623 4714 2730 4768 duo
2761 4715 2873 4769 haec
2900 4714 3165 4768 rationum
3188 4710 3405 4778 quidem
3433 4710 3760 4764 adversaria-

2188 4819 2305 4858 rnm
2332 4813 2592 4871 monstra,
2619 4804 2712 4857 sed
2738 4806 2790 4857 in
2814 4819 2972 4858 unam
2994 4814 3171 4857 tamen
3199 4801 3452 4856 Ecclesiae
3474 4800 3658 4868 pernic
3677 4816 3752 4854 ent

2186 4894 2519 4956 coeuntium,
2547 4894 2775 4948 viriliter
2803 4894 3219 4956 dimicaverunt,
3251 4892 3630 4961 Hieronymus,
3660 4893 3747 4948 Διιο

2184 4986 2471 5056 gttstiuus,
2523 4985 2776 5054 Prosper,
2802 4983 3119 5039 Pritnasius.
3168 4982 3443 5038 Adversus
3493 4981 3752 5053 Pelagium

2183 5087 2365 5131 autem
2408 5075 2501 5131 Dei
2549 5076 2733 5145 gratia;
2766 5074 3036 5129 inimicum
3064 5088 3237 5142 usque
3268 5072 3405 5127 adeo
3424 5076 3568 5127 omni
3597 5072 3753 5127 animi

2182 5166 2527 5221 contentione
2548 5166 2898 5233 scripserunt,
2926 5172 2980 5218 ιιι
3009 5163 3137 5217 dunt
3160 5162 3596 5218 adblandientem
3620 5162 3750 5216 illam

2186 5258 2382 5312 nostris
2410 5257 2643 5321 viribus,
2690 5265 2745 5309 at
2785 5256 2876 5310 Dei
2906 5254 3134 5324 gratiam
3164 5254 3375 5309 interint
3411 5252 3749 5307 subruentetn

2188 5350 2435 5405 haeresim
2484 5360 2774 5412 evertunt,
2828 5347 3113 5405 Mauicbati
3168 5356 3329 5401 secta:
3362 5360 3531 5415 prope
3579 5343 3751 5398 favere

2182 5442 2481 5506 videantur,
2535 5440 2737 5494 homini
2769 5438 3066 5508 praesertim
3095 5453 3199 5490 non
3238 5435 3536 5506 adntodum‘
3560 5444 3750 5504 arguta

2182 5533 2350 5587 naris.
2385 5531 2517 5585 lluic
2542 5538 2704 5585 sectas
2730 5530 2927 5585 veteris
2968 5527 3326 5584 instauranda:
3363 5542 3552 5581 ansam
3596 5539 3747 5594 cepe-

2180 5634 2305 5679 runt
2326 5640 2391 5678 ex
2423 5624 2720 5691 Augustino
2745 5632 2799 5677 et
2837 5622 3103 5690 Prospero
3123 5663 3139 5685 ,
3172 5622 3396 5690 aliisque
3432 5619 3555 5690 ejus
3585 5618 3744 5674 aetatis

2182 5717 2432 5772 Ecclesia:
2484 5713 2828 5783 proceribus,
2878 5723 3072 5769 nostra:
3103 5713 3436 5781 tempestatis
3476 5708 3741 5771 haeretici,
