4004 6354
441 299 548 354 ιιε

1511 299 1816 360 PRIMASII
1849 294 2302 362 ADRUMETANI
2342 303 2556 362 EPISC.

3614 301 3730 356 ιισ

449 418 594 473 tibus
638 415 954 485 credentes,
1005 416 1273 488 superflua
1313 418 1660 474 contentione
1689 420 1943 476 volebant
1971 435 2031 475 se
2062 418 2487 481 Aeruditissimi
2539 413 2897 473 tradiderunt.
2953 413 3246 483 Epistolam
3298 429 3428 470 sane
3471 429 3593 484 qua:
3653 414 3750 469 ait

443 508 763 563 alterutrum
793 523 1174 578 superponere.
1221 507 1475 563 Dicebant
1497 508 1639 562 enim
1677 507 1848 565 Judaei
1878 526 1894 568 :
1923 510 2030 566 Nos

445 612 632 652 sumus
661 611 793 667 gens
831 607 1047 663 sancta,
1092 612 1225 666 quos
1260 599 1326 650 ab
1371 597 1523 650 init'o
1565 597 1703 652 Deus
1745 599 1940 654 dilexit
1976 610 2030 654 et

445 689 610 755 fovit;
644 705 740 744 nos
765 705 829 744 ex
859 705 1057 759 genere
1088 689 1344 754 Abrabte,
1377 690 1542 758 stirpe
1569 701 1777 753 sancta,
1805 690 2029 744 descen-

447 782 656 847 dimus;
684 797 782 836 nos
812 782 878 836 de
902 780 1134 852 Egypto
1161 781 1369 835 liberati
1389 824 1403 847 ,
1439 796 1584 835 mare
1613 782 1771 835 siccis
1803 782 2028 850 pedibus

443 875 790 929 transivimus
821 891 834 935 ;
871 885 1088 942 propter
1116 888 1211 928 nos
1241 873 1451 928 Pharao
1481 890 1600 928 cum
1644 876 1882 929 exercitu
1930 891 2029 929 suo

447 980 657 1020 mersus
685 965 914 1028 interiit;
945 965 1100 1018 nobis
1140 980 1332 1017 manna
1365 966 1493 1032 pluit
1543 966 1800 1020 Dominus
1845 965 1898 1019 in
1931 966 2031 1019 de-

449 1067 626 1124 serto,
675 1069 729 1112 et
770 1067 1000 1122 cartera,
1047 1073 1168 1127 qua:
1206 1072 1523 1112 enumerare
1561 1058 1878 1127 perlongum
1923 1067 2028 1111 est.

447 1149 631 1202 Solum
669 1151 767 1201 hoc
809 1148 1056 1212 diiimus,
1118 1147 1258 1215 quod
1293 1148 1409 1213 ipse
1441 1148 1718 1213 Dominus,
1755 1150 1806 1202 in
1839 1163 1945 1217 quo
1977 1157 2029 1202 et

447 1253 546 1292 vos
571 1238 822 1292 videmini
853 1220 1102 1303 credere,
1140 1239 1291 1291 nobis
1321 1255 1385 1293 ex
1420 1240 1533 1304 lege
1557 1239 1713 1291 fuerit
1743 1239 2030 1306 repromis-

445 1345 538 1385 sus
572 1346 586 1382 :
620 1344 716 1384 vos
742 1339 943 1394 autem,
976 1330 1064 1399 qui
1094 1331 1223 1385 estis
1252 1341 1436 1398 gentes
1458 1330 1524 1382 ab
1549 1330 1698 1383 initio
1720 1329 2024 1398 derelictm,

443 1423 532 1490 qui
565 1438 836 1491 nunquam
862 1422 954 1475 Dei
987 1423 1228 1476 notitiam
1256 1422 1534 1485 habuistis,
1561 1420 1652 1475 sed
1684 1436 1896 1488 semper
1917 1421 2028 1474 daa-

447 1514 640 1568 moniis
665 1514 1012 1579 deservistis,
1059 1530 1341 1582 :equumne
1376 1525 1458 1569 est
1491 1526 1546 1567 ut
1578 1515 1735 1568 hodie
1773 1515 1840 1569 ab
1871 1514 2027 1568 idolis

444 1621 540 1659 vos
567 1615 963 1673 convertentes,
997 1607 1150 1660 nobis
1178 1605 1561 1675 comparemini
1585 1649 1599 1671 ,
1627 1616 1680 1660 et
1710 1621 1813 1660 non
1845 1608 2021 1675 potius

449 1696 705 1766 proselyti
757 1698 904 1762 sitis,
941 1699 1078 1752 sient
1110 1713 1324 1766 semper
1353 1697 1526 1752 fuistis
1558 1698 1608 1751 iu
1640 1698 1754 1767 lege
1785 1699 1809 1752 ?
1843 1708 1898 1753 et
1926 1699 2027 1752 hoc
2060 1728 2106 1785 B

447 1791 622 1859 ipsum
657 1791 783 1856 quia
811 1791 1032 1845 multum
1059 1801 1140 1845 est
1162 1791 1469 1845 misericors
1495 1792 1653 1855 Deus,
1685 1791 1773 1861 qui
1807 1807 1900 1845 vos
1934 1807 2028 1844 γη-

449 1881 544 1935 Iuit
572 1880 636 1934 ad
669 1891 906 1935 nostram
932 1882 1281 1936 imitationem
1313 1881 1601 1936 adducere.
1641 1879 1838 1935 Gentes
1868 1896 2030 1935 econ-

449 1972 614 2026 trario
643 1971 1078 2038 respondebant:
1137 1973 1347 2038 Quanto
1386 1972 1589 2041 majora
1636 1971 1728 2026 Dei
1771 1973 2028 2026 beneficia

450 2065 818 2129 narraveritis,
837 2075 982 2117 tanto
1006 2079 1098 2120 vos
1115 2065 1332 2133 majoris
1348 2066 1586 2120 criminis
1608 2080 1728 2120 reos
1747 2081 1864 2120 esse
1879 2082 2028 2119 mou-

444 2156 681 2210 etrahitis
706 2196 721 2221 ,
745 2156 866 2224 quia
891 2172 1101 2226 semper
1123 2157 1206 2209 bis
1228 2158 1476 2211 omnibus
1495 2158 1783 2213 exstitistis
1808 2157 2023 2226 ingrati,

446 2247 572 2317 quia
600 2257 718 2318 post
751 2246 847 2301 Dei
881 2264 1063 2302 vocem
1094 2249 1326 2301 auditam
1360 2249 1508 2302 vobis
1539 2249 1760 2301 vitulum
1804 2248 2031 2302 fabrica-

449 2340 566 2393 stis.
604 2339 760 2404 Quod
787 2341 889 2393 etsi
921 2355 1026 2394 non
1054 2342 1349 2405 fecissetis,
1379 2343 1496 2396 solo
1542 2342 1642 2394 hoc
1679 2341 1903 2396 crimine
1934 2359 2027 2394 vc-

451 2431 594 2484 niam
641 2446 745 2484 non
786 2432 1040 2500 poteratis
1089 2434 1362 2500 accipere,
1409 2433 1498 2500 qui
1551 2431 1830 2486 Dominum
1876 2434 2030 2490 vobis

449 2521 832 2591 prOphetarum
858 2524 1075 2578 vocibus
1095 2525 1498 2592 repromissum,
1525 2541 1629 2579 non
1653 2525 1825 2579 solum
1855 2525 2026 2579 susci-

452 2627 581 2681 pere
610 2613 877 2679 noluistis,
899 2613 991 2668 sed
1015 2614 1176 2669 etiam
1204 2614 1481 2669 occidistis
1516 2631 1530 2669 :
1556 2632 1713 2684 quem
1737 2631 1834 2670 nos
1857 2630 2031 2670 susce-

452 2701 657 2770 pimus,
691 2717 810 2757 cum
861 2703 1016 2758 nobis
1045 2704 1112 2756 de
1153 2719 1217 2757 eo
1251 2718 1408 2757 nemo
1454 2705 1779 2772 przedixcrit.
1821 2706 2030 2769 Quanto

451 2807 582 2862 ergo
626 2803 807 2849 nostra
836 2794 970 2848 fides
998 2795 1209 2858 melior,
1244 2794 1524 2864 perspirue
1553 2806 1718 2863 patet.
1758 2795 1909 2860 Quod
1939 2812 2033 2849 au-

453 2892 560 2936 tem
583 2883 739 2938 idolis
752 2887 1034 2950 servimus,
1060 2900 1163 2940 non
1191 2886 1408 2940 malitia:
1435 2887 1549 2950 fuit,
1573 2886 1669 2940 sed
1696 2887 2029 2956 ignorantiae.

457 2974 694 3043 Denique
737 2976 828 3030 ubi
879 2978 1225 3046 cognovimus
1269 2978 1582 3043 veritatem,
1623 2979 1804 3032 statim
1847 2994 2031 3033 sumus

455 3071 653 3127 secuti.
691 3072 854 3128 Filios
884 3085 1062 3127 autem
1092 3073 1319 3128 Abrahae
1350 3090 1457 3128 non
1485 3073 1719 3129 carnalis
1747 3075 2028 3145 nativitas,

452 3161 546 3216 sed
577 3161 711 3216 fides
739 3163 881 3216 facit.
927 3163 1017 3218 llis
1047 3164 1118 3218 ita
1148 3165 1476 3234 litigantibus
1507 3179 1566 3220 se
1593 3165 1828 3220 medium
1865 3166 2033 3221 inter-

453 3253 601 3323 ponit
630 3253 938 3324 Apostolus,
968 3255 1259 3311 ostendens
1287 3256 1547 3312 ambobus
1576 3259 1814 3326 pupulis,
1859 3274 2032 3327 neque

451 3347 909 3403 cireumpisionem
941 3348 1136 3419 aliquid
1168 3364 1310 3417 esse,
1353 3365 1526 3420 neque
1558 3351 1907 3420 praeputium;
1937 3350 2031 3404 sed

454 3438 638 3506 tidem,
663 3455 782 3510 qua:
811 3457 905 3511 per
925 3439 1241 3496 cbaritatem
1267 3453 1541 3509 operatur.
1579 3441 1821 3494 Vicissim
1851 3450 2029 3495 autem

451 3544 548 3584 eos
595 3531 879 3586 humilians
920 3549 1015 3601 per
1059 3541 1221 3588 totam
1267 3531 1592 3596 Epistolatn,
1640 3531 1936 3584 rationibus
1979 3541 2034 3586 et

452 3621 775 3677 tesrimoniis
827 3623 891 3676 ad
925 3626 1180 3678 unitatem
1228 3622 1492 3687 hortatur,
1534 3632 1590 3675 et
1631 3623 1865 3676 ostendit
1903 3639 2033 3677 neu-

453 3719 593 3764 trum
622 3712 721 3764 hoc
748 3727 840 3765 sua
860 3713 1063 3781 ju~titia
1097 3714 1498 3770 meruissezsed
1527 3721 1696 3771 totum
1723 3713 1847 3776 hoe,
1875 3712 2034 3783 quid-

451 3799 579 3866 quid
605 3809 748 3865 sunt,
776 3802 864 3855 Dei
883 3801 1105 3872 justitite
1129 3804 1514 3871 deputandum.
1543 3807 1609 3860 Et
1637 3807 1852 3862 Judzeos
1877 3819 2032 3875 vero,

451 3899 506 3944 et
538 3900 726 3960 gentes
755 3896 988 3961 graviter
1016 3897 1246 3950 scientes
1268 3897 1558 3968 deliquisse
1590 3916 1604 3954 :
1628 3899 1863 3966 Judaeos,
1889 3903 2030 3972 quod

459 4001 554 4055 per
581 3987 1071 4056 prmvaricationem
1101 3991 1233 4060 legis
1258 3993 1581 4047 inhonorent
1613 3994 1801 4050 Deum.
1826 3997 2032 4063 Quurri-

454 4087 543 4132 tur
587 4079 746 4133 etiam
782 4096 876 4134 cur
905 4097 1009 4135 non
1055 4084 1282 4150 amplius
1330 4100 1489 4152 quam
1534 4085 1719 4140 decem
1767 4088 2031 4157 Epistolas

453 4169 521 4225 ad
553 4170 828 4228 Ecclesias
865 4177 1244 4244 conscripsvrit
1277 4194 1290 4230 :
1337 4177 1522 4231 decem
1553 4189 1677 4233 sunt
1718 4181 1860 4235 enim
1911 4196 2032 4235 cum

451 4281 515 4320 ea
545 4280 666 4335 qua:
707 4266 901 4321 dicitur
947 4267 1013 4322 ad
1058 4266 1352 4324 Hebraeos:
1395 4285 1518 4323 nam
1548 4271 1766 4339 reliqua:
1807 4285 2037 4341 quatuor

2137 507 2389 564 Hebrzeos
2418 508 2688 572 scribitur,
2715 508 2931 577 quidam
2964 507 3114 561 Pauli
3141 522 3247 560 non
3270 523 3393 562 esse
3415 506 3734 572 affirmant,

2137 615 2202 653 eo
2231 601 2368 668 quod
2399 616 2503 655 non
2526 603 2596 654 sit
2624 600 2738 668 ejus
2763 599 2980 653 nomine
3011 598 3242 663 titulata,
3269 607 3323 651 et
3355 606 3574 664 propter
3607 612 3732 651 ser-

2137 690 2313 744 monis
2343 692 2571 762 stylique
2599 690 2931 755 distantiam;
2966 690 3057 743 sed
3089 699 3181 743 aut
3220 689 3478 743 Barnabas
3501 730 3518 754 ,
3566 688 3731 758 juxta

2139 782 2558 846 TertullTanum;
2583 794 2674 836 aut
2702 783 2893 851 l.ue:e,
2923 783 3073 851 juxta
3114 782 3403 850 quosdam;
3440 781 3526 836 vel
3573 791 3734 835 certe

2136 872 2450 940 Clementis,
2480 874 2727 942 discipuli
2753 876 3137 942 apostolorum,
3160 883 3344 940 etpost
3367 888 3462 927 eos
3477 872 3734 940 episcopi

2138 965 2391 1019 Itomanze
2432 966 2689 1020 Ecclesia:
2737 967 2989 1021 ordinati.
3033 966 3236 1031 Quibus
3280 961 3728 1030 respondendum

2136 1045 2218 1108 est
2255 1055 2343 1110 :Si
2375 1066 2650 1125 propterea
2679 1056 2824 1110 Pauli
2861 1073 2965 1108 non
2997 1055 3118 1122 erit,
3142 1055 3262 1121 quia
3289 1053 3406 1122 ejus
3428 1069 3533 1106 non
3561 1051 3736 1104 habet

2137 1162 2356 1208 nomen,
2386 1162 2484 1201 nec
2511 1147 2739 1216 alicujus
2766 1147 2889 1211 erit,
2925 1149 3047 1214 quia
3071 1147 3266 1200 nullius
3291 1145 3510 1198 nomine
3543 1145 3735 1198 titul:-

2136 1247 2246 1289 tur.
2268 1236 2421 1302 Quod
2441 1237 2484 1290 si
2503 1236 2790 1289 absurdum
2809 1246 2913 1302 est,
2936 1237 3102 1304 ipsius
3117 1249 3237 1290 esse
3255 1235 3426 1304 magis
3447 1234 3733 1288 credenda

2133 1333 2218 1379 est
2247 1341 2365 1395 qua:
2393 1333 2541 1379 tanto
2570 1325 2830 1378 doctrinm
2856 1339 2967 1379 sua:
2993 1325 3154 1392 fulget
3181 1323 3423 1392 eloquio;
3459 1323 3546 1376 vel
3575 1331 3738 1378 certe

2133 1416 2253 1483 quia
2304 1418 2444 1481 apud
2496 1416 2843 1470 llebrzeorum
2898 1415 3162 1471 Ecciesias
3203 1415 3358 1483 quasi
3413 1416 3744 1471 destructor

2135 1506 2266 1574 legis
2291 1506 2424 1560 falsa
2447 1506 2754 1573 suspicione
2781 1506 3100 1569 habebatur,
3124 1504 3292 1558 voluit
3318 1505 3480 1559 tacito
3507 1505 3738 1560 nomine

2133 1596 2399 1663 scribere,
2432 1611 2498 1650 ne
2527 1596 2706 1648 odium
2743 1596 2976 1648 nominis
3004 1595 3181 1649 fronte
3214 1595 3406 1662 prolati
3437 1595 3732 1649 utilitatem

2132 1685 2443 1739 excluderet
2473 1685 2737 1739 lectionis.
2768 1683 2882 1738 Non
2913 1694 2996 1738 est
3016 1699 3146 1738 sane
3177 1686 3367 1738 mirum
3396 1684 3440 1739 si
3467 1684 3729 1740 disertior

2133 1776 2202 1828 sit
2233 1775 2284 1828 in
2316 1776 2560 1844 proprio,
2582 1775 2632 1827 id
2665 1783 2743 1828 est
2773 1774 2826 1827 in
2857 1773 3107 1840 llebrteo,
3139 1791 3296 1844 quam
3327 1776 3377 1829 in
3411 1777 3730 1845 peregrino,

2133 1866 2184 1920 id
2214 1877 2297 1921 est
2326 1865 2538 1933 Grzeco,
2562 1879 2667 1934 quo
2694 1873 2908 1919 cteterae
2939 1865 3192 1934 Epistolas
3217 1865 3436 1934 scripta:
3464 1874 3592 1919 sunt
3619 1880 3734 1919 ser-

2133 1974 2312 2013 moue.
2345 1960 2520 2014 Movet
2571 1962 2733 2015 etiam
2789 1960 3049 2031 quosdam
3076 2003 3094 2029 ,
3139 1975 3306 2030 quare
3355 1960 3732 2016 Romanorum

2135 2049 2368 2117 lipistola
2398 2049 2449 2104 in
2483 2050 2655 2118 primo
2681 2054 2751 2105 sit
2794 2051 2989 2121 posita,
3019 2067 3141 2106 cum
3169 2067 3286 2106 eam
3354 2061 3538 2119 postea
3586 2053 3729 2106 scri-

2132 2149 2276 2210 ptam
2308 2141 2441 2194 ratio
2473 2142 2798 2197 manifestet.
2845 2143 3001 2198 Unde
3062 2141 3468 2210 intelligendum
3524 2150 3610 2196 est
3655 2143 3738 2198 ita

2133 2247 2320 2285 omnes
2353 2232 2620 2301 Epistolas
2653 2235 2948 2299 ordinatas,
2982 2245 3040 2286 ut
3063 2233 3232 2304 prima
3263 2243 3580 2302 poneretur.
3605 2250 3728 2302 qua

2137 2322 2202 2375 ad
2247 2321 2532 2376 inferiores
2565 2322 2735 2377 fuerat
2766 2324 3062 2386 destinata,
3095 2332 3147 2376 et
3185 2338 3279 2391 per
3308 2322 3555 2392 singulas
3599 2322 3731 2392 Epi-

2133 2415 2301 2470 stolas
2339 2416 2604 2486 gradatim
2652 2417 2715 2469 ad
2767 2416 3114 2486 perfectiores
3150 2416 3448 2470 veniretur.
3496 2414 3726 2469 Romani
3821 2411 3828 2418 ’

2135 2521 2366 2575 namque
2394 2515 2500 2560 tant
2532 2506 2728 2561 infirmi
2755 2515 2943 2570 erant,
2978 2518 3034 2559 ut
3064 2520 3171 2559 non
3202 2505 3604 2574 intelligerent:
3648 2504 3728 2558 id-

2137 2597 2283 2651 circo
2331 2596 2453 2651 illos
2485 2597 2721 2666 indigere
2749 2597 2945 2651 asserit
2993 2595 3332 2658 confirmari,
3359 2594 3488 2648 vitia
3535 2608 3726 2650 eorum

2140 2692 2312 2760 priora
2352 2706 2805 2746 commemorans.
2867 2690 3162 2746 Corinthiis
3228 2700 3405 2744 autem
3447 2689 3559 2759 jam
3596 2688 3725 2742 dicit

2139 2782 2421 2836 scientiam
2444 2795 2657 2836 omnem
2689 2796 2811 2837 esse
2838 2797 3148 2837 concessam
3170 2822 3185 2848 ,
3225 2791 3279 2836 et
3306 2796 3413 2836 non
3446 2791 3554 2836 tam
3579 2780 3730 2850 ipsos

2139 2871 2410 2941 increpat,
2455 2888 2613 2942 quam
2642 2887 2738 2928 cur
2778 2874 2912 2927 alios
2944 2889 3049 2928 non
3083 2873 3511 2944 increpaverint,
3543 2887 3728 2940 repre-

2143 2963 2364 3031 hendit,
2411 2980 2530 3019 cum
2562 2965 2691 3018 dicit
2740 2981 2753 3017 :
2801 2967 3022 3018 Auditur
3044 2967 3176 3019 inter
3210 2981 3294 3019 vos
3326 2964 3618 3035 fornicatio.
3665 2963 3732 3017 Et

2139 3055 2331 3111 iterum
2379 3074 2391 3108 :
2438 3055 2772 3127 Congregatis
2815 3058 2953 3111 uobis
2991 3073 3106 3110 cum
3137 3073 3246 3111 ineo
3290 3057 3479 3120 spiritu
3526 3056 3727 3109 tradere

2139 3150 2440 3221 hujustnodi
2467 3150 2702 3206 Satanan
2736 3151 2791 3205 ln
2820 3151 3052 3206 secunda
3082 3167 3211 3206 vero
3246 3152 3551 3216 laudantur,
3579 3158 3637 3206 et
3675 3157 3732 3204 ut

2141 3243 2312 3311 magis
2350 3256 2413 3296 ac
2459 3242 2628 3310 magis
2668 3243 2952 3311 proficiant
2979 3242 3354 3297 admonentur.
3388 3241 3592 3296 Galatas
3616 3239 3726 3310 jam

2138 3331 2336 3386 nullius
2360 3330 2599 3386 criminis
2625 3343 2952 3401 arguuntur,
2993 3333 3096 3387 nisi
3127 3333 3268 3400 quod
3307 3331 3542 3388 versutis
3571 3346 3733 3402 pseuo

2141 3427 2477 3497 doapostolis
2528 3428 2893 3485 crediderunt.
2936 3429 3154 3498 Ephesii
3195 3444 3326 3484 sane
3372 3430 3517 3485 nulla
3546 3443 3729 3498 repre-

2140 3525 2437 3592 hensione,
2485 3527 2582 3581 sed
2628 3527 2794 3580 multa
2843 3537 2968 3581 sunt
3006 3527 3163 3583 laude
3204 3526 3382 3598 digni,
3408 3527 3535 3598 quia
3568 3527 3728 3582 fidem

2139 3626 2484 3695 apostolicam
2515 3634 2887 3682 servaverunt.
2947 3627 3319 3696 l’hilippenses
3354 3628 3518 3683 etiam
3563 3626 3726 3681 multo

2143 3715 2311 3784 magis
2352 3715 2726 3770 collaudantur
2753 3754 2769 3781 ,
2818 3716 2909 3786 qui
2957 3731 3024 3770 ue
3068 3717 3255 3772 audire
3299 3717 3516 3786 quidem
3567 3715 3722 3771 falsos

2142 3809 2420 3883 apostolos
2486 3809 2794 3866 voluerunt.
2845 3809 3356 3866 Thessalonicenses
3407 3811 3634 3879 adzeque
3673 3810 3724 3865 in

2139 3905 2348 3960 duabus
2391 3907 2647 3974 Epistolis
2676 3923 2837 3962 omne
2868 3909 3021 3962 laude
3055 3903 3420 3980 prosequitur,
3465 3917 3535 3958 eo
3580 3903 3716 3973 quod

2144 4012 2252 4051 non
2282 3997 2458 4052 solum
2488 3999 2645 4054 fidem
2688 3999 3058 4056 ineoncussatn
3097 4007 3426 4058 servaverint
3457 3993 3720 4065 unitatis,

2138 4093 2233 4143 sed
2261 4092 2424 4144 etiam
2461 4090 2512 4144 in
2545 4093 2920 4160 persecutione
2947 4095 3143 4147 civium
3167 4099 3476 4150 constantes
3527 4096 3719 4150 fuerint

2140 4182 2364 4236 inventi.
2384 4183 2737 4238 Colossenses
2760 4201 2888 4239 vero
2917 4189 3052 4240 tales
3089 4198 3244 4242 erant
3263 4189 3353 4258 qui
3381 4203 3486 4242 non
3517 4189 3716 4258 indige-

2136 4281 2292 4338 rent,
2325 4280 2383 4325 ut
2412 4272 2480 4326 ab
2508 4275 2766 4342 Apostolo
2794 4278 3080 4332 carnaliter
3099 4279 3440 4344 viderentur;
3483 4279 3709 4349 denique

451 4357 518 4411 ad
545 4357 840 4430 discipulos
863 4359 1198 4415 familiariter
1221 4370 1346 4414 sunt
1367 4372 1650 4430 porrectas.
1683 4361 1750 4418 Ut
1778 4362 2029 4417 ostende-
2060 4367 2114 4428 D
2140 4378 2409 4432 nunquam
2445 4364 2526 4419 eis
2555 4380 2709 4420 suum
2739 4369 2936 4436 promit
2974 4371 3259 4424 adventum
3281 4388 3292 4423 :
3314 4371 3511 4441 quibus
3561 4371 3719 4425 etiam

453 4458 558 4510 ret,
579 4450 782 4503 Novum
807 4451 1207 4505 Testamentum
1237 4467 1340 4504 non
1365 4452 1675 4522 discrepare
1700 4470 1727 4505 a
1757 4454 1952 4519 Veteri,
1979 4464 2034 4508 et

457 4552 517 4592 se
536 4549 720 4593 contra
754 4543 920 4609 legem
952 4557 1054 4595 non
1085 4542 1261 4596 facere
1289 4543 1480 4610 Moysi,
1506 4545 1570 4598 ad
1602 4560 1884 4599 numerum
1917 4546 2028 4613 pri-

455 4645 666 4684 morum
693 4633 934 4702 decaIOgi
964 4636 1332 4690 mandatorum
1351 4676 1366 4702 ,
1396 4637 1588 4705 quibus
1619 4637 1707 4691 ille
1746 4639 2030 4704 praaceptis

451 4736 479 4775 ι
514 4720 790 4777 Pharaone
818 4724 1041 4779 instituit
1079 4728 1351 4782 liberatos.
1383 4728 1515 4781 Nam
1547 4729 1679 4781 duas
1712 4727 1919 4779 tabulas
1950 4727 2027 4779 la-

450 4811 637 4882 pideas
665 4814 890 4868 duorum
913 4815 1380 4872 Testamentorum
1412 4818 1632 4887 figuram
1656 4815 1906 4870 habuisse
1935 4817 2033 4871 viri

2135 4455 2262 4510 dicit
2291 4474 2303 4510 :
2337 4454 2449 4510 Etsi
2475 4474 2686 4529 corpore
2709 4460 2887 4515 absens
2911 4501 2929 4527 ,
2965 4463 3056 4516 sed
3083 4465 3270 4531 spiritu
3307 4465 3566 4518 uobiscum
3608 4481 3710 4517 sunt

2136 4547 2366 4616 gaudens
2385 4589 2400 4610 ,
2431 4558 2477 4600 et
2505 4549 2678 4603 videns
2700 4552 2929 4605 ordinent
2957 4564 3197 4608 vestrum.
3228 4555 3300 4608 De
3322 4554 3567 4610 Hebraeis
3598 4554 3714 4623 quid

2135 4638 2332 4704 diCam,
2361 4641 2551 4708 quibus
2579 4643 2686 4696 ait:
2713 4643 2849 4696 Nam
2877 4655 2925 4698 et
2966 4647 3145 4701 vinctis
3177 4649 3430 4717 compassi
3468 4648 3623 4714 estis,
3672 4657 3715 4701 et

2136 4731 2370 4797 rapinam
2392 4729 2637 4784 bonorum
2660 4744 2940 4788 vestrorum
2970 4753 3086 4790 cum
3116 4739 3306 4808 gaudio
3334 4739 3650 4808 suscepistis.

460 4922 3690 4972 mm

1865 4952 2251 4964 ~—

1653 4956 2523 5158 ﬁam—Aa;

521 5237 1683 5370 COMMENTARIA
1758 5242 1922 5365 IN
1998 5240 2854 5375 EPISTOLAS
2934 5245 3062 5375 S.
3149 5241 3662 5375 PAULI.

1588 5495 1973 5557 EPISTOLA
2021 5499 2126 5558 AD
2169 5499 2574 5561 ROMANOS.

516 5635 695 5693 Csvur
722 5651 944 5692 natatus.
988 5635 1202 5700 Paulus,
1228 5636 1277 5690 id
1315 5645 1397 5691 est
1423 5636 1645 5705 pusillus
1675 5645 1730 5690 et
1776 5636 2025 5701 ultimus;

447 5745 508 5782 et
546 5731 710 5784 Saulo
744 5729 958 5794 Paulus,
990 5730 1122 5784 sicut
1147 5746 1208 5784 ex
1240 5730 1433 5784 Abram
1467 5729 1754 5792 Abraham,
1789 5740 1840 5783 ut
1875 5730 2034 5784 etiam

2139 5636 2256 5705 ipso
2286 5636 2545 5692 vocabulo
2569 5651 2734 5693 novus
2771 5648 2934 5694 esset.
2964 5639 3150 5696 Seruus
3175 5640 3304 5698 lem
3332 5645 3544 5700 Christi.
3571 5647 3702 5704 Sient

2142 5728 2309 5785 Isaias
2331 5731 2463 5786 dicit
2486 5749 2498 5784 :
2524 5731 2769 5803 Μειεηυηι
2798 5735 2888 5788 tibi
2926 5745 3008 5788 est
3045 5736 3223 5792 vocari
3265 5753 3481 5796 servum
3513 5756 3698 5799 meum.
