4004 6354
263 311 368 366 an

1090 309 1158 364 IN
1201 309 1584 365 EPISTOIAM
1628 311 1716 364 AD
1756 309 2081 364 ROMMVOS
2123 312 2638 368 (IiHlill-ZIVTMIH.

3415 319 3521 373 418

274 425 494 480 Vocatus
529 422 812 492 apostolus.
843 421 958 476 lam
987 422 1039 475 in
1069 424 1404 490 pra-scientia
1432 422 1496 475 ad
1543 423 1643 475 huc
1679 437 1836 475 voca-
1870 427 1917 482 Α
1949 427 2093 477 tum?
2126 425 2197 477 ita
2230 442 2358 491 ergo
2388 425 2516 479 fides
2546 441 2730 480 eorum
2773 427 2989 491 dii-itur,
3022 428 3156 482 sicut
3188 428 3272 483 lex
3303 443 3370 482 eo
3403 447 3513 498 nni,

263 525 349 570 Ius
389 524 444 569 et
474 513 908 585 prtedestinatus,
940 520 995 564 ut
1022 520 1166 565 esset
1185 513 1479 580 apostolus.
1506 512 1834 583 Segregatus.

262 608 414 662 Sicut
435 605 488 660 in
519 604 740 659 Actibus
771 603 1133 670 apostolorum
1176 602 1347 656 dicit:
1373 603 1664 672 Segregate
1706 603 1839 658 mihi

264 700 486 754 Paulum
506 707 561 752 et
590 698 886 752 Barnaham
911 696 976 749 ad
1014 710 1149 762 opus
1180 696 1243 748 ad
1287 695 1428 763 quod
1456 696 1588 762 elegi
1622 711 1736 749 eos.
1774 694 1840 749 In

265 790 602 862 Evangelium
631 790 727 844 Dei
751 833 764 854 ,
797 791 934 858 quod
968 800 1086 843 ante
1125 790 1445 857 promiserat.
1485 790 1838 861 Evangetium

258 885 399 939 bona
426 883 758 938 annuntiatio
776 883 992 946 dicitur,
1014 891 1068 937 et
1088 882 1227 952 quod
1257 883 1428 949 majus
1454 884 1649 936 bonum
1676 898 1834 953 quam

258 987 446 1029 natum
471 984 527 1030 et
555 989 770 1044 passum
798 974 1158 1028 resurrexissc
1184 973 1454 1029 Christum
1507 989 1604 1042 pro
1650 975 1842 1030 nobis?

267 1065 371 1119 Per
407 1066 683 1136 praphetas
711 1081 830 1118 suos
847 1069 900 1120 in
931 1063 1212 1130 Scripturis
1234 1066 1420 1119 sanctis
1440 1110 1454 1133 ,
1478 1067 1540 1119 de
1565 1065 1700 1120 Filio
1729 1083 1842 1131 suo,

263 1158 351 1224 qui
375 1155 538 1224 [actus
566 1162 641 1208 est
661 1155 726 1209 ei.
754 1155 834 1209 Ad
861 1154 1199 1209 nutriendam
1228 1154 1532 1210 Judznorum
1553 1157 1730 1223 tidem,
1759 1172 1844 1213 as-

258 1247 398 1301 serit
422 1260 484 1300 se
513 1245 661 1300 illum
692 1246 985 1315 pradicare
1011 1262 1172 1316 quem
1197 1248 1473 1318 prophetae
1494 1251 1843 1305 annuntiave-

263 1344 397 1391 runt
423 1337 474 1390 in
515 1336 806 1406 Scripturis
847 1340 1070 1393 sanctis.
1100 1338 1266 1394 Totus
1318 1339 1466 1394 locus
1507 1341 1607 1394 iste
1658 1351 1844 1396 contra

265 1427 588 1483 Manichaeos
605 1427 750 1492 facit,
769 1429 858 1498 qui
879 1429 1042 1484 alium
1067 1430 1232 1485 Deum
1256 1431 1657 1501 prophetarum,
1683 1433 1843 1488 alium

261 1519 450 1573 dicunt
476 1506 610 1575 Novi
638 1519 985 1576 Testamenti.
1021 1521 1103 1574 Ex
1131 1523 1320 1576 semine
1344 1523 1527 1577 David.
1557 1523 1632 1576 Ex
1659 1525 1842 1587 Maria,

267 1629 389 1682 quas
416 1615 483 1670 de
507 1613 674 1670 David
704 1615 873 1685 stirpe
898 1616 1067 1680 venit,
1095 1615 1233 1670 sicut
1274 1615 1438 1670 Isaias
1476 1617 1612 1671 dixit
1653 1635 1667 1672 :
1710 1619 1847 1674 Ecce

269 1705 435 1776 lVirgo
464 1705 516 1760 in
547 1714 706 1760 utero
752 1705 990 1770 habebit,
1016 1714 1070 1760 et
1099 1707 1272 1775 pariet
1311 1706 1499 1763 tilium.
1553 1708 1846 1763 Secundum

1945 529 2065 566 Clilll
2094 516 2271 568 nullus
2291 518 2498 585 ignoret
2518 518 2656 585 quod
2691 519 2773 571 lex
2800 532 2828 570 a
2863 520 2971 572 Deo
3001 519 3089 582 sit,
3117 518 3256 572 sicut
3287 528 3342 573 et
3368 521 3522 574 litles.

1945 601 2109 653 Testis
2140 605 2275 655 enim
2321 605 2447 658 mihi
2470 614 2544 659 est
2589 606 2741 672 Deus,
2773 607 2855 660 cui
2880 608 3039 660 servio
3083 607 3134 660 in
3177 609 3362 677 spiritu
3391 625 3521 672 meo,

1943 692 1996 745 in
2027 692 2305 763 Evangelia
2336 693 2465 747 Filii
2494 698 2625 766 ejus.
2659 696 2770 752 Hoc
2824 705 2926 762 est,
2958 696 3040 751 cui
3096 699 3149 752 in
3206 707 3318 752 toto
3361 699 3525 755 corde

1944 797 2066 835 meo
2123 794 2366 851 prompta
2415 785 2700 841 devotione
2729 796 2783 842 et
2811 788 2964 858 plena
2994 789 3218 844 veritate
3255 789 3445 846 deserv
3467 805 3521 844 o.

1948 875 2099 940 Quod
2121 878 2231 930 sine
2266 877 2640 933 intermissione
2685 882 2987 935 memoriam
3023 883 3173 935 vestri
3194 883 3347 952 facio,
3387 900 3522 937 sem-

1946 985 2038 1038 per
2082 970 2136 1022 in
2187 971 2503 1026 orationibus
2550 975 2675 1027 meis
2715 974 3003 1030 obsecrans.
3051 976 3149 1031 Hic
3187 978 3423 1032 ostendit
3465 991 3526 1033 se

1946 1058 2126 1112 omnia
2153 1073 2272 1113 cum
2302 1060 2592 1117 dilectione
2635 1063 2922 1128 dicturum,
2957 1074 3014 1119 ut
3049 1065 3118 1120 ab
3159 1066 3240 1121 his
3270 1067 3525 1123 libentius

1949 1151 2223 1220 audiatur,
2244 1161 2298 1206 et
2315 1153 2404 1206 dat
2425 1154 2728 1222 exemplum
2746 1157 2862 1210 sine
2892 1157 3289 1212 intermissione
3308 1158 3520 1212 orandi.

1952 1240 2013 1295 Si
2053 1245 2305 1310 quomodo
2330 1244 2535 1297 tandem
2560 1245 2839 1314 aliquando
2864 1264 3165 1317 prosperum
3192 1250 3287 1303 iter
3315 1250 3527 1304 habeam

1949 1331 2003 1384 in
2025 1334 2285 1386 voluntate
2317 1333 2411 1387 Dei
2434 1335 2666 1388 veniendi
2691 1337 2758 1389 ad
2788 1353 2894 1390 vos.
2924 1336 3171 1392 Desidero
3194 1342 3327 1393 enim
3356 1341 3527 1396 videre

1949 1437 2057 1487 vos,
2086 1430 2136 1473 ut
2168 1423 2362 1491 aliquid
2407 1424 2668 1494 impert’ar
2687 1423 2824 1477 vobis
2853 1426 3342 1496 gratitespiritualis.
3358 1428 3527 1484 Aliter

1951 1515 2111 1566 etiam
2144 1528 2458 1581 prosperum
2499 1516 2602 1570 iter
2644 1530 2748 1570 non
2781 1515 2974 1580 habeo,
3010 1519 3113 1580 nisi
3161 1533 3248 1573 me
3278 1520 3529 1575 voluntas

1957 1603 2074 1667 Dei,
2106 1621 2225 1673 quae
2250 1607 2426 1659 omnia
2459 1608 2629 1673 novit,
2659 1609 2785 1662 etin
2819 1608 2973 1663 bonis
2998 1611 3246 1665 omnibus
3272 1628 3370 1667 nos
3393 1628 3529 1682 pra:-

1952 1696 2117 1762 venit,
2149 1703 2204 1748 et
2233 1696 2507 1762 praecedit,
2539 1707 2593 1751 et
2625 1698 2786 1763 fovet,
2821 1699 2912 1752 illo
2964 1699 3242 1765 direxerit,
3277 1702 3366 1756 ubl
3409 1705 3520 1757 tru-

267 1812 498 1850 carnem.
528 1796 593 1850 Et
619 1795 903 1850 Photinum
927 1795 1207 1862 exstinxit,
1234 1805 1288 1852 et
1313 1797 1402 1867 qui
1432 1798 1728 1852 solitarium
1754 1798 1850 1851 ho-

1962 1793 2097 1836 ctum
2143 1784 2376 1854 aliquem
2422 1786 2666 1854 habeam,
2730 1789 2866 1843 sicut
2902 1789 2968 1844 de
2999 1793 3252 1857 apostolis
3283 1792 3530 1863 legimus,

271 1888 473 1942 minem
495 1888 647 1955 dicit,
676 1902 782 1941 non
816 1887 1116 1955 intelligens
1141 1889 1194 1942 in
1208 1888 1423 1944 Christo
1441 1889 1572 1944 duas
1592 1906 1712 1945 esse
1729 1891 1854 1945 sub-

271 1979 518 2039 stantias.
536 1978 638 2045 Qui
651 1979 1038 2048 prtedestinatus
1063 1989 1136 2033 est
1163 1978 1210 2031 F
1213 1981 1334 2034 ilius
1363 1980 1456 2035 Dei
1485 1983 1537 2035 in
1574 1983 1756 2036 virtute
1776 2000 1854 2037 se-

268 2071 500 2125 cundum
527 2071 764 2139 spiritum
789 2072 1209 2137 sanctiﬁcationis
1237 2088 1302 2126 ea:
1329 2076 1697 2128 resurrectione
1717 2092 1855 2127 mor-

278 2171 483 2216 tuorum
508 2160 633 2216 Jesu
662 2161 851 2216 Christi
875 2161 1080 2216 Domini
1103 2165 1284 2216 nostri.
1313 2162 1725 2221 Pranlestinatus
1750 2177 1851 2230 est,

278 2261 336 2305 ut
365 2252 513 2320 prior
540 2253 789 2308 omnibus
818 2263 1122 2323 resurgeret
1142 2263 1196 2308 et
1223 2255 1344 2310 iiliis
1374 2255 1466 2309 Dei
1500 2257 1638 2310 viam
1671 2273 1852 2312 resur-

271 2344 534 2399 recﬁonis
560 2346 816 2414 aperiret,
849 2354 906 2400 ut
953 2347 1221 2416 quomodo
1245 2359 1426 2418 caput,
1452 2349 1530 2404 sic
1557 2361 1611 2404 et
1661 2365 1854 2420 corpus

271 2435 399 2505 ejus
425 2445 750 2507 resurgeret.
780 2437 884 2492 Per
906 2456 1055 2510 quem
1081 2441 1368 2510 accepimus
1391 2445 1611 2512 gratiam
1644 2452 1692 2496 et
1729 2461 1857 2512 apo-

278 2525 526 2580 stolatum
553 2528 622 2580 ad
637 2528 970 2582 obedientium
991 2530 1114 2598 ﬁdei
1131 2532 1180 2582 in
1202 2532 1434 2584 omnibus
1455 2532 1706 2602 gentibus.
1722 2535 1856 2588 Gra-

279 2615 436 2682 tiam,
467 2625 524 2669 ut
550 2616 834 2671 credamus
907 2627 962 2672 et
1005 2619 1353 2689 baptizemur,
1384 2629 1435 2674 et
1464 2621 1583 2690 quia
1614 2624 1778 2690 gratis
1802 2633 1857 2676 et

277 2705 390 2775 jam
423 2709 537 2776 ipse
570 2707 890 2776 justiﬁcatus
920 2718 1004 2764 est
1029 2711 1192 2765 nullis
1223 2713 1429 2766 meritis
1458 2716 1587 2767 suis.
1621 2717 1852 2783 Apusto-

276 2797 448 2852 latum
463 2813 586 2854 vero
598 2799 822 2868 accepit,
846 2801 1060 2869 quando
1083 2801 1316 2857 directus
1337 2812 1421 2857 est
1450 2805 1696 2871 gentibus
1719 2821 1854 2874 pra:-

274 2892 486 2949 dicare.
514 2892 621 2948 Pro
644 2896 852 2949 nomine
877 2895 1146 2960 eius.Vice
1170 2897 1399 2952 nominis
1425 2898 1540 2967 ejus
1572 2899 1857 2970 iungimur,

283 2983 430 3039 sicut
459 2983 573 3054 ipse
601 2985 736 3040 dicit
767 3003 780 3038 :
815 2986 966 3041 Sicut
991 2988 1138 3042 misit
1162 3003 1249 3044 me
1287 2988 1464 3056 Pater,
1493 3002 1546 3045 et
1580 3007 1678 3062 ego
1708 2994 1862 3048 mitto

283 3089 419 3140 vos;
445 3084 518 3142 et,
554 3076 845 3146 Legatione
875 3080 1143 3148 iungimur
1190 3095 1286 3149 pro
1314 3080 1547 3135 Christo.
1579 3080 1645 3135 In
1685 3085 1863 3151 quibus

1956 1890 2052 1929 eos
2081 1875 2187 1928 alio
2237 1876 2315 1929 ire
2354 1875 2617 1942 volentes,
2651 1879 2758 1932 alio
2805 1880 3126 1947 destinatos,
3178 1898 3281 1937 non
3313 1898 3377 1938 eo
3425 1883 3531 1940 isse

1956 1979 2064 2033 quo
2110 1965 2379 2030 volebant,
2431 1967 2524 2021 sed
2579 1983 2683 2037 quo
2733 1984 2825 2023 eos
2860 1971 2998 2024 Dens
3048 1972 3302 2035 misisset,
3353 1974 3532 2028 sciens

1960 2057 2175 2124 quando
2194 2066 2243 2111 et
2266 2059 2331 2112 ad
2355 2073 2489 2128 quos
2515 2061 2592 2114 ire
2613 2060 2890 2114 deberent.
2919 2062 2997 2114 Ad
3021 2065 3400 2126 conﬁrmandos
3423 2082 3527 2121 vos.

1965 2148 2062 2204 llic
2091 2150 2350 2216 ostendit,
2377 2152 2603 2221 qualiter
2625 2167 2717 2206 eos
2743 2153 2989 2221 superius
3019 2155 3316 2211 laudaverit
3343 2160 3432 2224 qui
3463 2159 3528 2212 ad

1963 2240 2387 2295 conﬁrmandum
2432 2242 2606 2296 adhuc
2649 2245 2836 2311 gratia:
2875 2244 3115 2314 indigent
3155 2247 3432 2315 Spiritalis.
3465 2247 3531 2302 Id

1957 2340 2050 2395 est,
2077 2333 2231 2387 simul
2258 2333 2514 2387 consolari
2543 2334 2595 2386 in
2626 2336 2763 2388 vobis
2808 2353 2899 2404 per
2924 2349 3035 2390 eam
3066 2352 3177 2402 qui:
3215 2340 3426 2392 invicem
3451 2349 3527 2394 est

1958 2431 2110 2499 ﬁdem
2140 2441 2352 2487 vestram
2379 2444 2530 2503 atque
2561 2449 2744 2486 meam.
2769 2433 2836 2489 Ut
2868 2449 2962 2504 per
3001 2449 3338 2490 communem
3372 2439 3530 2490 tidem

1961 2522 2190 2577 invicem
2218 2524 2580 2588 consolemur,
2614 2535 2665 2578 et
2693 2524 2761 2579 de
2795 2524 3184 2580 illuminatione
3214 2525 3383 2580 sancti
3411 2526 3533 2591 Spi-

1962 2614 2095 2667 ritus
2142 2615 2367 2669 invicem
2414 2615 2764 2684 gratulemur.
2801 2613 2942 2668 Nolo
2985 2616 3118 2669 enim
3146 2632 3233 2668 vos
3276 2616 3534 2686 ignorare,

1962 2711 2168 2776 fratres,
2209 2709 2330 2779 quia
2373 2723 2508 2777 saepe
2531 2708 2776 2779 praposui
2803 2708 2972 2761 venire
3012 2708 3078 2759 ad
3103 2723 3211 2762 vos.
3243 2706 3346 2760 Per
3381 2721 3534 2762 com-

1962 2807 2201 2852 meantes
2232 2798 2375 2853 enim
2409 2797 2602 2852 fratres
2624 2798 2809 2852 audire
2852 2798 3101 2867 potuistis
3129 2797 3534 2867 dispositionem

1966 2911 2159 2952 meam.
2172 2895 2236 2950 Et
2248 2895 2532 2968 prohibitus
2544 2912 2652 2950 sum
2666 2896 2694 2931 "
2716 2911 2868 2966 usque
2878 2895 3130 2950 adhchd
3144 2905 3536 2966 cstoccupatus,

1968 2990 2092 3044 dum
2121 2989 2241 3042 aliis
2283 2988 2572 3056 provinciis
2598 2986 2850 3056 prmdico,
2883 2988 2969 3041 vel
2991 2987 3314 3042 revelatione
3350 2988 3535 3058 prohi-

1970 3081 2132 3145 bitus,
2168 3079 2258 3132 vel
2283 3078 2444 3144 lorte,
2464 3079 2605 3133 sicut
2633 3078 2758 3132 alibi
2786 3079 3235 3147 dicit:|mpedivit
3261 3095 3359 3132 nos
3387 3079 3539 3134 Sata-

285 3169 411 3222 estis
438 3177 485 3223 et
526 3185 613 3223 vos
652 3171 814 3224 vocati
839 3171 965 3225 Jesu
986 3171 1194 3226 Christi.
1230 3171 1297 3226 Et
1342 3173 1393 3226 in
1427 3174 1578 3228 vobis
1609 3175 1863 3229 Romanis
1891 3164 1937 3227 C
1969 3183 2083 3221 nas.
2117 3166 2184 3220 Ut
2215 3167 2431 3234 aliquem
2465 3165 2687 3234 Ῑνατηιηι
2721 3165 2932 3217 habeam
2960 3166 3013 3217 ίη
3043 3166 3199 3217 ῑόὺὶεο
3241 3167 3539 3222 Mercedem

288 3260 651 3329 apostolatum
669 3262 995 3330 accepimus,
1021 3262 1162 3316 sicut
1181 3270 1235 3316 et
1253 3262 1305 3317 in
1330 3262 1578 3317 omnibus
1597 3263 1864 3332 gentibus.

288 3351 545 3408 Omnibus
567 3354 655 3420 qui
680 3363 799 3407 sunt
834 3351 1011 3407 Roma:
1037 3352 1232 3407 dilectis
1255 3351 1371 3406 Dei.
1401 3353 1662 3409 Omnibus
1688 3354 1778 3408 Dei
1805 3354 1866 3409 ii-

287 3443 502 3500 deiibus
530 3445 620 3513 qni
650 3452 776 3499 sunt
790 3443 1000 3510 Roma,
1027 3445 1216 3498 vocatis
1235 3444 1438 3498 sanctis.
1455 3445 1744 3500 Vocatione
1769 3444 1864 3501 Dei

295 3536 668 3601 sanctiiicatis,
696 3544 752 3590 et
780 3534 974 3605 gratia,
998 3550 1104 3589 non
1139 3535 1347 3591 meritis
1371 3549 1592 3604 operum
1622 3548 1861 3590 suorum.

280 3623 474 3679 Gratia
495 3626 656 3679 vobis.
684 3625 830 3680 Talis
861 3634 942 3678 est
992 3624 1189 3694 ubique
1244 3625 1500 3679 salutatio
1553 3625 1699 3693 ejus,
1725 3635 1781 3678 ut
1812 3633 1868 3680 et

287 3725 683 3772 commemoret
713 3715 967 3771 beneﬁcia
996 3717 1113 3779 Dei,
1145 3725 1198 3770 et
1220 3731 1283 3770 ea
1305 3724 1453 3786 optet
1471 3716 1520 3769 in
1554 3717 1708 3770 nobis
1731 3716 1869 3772 inte-

285 3823 388 3877 gra
418 3823 749 3877 permanere,
776 3807 899 3878 quia
915 3808 1077 3878 gratis
1091 3807 1242 3861 nobis
1254 3816 1467 3876 peccata
1499 3807 1692 3862 donata
1717 3818 1866 3875 sunt,

288 3914 400 3953 non
430 3900 635 3954 meritis
664 3899 881 3953 nostris.
913 3898 980 3952 Et
1011 3915 1114 3965 pas:
1132 3915 1164 3951 a
1189 3896 1299 3952 Deo
1321 3897 1482 3953 Patre
1507 3909 1677 3954 nostro
1692 3908 1736 3953 et
1763 3899 1868 3952 Do-

288 3990 430 4043 mino
449 3987 576 4044 Iesu
605 3988 994 4043 Christo.Sicut
1019 3989 1084 4042 ad
1096 3989 1443 4044 Colossenses
1481 3989 1610 4044 dicit
1639 3991 1868 4050 :Bsciii-

285 4081 435 4134 cavit
473 4079 651 4134 omnia
699 4095 818 4148 qua:
867 4080 919 4133 in
949 4079 1086 4134 coelo
1113 4087 1305 4148 etquae
1335 4080 1388 4134 in
1421 4089 1560 4139 leua
1583 4090 1706 4135 sunt
1730 4124 1744 4148 ,
1773 4097 1869 4150 per

285 4169 603 4236 sanguinem
637 4169 784 4239 ejus,
809 4180 863 4223 et
889 4184 1024 4237 quos
1055 4169 1421 4226 redemit-«ult
1450 4172 1699 4238 paciﬁcos
1722 4174 1867 4225 vive-

286 4273 372 4314 re.
403 4258 636 4312 Primum
681 4261 884 4328 quidem
911 4260 1107 4330 gratias
1151 4277 1248 4329 ago
1283 4260 1404 4314 Deo
1443 4277 1555 4315 meo
1583 4279 1673 4330 per
1690 4261 1867 4317 Iesum

279 4350 575 4406 Christum.
616 4351 750 4416 Quia
779 4360 968 4404 natura
1001 4350 1141 4404 Deus
1170 4351 1407 4404 omnium
1429 4391 1446 4414 ,
1479 4353 1672 4404 merito
1696 4361 1750 4405 et
1776 4368 1867 4405 voc

288 4442 498 4498 laniate
515 4455 808 4509 paucorum
836 4449 941 4504 est,
975 4439 1096 4492 ideo
1125 4438 1282 4503 dixit,
1312 4439 1424 4492 Deo
1449 4454 1590 4494 meo.
1627 4441 1732 4493 Pro
1762 4459 1870 4494 om-

1966 3258 2166 3311 laboris
2194 3255 2276 3308 sui
2308 3255 2548 3307 nominat
2575 3257 2825 3307 tractum.
2858 3252 3005 3306 Sicut
3033 3262 3080 3306 et
3114 3255 3167 3305 in
3190 3255 3384 3306 steteris
3414 3270 3539 3325 gen-

1967 3348 2123 3413 tibus,
2153 3344 2344 3398 Gra-cis
2373 3359 2433 3395 ac
2457 3343 2704 3395 barbaris.
2735 3341 3060 3397 Subauditur
3083 3341 3262 3398 habeo.
3287 3342 3539 3409 Sapienti.

1967 3441 2057 3493 bus
2104 3448 2152 3490 et
2191 3436 2542 3507 insipientibus
2586 3434 2783 3490 debitor
2827 3451 2959 3490 sum.
2996 3435 3278 3504 Sapientes
3323 3433 3542 3489 Grazcos

1967 3530 2113 3594 dicit,
2140 3528 2438 3599 apud’quos
2484 3526 2661 3582 omnis
2708 3527 3044 3597 phil050phia
3072 3537 3194 3592 est;
3227 3526 3543 3596 insipientes

1969 3622 2224 3676 barbaros
2245 3623 2497 3693 appel'at.
2527 3619 2614 3674 Ita
2640 3621 2777 3689 quod
2806 3623 2859 3674 in
2892 3636 2970 3672 me
3003 3631 3295 3689 promptum
3323 3631 3419 3673 est.
3445 3619 3543 3674 Pa-

1969 3724 2139 3768 ratum
2168 3723 2250 3769 est
2302 3714 2354 3766 in
2395 3727 2499 3768 me.
2553 3710 2616 3764 Et
2648 3713 2783 3766 vobis
2814 3711 2901 3782 qui
2933 3711 3114 3766 Rome
3142 3712 3262 3766 estis
3291 3714 3543 3784 evangeli-

1967 3821 2102 3859 zare.
2147 3803 2324 3874 Eque
2353 3814 2409 3859 ut
2446 3803 2776 3873 sapientibus
2807 3802 3030 3859 Graecis.
3081 3801 3204 3857 Non
3251 3804 3385 3858 enim
3429 3819 3544 3857 eru-

1968 3898 2112 3952 besco
2141 3897 2495 3971 Evangelium.
2532 3897 2644 3952 Hoc
2673 3896 2940 3954 subtiliter
2964 3896 3030 3952 ad
3071 3896 3396 3952 taxationem
3420 3911 3545 3966 per-

1973 3990 2103 4045 tinet
2154 4005 2502 4060 paganorum,
2532 3988 2624 4058 qui
2662 3988 2857 4043 merito
2884 3988 2952 4042 de
2984 3987 3400 4042 incestatorihus
3441 3988 3545 4044 diis

1970 4085 2082 4140 suis
2117 4082 2385 4139 deberent
2432 4083 2751 4137 erubescere
2791 4100 2802 4135 :
2844 4096 2942 4136 nec
2997 4090 3173 4135 tamen
3223 4083 3545 4137 erubescunt

1971 4175 2137 4230 Deum
2177 4187 2333 4228 suum
2373 4171 2557 4227 Jovem
2593 4171 2849 4235 credere,
2891 4179 2944 4225 et
2985 4170 3407 4224 erubescendum
3451 4187 3546 4237 pu-

1971 4273 2107 4327 tant,
2154 4263 2432 4317 Dominum
2487 4271 2706 4329 propter
2749 4260 2975 4314 salutem
3006 4260 3202 4325 imagin
3227 4273 3252 4310 s
3294 4273 3402 4310 sua:
3434 4273 3545 4311 crc-

1970 4355 2120 4416 dere,
2146 4351 2456 4406 cruciﬁxum
2489 4366 2609 4403 cum
2635 4351 2684 4400 in
2715 4351 2883 4400 altero
2913 4346 3168 4409 dedecus,
3198 4346 3248 4398 in
3275 4347 3446 4399 altero
3475 4347 3546 4398 sit

1971 4445 2178 4512 insigne
2205 4440 2436 4495 virtutis.
2475 4440 2539 4492 Et
2577 4449 2761 4492 contra
2791 4451 2886 4492 eos
2915 4439 3001 4505 qui
3036 4445 3232 4506 negant
3275 4436 3546 4491 Christum

283 4531 441 4586 nibus
463 4531 621 4582 vobis.
653 4528 768 4583 Non
804 4545 898 4597 pro
937 4528 1137 4584 Jutlzeis
1177 4529 1327 4583 solis.
1360 4529 1494 4594 Quia
1537 4531 1663 4598 ﬁdes
1706 4544 1866 4586 vestra
1894 4559 1945 4618 Β
1973 4535 2026 4589 in
2056 4548 2238 4598 carne,
2269 4540 2324 4586 et
2352 4532 2673 4584 erubescunt
2727 4530 3054 4583 nativitatem
3103 4529 3310 4583 Domini
3337 4538 3391 4584 et
3417 4545 3542 4583 cru-

291 4623 628 4675 annuntiatur
651 4623 704 4675 in
732 4627 963 4675 universo
995 4622 1204 4675 mundo.
1236 4621 1512 4676 Subtiliter
1556 4623 1731 4676 laudat
1758 4667 1774 4690 ,
1801 4634 1866 4679 ut

291 4722 549 4783 provocet
571 4713 634 4767 ad
651 4714 968 4782 proiectum.
998 4714 1063 4768 Et
1083 4728 1208 4768 vere
1234 4714 1428 4783 ubique
1461 4715 1593 4770 ﬁdes
1617 4716 1758 4770 clara
1782 4728 1866 4772 est

289 4806 678 4862 Romanorum.
712 4807 899 4872 Fides,
931 4808 1139 4878 inquit,
1171 4817 1371 4876 vestra,
1401 4807 1556 4863 [idem
1585 4809 1723 4863 dixit
1748 4824 1870 4864 esse

286 4899 530 4967 illorum,
555 4916 671 4969 qua.-
694 4901 812 4955 sine
835 4899 999 4955 dubio
1022 4899 1138 4964 Dei,
1166 4907 1220 4953 et
1246 4915 1275 4952 a
1301 4899 1410 4954 Deo
1439 4899 1544 4953 illis
1571 4900 1738 4953 inlusa
1761 4909 1861 4965 est;

287 4991 389 5045 sed
411 4991 746 5048 consuetudo
774 4993 1070 5060 Scriptura:
1101 4992 1203 5045 hoc
1229 4992 1414 5054 habet,
1439 4994 1579 5046 sicut
1609 4995 1660 5046 in
1694 4993 1867 5048 Evan-

291 5081 432 5152 gelio
459 5083 531 5136 ait
560 5083 848 5137 Dominus:
869 5081 1056 5137 Nonne
1079 5080 1334 5149 scriptum
1358 5091 1440 5134 est
1456 5083 1507 5135 in
1532 5085 1646 5152 lege
1667 5094 1866 5148 vestra,

292 5173 428 5238 Quia
456 5189 556 5242 ego
581 5173 810 5240 dixi,i)ii
828 5173 998 5228 estis?
1028 5172 1123 5226 Vel
1151 5171 1281 5225 illud
1305 5171 1486 5227 :Sicut
1509 5177 1764 5244 scriptum
1787 5183 1871 5230 est

295 5264 348 5318 in
382 5264 500 5333 lege
528 5280 737 5330 eorum,
769 5264 902 5332 Quia
941 5264 1065 5318 odio
1107 5262 1407 5317 habuerunt
1456 5280 1542 5318 me
1579 5265 1783 5334 gratis;
1815 5275 1871 5320 et

298 5355 427 5410 alibi
469 5373 481 5408 :
517 5355 765 5427 Nunquid
798 5358 884 5411 lex
928 5365 1106 5410 nostra
1137 5354 1355 5409 damnat
1401 5353 1629 5426 aliquem
1662 5358 1870 5411 inaudi-

1969 4645 2108 4694 (ξε-1η,
2137 4629 2225 4698 qui
2257 4634 2444 4696 putant
2475 4625 2589 4677 lucc
2628 4623 2842 4693 indigna
2870 4622 3000 4688 Deo,
3032 4640 3136 4676 non
3186 4623 3545 4693 intelligentes

1972 4721 2100 4775 nihil
2132 4719 2342 4790 dignius
2385 4718 2495 4772 Deo
2524 4731 2682 4786 quam
2715 4715 2856 4785 quod
2895 4714 2959 4768 ad
3005 4716 3286 4770 humanam
3318 4718 3543 4770 salutem

1974 4813 2201 4882 proiicit.
2218 4811 2346 4866 Nam
2362 4811 2406 4865 si
2431 4809 2715 4865 incredulis
2728 4807 2950 4863 stultitia
2973 4819 3077 4875 est,
3094 4810 3184 4862 sed
3207 4809 3547 4864 credentibus

1975 4907 2066 4959 Dei
2099 4905 2286 4969 virtus,
2318 4912 2372 4956 et
2402 4902 2496 4957 Dei
2539 4901 2821 4970 sapientia.
2857 4899 3033 4953 Virtus
3071 4901 3204 4952 enim
3249 4899 3342 4952 Dei
3386 4909 3458 4952 cst
3493 4902 3546 4953 in

1974 4998 2206 5051 salutem.
2240 4993 2395 5049 Nulla
2420 4992 2590 5062 major
2611 4993 2779 5047 virtus
2818 4999 2900 5046 est
2927 5005 3084 5060 quam
3112 4989 3320 5043 devicta
3353 5001 3546 5054 morte,

1976 5087 2174 5142 homini
2217 5088 2379 5141 vitam
2405 5085 2662 5154 perditam
2700 5083 2944 5144 reddere,
2975 5081 3218 5150 quamvis
3243 5080 3546 5146 inﬁrmitas,

1975 5177 2024 5232 id
2051 5187 2132 5232 est
2157 5177 2478 5242 humanitas,
2504 5177 2555 5230 in
2579 5179 2793 5238 virtute,
2826 5175 2925 5228 hoc
2953 5181 3037 5228 est
3063 5173 3114 5226 in
3143 5171 3438 5232 divinitate,
3464 5170 3550 5223 in-

1973 5267 2246 5324 credibilis
2276 5267 2524 5322 videatur
2566 5266 2874 5321 incredulis.
2921 5264 3073 5318 Omni
3094 5262 3336 5326 credenti,
3362 5260 3548 5315 Judteo

1978 5363 2198 5429 primum
2225 5371 2269 5416 et
2293 5360 2496 5425 Graeco;
2517 5361 2719 5431 justitia
2749 5359 2881 5412 enim
2913 5357 3006 5411 Dei
3027 5358 3078 5410 in
3102 5372 3159 5410 eo
3187 5356 3454 5409 reveletur.
3483 5357 3550 5410 Ut

355 5491 374 5510 ⁸
399 5491 640 5554 Εχγνυιε.
663 5492 930 5540 addidimus
950 5504 1070 5542 sum.
1101 5489 1191 5538 Ubi
1220 5489 1454 5554 lectorem
1480 5494 1712 5543 monitum
1734 5495 1974 5554 volutatis,
2001 5497 2284 5547 Primasinm
2329 5500 2377 5550 in
2417 5498 2493 5547 his
2517 5494 2872 5554 commentariis
2908 5491 3193 5551 frequenter
3211 5507 3234 5539 a
3265 5499 3404 5542 textu
3430 5489 3551 5538 Vul-

295 5551 697 5620 gstteaberrare,
716 5556 819 5602 sive
840 5559 1070 5620 memoria
1091 5566 1202 5600 eum
1227 5553 1595 5620 suaiel‘elriorit,
1629 5551 2162 5620 sive__typographorum
2184 5561 2449 5608 oscitantis:
2471 5559 2616 5607 aliive
2642 5569 2798 5605 causa:
2823 5551 2936 5601 illud
2957 5561 3016 5601 st
3040 5555 3367 5620 tribttt'ttdnnt.
3405 5554 3464 5606 Ut
3495 5564 3551 5607 ιιι

297 5626 389 5680 cat,
419 5615 974 5680 l'rimasianum_tcxtum
999 5619 1227 5664 intactum
1255 5615 1587 5676 exhibuimus,
1615 5615 1944 5680 nisiV'ulgstze
1961 5615 2190 5670 lectionis
2213 5624 2572 5671 restitutionem
2599 5631 2774 5668 sensus
2799 5625 2845 5666 ct
2863 5619 3078 5675 syntnxis
3101 5618 3362 5667 evidenter
3387 5630 3551 5679 pesti:-

283 5675 479 5746 riari-nt.
501 5679 758 5746 CfPliirUiiL
767 5677 1029 5727 lectoribus
1053 5680 1248 5740 nostris,
1276 5692 1458 5729 sacram
1481 5675 1777 5742 Scripturam
1805 5675 1946 5730 manu
1969 5682 2139 5732 diurna
2173 5691 2504 5746 nocturnaque
2525 5682 2853 5742 versantibus,
2873 5690 2932 5731 se
2955 5679 3092 5742 quasi
3117 5693 3290 5742 sponte
3312 5675 3554 5734 variantes

298 5742 480 5790 dabunt
504 5740 588 5786 ubi
601 5740 688 5788 ias.
724 5739 858 5790 Eorr.
