4004 6354
499 309 601 362 419

1613 299 1903 356 Ρῐὶυιλει.
1944 297 2126 352 A'DRU
2139 297 2180 351 Μ
2194 298 2390 355 ΕΤΑὶίΙ
2434 303 2644 361 El’lSC.

3649 312 3756 365 £50

497 425 763 494 quomodo
810 422 1078 476 Abraham
1109 419 1335 474 credens
1382 431 1448 472 ex
1481 416 1730 487 gentibus
1776 429 1870 484 per
1909 413 2066 466 tidem
2098 416 2143 470 Α
2175 429 2289 468 mos
2315 418 2469 472 toties
2492 420 3216 487 asserunttransl'ormatum,
3244 421 3388 476 velut
3418 421 3469 475 in
3497 437 3753 492 cygnum,

496 521 728 572 salvatus
749 526 850 576 est.
877 516 946 568 ita
969 524 1021 567 et
1043 511 1218 566 ctuti-ri
1243 508 1522 563 credentes
1544 513 1830 559 satveutur.
1863 504 1943 557 Ea:
1965 502 2068 571 ﬁde

496 615 548 664 in
579 611 753 675 ﬁdem,
783 609 908 660 sicut
939 605 1182 669 scriptum
1211 614 1281 654 est
1307 617 1320 653 :
1344 598 1524 651 Justus
1549 608 1718 650 au'em
1746 613 1810 649 ea:
1835 597 1936 664 [ide
1959 612 2065 646 mea

499 706 636 758 vivit.
672 704 744 755 Ex
771 700 872 754 ﬁde
901 697 1106 750 Veteris
1136 691 1458 747 Testameuti
1483 689 1806 758 justiticatur
1827 687 2065 750 λυιὶωιις,

497 814 560 853 ex
593 795 742 857 Novi,
770 791 996 863 gentilis,
1040 788 1163 837 dum
1195 784 1408 837 Judams
1434 782 1608 834 credit
1637 781 1774 847 quod
1813 785 1912 831 hoc
1938 791 2064 830 ante

498 891 769 962 propheta:
813 882 1172 954 pra'dixeriut.
1210 878 1336 928 Item
1363 877 1550 928 aliter:
1581 875 1652 926 Ex
1685 874 1787 926 lide
1818 870 2065 940 prazsenti

497 985 550 1037 in
582 984 775 1042 futura,
809 977 925 1037 ιιυί.ι
970 973 1100 1025 lides
1131 970 1194 1021 ad
1239 967 1516 1020 invisibilia
1550 965 1798 1031 pertinet,
1848 978 1966 1031 qum
2016 971 2067 1016 ct

495 1075 595 1127 sub
640 1071 811 1123 Veteri
838 1066 1202 1124 Testamento,
1236 1072 1290 1114 ct
1330 1060 1379 1111 in
1411 1059 1555 1111 Novo
1586 1059 1727 1109 dnuo
1759 1055 1850 1109 Dei
1896 1055 2065 1110 inlusa

493 1175 593 1219 est.
631 1163 692 1215 Et
739 1161 857 1212 ideo
882 1157 1004 1210 dicit
1041 1173 1052 1206 :
1088 1156 1270 1207 Justus
1301 1161 1477 1203 autem
1509 1164 1573 1202 ex
1610 1148 1711 1200 ﬁde
1760 1161 1876 1200 mea
1915 1147 2063 1200 vivit.

496 1253 764 1308 Rere/ator
791 1251 922 1302 enim
962 1249 1038 1300 ira
1074 1244 1164 1296 Dei
1209 1246 1272 1295 de
1312 1243 1454 1294 ctrlo.
1483 1242 1674 1293 Contra
1708 1250 1908 1307 partem
1937 1253 2068 1304 gen-

491 1348 620 1400 tium
667 1344 923 1411 loquitur,
971 1339 1205 1405 dicitque
1248 1335 1341 1388 Dei
1392 1334 1521 1386 iram
1577 1347 1669 1398 per
1721 1331 2063 1398 Evangeliuin

488 1438 734 1494 revelari.
771 1435 1036 1488 Noveram
1067 1431 1205 1483 enim
1242 1427 1484 1480 homines
1514 1434 1567 1479 et
1592 1424 1846 1478 beneﬁcia
1876 1433 1929 1475 et
1957 1423 2065 1490 pla-

486 1549 580 1602 gas
608 1541 920 1595 cx5pecmre
949 1527 1017 1579 de
1041 1524 1212 1579 oculis.
1260 1523 1427 1588 Super
1460 1536 1656 1572 onmem
1687 1520 1989 1586 impietatem
2019 1525 2066 1570 et

485 1623 792 1693 injustitiam
812 1618 1099 1671 hominum.
1118 1616 1289 1668 l'rima
1306 1614 1550 1681 impietas
1569 1611 1619 1664 in
1634 1609 1822 1673 Deum,
1843 1623 2064 1678 peccare

484 1725 567 1769 est
591 1724 683 1767 aut
709 1728 803 1780 per
832 1707 1238 1778 b'asphemiam,
1271 1713 1362 1758 aut
1407 1719 1499 1771 per
1527 1711 1913 1768 contemptum.
1945 1699 2059 1754 Alia

2173 514 2228 558 et
2253 514 2482 562 taurum.
2511 509 2733 580 Propter
2755 513 2892 581 quod
2922 513 3134 566 tradidit
3163 512 3281 566 illos
3315 512 3453 566 Deus
3474 514 3529 567 in
3557 515 3761 566 deside-

2173 597 2249 647 ria
2280 600 2447 650 cordis
2468 618 2664 653 eorum.
2699 603 2931 656 Tradere
2964 604 3164 657 dicitur
3189 605 3352 672 Deus,
3384 606 3513 657 dum
3539 620 3646 656 nun
3672 619 3757 656 re-

2173 687 2305 739 tinet
2353 689 2724 757 delinquentes
2750 693 2897 760 justo
2935 693 3157 760 judicio,
3210 705 3428 763 propter
3457 695 3662 750 arbitrii
3695 696 3756 747 li-

2172 778 2428 833 hertatem
2479 783 2543 834 aii
2577 786 2771 837 malum
2796 785 3267 854 promptissimam.
3295 785 3628 851 Dereliuqoit
3658 800 3757 837 au-

2172 883 2275 925 tem
2308 877 2704 945 dereliquentcs
2743 895 2824 940 se.
2852 882 2987 934 sicut
3012 881 3139 935 dicit
3175 898 3266 949 per
3297 882 3616 950 Prophetam
3646 898 3661 932 :
3693 882 3746 934 Si

2169 980 2344 1023 autem
2375 970 2698 1038 reliqueiitis
2727 987 2872 1035 eum,
2904 982 2957 1025 et
3004 973 3119 1041 ipse
3152 974 3416 1042 relinquet
3445 989 3560 1026 νινε.
3595 973 3662 1025 Ει
3685 973 3748 1026 il-

2173 1060 2258 1114 lud
2286 1078 2298 1112 :
2324 1060 2510 1115 Dimisi
2538 1078 2631 1117 eos
2653 1066 2948 1119 secundum
2973 1066 3236 1120 desideria
3265 1065 3442 1120 contis
3465 1081 3677 1131 eorum,
3699 1074 3748 1118 et

2170 1153 2321 1206 ibunt
2353 1154 2403 1207 in
2435 1155 2794 1222 voluptatibus
2821 1158 2955 1211 suis.
2986 1157 3050 1210 In
3080 1157 3481 1209 immunditiam.
3507 1157 3639 1220 Qua:
3669 1166 3748 1208 est

2169 1241 2220 1293 in
2250 1242 2492 1309 turpibus
2522 1245 2794 1315 mysteriis
2834 1245 3118 1299 idolorum.
3169 1244 3238 1299 Ut
3277 1245 3602 1298 contumeliis
3634 1245 3746 1312 afﬁ-

2167 1335 2299 1386 ciant
2330 1350 2548 1405 corpora
2590 1351 2707 1391 sua.
2741 1335 2874 1390 Dom
2907 1337 3007 1390 sibi
3051 1337 3393 1392 characteres
3426 1346 3480 1390 et
3511 1339 3744 1391 ustioues

2171 1424 2412 1493 inﬂigunt
2439 1425 2491 1478 iu
2530 1427 3026 1483 consecrationibus
3047 1429 3332 1482 idolorum.
3355 1428 3423 1482 In
3445 1429 3742 1495 semetipsis.

2169 1515 2342 1594 ‘Vitznm
2388 1532 2545 1583 quam
2596 1529 2837 1573 amantes
2866 1533 2964 1574 nec
2999 1520 3099 1573 sibi
3131 1529 3371 1589 parcant,
3400 1531 3458 1572 ut
3492 1521 3656 1575 etiam
3690 1519 3738 1573 in

2168 1607 2270 1661 hoc
2293 1610 2492 1662 erroris
2538 1610 2620 1663 sui
2673 1626 2881 1666 cmnam
2934 1612 3223 1681 perferant.
3259 1614 3359 1677 Qui
3402 1621 3661 1666 commata
3693 1629 3741 1664 e-

2166 1708 2282 1751 runt
2310 1703 2563 1753 veritatem
2597 1701 2689 1755 Dei
2716 1703 2772 1756 iu
2797 1705 3134 1760 mendacium.
3173 1704 3585 1759 'l‘raustulerunt
3629 1705 3738 1757 veri

485 1808 537 1862 in
570 1817 817 1877 parentes
837 1845 853 1870 ,
886 1811 980 1856 aut
1011 1801 1220 1868 injuria,
1249 1806 1340 1850 aut
1377 1796 1655 1864 despectu.
1680 1793 1862 1849 Tertia
1890 1794 1940 1847 in
1965 1807 2061 1847 ex-
2093 1780 2141 1841 Β
2171 1790 2259 1844 Dei
2281 1794 2542 1846 culturam
2573 1795 2623 1847 in
2656 1794 2988 1850 mendacium
3028 1796 3290 1850 idolorum
3317 1836 3332 1860 ,
3360 1795 3453 1865 qui
3484 1795 3615 1848 falso
3647 1809 3738 1863 pro

485 1910 752 1958 traueum,
783 1894 901 1964 quia
930 1906 1090 1945 omne
1119 1887 1443 1942 contrarium
1476 1884 1657 1954 pietati
1689 1884 1933 1950 impietas
1956 1891 2056 1938 est.

483 1992 681 2054 Quarla
700 1988 748 2038 in
773 1980 1263 2048 semetipsos,sicut
1284 1976 1552 2045 Sapientia
1581 1973 1850 2038 dicitzQui
1880 1983 2057 2028 autem

482 2090 700 2148 peccant
746 2078 794 2130 in
828 2091 934 2138 me,
983 2075 1144 2142 impie
1175 2073 1372 2126 iaciunt
1412 2071 1466 2124 in
1512 2084 1634 2122 suas
1677 2069 1902 2121 animas.
1932 2065 2059 2121 Sive

478 2189 687 2224 munem
717 2169 1064 2238 impietatem,
1094 2167 1216 2235 quia
1247 2163 1476 2218 diversa:
1499 2172 1622 2216 sunt
1650 2161 1916 2215 idolorum
1939 2161 2056 2214 cul-

479 2276 630 2327 tur.v,
658 2270 715 2315 ut
737 2261 984 2327 impietas
1009 2258 1074 2311 ad
1102 2257 1350 2326 injuriam
1376 2254 1487 2320 Dei,
1514 2251 1767 2321 iujustitia
1789 2250 1855 2304 ad
1878 2251 2055 2305 omnia

478 2367 694 2424 peccata
725 2354 1012 2408 referatur.
1043 2350 1239 2403 Eorum
1265 2350 1353 2416 qui
1383 2347 1640 2400 veritatem
1668 2345 1720 2398 in
1739 2344 1944 2415 justitia
1971 2343 2057 2396 de-

477 2449 652 2499 tinent.
683 2444 782 2511 Qui
813 2444 1092 2497 veritatem
1137 2439 1368 2494 nominis
1407 2437 1502 2491 Dei
1533 2437 1584 2490 in
1629 2434 1885 2504 injoStiIia
1916 2435 2055 2488 indi-

478 2554 593 2604 gna!
634 2536 872 2589 materia:
919 2533 1160 2589 detinent
1205 2531 1488 2585 idolorum.
1525 2529 1659 2593 Quia
1701 2528 1837 2598 quod
1878 2537 2055 2580 notum

477 2638 549 2682 est
576 2627 687 2695 Dei,
713 2627 1035 2696 manifestum
1061 2633 1132 2678 est
1163 2624 1216 2677 in
1243 2622 1368 2677 illis.
1398 2621 1584 2676 Omnis
1603 2628 1847 2675 creatura
1871 2626 2044 2672 osten-

475 2722 554 2776 dit
573 2737 631 2777 se
654 2736 757 2774 non
779 2734 900 2774 esse
925 2720 1111 2781 Deum,
1135 2716 1227 2771 sed
1250 2730 1369 2770 esse
1392 2714 1554 2768 alium
1583 2713 1670 2782 qui
1693 2726 1810 2766 eam
1835 2709 2049 2776 iecerit,

473 2814 559 2870 cui
588 2813 805 2868 servitio
835 2826 1021 2881 parere
1050 2822 1271 2863 necesse
1299 2809 1389 2873 sit,
1437 2805 1750 2860 naturaliter
1776 2804 1918 2859 enim
1953 2817 2050 2868 po-

455 2913 578 2959 test
601 2905 737 2958 seire
759 2903 824 2958 de
854 2902 963 2956 Deo
985 2899 1124 2969 quod
1155 2899 1243 2962 sit,
1274 2906 1330 2953 et
1357 2897 1498 2966 quod
1525 2895 1703 2965 justus
1730 2895 1821 2962 sit,
1853 2903 1906 2948 et
1935 2894 2046 2962 ipsa

473 3005 715 3051 creatura
740 3009 841 3048 non
867 3007 985 3047 esse
1006 3007 1033 3042 a
1063 2989 1375 3056 semetipsa,
1403 2987 1524 3056 quia
1549 2986 1719 3054 major
1745 2999 1838 3053 per
1868 2985 2046 3038 omnia

473 3087 718 3143 omnibus
742 3085 882 3140 nulla
904 3093 1006 3149 est,
1031 3082 1152 3152 quia
1176 3094 1364 3134 omnes
1387 3092 1446 3131 se
1469 3077 1781 3131 alterutram
1807 3075 2045 3140 vincunt,

2163 1880 2264 1935 diis
2295 1883 2575 1948 habentur,
2609 1884 2793 1940 fallunt
2825 1887 2990 1948 enim,
3026 1887 3150 1940 dum
3181 1887 3284 1940 hoc
3327 1901 3384 1940 se
3413 1886 3736 1940 mentiamur

2162 1989 2282 2030 esse
2309 1976 2448 2044 quod
2479 1993 2581 2032 non
2611 1989 2754 2032 sunt.
2800 1979 2867 2031 Et
2898 1979 3166 2033 coluerunt
3197 1989 3247 2032 et
3286 1979 3568 2032 servierunt
3597 1995 3736 2030 crea-

2164 2075 2290 2119 tura:
2317 2068 2480 2138 p0'ius
2509 2085 2663 2137 quam
2693 2069 2938 2124 Creatori.
2970 2069 3085 2123 Non
3133 2071 3303 2124 solum
3333 2071 3608 2132 dixerunt,
3638 2069 3730 2123 sed

2161 2158 2318 2210 etiam
2349 2160 2670 2225 servierunt,
2693 2170 2745 2214 et
2773 2161 3080 2230 quicunque
3104 2161 3327 2229 alicujus
3358 2172 3617 2214 creaturae
3638 2175 3735 2214 eu-

2161 2248 2377 2316 piditate
2415 2251 2664 2314 vincitur,
2697 2252 2793 2320 ipsi
2819 2254 3018 2316 servit;
3065 2267 3094 2307 a
3123 2269 3227 2322 quo
3255 2267 3398 2306 enim
3425 2254 3544 2320 quis
3573 2253 3734 2306 vinci-

2161 2346 2268 2404 tur,
2314 2339 2470 2408 hujus
2511 2352 2565 2396 et
2603 2355 2786 2395 servus
2815 2352 2916 2407 est,
2970 2343 3020 2397 in
3045 2355 3246 2397 tantum
3289 2353 3425 2398 utet
3453 2354 3641 2398 venter
3668 2347 3734 2398 sit

2159 2432 2323 2487 Deus.
2351 2434 2450 2499 Qui
2480 2445 2554 2488 est
2581 2434 2868 2489 benedictus
2899 2437 2951 2489 in
2977 2438 3185 2490 sa’cula.
3217 2437 3310 2491 Cui
3335 2438 3378 2490 si
3410 2438 3722 2501 servissent,

2156 2535 2211 2582 et
2237 2526 2336 2596 ipsi
2381 2528 2644 2583 benedicti
2673 2529 2722 2582 in
2752 2530 2949 2583 smcula
2982 2529 3098 2584 ﬁeri
3127 2539 3428 2599 pt.tuerunt.
3469 2528 3727 2584 Maledieti

2154 2632 2305 2686 ergo,
2336 2628 2390 2672 et
2419 2620 2740 2686 temporales
2767 2619 2941 2674 effecti
2990 2631 3135 2684 sunt,
3166 2622 3254 2689 qui
3285 2620 3625 2675 benedictum
3674 2622 3722 2673 iu

2153 2711 2345 2766 saecula
2368 2711 2712 2780 reliquerunt.
2741 2713 2814 2767 De
2839 2713 3030 2767 talibus
3051 2713 3190 2767 enim
3219 2713 3418 2767 dicitur
3443 2713 3727 2766 :Similiter

2153 2802 2275 2856 odio
2297 2813 2421 2856 sunt
2448 2803 2664 2871 impius,
2693 2812 2748 2858 et
2771 2803 3017 2872 impietas
3047 2804 3183 2872 ejus.
3219 2806 3396 2857 Amen.
3428 2803 3588 2866 Vere,
3613 2805 3727 2856 sive

2152 2895 2398 2951 ﬁdeliter.
2434 2896 2718 2963 Propterea
2762 2899 2979 2952 tradidit
3019 2899 3135 2952 illos
3189 2899 3324 2952 Deus
3371 2901 3425 2952 in
3468 2901 3727 2968 passiones

2149 2998 2460 3068 ignominiaz.
2487 2997 2708 3064 Pmpter
2730 3012 2919 3058 cauas
2943 2996 3187 3066 superius
3217 3006 3541 3050 memoratas
3563 2995 3719 3048 etiam

2150 3088 2201 3141 in
2233 3087 2315 3141 his
2340 3087 2552 3155 ﬂagitiis
2582 3087 2785 3141 dimissi
2819 3097 2963 3152 sunt,
3009 3096 3064 3140 ut
3095 3087 3271 3155 passio
3291 3087 3402 3139 vitii
3427 3087 3535 3154 jam
3566 3101 3721 3154 pana

471 3185 586 3238 alia:
611 3180 990 3251 magnitudine,
1016 3174 1324 3234 utctelum;
1357 3171 1477 3226 alia:
1496 3169 1761 3231 claritate,
1789 3177 1847 3222 ut
1868 3167 1969 3230 sol,
1991 3178 2044 3222 et
2071 3161 2120 3228 C
2151 3177 2348 3247 peccari
2374 3176 2463 3230 sit,
2499 3177 2635 3230 Nam
2684 3177 2886 3244 {emtum
2936 3192 3134 3229 εονωη,
3181 3175 3302 3230 Ideo
3346 3175 3460 3244 ipsa
3500 3177 3722 3230 crimina

471 3275 614 3335 luna,
643 3273 726 3326 vel
752 3270 923 3325 stella:
949 3267 1242 3338 przeclarte.
1271 3262 1412 3316 Deus
1442 3261 1575 3316 enim
1618 3261 1721 3314 illis
1751 3259 2045 3327 manifesta-

469 3368 558 3421 oit.
584 3365 817 3419 Virtutes
843 3360 960 3431 ejus
987 3359 1210 3414 occultae
1237 3372 1301 3412 ex
1329 3356 1393 3410 iis
1418 3370 1536 3425 quae
1579 3354 1751 3423 palam
1775 3362 1899 3407 sunt
1930 3367 2044 3406 ma-

470 3456 811 3510 uifestantur.
848 3449 1134 3505 Invisibilia
1176 3450 1312 3503 enim
1342 3447 1503 3516 ipsius
1544 3462 1575 3498 a
1612 3454 1843 3498 creatura
1869 3443 2046 3496 mundi

470 3565 560 3617 per
577 3564 635 3600 ca
657 3561 768 3612 quo:
797 3544 931 3610 facta
962 3550 1078 3594 sunt
1105 3539 1361 3592 intel'ecta
1391 3537 1793 3604 conspiciuntur.
1819 3535 1874 3587 Si
1897 3535 2043 3588 enim

469 3657 528 3696 ea
561 3656 678 3707 qua:
707 3637 956 3690 videntur
984 3643 1092 3686 tam
1118 3633 1396 3699 praeclara,
1428 3629 1497 3683 ab
1527 3631 1616 3683 illo
1646 3632 1781 3682 iacta
1810 3636 1963 3694 sunt,
1991 3638 2048 3681 ut

469 3730 682 3798 quidam
726 3727 815 3779 illa
857 3726 987 3777 deos
1026 3731 1297 3792 putarent,
1347 3729 1546 3790 quanto
1582 3717 1748 3788 magis
1791 3718 2045 3773 factorem

468 3816 852 3885 sempiternum
881 3811 1010 3866 intel
1037 3812 1182 3879 igere
1205 3811 1528 3877 potuerunt?
1559 3805 1885 3875 Sempi'erna
1913 3824 2044 3876 quo-

467 3922 566 3971 que
585 3908 696 3975 ejus
715 3904 871 3956 virtus
898 3909 944 3954 et
985 3899 1241 3962 divinitas,
1281 3909 1335 3951 ut
1359 3899 1458 3950 sint
1487 3896 1877 3951 inexcusabilcs.
1902 3895 2044 3966 Ergo

467 3999 714 4054 Christus
735 3995 1115 4064 sempiternus,
1143 3995 1262 4062 quia
1292 3992 1385 4047 D:i
1419 3993 1584 4047 virtus
1626 4003 1680 4047 et
1719 3993 1810 4046 Dei
1840 3993 2050 4060 sapien-

470 4089 541 4143 tia
571 4096 672 4142 est.
713 4086 848 4151 Quia
874 4101 991 4139 cum
1034 4085 1383 4154 cognovissent
1417 4083 1604 4138 Deum.
1647 4083 1929 4151 Quomodo
1957 4099 2048 4135 co-

467 4178 804 4250 gnoverunt?
848 4179 961 4232 sive
991 4191 1054 4230 es
1085 4176 1409 4230 conscientia
1443 4191 1536 4244 per
1579 4176 1796 4230 insitam
1826 4177 1926 4232 sibi
1959 4192 2047 4230 ra-

469 4273 694 4336 tionem,
721 4271 838 4323 sive
864 4285 927 4322 ex
957 4268 1138 4322 mundi
1163 4267 1395 4332 factura,
1420 4270 1544 4338 quia
1565 4269 1741 4322 omnia
1773 4270 2046 4324 mutabilia

469 4373 614 4429 sunt,
662 4362 807 4417 solus
838 4361 980 4415 Deus
1025 4361 1500 4416 incommutabilis.
1545 4360 1666 4415 Non
1707 4365 1835 4415 sicut
1883 4360 2045 4416 Deum

467 4455 899 4524 gloriﬁcaverunt.
931 4453 1044 4508 Non
1097 4454 1244 4508 illum
1291 4470 1386 4522 per
1426 4469 1576 4508 suam
1624 4455 2039 4524 magnitudinem

2148 3268 2425 3325 evidenter
2487 3269 2787 3337 expressit,
2848 3277 2905 3321 ut
2959 3281 3252 3336 cognoscas
3303 3280 3397 3321 eos
3464 3266 3720 3320 rationem

2147 3357 2448 3426 perdidisse.
2520 3370 2722 3410 natura:
2757 3396 2772 3420 ,
2838 3355 2928 3425 qui
3002 3365 3179 3409 tamen
3242 3365 3485 3409 amentes
3547 3354 3722 3409 effecti

2147 3459 2299 3512 sunt,
2352 3459 2408 3502 ut
2458 3449 2634 3503 omnia
2687 3457 3085 3516 perverterent.
3128 3450 3182 3502 in
3224 3450 3388 3502 Dettm
3441 3452 3718 3516 perversi;

2149 3555 2322 3607 neque
2376 3541 2517 3594 enim
2584 3540 2827 3595 ordinem
2907 3550 3112 3594 natura:
3169 3556 3386 3595 servare
3455 3550 3720 3610 possunt,

2149 3633 2236 3701 qui
2281 3639 2553 3685 auctorem
2603 3641 2803 3685 natura:
2851 3633 3268 3700 dereliquerunt.
3315 3631 3721 3687 lmmutaverunt

2149 3721 2437 3776 naturalem
2468 3738 2616 3775 usum
2645 3723 2699 3775 in
2725 3739 2843 3776 eum
2864 3740 3015 3777 usum
3042 3725 3131 3793 qui
3151 3734 3225 3778 est
3251 3734 3429 3777 contra
3459 3737 3720 3780 naturam.

2148 3813 2336 3865 Omnia
2361 3822 2750 3879 perverterunt,
2783 3817 2922 3870 sicut
2948 3818 3202 3884 scriptum
3231 3826 3334 3871 est.
3381 3815 3723 3872 lul'andorum

2149 3904 2290 3958 enim
2319 3904 2579 3959 idolorum
2625 3906 2831 3961 cultura
2860 3908 3037 3962 omnis
3068 3907 3189 3961 mali
3216 3918 3376 3974 caput
3415 3922 3519 3972 est,
3547 3919 3604 3964 et
3624 3910 3726 3964 ini-

2150 3996 2300 4059 tium,
2317 4004 2369 4050 et
2392 3996 2530 4053 linis.
2550 3996 2800 4049 Similiter
2827 4006 2995 4050 autem
3016 4009 3063 4051 et
3090 4000 3335 4067 masculi,
3376 4001 3555 4054 relicto
3575 4011 3726 4053 natu-

2146 4085 2246 4140 rali
2277 4103 2372 4139 usu
2405 4087 2623 4156 femina.
2647 4087 2922 4153 Quomodo
2951 4088 3092 4141 enim
3115 4089 3353 4143 ordinem
3384 4102 3587 4144 natura:
3613 4108 3723 4145 ser-

2147 4189 2384 4243 vassent,
2410 4190 2626 4234 auctore
2649 4190 2852 4233 natura
2888 4179 3180 4236 derelicto?
3211 4179 3525 4236 Exarserunt
3557 4185 3609 4236 in
3637 4184 3726 4237 de-

2146 4273 2349 4326 sideriis
2370 4273 2498 4335 suis,
2526 4273 2734 4324 invicem
2752 4273 2967 4324 masculi
2999 4274 3050 4325 in
3081 4273 3334 4326 masculos
3357 4275 3724 4343 turpitudinem

2148 4375 2433 4432 amantes.
2464 4362 2728 4418 Elfrenata
2757 4362 2922 4416 libido
2944 4366 3160 4418 modum
3183 4380 3398 4419 servare
3419 4381 3526 4419 non
3556 4366 3721 4420 novit.

2150 4455 2216 4509 Et
2242 4457 2517 4510 mercedem
2554 4471 2705 4521 quam
2745 4457 2969 4526 oportuit
2996 4458 3182 4511 erroris
3216 4457 3296 4511 sui
3345 4459 3399 4511 in
3441 4460 3725 4524 semetipsis

469 4522 708 4596 venerati
740 4555 886 4610 sunt,
912 4544 1005 4597 sed
1033 4559 1126 4612 pro
1156 4545 1264 4599 Deo
1296 4544 1437 4598 idola
1468 4522 1770 4599 coluerunt.
1797 4546 1895 4598 Aut
1916 4562 2040 4616 gra~
2071 4522 2125 4581 D
2148 4548 2462 4615 recipientes.
2499 4546 2536 4601 S
2559 4562 2589 4600 c
2616 4522 2788 4600 currit
2808 4547 2961 4611 ordo,
2987 4558 3045 4602 ut
3081 4551 3170 4617 qui
3197 4548 3407 4602 Domini
3428 4549 3580 4602 obliti
3614 4522 3726 4602 l'ue—

469 4633 566 4684 tias
596 4643 825 4703 egerunt.
859 4634 993 4699 Quia
1023 4636 1362 4691 rationabiles
1402 4637 1470 4690 ab
1499 4653 1562 4690 eo
1597 4637 1717 4690 facti
1747 4647 1891 4691 sunt.
1939 4636 2044 4691 Sed

467 4733 781 4776 evanuerunt
824 4724 876 4776 in
927 4724 1313 4792 cogitationibus
1356 4728 1486 4781 suis.
1527 4727 1786 4780 Putantcs
1843 4741 1903 4778 se
1950 4725 2043 4779 Dei

467 4814 890 4884 magnitudinem
920 4829 1077 4884 posse
1105 4816 1582 4890 comprehendere.
1617 4815 1683 4868 Et
1717 4816 2044 4868 obscuratum

465 4916 540 4960 est
567 4907 811 4976 insipiens
855 4924 941 4960 cor
979 4923 1174 4961 eorum.
1205 4907 1534 4960 Recedentes
1565 4908 1748 4976 utique
1777 4922 1807 4961 a
1848 4908 2032 4962 limine

467 4999 728 5065 veritatis,
757 5007 1056 5052 creaturam
1083 5014 1178 5065 pro
1209 4997 1460 5052 Creatore
1487 5001 1814 5068 venerando,
1849 5017 2034 5056 verum

466 5087 669 5155 lumen,
713 5089 763 5142 id
793 5100 877 5143 est
915 5088 1008 5142 Dei
1040 5088 1357 5157 sapientiam
1390 5090 1758 5158 perdiderunt.
1798 5093 2039 5148 Dicentes

463 5185 594 5237 enim
624 5200 678 5238 se
698 5200 803 5238 esse
822 5185 1092 5252 sapientes.
1124 5180 1288 5248 Quasi
1309 5184 1396 5252 qui
1419 5184 1714 5242 invenirent
1767 5189 2036 5258 quomodo

465 5276 746 5330 invisibilis
795 5276 936 5330 Deus
985 5275 1036 5329 iu
1083 5275 1427 5330 simulacrum
1478 5279 1695 5335 visibile
1745 5281 2032 5334 coleretur.

463 5368 625 5420 Stulti
663 5369 786 5437 facti
815 5375 954 5421 sunt.
999 5365 1115 5421 Non
1145 5366 1504 5439 intelligentes
1551 5369 1712 5423 Deum
1746 5384 1852 5422 non
1891 5384 2032 5436 esse,

461 5475 618 5513 auem
653 5462 814 5512 hotuo
861 5459 1096 5513 fecisset.
1147 5457 1215 5511 Et
1248 5469 1565 5514 mutaverunt
1607 5461 1824 5532 gloriam
1871 5461 2036 5512 incor-

462 5551 720 5609 rnptibslis
753 5549 847 5604 Dei
880 5552 931 5604 in
979 5552 1368 5605 similitudinem
1412 5554 1651 5621 imaginis
1693 5552 2035 5621 corruptibilis

460 5640 681 5692 hominis
711 5652 756 5694 et
785 5644 1005 5696 volucris
1035 5653 1081 5697 et
1107 5645 1492 5715 quadrupedum
1523 5654 1568 5698 et
1593 5654 1903 5713 serpentum.
1936 5643 2035 5697 Hic

458 5729 604 5786 lovis
626 5731 859 5786 cultores
880 5734 1130 5802 appellat,
1165 5750 1322 5806 quem
1351 5734 2028 5807 propteramorcslaadissi-

2151 4649 2287 4701 rant,
2317 4653 2414 4692 nec
2439 4653 2499 4691 se
2525 4639 2670 4704 ipsos
2707 4649 3119 4707 cognoscerent.
3157 4639 3219 4692 Et
3247 4640 3379 4693 sicut
3409 4656 3510 4693 non
3539 4642 3724 4709 proba-

2147 4737 2322 4780 verunt
2352 4726 2646 4780 Dominum.
2675 4727 2787 4781 Non
2812 4728 3137 4793 nescierunt,
3164 4730 3256 4784 sed
3284 4731 3506 4784 minimo
3535 4731 3723 4797 proba-

2149 4832 2360 4875 verunt.
2394 4821 2488 4874 ille
2517 4821 2657 4875 enim
2692 4822 2978 4878 Dominum
3009 4825 3199 4893 probat
3229 4823 3427 4877 habere
3455 4840 3516 4879 se
3544 4824 3597 4878 in
3625 4841 3720 4879 no-

2145 4913 2281 4976 titia,
2323 4913 2412 4982 qui
2435 4926 2650 4979 semper
2679 4923 2931 4983 tanquam
2963 4928 3282 4983 prresenIem
3313 4915 3484 4980 timet,
3513 4925 3570 4971 et
3602 4931 3721 4982 pec-

2139 5019 2264 5058 care
2303 5018 2407 5057 uon
2435 5003 2614 5057 audet.
2645 5004 2884 5058 Tradidit
2915 5023 2997 5060 eos
3029 5006 3166 5060 Deus
3213 5009 3266 5060 in
3314 5008 3588 5074 reprobum
3617 5025 3722 5061 sen-

2140 5094 2353 5148 sum.ld
2384 5103 2488 5159 est,
2537 5094 2709 5150 relicti
2761 5105 2886 5150 sunt
2931 5098 2984 5152 in
3035 5099 3322 5167 reprobum
3361 5114 3603 5154 sensum.
3655 5099 3721 5153 Ut

2139 5184 2333 5253 faciant
2359 5201 2474 5254 qua:
2515 5202 2614 5239 non
2644 5188 2898 5242 convenit.
2925 5188 3059 5255 Quae
3101 5205 3206 5243 non
3253 5192 3584 5245 conveniunt
3624 5193 3719 5245 ho-

2142 5277 2268 5331 mini
2299 5279 2494 5333 lacere.
2527 5278 2763 5350 Repletos
2791 5282 2932 5336 omni
2974 5284 3240 5351 iniquitate
3267 5295 3314 5338 et
3362 5287 3588 5339 malitia.
3617 5285 3718 5339 lui-

2141 5366 2399 5432 quitatem
2424 5378 2477 5422 et
2500 5368 2758 5423 malitiam
2786 5371 3108 5440 principales
3129 5389 3321 5427 causas
3343 5377 3578 5428 ostendit
3599 5390 3716 5430 esse

2138 5459 2411 5513 vitiorum.
2429 5457 2813 5525 Fornicatione,
2827 5466 3063 5516 avaritia.
3082 5464 3510 5520 Fornicationcm
3525 5481 3576 5522 et
3592 5484 3715 5521 ava-

2139 5550 2480 5604 ritiamsimul
2499 5553 2690 5621 juuxit,
2708 5556 2830 5621 quia
2845 5565 3085 5624 utrmque
3112 5563 3384 5625 passiones
3400 5560 3712 5613 idololatria

2135 5656 2529 5712 comparantur,
2564 5647 2702 5700 sient
2727 5648 2933 5702 dixitain
2963 5650 3145 5706 Exodo
3181 5669 3192 5703 :
3225 5651 3498 5707 Fornicati
3527 5665 3652 5708 sunt
3683 5669 3710 5702 a

2139 5737 2245 5793 Deo
2275 5754 2370 5797 sim
2419 5749 2638 5810 propter
2682 5741 2806 5796 idoli
2858 5743 3088 5799 sordem.
3134 5745 3261 5800 Nam
3315 5746 3600 5800 fornicmio
3628 5757 3704 5801 est
