4004 6354
194 330 300 386 39.1

1063 329 1135 387 ἸΝ
1181 328 1560 385 EPiS‘iOLAM
1603 327 1691 381 AD
1732 326 2047 382 “()MA‘OS
2085 330 2602 389 CUMMl'LNTAML

3359 341 3462 394 1‘22

189 446 500 502 fibristiano
526 446 684 501 alicui
725 444 800 500 rei
843 442 1117 499 adhaerere
1159 453 1509 512 prmiorqttant
1546 445 1690 508 Deo,
1723 454 1775 499 ct
1808 445 1857 502 Α
1887 463 2009 496 num
2033 459 2208 502 autem
2228 451 2320 518 jud
2346 452 2484 504 cium
2515 450 2695 507 multis
2726 453 2898 509 modis
2918 456 3299 526 corrumpitur.
3326 457 3458 514 Nam

196 542 381 596 multis
407 539 788 609 Cupiditatibus
815 539 1103 606 corrumpi.
1132 537 1282 592 Unde
1313 537 1443 591 dicit
1472 538 1686 604 Paulus,
1717 554 1775 591 se

202 633 290 685 uni
327 632 441 685 viro
466 644 562 684 nos
586 629 843 699 virginem
878 637 1079 683 castam
1106 629 1475 695 spopondisse.
1512 628 1775 698 Nequitia.

199 722 325 777 Ideo
355 720 669 776 insatiabilis
698 730 779 774 est
824 720 1071 783 avaritia,
1103 717 1226 794 quia
1275 729 1398 789 po~t
1440 719 1529 772 Dei
1562 720 1777 773 divitias

194 816 537 885 quantumvis
562 814 682 884 quis
707 813 923 876 habeat,
974 827 1160 879 parum
1188 824 1289 867 est.
1344 811 1535 866 Plenas
1565 798 1773 878 invidia,

166 962 173 974 ,
202 906 497 961 homicidio.
521 903 746 959 Pulchre
772 903 1116 957 homicidium
1142 904 1355 957 insidiae
1385 904 1627 968 sociavit,
1656 905 1775 972 quia

202 998 372 1065 prima
406 996 562 1066 hujus
602 996 843 1051 criminis
869 995 985 1064 ipsa
1014 994 1236 1049 materia
1269 1004 1370 1059 est,
1400 997 1519 1063 quia
1549 998 1776 1063 primum

202 1088 550 1144 homicidium
576 1096 634 1143 et
662 1086 858 1142 diaboli
889 1096 944 1141 et
969 1087 1095 1141 Cain
1129 1086 1194 1140 de
1221 1086 1417 1140 invidia
1461 1099 1644 1141 natum
1674 1097 1778 1141 est.

195 1180 554 1260 ,Contentione.
582 1178 869 1234 Contentio
909 1187 1021 1238 est.
1056 1178 1142 1231 ubi
1176 1195 1277 1232 non
1310 1180 1515 1232 ratione
1558 1178 1776 1247 aliquid,

202 1271 296 1325 sed
335 1270 496 1325 animi
544 1270 835 1339 pertinacia
879 1268 1206 1334 defenditur,
1234 1279 1287 1322 et
1317 1268 1404 1322 ubi
1435 1285 1542 1322 non
1583 1271 1782 1323 veritas

168 1405 178 1432 ,ἢ
200 1364 479 1433 qumritur,
514 1363 608 1416 sed
636 1363 949 1415 animositas
975 1362 1241 1430 fatigatur.
1278 1362 1530 1416 Primitus
1563 1363 1779 1416 fraterni

202 1453 424 1507 sceleris
454 1467 611 1505 causa
647 1468 710 1506 ex
752 1455 1094 1507 contentione
1120 1453 1317 1507 evenit.
1354 1451 1507 1517 Dolo,
1539 1453 1782 1522 maligni.

206 1552 329 1598 tate.
362 1543 523 1597 Dolus
551 1552 632 1597 est
679 1544 884 1597 occulta
937 1543 1137 1596 malitia
1182 1542 1391 1598 blandis
1440 1544 1784 1598 sermonibus

195 1635 479 1689 adornata.
511 1633 854 1689 Su~urrones.
903 1634 1343 1703 Mnrmuratores,
1379 1652 1482 1689 non
1530 1637 1580 1690 in
1627 1622 1781 1705 facie,

195 1728 299 1781 sed
345 1728 397 1781 in
442 1742 573 1780 aure
602 1726 898 1796 loquentes,
931 1727 1014 1780 vel
1043 1718 1109 1781 de
1140 1727 1332 1796 quibus
1356 1727 1571 1794 dicitur,
1605 1728 1786 1798 Neque

1882 550 1932 590 ct
1967 554 2172 601 amore.
2202 544 2285 596 vel
2318 544 2465 608 odio,
2499 543 2591 597 sed
2638 555 2691 598 et
2723 546 2946 600 avaritia
2976 562 3039 602 ac
3068 548 3280 614 timore,
3328 565 3460 605 non-

1884 646 2149 697 numquam
2182 642 2235 685 et
2279 634 2649 689 misericordia
2683 634 3024 704 depravatur.
3054 637 3335 695 Existimas
3360 656 3457 695 au-

1883 730 1978 773 tem
2020 722 2135 786 Itoc,
2169 740 2197 774 ο
2229 724 2399 790 homo,
2428 726 2514 790 qui
2554 727 2761 796 judicas
2809 744 2893 782 eos
2934 730 3023 798 qui
3053 731 3177 783 talia
3203 740 3383 800 agunt,
3413 741 3462 784 et

1864 874 1865 877 η
1882 810 2009 878 facis
2049 828 2129 874 ea,
2151 813 2269 879 quia
2296 824 2348 865 tu
2382 813 2594 885 e/fugies
2612 816 2873 884 judicium
2902 820 3034 873 Dei?
3054 820 3301 892 Nunquid
3327 837 3456 891 pro-

1864 913 2070 968 ,ptcrea
2107 901 2200 954 tibi
2230 902 2298 957 de
2354 905 2668 972 impunitate
2722 908 2925 968 blandir
2952 926 2998 973 s,
3051 911 3173 980 quia
3216 911 3356 968 Deus
3407 915 3457 967 in

1884 1002 2135 1059 ντευ-εηιι
2190 1010 2295 1048 non
2326 995 2521 1061 reddit,
2554 1008 2606 1051 et
2640 1001 2943 1066 patientiam
2980 1001 3099 1072 ejus
3128 1006 3463 1059 contemnis?

1884 1085 1997 1139 Non
2032 1086 2229 1156 tardat,
2259 1087 2452 1155 inquit,
2484 1089 2737 1145 Dominus
2776 1096 3059 1161 promissa,
3085 1097 3177 1151 sed
3200 1099 3465 1167 patienter

1884 1178 1993 1245 agit
2023 1187 2239 1247 propter
2271 1193 2387 1245 vos,
2425 1180 2610 1233 nolens
2656 1181 2889 1254 aliquem
2922 1186 3118 1253 perire,
3148 1188 3241 1241 sed
3274 1202 3462 1242 omnes

1884 1268 1950 1322 ad
2004 1269 2369 1337 paenitentiam
2421 1274 2700 1337 converti;
2752 1275 2924 1329 honos
2979 1286 3062 1331 est
3107 1279 3248 1332 enim
3280 1295 3464 1346 exspe-

1884 1360 2100 1423 ctando;
2128 1359 2303 1428 justus
2323 1368 2404 1413 est
2427 1360 2716 1429 puniendo.
2745 1362 2821 1416 An
2847 1364 3047 1418 divitias
3068 1366 3304 1421 bonitatis
3326 1372 3459 1439 ejus.

1887 1449 2305 1503 Ahnndantiant.
2331 1449 2399 1503 Et
2429 1452 2690 1518 patientia:
2726 1462 2774 1506 et
2799 1454 3200 1523 longonimitatis
3237 1468 3463 1510 contento

1887 1540 1966 1593 nis
1986 1542 2009 1593 ?
2031 1543 2270 1613 ignorans
2294 1545 2534 1611 quoniam
2575 1542 2860 1615 benignitas
2892 1544 2987 1598 Dei
3012 1545 3079 1597 ad
3109 1548 3459 1613 ptrnitentiam

1888 1639 1935 1683 te
1961 1630 2213 1683 adducit?
2242 1631 2462 1685 Multum
2494 1647 2554 1687 se
2592 1631 2837 1689 homines
2891 1650 2987 1704 per
3031 1636 3335 1704 patientiam
3367 1636 3462 1691 Dei

1888 1719 2175 1785 seducunt,
2211 1723 2333 1790 quia
2392 1738 2497 1776 non
2551 1723 2664 1777 vult
2711 1728 2889 1780 statim
2921 1730 3110 1796 punire
3158 1737 3461 1795 peccantes.

197 1816 686 1871 nturmuraveritis.
715 1815 1032 1870 Detractores
1058 1816 1163 1871 Deo
1186 1817 1421 1871 odibiles.
1448 1819 1783 1875 De'ractores

1893 1811 2084 1866 Putant
2113 1812 2256 1886 enim
2288 1828 2409 1867 enm
2442 1822 2531 1868 aut
2561 1830 2665 1867 non
2696 1830 2887 1871 curare
2938 1833 3026 1873 res
3059 1818 3339 1883 humanas,
3370 1827 3464 1871 aut

206 1906 319 1960 Deo
346 1907 596 1972 odibiles,
625 1908 746 1976 quia
772 1906 903 1960 nihil
935 1918 1040 1962 tam
1063 1908 1262 1963 odibile
1295 1909 1403 1964 Deo
1431 1926 1587 1979 quam
1621 1911 1785 1965 idolo-

198 2000 385 2064 iatria,
414 1999 497 2055 cui
527 1998 793 2054 detractio
813 2010 1175 2068 comparatur,
1202 2016 1323 2055 cum
1346 2010 1401 2056 et
1432 2002 1707 2057 idololalra
1731 2015 1784 2058 et

197 2091 483 2145 detractor
508 2091 813 2147 eradicandi
842 2108 871 2146 a
901 2093 1169 2162 Scriptura
1216 2094 1479 2149 dicantur.
1512 2094 1789 2151 Cantante-

200 2182 386 2237 iimos.
420 2183 518 2250 Qui
543 2186 754 2240 veloces
781 2198 909 2241 sunt
932 2189 984 2242 in
1010 2189 1293 2243 verborum
1327 2190 1552 2256 injuriis.
1589 2190 1786 2257 Super-

200 2272 322 2324 bos.
354 2274 454 2338 Qui
480 2274 592 2327 vnit
614 2277 926 2345 supergredi
981 2279 1119 2346 quod
1146 2288 1248 2345 est,
1279 2281 1538 2349 superbus
1567 2281 1786 2348 dicitur,

200 2362 634 2425 sicutdiabolus,
659 2367 750 2434 qui
786 2367 1016 2434 prodidit
1045 2371 1144 2423 hoc
1176 2370 1317 2438 quod
1346 2370 1462 2425 luit.
1496 2371 1564 2426 Et
1589 2374 1677 2441 qui
1698 2389 1788 2428 su-

200 2464 307 2521 per
328 2453 462 2507 alios
485 2455 597 2509 vult
616 2470 759 2523 esse,
778 2458 911 2511 inl'ra
941 2474 999 2513 se
1021 2458 1127 2515 ﬁet.
1160 2460 1360 2530 Elates,
1385 2464 1664 2520 inventores
1683 2483 1788 2521 ma-

204 2544 396 2597 lorum.
433 2543 612 2598 Elatus
653 2556 736 2601 est
763 2547 852 2616 qui
896 2548 1118 2605 eli‘ertnr
1147 2566 1307 2620 supra
1333 2569 1612 2609 mensuras
1638 2572 1784 2611 suas.

209 2632 516 2688 Parentibus
544 2652 645 2690 non
684 2639 990 2694 obedientes.
1026 2642 1137 2697 lloc
1166 2644 1283 2697 loco
1327 2655 1383 2699 et
1412 2646 1663 2703 doctores
1684 2648 1787 2704 tin-

210 2726 375 2795 telligv
404 2737 645 2795 possunt,
673 2741 924 2799 parentes
949 2735 1269 2788 animarum.
1302 2734 1630 2806 Insipientes.
1656 2740 1788 2807 Quia

210 2817 283 2870 ab
341 2820 457 2886 ipso
488 2818 635 2875 fonte
661 2823 940 2890 sapientiai
989 2837 1348 2882 recesserunt.
1392 2822 1786 2902 Incompositos.

209 2911 401 2965 Omnis
438 2912 698 2980 insipiens
734 2916 1092 2972 inordinatus.
1122 2919 1249 2975 Sine
1275 2921 1566 2988 affectione,
1596 2925 1790 2994 alisque

202 3002 423 3057 honore.
454 3004 676 3060 Atiectio
706 3018 788 3060 est
818 3007 1128 3078 adimpletio
1156 3011 1451 3068 charitatis.
1486 3014 1611 3071 Sine
1638 3019 1791 3074 mise-

208 3094 459 3150 ricordia.
502 3096 784 3161 Quomodo
814 3108 1059 3166 poterant
1082 3102 1202 3156 aliis
1228 3104 1494 3174 misereri,
1527 3109 1615 3173 qui
1650 3110 1700 3161 in
1730 3126 1790 3164 se
1822 3176 1825 3181 _

1889 1902 2095 1957 donare
2145 1903 2287 1973 quod
2317 1903 2515 1959 dili'ert.
2547 1904 2796 1977 Plerique
2839 1909 2998 1963 etiam
3050 1909 3464 1973 calumniantur,

1872 1990 2053 2065 ’quare
2094 1996 2148 2049 in
2184 1996 2431 2063 praesenti
2481 2012 2586 2049 non
2616 1997 2827 2052 reddit?
2849 2000 3028 2054 Miseri
3078 2001 3237 2055 etiam
3281 2001 3332 2053 in
3365 1999 3466 2054 hoc

1888 2087 2101 2157 ingrati,
2133 2086 2275 2142 sicut
2299 2088 2353 2142 in
2384 2089 2633 2144 omnibus
2660 2090 2934 2145 beneﬁciis
2966 2092 3080 2157 Dei,
3104 2093 3190 2160 qni
3219 2092 3267 2146 ei
3297 2092 3468 2159 impu-

1872 2188 2003 2233 ‘tant
2031 2179 2169 2248 quod
2201 2195 2386 2233 eorum
2440 2179 2815 2234 dissimulatur
2839 2182 3106 2247 interitus,
3142 2197 3246 2235 non
3273 2183 3468 2234 intelli-

1875 2266 2098 2339 ‘gentes,
2131 2271 2252 2339 quia
2284 2270 2329 2325 si
2352 2272 2530 2324 statim
2559 2271 2829 2337 redderet,
2858 2274 3032 2327 nullus
3058 2271 3166 2340 jam
3189 2272 3461 2326 hominum

1888 2360 2250 2422 remansisset,
2286 2376 2384 2414 nec
2407 2376 2471 2415 ex
2496 2360 2705 2429 injustis
2733 2364 2914 2417 tierent
2936 2362 3087 2432 justi.
3114 2362 3252 2429 Quid
3283 2364 3468 2432 plura?

1888 2448 2111 2504 Paulum
2142 2465 2353 2520 quoque
2405 2450 2581 2522 ipsum
2619 2451 2860 2507 Ecclesia
2916 2470 3018 2506 non
3071 2452 3310 2506 haberet.
3346 2452 3471 2508 Ideo

1884 2536 2066 2593 autem
2098 2540 2404 2596 hominibus
2452 2543 2665 2597 videtur
2699 2543 2840 2598 Deus
2870 2544 2959 2599 diu
2991 2555 3305 2615 exspectare
3337 2560 3463 2614 pec-

1887 2644 2095 2696 cantes,
2126 2633 2248 2701 quia
2278 2634 2423 2702 parvi
2454 2635 2713 2704 temporis
2737 2651 2942 2701 sumus,
2971 2645 3023 2691 et
3051 2648 3265 2691 centum
3296 2652 3467 2691 annos

1888 2744 1989 2799 pro
2019 2730 2227 2784 inﬁnito
2273 2730 2553 2786 habemus.
2596 2731 2690 2786 Ille
2736 2741 2915 2786 autem
2956 2731 3099 2801 apud
3139 2746 3297 2801 quem
3324 2731 3472 2787 mille

1890 2819 2015 2873 anni
2043 2827 2292 2889 tanquam
2327 2836 2428 2875 una
2459 2820 2577 2877 dies
2607 2831 2755 2887 sunt,
2778 2834 2993 2878 centum
3018 2837 3189 2877 annos
3219 2837 3313 2889 pro
3336 2824 3464 2877 hora

1886 2902 2071 2965 habet.
2121 2910 2186 2966 Et
2230 2911 2351 2966 ideo
2382 2911 2483 2966 hoc
2515 2927 2703 2981 parum
2749 2926 2828 2966 est
2858 2923 2981 2968 ante
3010 2912 3316 2978 Dominum,
3349 2927 3470 2966 cum

1888 3008 1947 3055 et
1972 3001 2222 3056 homines
2245 3002 2534 3070 aliquantis
2564 3002 2754 3056 diebus
2776 3004 2986 3058 soleant
3006 3017 3319 3071 exspectare
3351 3017 3472 3070 pec-

1893 3101 2098 3145 cantes.
2131 3092 2435 3146 Hnmanutn
2468 3103 2551 3146 est
2591 3109 2786 3163 nempe
2815 3094 3148 3161 delinquere,
3180 3098 3472 3147 humanum

209 3185 592 3241 misericordes
617 3202 737 3242 esse
781 3190 1102 3243 noluerunt?
1133 3190 1236 3256 Qui
1277 3210 1390 3246 cum
1410 3194 1665 3263 justitiam
1701 3197 1793 3253 Dei

1895 3189 1979 3235 est
2009 3196 2106 3249 pro
2134 3182 2330 3236 delicto
2357 3183 2640 3252 paenitere.
2671 3184 2840 3238 Nemo
2892 3184 3243 3252 periculosius
3288 3192 3474 3250 peccat

206 3279 583 3349 «cognovissent.
625 3280 725 3335 Per
760 3279 880 3345 hoc,
912 3281 1053 3352 quod
1085 3283 1165 3337 eis
1192 3287 1509 3340 naturaliter
1546 3289 1795 3357 displicet

210 3369 437 3431 malum,
476 3367 568 3423 Dei
614 3368 879 3437 justitiam
930 3382 1314 3441 cognoverunt.
1366 3374 1489 3429 Non
1532 3377 1794 3433 intellexe-

206 3467 357 3511 runt.
383 3458 482 3525 Qui
505 3460 550 3513 si
578 3458 982 3526 intellexissent,
1015 3464 1349 3529 timuissent;
1387 3466 1431 3521 si
1463 3467 1791 3541 timuissent,

212 3564 489 3618 nunquam
509 3549 631 3604 talia
649 3552 1069 3609 commisissent.
1090 3556 1341 3620 Quoniam
1358 3558 1447 3628 qui
1467 3558 1592 3611 talia
1608 3573 1789 3633 agunt,

209 3640 363 3709 digni
388 3648 503 3692 sunt
531 3652 709 3695 morte.
750 3642 941 3697 iudicii
972 3644 1084 3709 Det,
1125 3646 1225 3701 etsi
1259 3663 1363 3702 non
1395 3648 1446 3703 in
1481 3653 1788 3719 praesentia,

214 3731 451 3784 futuram
476 3741 651 3786 tamen
678 3748 786 3786 non
815 3734 1068 3803 eﬂ'ugient
1098 3751 1331 3804 pmnam.
1366 3737 1491 3794 Non
1516 3743 1682 3797 solum
1703 3746 1793 3815 qui

209 3838 276 3876 ea
311 3822 526 3891 faciunt,
557 3823 648 3876 sed
668 3832 715 3876 et
741 3824 830 3894 qui
852 3828 1173 3882 consentiunt
1200 3830 1523 3899 facientibus.
1555 3835 1795 3890 Consen-

215 3916 363 3970 tiunt
407 3916 745 3985 suscipiendo
772 3917 1089 3983 doctrinam,
1143 3922 1226 3977 vel
1278 3926 1613 3981 conoivendo
1642 3930 1796 4001 [alias

217 4006 598 4080 convivendo].

286 4098 419 4153 (lar.
478 4112 535 4153 tt.
589 4097 807 4167 Propter
846 4099 984 4170 quod
1039 4102 1395 4159 inexcusabilis
1445 4124 1518 4171 es,
1566 4126 1595 4161 ο
1644 4110 1797 4166 homo

217 4190 388 4243 omnis
415 4191 502 4259 qui
525 4192 752 4262 judicas.
818 4189 883 4245 In
910 4208 1009 4257 quo
1050 4193 1183 4246 enim
1203 4195 1409 4263 judicas
1439 4184 1675 4264 alterum,
1718 4213 1796 4253 te-

227 4284 404 4352 ipsttm
456 4283 805 4347 condemnas;
867 4284 1041 4335 eadem
1096 4284 1225 4337 enim
1277 4287 1388 4355 agis
1432 4303 1545 4355 qua:
1564 4289 1792 4358 judicas.

216 4374 422 4428 Omnes
447 4373 538 4438 qui
564 4371 865 4440 hujusmodi
892 4371 1226 4439 judicabant,
1248 4376 1479 4428 maxime
1507 4387 1682 4430 tamen
1706 4379 1795 4445 qui

221 4462 426 4518 habent
451 4458 791 4513 examinandi
838 4467 1180 4525 potestatem,
1233 4478 1337 4515 non
1368 4462 1540 4515 solum
1570 4464 1795 4531 judit'es.

1899 3283 2055 3337 quam
2078 3270 2164 3338 qui
2193 3281 2409 3338 peccata
2431 3270 2693 3325 defendit.
2724 3272 3017 3325 Secundum
3042 3286 3208 3326 autem
3228 3273 3475 3325 duritiam

1900 3367 2061 3423 tuam,
2110 3369 2155 3412 et
2196 3362 2514 3431 impwnitens
2561 3380 2650 3417 cor
2679 3365 2997 3418 thesaurizas
3028 3365 3138 3418 tibi.
3170 3365 3249 3418 Tu
3293 3374 3475 3420 autem

1898 3450 2214 3517 imprudens
2260 3470 2404 3524 a'ger
2433 3455 2549 3525 ipso
2601 3457 2840 3512 remedio
2870 3458 2935 3510 ad
2987 3458 3189 3525 majora
3235 3458 3477 3513 abuteris

1899 3545 2142 3612 vulnera,
2176 3546 2314 3601 sicut
2335 3548 2466 3604 dicit
2495 3549 2595 3605 Job
2622 3567 2634 3602 :
2664 3550 2816 3605 Dedit
2839 3555 2886 3605 ei
2918 3551 3058 3606 Deus
3092 3551 3266 3606 locum
3309 3550 3477 3620 pumi-

1900 3638 2113 3696 tentiaa.
2138 3648 2193 3693 et
2221 3638 2309 3694 ille
2337 3639 2573 3694 abutitur
2600 3657 2667 3696 eo
2709 3642 2760 3695 in
2793 3642 3117 3711 superbiam.
3153 3642 3266 3697 Non
3300 3643 3477 3714 agnita

1898 3728 2042 3782 enim
2072 3727 2240 3798 pietas
2267 3730 2440 3797 majus
2462 3728 2723 3801 judicium
2748 3740 2920 3800 parat,
2947 3741 3006 3786 ut
3032 3731 3321 3786 vindictam
3352 3747 3479 3786 sen-

1900 3823 2013 3887 tiat,
2043 3822 2131 3891 qui
2162 3823 2582 3879 misericudiam
2625 3827 2827 3881 sentire
2851 3825 3119 3893 despexit.
3148 3824 3291 3878 Iram
3322 3825 3373 3877 in
3397 3824 3479 3879 die

1898 3914 2009 3969 irai.
2035 3912 2171 3967 Iram
2195 3929 2357 3983 super
2380 3914 2511 3969 iram
2546 3918 2659 3985 ipse
2684 3916 2779 3970 tibi
2810 3917 2948 3985 apud
2980 3917 3262 3971 Dominum
3292 3930 3480 3970 recon-

1899 4005 2004 4076 dis,
2021 4014 2170 4076 quam
2188 4007 2337 4061 iebus
2358 4006 2590 4062 deﬁnitis
2604 4008 2832 4063 etcertis
2860 4006 3480 4077 temporibusapparebit

1902 4114 2006 4151 non
2027 4108 2149 4151 ante
2178 4098 2341 4164 diem,
2372 4099 2464 4167 qui
2507 4100 2838 4167 exspectaris
2862 4098 3025 4169 (Sic).
3063 4099 3126 4152 Et
3157 4099 3481 4152 reuelationis

1891 4192 2024 4262 justi
2046 4191 2237 4261 jttdicii
2268 4190 2384 4256 Dei,
2410 4192 2494 4259 qui
2520 4192 2690 4245 reddit
2720 4193 2993 4257 unicuique
3021 4193 3302 4243 secundum
3326 4205 3482 4258 opera

1902 4286 2033 4354 ejus.
2066 4282 2199 4348 Quia
2226 4281 2467 4334 occultus
2506 4290 2612 4344 est,
2659 4280 2762 4335 etsi
2811 4281 3021 4334 videtur
3049 4277 3207 4331 modo
3238 4291 3328 4344 per
3355 4292 3480 4343 spe-

1901 4373 2079 4426 culum
2108 4374 2162 4424 in
2205 4370 2510 4437 aenigmate,
2559 4372 2673 4425 sive
2713 4385 2811 4439 per
2840 4370 3084 4424 velamen
3123 4369 3350 4431 videtur.
3382 4366 3483 4421 llis

1903 4462 2105 4530 quidem
2123 4462 2210 4528 qui
2229 4459 2509 4513 secundum
2524 4460 2823 4523 patientiam
2848 4460 2966 4513 boni
2985 4460 3173 4528 operis.
3203 4459 3332 4513 Βοιαὶ
3355 4475 3485 4526 ope-

220 4550 322 4605 sed
351 4558 407 4602 et
445 4547 648 4601 domini
686 4548 1092 4602 conveniuntur.
1141 4550 1272 4617 Quia
1329 4552 1555 4607 naturali
1598 4554 1800 4623 judicio
1832 4541 1881 4600 D
1906 4550 1979 4604 ris
2004 4563 2213 4603 merces
2245 4563 2341 4617 per
2363 4548 2670 4616 patientiam
2700 4558 3040 4615 exspectatur
3070 4568 3082 4603 :
3112 4549 3234 4621 quia
3268 4550 3319 4603 in
3347 4564 3484 4618 pra:-

216 4642 420 4710 justam
456 4637 609 4693 iactis
650 4638 850 4707 profert
897 4639 1259 4710 unusquisque
1300 4645 1643 4697 sententiam.
1674 4645 1802 4698 Om-

220 4746 429 4800 nesque
458 4739 650 4784 norunt
680 4741 735 4784 et
774 4728 1132 4785 innocentiam
1164 4734 1403 4802 przcmio,
1449 4744 1503 4789 et
1544 4738 1799 4793 malitiam

221 4823 439 4892 dignam
479 4835 600 4875 esse
628 4821 888 4889 supplicio
922 4838 935 4874 :
975 4831 1029 4876 et
1061 4822 1182 4877 ideo
1212 4824 1630 4893 inexcusabiles,
1677 4828 1799 4898 quia

223 4911 320 4967 Dei
346 4910 606 4979 justitiam
637 4919 1024 4978 cognoverunt.
1060 4910 1262 4966 Scimus
1286 4916 1420 4968 enim
1445 4918 1681 4985 quoniam
1698 4920 1796 4989 ju-

222 5004 415 5057 dicium
463 5000 559 5054 Dei
602 5010 678 5054 est
713 5006 991 5056 secundum
1028 5006 1285 5059 veritatem
1325 5009 1376 5060 in
1421 5025 1504 5061 eos
1547 5012 1637 5080 qui
1675 5012 1800 5067 talia

224 5104 404 5166 agunt.
427 5093 622 5163 Utique
649 5095 941 5149 secundum
974 5096 1251 5151 veritatem
1281 5109 1361 5152 est
1388 5100 1664 5167 judicium,
1694 5122 1801 5175 quo

222 5185 603 5254 judicabuntur
633 5185 958 5254 hujusmodi,
1008 5188 1097 5257 qui
1128 5188 1489 5245 condemnare
1534 5193 1669 5247 alios
1709 5211 1798 5249 sa-

229 5286 478 5346 puerunt,
508 5292 627 5344 quae
657 5291 754 5346 per
798 5293 859 5331 se
909 5280 1247 5334 committere
1296 5296 1401 5334 non
1436 5284 1711 5341 timebant.
1745 5286 1798 5341 Si

227 5370 370 5421 enim
415 5377 470 5422 tu
521 5377 772 5437 peccator
816 5380 1150 5437 peccatorctn
1184 5370 1257 5424 tui
1301 5371 1527 5425 similent
1567 5373 1797 5442 judicas,

230 5469 429 5530 quanto
454 5458 623 5529 magis
654 5458 793 5514 Dens
831 5460 1004 5529 justus
1038 5470 1089 5516 te
1128 5461 1388 5530 judicabit
1410 5462 1705 5532 injustam?
1739 5469 1806 5522 Et

230 5551 351 5605 ideo
395 5550 657 5619 judicium
710 5549 803 5604 Dei
832 5552 1124 5606 secundum
1156 5554 1437 5608 veritatem
1478 5564 1580 5621 est,
1605 5558 1805 5628 quippe

232 5659 390 5714 quem
421 5642 538 5698 sine
589 5656 934 5713 personarum
966 5646 1279 5715 acceptione
1326 5661 1423 5700 nec
1452 5648 1639 5701 amicis
1670 5651 1803 5717 suis,

235 5753 331 5793 nec
369 5735 574 5807 angelis
603 5736 944 5805 peccantibus
974 5737 1200 5809 legimus
1245 5739 1569 5809 pepercisse.
1608 5741 1806 5796 ltutua-

1904 4643 2041 4698 seuti
2070 4642 2173 4697 vita
2210 4656 2315 4697 non
2341 4639 2600 4697 redditur.
2635 4641 2737 4696 Per
2768 4641 2925 4695 ﬁdem
2948 4641 3093 4696 enim
3116 4641 3479 4707 ambulamus,

1905 4748 2086 4792 etnon
2114 4750 2207 4805 per
2237 4732 2498 4803 speciem,
2542 4743 2593 4788 et
2625 4744 2750 4788 tunc
2788 4733 2893 4788 erit
2919 4735 3212 4803 perfectum
3244 4749 3401 4803 opus,
3435 4735 3479 4787 si

1907 4829 1958 4881 in
1976 4827 2132 4880 ﬁnem
2146 4841 2310 4896 usque
2327 4824 2618 4882 duraverit.
2640 4823 2895 4880 Gloriam.
2916 4824 3155 4880 Gloriam
3184 4824 3327 4877 illam
3349 4839 3479 4890 [tsz-

1904 4919 2067 4983 dicat,
2093 4935 2195 4986 qua
2240 4918 2408 4972 sancti
2446 4917 2725 4987 fulgebunt
2765 4929 2819 4972 ut
2846 4919 2951 4982 sol,
2982 4926 3035 4971 et
3062 4919 3342 4970 honorem.
3371 4915 3488 4967 llo-

1905 5029 2080 5067 narem
2108 5012 2336 5079 ﬁliorum
2368 5009 2483 5065 Dei.
2512 5010 2647 5077 Quid
2685 5010 2829 5065 enim
2875 5008 3190 5064 honoratius
3216 5007 3340 5059 liliis
3371 5006 3484 5069 Dei,

1906 5105 1994 5174 qui
2017 5104 2178 5159 etiam
2203 5101 2422 5172 angelos
2442 5099 2796 5171 judicabunt?
2828 5099 2891 5154 Et
2922 5098 3381 5165 incorruptionem.
3410 5096 3486 5148 In-

1907 5194 2328 5263 corruptionem,
2353 5192 2579 5263 gloriam
2609 5191 3021 5248 immortalitatis
3050 5188 3198 5244 dicit.
3233 5189 3484 5255 Quwren-

1908 5286 2040 5339 tibus
2070 5289 2222 5347 vitam
2257 5295 2518 5338 retentam.
2543 5284 2644 5349 Qui
2673 5284 2862 5353 quaerit
2883 5282 3047 5337 vitam
3077 5290 3358 5345 aiternam,
3389 5280 3484 5333 isu

1908 5378 2083 5430 omnia
2133 5386 2532 5445 consequetur,
2581 5384 2636 5431 et
2679 5375 2770 5443 qui
2824 5373 2984 5428 habet
3041 5373 3178 5427 hanc
3225 5386 3378 5441 spem
3435 5372 3487 5424 in

1908 5486 1996 5533 eo,
2028 5469 2324 5523 sanctiﬁcat
2362 5483 2443 5533 se,
2471 5467 2609 5522 sicut
2632 5465 2990 5521 dicit:Sancti
3023 5474 3217 5532 estote,
3242 5464 3379 5518 sicut
3400 5464 3489 5519 illo

1910 5571 2129 5614 sanctus
2159 5571 2259 5614 est.
2292 5559 2391 5613 "is
2424 5569 2591 5612 autem
2616 5559 2704 5624 qui
2733 5574 2797 5613 ea:
2824 5557 3160 5612 contentione.
3193 5557 3291 5624 Qui
3322 5570 3489 5611 evan-

1913 5653 2099 5720 gelica:
2125 5652 2335 5707 veritati
2367 5666 2475 5706 non
2529 5648 2779 5715 credunt,
2821 5660 2876 5705 et
2926 5651 3263 5706 consentiunt
3298 5650 3492 5719 iniqui-

1916 5745 2032 5811 tati,
2079 5744 2171 5815 qui
2202 5744 2388 5801 relicto
2425 5743 2681 5800 Creatore
2726 5743 3039 5802 deserviunt
3075 5754 3355 5815 creaturzc,
3401 5742 3489 5813 qui
