4004 6354
513 270 617 351 tes

1634 283 1924 343 PRlllASll
1965 278 2409 336 ADllllllETANl
2453 280 2672 336 EPISC.

3682 279 3793 337 ῆι

514 421 706 468 contra
737 407 878 480 quod
909 409 1084 463 sciunt
1116 404 1432 468 defendunt,
1476 403 1798 458 contentiosi
1832 409 1975 452 snnt.
2010 399 2101 452 Ti-
2133 402 2177 456 Λ
2210 398 2328 450 aliis
2357 413 2461 451 non
2490 397 2712 462 iaciunt,
2744 393 2857 449 sive
2887 394 3028 465 quod
3062 395 3376 451 naturaliter
3405 398 3566 452 etiam
3604 408 3800 468 gentes

515 513 659 557 mete
704 499 1127 564 contentionem,
1169 513 1236 549 nc
1281 511 1398 562 qua:
1447 501 1748 562 sequuntur
1797 489 2098 560 patiamini.

517 594 585 648 Et
613 595 698 665 qui
731 611 833 648 non
863 594 1188 659 acquiescant
1215 589 1434 642 veritati.
1473 585 1828 655 Evangelicae.
1875 583 2102 637 Credunt

519 693 688 738 suum
717 683 998 754 iniquitati.
1022 681 1190 746 Quam
1222 686 1436 743 norunt,
1464 677 1550 746 qui
1575 677 1794 730 credere
1823 675 2104 728 voluerunt

520 773 790 843 iniquitati
846 790 859 824 :
918 785 1022 825 non
1073 770 1214 823 enim
1269 783 1509 836 :nqttnm,
1552 766 1806 820 derelicto
1850 767 2102 818 (Iri-atore

519 869 779 931 omnium,
819 874 1081 920 creatura:
1130 862 1356 917 servire.
1408 859 1499 913 Ira
1543 870 1590 914 et
1631 859 1944 929 indignatio.
1977 857 2103 911 llzec

521 959 697 1015 omnia
752 956 1120 1025 peccatoribus
1173 955 1224 1007 in
1265 952 1470 1019 judicio
1517 960 1919 1021 praeparantur;
1975 959 2102 1004 tunc

522 1052 624 1106 erit
668 1064 856 1116 magna
889 1057 942 1102 et
973 1045 1304 1100 infructuosa
1334 1044 1670 1115 paenitentia.
1735 1041 2015 1095 Tribulatio
2056 1050 2102 1094 et

522 1140 784 1209 angustia.
843 1137 1205 1193 Conscientia:
1251 1147 1303 1191 et
1361 1152 1511 1189 vanae
1563 1134 1907 1203 paenitentia},
1965 1133 2104 1186 sicut

520 1231 780 1299 scriptum
836 1241 918 1284 est
951 1248 964 1283 :
1003 1228 1154 1282 Tunc
1183 1228 1358 1282 dicent
1390 1228 1527 1280 inter
1574 1239 1632 1279 se
1664 1226 2003 1292 pmnitentes,
2049 1233 2102 1276 et

523 1335 633 1390 pra:
679 1321 924 1390 anguStia
974 1321 1196 1388 spiritus
1227 1328 1523 1389 gementes.
1561 1315 1624 1370 In
1657 1333 1851 1370 omnem
1879 1317 2104 1368 animam

524 1410 744 1486 hominis
768 1412 1029 1481 operantis
1059 1411 1273 1464 malum.
1309 1410 1441 1476 Quia
1488 1409 1664 1463 anima
1699 1409 1867 1476 prima
1894 1415 2101 1477 peccat,

530 1503 654 1558 ideo
683 1519 893 1573 poenam
923 1504 1284 1572 principaliter
1313 1502 1472 1556 sentit
1501 1519 1514 1564 ;
1549 1502 1661 1555 sive
1687 1501 1862 1554 anima
1891 1515 1988 1568 pro
2011 1500 2105 1553 hoc

526 1593 670 1647 mine
717 1594 926 1663 integro
955 1594 1192 1662 ponitur,
1233 1594 1372 1646 sicut
1417 1592 1546 1646 dicit
1595 1590 1736 1660 quod
1766 1590 1930 1645 .lacob
1957 1591 2008 1644 in
2039 1591 2105 1646 70

526 1685 804 1739 animabus
843 1686 1057 1740 intravit
1105 1685 1154 1739 in
1206 1684 1515 1754 IEgyptum.
1557 1684 1734 1738 Iudici
1781 1685 2026 1754 primum,
2059 1695 2104 1739 et

2208 488 2427 542 laudant
2454 489 2645 552 honos,
2692 496 2747 542 et
2767 485 3012 557 iudicant
3037 488 3226 553 malos,
3252 488 3396 554 quod
3437 502 3522 543 est
3553 506 3689 559 Opus
3721 493 3799 545 le-

2207 582 2336 650 gis;
2372 583 2484 636 sive
2514 581 2580 636 de
2621 580 2701 634 his
2723 579 2814 650 qui
2843 582 3003 633 etiam
3054 596 3216 646 nunc,
3260 583 3386 634 dum
3433 583 3554 635 hnni
3591 584 3795 647 ειΙίοιιιίιΙ

2207 681 2524 742 operantur,
2553 687 2582 726 a
2631 673 2741 727 Deo
2769 672 3043 741 accepisse
3072 687 3132 726 se
3179 674 3388 741 c0piam
3436 689 3542 743 qua
3578 677 3789 741 plarere

2207 761 2317 816 Deo
2333 763 2564 828 valeant,
2596 761 2912 831 profitentur
2948 759 3076 814 vitia
3107 761 3392 828 puniendo.
3415 761 3526 832 Ipsi
3553 768 3646 818 sibi
3675 781 3795 818 sunt

2206 862 2310 925 lex,
2339 861 2426 929 qui
2453 860 2726 914 ostendunt
2751 875 2878 926 opus
2901 858 3046 928 legis.
3069 858 3319 914 Ostendit
3347 860 3468 914 illus
3491 877 3596 914 non
3630 862 3791 917 fuisse

2205 953 2322 1007 sine
2347 951 2486 1022 lege,
2519 961 2575 1006 ut
2595 962 2649 1006 et
2669 961 2854 1020 gentes
2886 952 3282 1006 inexcusabiles
3310 951 3489 1017 iaciat,
3519 966 3574 1008 et
3595 954 3790 1010 ludaﬂs

2205 1044 2274 1100 de
2297 1031 2624 1114 proprietate
2651 1043 2783 1110 legis
2809 1043 3032 1113 gloriam
3065 1043 3236 1097 tollat.
3263 1044 3395 1098 Nam
3423 1051 3601 1100 omnis
3633 1048 3789 1102 homo

2205 1135 2275 1191 de
2306 1145 2528 1206 peccato
2555 1136 2607 1190 in
2638 1135 2966 1191 conscientia
2997 1136 3288 1200 erubescit,
3323 1138 3464 1192 etde
3490 1139 3632 1193 bono
3655 1140 3788 1194 facto

2208 1227 2438 1281 laztatur.
2473 1227 2736 1297 Scriptum
2765 1228 2819 1280 in
2849 1227 3086 1281 cordibus
3115 1229 3242 1294 suis,
3293 1231 3646 1282 testimonium
3677 1234 3786 1284 red.

2206 1319 2354 1372 dente
2382 1318 2488 1372 illis
2515 1319 2845 1372 conscientia.
2889 1318 3104 1373 Naturae
3135 1319 3294 1389 igitur
3330 1322 3500 1388 legem
3550 1323 3603 1376 in
3630 1323 3786 1377 corde

2207 1425 2304 1480 per
2331 1410 2692 1464 testimonium
2717 1410 3080 1475 conscientias,
3111 1409 3231 1464 sive
3256 1413 3585 1466 conscientia
3629 1423 3784 1468 testa-

2207 1511 2295 1558 tur
2317 1502 2487 1572 legem
2514 1517 2574 1557 se
2599 1501 2798 1556 habere
2821 1501 2946 1556 dum
2971 1487 3174 1571 peccat,
3196 1511 3250 1557 et
3270 1505 3504 1572 gaudere
3526 1504 3654 1558 dum
3679 1521 3783 1574 pec-

2208 1603 2325 1650 cata
2350 1603 2585 1664 superat.
2616 1593 2678 1646 Et
2701 1595 2832 1647 inter
2851 1609 2903 1647 se
2922 1594 3133 1650 invicem
3155 1595 3521 1664 cogitationum
3545 1612 3782 1650 accusan-

2209 1685 2333 1739 tium
2346 1694 2434 1737 aut
2455 1685 2604 1738 etiam
2631 1685 3032 1753 defendentium,
3067 1687 3121 1738 in
3147 1685 3229 1740 die
3248 1702 3362 1738 cum
3378 1688 3628 1756 iudicabit
3655 1689 3782 1742 Dens

529 1776 716 1831 θηρσὶ.
741 1777 922 1842 Primi,
954 1778 1076 1848 quia
1124 1779 1297 1847 primo
1329 1778 1611 1832 Dominum
1645 1786 2003 1848 agnoverunt,
2052 1789 2104 1834 et
2136 1769 2184 1830 B
2209 1776 2409 1830 occulta
2457 1774 2737 1830 hominum.
2786 1775 2918 1830 Dicit
2969 1776 3350 1832 altercationes
3403 1780 3779 1846 cogitationum

527 1871 683 1940 primi
708 1871 758 1925 in
782 1871 951 1940 legem
978 1871 1190 1940 gravius
1214 1872 1544 1942 praevaricari
1576 1881 1719 1927 sunt.
1754 1871 1845 1927 Vel
1875 1873 2104 1942 primum

527 1978 626 2031 pro
656 1963 869 2032 quidem
901 1966 1068 2034 ponit,
1105 1965 1222 2034 quia
1257 1975 1312 2020 et
1341 1969 1453 2036 ipse
1469 1965 1598 2020 dicit
1625 1985 1638 2019 :
1674 1965 1785 2021 Non
1812 1976 1893 2020 est
1924 1981 2108 2036 perso-

527 2072 714 2111 narum
742 2059 983 2125 acceptio
1033 2059 1170 2123 spnd
1201 2060 1387 2122 Deum,
1436 2061 1516 2114 sic
1563 2062 1789 2128 |rimum
1844 2071 2106 2128 tempore,

527 2162 632 2201 non
650 2150 869 2204 honore.
902 2149 1083 2203 Gloria
1109 2160 1302 2216 autent,
1333 2160 1381 2204 ct
1405 2151 1587 2217 honor,
1620 2161 1667 2204 et
1698 2167 1799 2219 pax
1827 2152 1962 2205 omni
1991 2168 2111 2223 ope-_

525 2242 664 2294 ranti
694 2243 896 2296 bonum.
929 2241 1113 2298 Gloria
1142 2253 1330 2297 contra
1363 2243 1521 2308 iram,
1562 2243 1732 2298 honor
1753 2252 1940 2297 contra
1973 2243 2109 2296 indi-

525 2335 850 2401 gnationem,
884 2349 984 2401 pax
1028 2342 1214 2387 contra
1253 2333 1653 2387 tribulationem
1695 2343 1749 2388 et
1780 2333 2103 2403 angustiam,

525 2433 582 2478 et
602 2425 744 2493 quod
770 2425 1014 2491 superius
1044 2426 1524 2494 incorruptionem,
1570 2426 1657 2480 hic
1699 2441 1884 2495 pacem
1930 2426 2104 2480 nomi-

527 2514 692 2572 navit.
732 2513 919 2568 Juda'o
960 2516 1206 2583 primum,
1241 2526 1290 2570 et
1325 2512 1526 2570 (ἔν-ατο.
1560 2516 1712 2582 Quod
1741 2517 1810 2570 ibi
1846 2518 1897 2571 in
1927 2516 2104 2570 anima

526 2603 662 2657 dixit
684 2603 851 2661 ludzri
881 2615 935 2660 et
955 2606 1149 2670 Graeci,
1177 2607 1263 2661 hic
1290 2607 1462 2676 ipsum
1489 2609 1762 2662 hominem
1797 2609 1988 2677 posuit.
2019 2609 2102 2676 Et,

527 2693 662 2748 sicut
688 2697 886 2750 dictum
919 2707 1020 2765 est,
1055 2700 1282 2766 primum
1317 2700 1404 2753 hic
1426 2714 1523 2769 pro
1546 2699 1761 2768 quidem
1790 2701 1961 2768 ponit,
1994 2700 2106 2756 sive

524 2785 779 2854 primum,
808 2787 1141 2844 credulitatis
1181 2799 1447 2859 tempore,
1482 2805 1587 2844 non
1613 2789 1841 2845 honore.
1876 2791 1998 2844 Non
2031 2799 2105 2844 est

525 2879 657 2930 enim
683 2893 1014 2948 personarum
1035 2882 1257 2951 acceptio
1278 2882 1416 2952 apud
1443 2880 1624 2935 Deum.
1651 2881 1727 2937 Ne
1748 2891 1935 2950 gentes
1956 2897 2014 2937 se
2036 2883 2105 2936 de

525 2965 816 3038 Ignorantia
843 2981 1181 3034 excusarent,
1206 2971 1326 3041 quia
1351 2971 1467 3041 lege
1492 2985 1695 3028 natura:
1715 2982 1842 3027 sunt
1866 2973 2100 3041 praediti,

525 3073 624 3114 nec
643 3059 810 3115 Judaei
841 3061 909 3116 de
939 3063 1057 3128 lege
1079 3074 1133 3119 et
1152 3063 1561 3118 circumcisione
1585 3065 1685 3117 sibi
1735 3064 2100 3129 blandiantur,

2209 1878 2352 1928 esse,
2387 1879 2507 1918 cum
2531 1864 2655 1934 quid
2697 1871 2789 1918 aut
2828 1863 3150 1930 faciendum,
3193 1874 3285 1918 aut
3324 1881 3428 1919 non
3463 1867 3777 1930 iaciendum,

2210 1955 2300 2010 diu
2341 1956 2702 2010 deliberantes
2730 1956 3108 2025 dijudicamus,
3143 1968 3195 2012 et
3223 1959 3517 2012 secundum
3564 1961 3666 2014 hoc
3691 1976 3781 2014 nos

2211 2049 2262 2103 in
2291 2049 2376 2103 die
2409 2049 2615 2103 Domini
2638 2049 2977 2117 judicandos,
3008 2050 3128 2118 quia
3157 2050 3353 2103 bonum
3383 2061 3436 2104 et
3462 2053 3660 2105 malum
3685 2070 3780 2106 non

2211 2140 2483 2210 ignorasse
2507 2141 2815 2210 probamur,
2840 2142 2953 2195 sive
2976 2143 3320 2197 conscientiae
3352 2153 3550 2198 nostra:
3582 2147 3780 2216 cogita-

2212 2232 2383 2287 tiones
2412 2243 2570 2286 erunt
2612 2234 2663 2286 in
2709 2232 3004 2301 diCjﬂtlit‘ii
3035 2241 3160 2286 ante
3201 2236 3385 2290 oculos
3427 2247 3644 2290 nostros
3667 2247 3779 2292 tan-

2209 2338 2366 2392 quam
2399 2323 2635 2377 historiaa
2675 2324 3047 2393 agnoscenda,
3087 2336 3142 2379 et
3171 2325 3284 2378 htee
3315 2343 3413 2382 nos
3439 2339 3534 2382 ant
3559 2345 3780 2385 accusa-

2211 2416 2362 2479 bunt,
2393 2425 2484 2469 aut
2519 2417 2679 2470 etiam
2712 2417 3061 2472 excusabnnt.
3094 2418 3399 2472 Secundum
3451 2421 3780 2493 Iis-angelieas

2210 2523 2371 2560 meum
2400 2524 2491 2576 per
2515 2507 2690 2562 Iesum
2713 2507 2996 2564 Christum.
3019 2507 3321 2565 Secundum
3353 2514 3494 2582 quod
3527 2519 3780 2572 annuntio

2209 2615 2305 2668 per
2331 2599 2512 2654 .lcsum
2544 2600 2834 2668 Christum,
2861 2602 2976 2656 sive
3017 2618 3110 2672 per
3135 2604 3316 2658 Jesum
3340 2605 3615 2661 Christum
3641 2609 3782 2675 iud;-

2207 2687 2346 2748 cabit
2393 2693 2530 2748 Deus
2569 2694 2774 2748 occulta
2809 2694 3101 2748 hominum.
3150 2695 3210 2750 Si
3247 2707 3416 2751 autem
3458 2709 3516 2751 tu
3549 2698 3780 2755 ludit-ns.

2209 2785 2494 2853 Postquam
2526 2782 2786 2838 allocutus
2825 2794 2906 2838 est
2933 2784 3168 2853 gentium
3209 2797 3410 2855 partes,
3435 2803 3577 2844 nunc
3603 2795 3667 2843 ad
3691 2792 3782 2844 .ln-

2208 2875 2353 2928 daeos
2378 2876 2729 2939 convertitur,
2763 2874 2966 2938 dicens,
2999 2875 3146 2929 illum
3177 2892 3360 2929 verum
3385 2877 3630 2934 Judaeum
3664 2897 3783 2948 pro-

2211 2969 2346 3032 bari,
2379 2967 2530 3034 cuius
2563 2967 2702 3020 bona
2747 2970 2915 3037 magis
2961 2969 3070 3023 sint
3109 2972 3319 3024 occulta
3347 2988 3507 3042 quam
3555 2977 3781 3044 publica.

2211 3055 2618 3129 Cognominaris.
2649 3057 2896 3125 Nomine,
2944 3075 3048 3114 non
3095 3075 3277 3126 opere.
3309 3061 3375 3116 Et
3413 3066 3682 3134 requiescis
3731 3072 3782 3121 in

525 3150 645 3217 quia
672 3165 777 3205 non
816 3153 987 3207 solum
1016 3151 1298 3219 professio,
1340 3152 1436 3208 sed
1467 3163 1521 3207 et
1550 3155 1888 3209 conversatio
1918 3155 2099 3224 requi-
2129 3134 2175 3196 Ο
2207 3151 2336 3221 lege.
2361 3149 2622 3214 Conﬁdis,
2646 3150 2727 3204 vel
2743 3165 2965 3205 securus
2985 3166 3065 3206 es.
3091 3149 3408 3224 Elgloriaris
3433 3157 3485 3208 in
3513 3156 3637 3210 Deo.
3657 3157 3780 3213 Glo-

527 3240 693 3296 renda
722 3251 826 3298 est.
852 3243 1151 3313 Quicunque
1173 3245 1308 3298 enim
1330 3244 1441 3298 sine
1481 3247 1590 3314 lege
1612 3257 1966 3313 peccaverunt,
1992 3247 2103 3300 sine

523 3335 632 3405 lege
683 3339 938 3403 peribunt,
991 3347 1039 3391 et
1080 3337 1364 3408 quicunque
1400 3337 1453 3391 in
1484 3337 1592 3406 lege
1634 3345 1984 3404 peccaverunt,
2017 3353 2104 3406 per

523 3427 682 3498 legem
698 3428 1088 3498 judicabuntur.
1120 3428 1259 3498 Lege
1281 3429 1492 3492 litterae,
1523 3436 1577 3482 et
1604 3428 1720 3498 lege
1743 3438 1970 3487 naturae.
2000 3430 2103 3483 hoc

524 3530 623 3582 est,
649 3521 840 3572 mentis
866 3527 921 3572 et
945 3520 1309 3578 conscientia}.
1345 3517 1506 3586 Pejus
1535 3518 1679 3572 enim
1744 3519 1957 3572 videtur
1982 3533 2103 3572 esse

524 3609 700 3678 perire
720 3624 876 3678 qnam
897 3609 1146 3676 judicari.
1178 3608 1285 3662 Sed
1316 3623 1438 3661 cum
1470 3607 1571 3660 hoc
1591 3607 1659 3661 de
1680 3607 1928 3675 gentibus
1956 3619 2007 3661 et
2033 3607 2100 3661 de

531 3699 732 3752 Iuda-is
774 3698 1028 3765 loquitur,
1060 3699 1179 3766 quis
1225 3699 1420 3751 audeat
1459 3697 1658 3760 dicere,
1682 3695 1898 3750 .ludmos
1925 3697 2012 3764 qui
2048 3699 2099 3750 in

525 3787 645 3855 lege
679 3795 916 3852 peccant,
943 3801 1046 3839 non
1078 3801 1198 3840 esse
1222 3787 1503 3855 perituros,
1527 3802 1649 3840 cum
1680 3789 1733 3840 in
1752 3787 1964 3842 Christo
1993 3804 2097 3842 non

527 3876 887 3931 crediderint?
917 3876 1351 3945 quandoquidem
1397 3877 1514 3932 sine
1566 3877 1671 3932 ﬁde
1698 3875 1898 3932 Christi
1942 3893 2099 3932 nemo

525 3969 731 4024 liberari
785 3978 978 4039 potest,
1008 3985 1071 4023 ac
1125 3984 1221 4038 pro
1251 3970 1352 4024 hoc
1408 3971 1477 4024 ita
1506 3969 1913 4039 iudicabuntur.
1953 3971 2101 4025 Peri-

525 4056 655 4111 bunt
683 4073 869 4128 regno,
902 4058 996 4113 sed
1018 4060 1277 4127 supplicio
1319 4074 1422 4112 non
1453 4060 1721 4128 peribunt.
1749 4058 1884 4126 Quis
1917 4071 2094 4116 autem

523 4146 749 4214 dubitat,
779 4148 893 4203 sive
913 4159 1120 4219 gentes,
1146 4149 1504 4216 siveludznos,
1533 4151 1578 4204 si
1607 4151 1824 4206 Christo
1854 4168 1959 4206 non
1982 4166 2100 4207 cre-

521 4237 773 4305 diderint,
817 4240 1112 4308 perituros?
1145 4240 1265 4294 Non
1310 4242 1444 4295 enim
1487 4243 1747 4296 auditores
1794 4245 1922 4312 legis
1963 4246 2098 4315 justi

519 4340 638 4384 sunt
665 4332 805 4401 apud
853 4331 1033 4393 Deum,
1078 4332 1164 4386 sed
1203 4333 1419 4394 factores
1473 4334 1598 4405 legis
1655 4335 2092 4401 iustiﬁcabuntur.

521 4421 718 4502 Reddit
759 4423 1020 4478 rationem
1045 4439 1210 4494 quare
1242 4440 1344 4479 non
1368 4427 1473 4478 sint
1496 4441 1524 4479 a
1546 4427 1796 4494 gentibus
1818 4427 2092 4492 meliores,

2205 3241 2359 3294 riaris
2390 3241 2511 3309 quia
2543 3248 2700 3294 notus
2727 3241 2778 3293 in
2815 3239 2998 3295 ludaa
3026 3251 3229 3296 tantum
3277 3243 3438 3312 Dens,
3467 3248 3609 3314 quod
3635 3252 3780 3304 solus

2204 3333 2418 3388 noveris
2459 3332 2647 3399 Deum,
2674 3333 2760 3387 vel
2801 3334 2948 3387 solus
2973 3333 3243 3403 intelligas
3283 3337 3614 3393 voluntatem
3643 3341 3779 3409 ejus.

2204 3421 2274 3476 Et
2303 3423 2435 3476 nosti
2458 3421 2770 3475 voluntatem
2807 3425 2941 3494 ejus.
2975 3423 3301 3480 Subauditur
3329 3427 3442 3492 Dei,
3469 3430 3614 3485 unde
3644 3432 3781 3486 beati

2202 3528 2407 3578 su'nns,
2439 3514 2482 3568 si
2513 3529 2631 3589 quae
2664 3514 2771 3567 Deo
2797 3514 3029 3583 placent,
3058 3519 3213 3572 nobis
3239 3527 3362 3572 nota
3384 3521 3514 3585 sint,
3541 3531 3595 3576 et
3622 3521 3782 3577 facia-

2204 3619 2320 3658 mus
2340 3621 2459 3674 qna:
2477 3605 2648 3673 jubet.
2670 3605 2729 3659 Et
2757 3610 2939 3677 probas
2961 3609 3167 3663 utiliora
3191 3612 3473 3667 instructus
3488 3632 3579 3682 per
3601 3618 3778 3686 legem.

2204 3698 2456 3765 Legenda
2503 3697 2587 3751 vel
2643 3701 3023 3766 examinanda,
3068 3704 3189 3772 quia
3220 3719 3314 3772 per
3343 3714 3612 3771 naturam,
3661 3708 3780 3765 licet

2202 3789 2485 3855 inﬁrmam,
2520 3789 2664 3844 utilia
2689 3791 2854 3845 multa
2885 3793 3196 3863 probantur,
3231 3811 3325 3865 per
3347 3797 3518 3869 legem
3545 3801 3779 3859 utiliora.

2202 3882 2324 3952 quia
2350 3896 2447 3952 per
2476 3883 2703 3949 gratiam
2735 3883 3074 3954 perfectiora.
3106 3886 3308 3942 lterum
3333 3890 3653 3960 recapitulat
3687 3907 3775 3948 ex-

2203 3973 2556 4041 positionem:
2582 3974 2680 4041 Qui
2710 3974 2763 4028 in
2797 3975 2910 4045 lege
2949 3977 3263 4044 requiescis,
3293 3982 3564 4047 quomodo
3606 3994 3782 4038 trans.

2198 4063 2457 4134 gredieris
2489 4064 2696 4134 legem?
2721 4065 2820 4133 Qui
2846 4068 3091 4137 gloriaris
3130 4069 3182 4123 in
3211 4069 3338 4138 Deo,
3366 4087 3533 4142 quare
3559 4075 3781 4131 inhono~

2202 4180 2291 4220 ras
2318 4165 2520 4220 Deum?
2549 4165 2649 4232 Qui
2698 4169 2845 4222 nosti
2895 4170 3223 4226 voluntatem
3269 4173 3408 4241 ejus,
3455 4190 3622 4245 quare
3672 4193 3780 4233 non

2200 4257 2330 4312 lacis
2357 4258 2514 4312 eam?
2543 4256 2644 4324 Qui
2677 4259 2874 4327 probas
2896 4262 3068 4326 utilia,
3099 4278 3266 4332 quare
3296 4268 3522 4320 sectaris
3573 4268 3779 4324 inutilia

2200 4361 2254 4407 et
2284 4352 2452 4405 vana?
2483 4351 2598 4406 Dux
2642 4367 2930 4418 czecorum,
2981 4356 3250 4423 quomodo
3280 4357 3418 4410 viam
3472 4375 3579 4412 non
3629 4360 3780 4416 vides

2202 4443 2440 4498 rectam?
2471 4443 2528 4497 Si
2555 4445 2697 4498 enim
2741 4444 2969 4510 videres,
3002 4461 3100 4514 per
3123 4447 3291 4516 ipsam
3325 4450 3508 4519 utique
3531 4452 3779 4507 ambula-

523 4513 664 4567 ηυδε
684 4524 738 4567 τδι
763 4528 861 4568 "03
892 4516 1081 4570 “me”?
1109 4517 1390 4582 άεδθιηυεν
1423 4533 1491 4571 πθ
1519 4519 1796 4573 “limem”
1824 4519 2018 4588 1939'",
2043 4527 2097 4572 ει
2129 4509 2177 4570 Ῐ)
2203 4550 2315 4599 res,
2363 4535 2539 4589 lumen
2564 4537 2814 4598 aliorum,
2859 4538 3128 4604 quomodo
3157 4553 3262 4593 non
3293 4541 3483 4609 :ibjicis
3508 4558 3674 4610 opera
3700 4555 3780 4600 te~

525 4619 632 4659 non
661 4605 941 4669 facientes,
991 4623 1109 4661 cum
1155 4610 1402 4676 gentibus
1452 4625 1752 4677 pereamus.
1805 4609 1914 4664 Nec
1951 4610 2094 4664 dicat

520 4694 890 4750 Judaeus:Sub
917 4697 1029 4765 lege
1061 4697 1192 4761 vixi,
1224 4699 1406 4765 gentili
1438 4715 1554 4752 sum
1585 4701 1796 4753 mclior.
1827 4699 1934 4753 Lex
1963 4714 2092 4768 ergo

518 4788 790 4842 auditores
812 4789 936 4841 lacit
964 4805 976 4840 :
1009 4791 1175 4858 gratia
1209 4792 1457 4844 factores.
1491 4791 1621 4855 Qnis
1643 4791 1786 4846 enim
1818 4795 1959 4847 dicat
1985 4810 2088 4848 non

516 4879 835 4950 iustiﬁcatos
866 4895 961 4936 eos
990 4883 1078 4952 qni
1120 4883 1331 4937 inerunt
1357 4899 1422 4938 ex
1453 4884 1554 4938 llde
1584 4886 1682 4954 legi
1731 4885 2087 4943 obedientes?

514 4963 728 5042 quando
776 4972 876 5026 nisi
919 4973 1360 5041 jnstiﬁcarentur.
1397 4990 1500 5028 non
1551 4985 1776 5044 possunt
1806 4994 1926 5034 esse
1949 4979 2084 5035 obe-

516 5064 750 5120 dientes.
778 5063 882 5119 Sed
909 5065 1138 5119 dicimus
1168 5066 1279 5134 lege
1303 5065 1437 5131 fieri,
1463 5078 1518 5120 ut
1548 5067 1684 5122 Deus
1706 5070 1832 5139 quid
1857 5071 1968 5125 fieri
1994 5086 2086 5127 ve-

513 5156 572 5211 lit
609 5157 1089 5228 audiatnr:gratia
1145 5172 1275 5211 vero
1329 5157 1485 5221 ﬁeri,
1525 5171 1580 5214 ut
1630 5161 1729 5231 legi
1781 5163 2082 5231 ohcdiatur,

512 5248 631 5315 quia
657 5263 761 5301 non
785 5247 1072 5308 auditores.
1103 5248 1195 5302 scd
1224 5248 1449 5303 factores
1473 5250 1606 5320 legis
1629 5252 2079 5320 justilicabuntnr.

512 5337 639 5391 Cum
666 5342 798 5392 enim
830 5351 1000 5410 gentes
1029 5356 1144 5408 qua:
1173 5341 1329 5411 legem
1375 5359 1474 5396 non
1507 5343 1711 5397 habent.
1742 5344 1818 5400 Ne
1847 5349 1889 5399 si
1941 5348 2084 5400 dicc-

513 5438 678 5492 retur,
707 5431 794 5498 qni
827 5432 993 5498 legem
1019 5432 1206 5485 littera:
1240 5448 1342 5486 non
1390 5433 1606 5495 habent,
1639 5435 1906 5502 quomodo
1937 5449 2083 5502 pote-

514 5529 638 5573 runt
688 5521 946 5588 jndit-aril
997 5523 1326 5578 Naturalirer
1373 5541 1483 5590 qua:
1533 5527 1656 5597 legis
1713 5537 1829 5579 sunt
1867 5529 2080 5593 faciunt,

513 5611 764 5680 ejusmodi
793 5616 950 5686 legem
981 5634 1079 5670 non
1103 5617 1360 5670 habentes.
1392 5618 1515 5671 Sive
1567 5619 1634 5671 de
1680 5618 1759 5671 liis
1802 5619 1931 5673 dicit
1987 5624 2077 5688 qni

518 5710 722 5758 natura
751 5706 916 5773 legem
948 5708 1273 5772 custodiunt,
1308 5707 1396 5778 qni
1430 5708 1568 5778 quod
1605 5709 1698 5762 sibi
1736 5711 1917 5765 nulnnt
1947 5711 2080 5776 lii-ti,

2201 4623 2483 4678 nebrarnm
2501 4626 2524 4678 τ
2544 4626 2784 4679 eruditur
2810 4627 3194 4696 insipientium,
3218 4645 3314 4685 cur
3339 4633 3502 4688 etiam
3529 4635 3779 4690 timorem

2201 4716 2432 4783 Domini,
2482 4718 2571 4785 qui
2597 4730 2678 4772 est
2703 4719 2907 4774 initiqu
2936 4722 3229 4788 sapientiae,
3265 4725 3572 4792 reliquisti?
3618 4728 3781 4798 Magi-

2197 4815 2307 4858 ster
2351 4806 2659 4869 infantium,
2715 4823 2846 4875 puer
2875 4824 2934 4864 es
2978 4824 3163 4873 sensu,
3214 4813 3305 4881 qui
3351 4814 3517 4870 habes
3550 4819 3775 4874 formam

2197 4895 2435 4948 scientia:
2475 4905 2530 4948 et
2556 4898 2797 4952 veritatis
2839 4900 2892 4952 in
2934 4899 3070 4969 lege,
3111 4916 3212 4954 nec
3241 4902 3357 4970 ipse
3387 4908 3652 4974 sequeris,
3681 4925 3778 4964 nec

2193 4986 2330 5039 alios
2355 4987 2504 5055 sequi
2535 4988 2676 5044 malo
2705 4990 2953 5059 exemplo
2984 4993 3266 5059 permittis.
3293 4993 3528 5064 Conﬁdis
3557 5000 3776 5066 teipsum

2191 5079 2369 5134 ducem
2409 5096 2516 5135 esse
2544 5098 2814 5137 ctecorum.
2849 5082 3045 5138 Eorum
3089 5086 3272 5153 utique
3321 5089 3410 5156 qui
3464 5090 3604 5142 viam
3659 5093 3776 5144 sine

2189 5169 2308 5225 luce
2354 5171 2474 5228 Iidei
2501 5173 2867 5241 perdiderunt.
2898 5173 3092 5228 Lumen
3129 5194 3305 5232 eorum
3351 5182 3439 5251 qui
3478 5182 3530 5234 in
3561 5184 3774 5238 tenebris

2190 5273 2330 5315 sunt.
2357 5263 2410 5316 In
2434 5264 2668 5320 tenebris
2687 5264 3017 5333 ignorantiae.
3044 5265 3376 5324 Eruditorem
3404 5271 3771 5342 insipientium.

2189 5352 2289 5418 Qui
2316 5353 2405 5408 Dei
2432 5356 2744 5426 sapientiam
2767 5372 2870 5412 non
2896 5357 3111 5413 habent.
3132 5359 3446 5432 Magistrum
3471 5365 3768 5427 infantium.

2190 5444 2312 5498 Sive
2339 5454 2515 5513 aetate,
2541 5445 2651 5501 sive
2671 5462 2830 5502 sensu
2855 5451 3217 5517 parvulorum.
3249 5453 3529 5508 [labentem
3552 5457 3769 5524 formum

2188 5538 2410 5591 siientirc
2437 5549 2484 5591 et
2533 5541 2756 5594 veritatis
2795 5541 2847 5596 in
2895 5542 3026 5615 lege.
3061 5544 3407 5614 Exemplum,
3460 5552 3600 5617 quod
3653 5552 3767 5602 illos

2190 5637 2342 5697 putas
2371 5629 2486 5683 sine
2516 5631 2632 5699 lege
2663 5633 2848 5687 vivere
2877 5649 2980 5688 non
3014 5651 3192 5704 posse,
3219 5638 3387 5692 habes
3423 5641 3672 5706 formam,
3700 5645 3764 5695 ad

2191 5734 2346 5784 quam
2370 5733 2582 5778 St’mllEf
2611 5724 2906 5791 respiciens
2938 5740 3121 5783 errare
3153 5743 3256 5782 non
3291 5729 3486 5799 possis.
3523 5731 3622 5797 Qui
3649 5749 3766 5799 ergo
