4004 6354
207 327 317 385 425

1061 337 1128 394 IN
1165 306 1553 406 nrts'roLAM
1594 349 1687 405 AD
1723 346 2058 410 somnos
2094 334 2632 415 COMMENTARIA.‘

3373 370 3480 427 426

206 440 366 494 alium
393 440 564 499 doces.
597 443 749 513 Quod
779 446 966 517 gentili
996 448 1161 507 dixit:
1186 452 1243 509 In
1272 470 1376 526 quo
1398 456 1625 512 alterum
1647 458 1790 528 judi-
1818 460 1873 521 A
1896 475 2043 532 nem,
2077 464 2130 519 in
2159 481 2261 537 qna
2284 479 2401 526 erat
2430 485 2533 540 per
2557 476 2861 529 castitatem
2895 474 3242 549 placendum,
3274 478 3391 538 sive
3417 491 3484 540 ut

202 542 316 601 cas,
352 532 583 617 teipsum
631 538 983 596 condemnas.
1018 542 1257 614 Teipsum
1288 564 1389 602 non
1415 547 1584 604 doces.
1616 550 1793 618 Quare

202 638 309 678 non
342 608 593 683 convenit
631 631 741 686 vita
771 642 858 688 tua
903 634 1162 692 doctrinae
1210 650 1333 707 tuae,
1379 648 1435 697 et
1475 657 1611 713 opus
1642 652 1792 699 tuum

201 716 435 775 destruit
477 722 637 779 ﬁdem
673 733 839 796 tuam,
884 738 939 783 et
968 729 1039 783 ita
1082 730 1140 785 fit
1166 738 1225 785 ιιι
1272 732 1357 787 lex
1390 749 1495 788 non
1525 736 1790 791 custodita

201 822 309 864 non
341 809 512 866 solum
541 812 635 867 tibi
672 814 803 869 nihil
832 818 1025 885 prosit,
1052 818 1145 874 sed
1168 820 1330 874 etiam
1354 823 1574 891 majoris
1607 833 1659 880 te
1683 826 1791 880 cri-

200 900 362 955 minis
387 916 535 956 reum
560 911 758 970 teneat,
783 912 841 959 ut
866 915 1290 976 contemptorem
1314 924 1492 967 suum.
1526 912 1629 978 Qui
1654 931 1790 985 pra:-

200 991 344 1046 dicas
372 1008 472 1047 non
498 995 800 1064 furandum,
835 999 1051 1065 iuraris.
1076 999 1301 1066 Quidam
1322 1001 1505 1057 dicunt
1529 1022 1541 1057 :
1573 1003 1790 1061 Furaris

198 1084 490 1153 Christum,
538 1089 592 1143 id
634 1098 744 1156 est,
778 1091 1063 1148 abscondis
1091 1108 1213 1148 eum
1241 1095 1308 1148 ab
1338 1095 1669 1165 hominibus,
1700 1097 1790 1154 vel

198 1192 382 1234 sacras
404 1179 733 1251 Scripturas,
758 1181 804 1237 si
835 1185 1031 1253 possis,
1059 1186 1188 1240 velis
1210 1187 1547 1245 subtrahere.
1582 1189 1684 1253 Qui
1709 1188 1791 1244 di-

198 1271 275 1325 cis
300 1288 402 1325 non
432 1272 807 1342 maechandum,
835 1276 1126 1332 masc/laris.
1158 1280 1272 1335 Non
1304 1292 1387 1336 est
1416 1296 1521 1337 una
1550 1283 1791 1339 moecha-

198 1364 297 1432 tio,
330 1381 451 1422 nam
476 1382 634 1424 omne
656 1369 798 1438 quod
841 1379 1010 1427 totum
1038 1371 1149 1427 Deo
1170 1372 1358 1440 debes,
1389 1376 1431 1430 si
1457 1375 1616 1431 alicui
1650 1391 1791 1447 prae-

196 1460 444 1524 terquam
477 1460 586 1516 Deo
625 1461 952 1529 reddideris,
1000 1466 1313 1534 mmcharis,
1358 1466 1473 1523 sive
1524 1483 1787 1537 amorem,

197 1550 315 1609 sive
342 1553 606 1625 timorem,
648 1557 761 1613 sive
791 1558 1093 1629 servitium,
1120 1563 1234 1619 sive
1264 1563 1648 1634 obedientiam,
1673 1568 1789 1625 sive

197 1657 372 1714 spem,
410 1655 467 1702 et
509 1648 631 1705 ideo
670 1652 884 1719 gravius
941 1653 1008 1710 ab
1066 1655 1159 1711 illo
1200 1656 1551 1729 delinquitur,
1599 1675 1629 1715 a
1682 1678 1790 1730 quo

196 1736 458 1806 perfectio
487 1742 829 1812 praedicatur.
879 1746 980 1811 Qui
1024 1748 1334 1805 abominaris
1365 1753 1527 1823 idola,
1573 1756 1793 1812 sacrile-

1896 555 2145 614 Christus
2194 562 2588 631 signiﬁcaretur
2636 581 2704 623 ex
2746 568 3158 629 circumcisione
3196 584 3481 645 venturus,

1896 663 2067 719 usque
2096 650 2162 707 ad
2192 668 2351 723 quem
2378 656 2555 715 futura
2586 669 2703 716 erat
2730 664 2963 720 carnalis
3000 666 3360 735 circumcisio,
3386 685 3483 727 cu-

1887 731 1982 807 jus
2011 750 2195 813 typum
2236 761 2429 816 gerens
2460 750 2618 808 Jesus
2650 753 2793 810 filius
2822 756 2970 814 Nave
2996 762 3235 817 secundo
3257 763 3482 820 circum-

1896 833 2074 890 cidere
2083 835 2304 907 jubetur
2328 841 2467 899 filios
2487 845 2672 904 Israel.
2704 848 2808 906 Sed
2829 851 2930 908 hoc
2951 853 3121 925 figura
3144 856 3261 928 fuit,
3292 857 3345 914 in
3369 867 3484 915 tan-

1900 934 2010 981 tum
2031 937 2092 984 ut
2120 931 2392 990 diceretur
2420 954 2433 989 :
2463 938 2517 992 ln
2566 941 2870 999 novissimis
2911 945 3104 1003 diebus
3138 950 3486 1009 circumcidet

1896 1018 2040 1078 Deus
2087 1036 2183 1080 cor
2235 1036 2416 1091 tuum.
2444 1031 2510 1087 Et
2539 1050 2552 1087 :
2584 1034 2968 1095 Circumcidite
2996 1045 3258 1114 praeputia
3299 1047 3482 1103 cordis‘

1895 1114 2084 1170 vestri.
2117 1116 2187 1173 Et
2218 1128 2277 1174 ut
2314 1122 2573 1192 originale
2601 1140 2878 1196 peccatum
2923 1132 2977 1188 in
3020 1150 3087 1191 eo
3120 1138 3365 1195 membro
3394 1140 3485 1196 ubi

1895 1205 2154 1263 insertum
2176 1211 2366 1279 fuerat,
2384 1215 2544 1271 etiam
2566 1218 2693 1289 legis
2712 1230 2955 1293 tempore
2972 1228 3274 1296 puniretur.
3295 1231 3486 1288 Nonne
3516 1264 3519 1269 -

1895 1302 2206 1369 praeputium
2252 1302 2395 1360 illius
2438 1308 2493 1361 in
2544 1310 2981 1371 circumcisiouem
3031 1323 3399 1389 reputabitur?
3437 1331 3488 1379 et

1885 1392 2144 1463 judicabit
2173 1399 2311 1467 quod
2358 1415 2420 1454 ex
2464 1410 2656 1458 natura
2695 1415 2787 1461 est.
2819 1408 2951 1475 Quia
2994 1411 3155 1468 habet
3195 1414 3481 1487 justitiam,

1894 1486 2049 1554 cujus
2072 1486 2286 1557 signum
2314 1501 2399 1547 est
2438 1496 2797 1553 circumcisio.
2830 1497 3153 1572 Prwputium
3176 1506 3337 1576 legem
3364 1526 3487 1564 con-

1894 1591 2177 1634 summans.
2208 1582 2463 1652 lmplens.
2496 1587 2568 1642 Te
2609 1591 2698 1659 qui
2740 1608 2830 1663 per
2876 1593 3100 1650 litteram
3144 1610 3192 1653 et
3217 1601 3487 1657 circumci-

1894 1670 2089 1725 sionem
2116 1677 2478 1742 pravaricator
2511 1681 2635 1752 legis
2662 1701 2713 1739 es
2732 1686 2759 1738 ?
2786 1687 2923 1743 Dum
2956 1689 3156 1747 litterae
3201 1694 3485 1754 circumci-

1897 1762 2107 1819 sionem
2132 1767 2382 1836 sectaris,
2407 1771 2629 1840 spiritus
2658 1778 2905 1848 accipere
2937 1797 3043 1837 non
3076 1787 3324 1842 mereris.
3356 1789 3487 1845 Non

196 1830 339 1899 gium
370 1832 520 1901 facis.
555 1833 912 1906 Sacrilegium
938 1846 1021 1894 est
1064 1842 1205 1909 quod
1257 1844 1472 1914 proprie
1516 1847 1568 1902 in
1616 1848 1786 1906 Deum
1816 1844 1867 1907 B
1894 1856 2031 1910 enim
2057 1858 2147 1927 qui
2176 1858 2231 1912 in
2254 1830 2529 1933 manifesto
2565 1830 2907 1926 Judwusresl.
2945 1874 3138 1931 Omnia
3185 1894 3305 1949 quae
3356 1868 3484 1938 ante

195 1924 573 1993 committitur,
606 1929 757 1999 quasi
808 1930 949 1986 sacri
992 1932 1230 2001 violatio,
1286 1937 1373 2003 vel
1407 1941 1787 2008 praevaricatio

196 2015 598 2073 mandatorum.
631 2021 729 2087 Qui
750 2021 805 2075 in
832 2024 943 2094 lege
967 2023 1231 2095 glariaris.
1264 2027 1461 2086 Dicens
1492 2040 1543 2087 te
1570 2032 1786 2090 beatum

196 2107 347 2175 quod
380 2108 471 2163 Dei
512 2112 731 2167 noveris
763 2116 1115 2173 voluntatem.
1158 2116 1265 2174 Per
1317 2123 1787 2189 praevaricationem

197 2196 330 2265 legis
357 2198 520 2254 Deum
555 2202 856 2259 inhonoras.
891 2207 1155 2277 Exposuit
1184 2212 1545 2283 sacrilegium,
1581 2215 1785 2274 Nomen

194 2289 337 2342 enim
368 2290 468 2345 Dei
494 2309 583 2363 per
612 2310 699 2348 vos
728 2295 1104 2365 blasphematur
1125 2301 1256 2356 inter
1276 2313 1472 2375 gentes,
1497 2308 1629 2361 sicut
1648 2310 1782 2363 scri-

194 2386 343 2448 ptum
374 2390 465 2435 est.
494 2383 585 2437 Vae
611 2400 836 2453 quorum
863 2390 1018 2444 malis
1053 2392 1306 2461 operibus
1334 2410 1532 2453 nomen
1560 2399 1781 2457 Domini

196 2474 363 2527 fuerit
384 2472 833 2546 blasphematum,
862 2481 1003 2537 sicut
1023 2485 1281 2555 scriptum
1310 2497 1394 2544 est
1419 2506 1433 2543 :
1464 2488 1783 2550 Polluerunt

195 2579 393 2622 nomen
416 2578 658 2625 sanctum
675 2587 852 2628 meum
874 2576 1014 2632 inter
1028 2587 1236 2648 gentes,
1258 2582 1384 2638 dum
1409 2584 1663 2644 dicuntur
1684 2604 1779 2659 po-

196 2656 357 2725 pulus
386 2658 501 2727 Dei,
544 2662 632 2731 qui
663 2664 802 2720 inter
826 2676 1016 2735 gentes
1043 2672 1264 2741 captivi,
1302 2678 1536 2742 peccatis
1565 2656 1782 2735 suis-fa-

195 2749 482 2822 cientibus,
516 2753 881 2825 demorantur,
912 2770 969 2815 ιιι
995 2761 1238 2819 dicerent
1258 2776 1464 2838 gentes,
1492 2769 1777 2829 Dominum

196 2854 307 2894 non
334 2855 494 2911 posse
542 2848 791 2916 populum
830 2865 986 2906 suum
1021 2852 1335 2923 defendere,
1389 2874 1449 2915 se
1499 2877 1593 2932 per
1636 2863 1779 2921 idola

195 2948 293 2989 sua
324 2937 594 2995 exstitisse
618 2941 870 3010 victores,
898 2961 1005 3001 non
1046 2948 1413 3022 intelligentes
1440 2956 1582 3025 quod
1612 2958 1778 3015 lsrael

195 3025 239 3082 si
268 3027 555 3085 Dominum
586 3035 869 3103 tenuisset,
895 3051 1112 3108 semper
1135 3040 1242 3097 illis
1268 3044 1445 3099 fuerat
1475 3047 1778 3106 dominatu-

193 3134 310 3186 rus,
340 3131 394 3176 et
422 3137 517 3192 per
541 3124 642 3181 hoc
663 3125 933 3184 defensor.
954 3131 1283 3189 Circumcisio
1310 3137 1517 3207 quidem
1550 3142 1775 3212 prodest,

1894 1948 2035 2006 circa
2063 1956 2396 2011 exteriorem
2428 1957 2703 2016 hominem
2754 1964 3100 2034 gerebantur,
3131 1948 3355 2041 figuram
3386 1990 3485 2031 ex-

1893 2040 2105 2097 terioris
2138 2042 2373 2101 hominis
2402 2047 2788 2115 praeferebant.
2819 2052 3004 2123 Neque
3024 2073 3141 2126 qua:
3168 2040 3224 2113 in
3255 2065 3483 2134 manifeo

1891 2144 1971 2188 sto
1999 2137 2053 2190 in
2081 2152 2236 2193 carne
2255 2141 2600 2209 circumcisio,
2631 2146 2721 2199 sed
2746 2147 2832 2216 qui
2860 2148 2916 2202 in
2939 2149 3237 2207 abscondito
3264 2153 3485 2212 Judleus
3535 2181 3542 2187 -

1889 2234 1983 2280 est.
2029 2228 2149 2298 ipse
2177 2245 2335 2287 verus
2364 2232 2582 2288 Judaeus
2630 2244 2732 2292 est.
2763 2236 2833 2291 Et
2872 2240 3197 2298 circumcisio
3228 2246 3399 2301 cordis
3428 2249 3486 2303 in

1889 2318 2094 2389 spiritu.
2128 2321 2205 2377 De
2254 2338 2357 2392 qua
2387 2324 2645 2395 scriptum
2678 2337 2762 2383 est
2792 2328 2848 2384 in
2890 2330 3009 2401 lege
3038 2351 3050 2384 :
3085 2333 3144 2386 ln
3168 2337 3485 2395 novissimis

1888 2410 2077 2469 diebus
2122 2416 2470 2474 circumcidet
2499 2419 2645 2475 Deus
2694 2436 2788 2478 cor
2835 2431 3006 2490 tuum,
3040 2436 3095 2480 et
3122 2440 3218 2483 cor
3256 2431 3482 2487 seminis

1888 2505 1986 2560 tui.
2017 2506 2073 2561 ln
2095 2509 2305 2578 spiritu,
2341 2511 2532 2581 inquit,
2565 2512 2617 2567 id
2644 2522 2730 2569 est
2757 2516 3053 2572 secundum
3083 2534 3280 2576 novum
3310 2530 3480 2579 testa-

1789 2644 1808 2657 .
1886 2609 2151 2669 mentum,
2194 2604 2338 2674 quod
2394 2604 2650 2662 interiora
2692 2611 2908 2679 quaerit,
2955 2627 3075 2683 quae
3104 2615 3253 2671 solus
3296 2617 3483 2675 videat

1884 2689 2051 2759 Deus,
2082 2702 2137 2748 et
2167 2693 2283 2750 haec
2322 2706 2405 2751 est
2435 2713 2560 2753 vera
2588 2699 2947 2757 circumcisio.
2988 2703 3110 2759 Non
3157 2705 3348 2774 littera,
3379 2725 3478 2763 cu-

1875 2784 1969 2855 jus
1995 2784 2132 2855 laus,
2173 2803 2276 2841 non
2322 2805 2385 2843 ea;
2422 2790 2737 2860 hominibus,
2770 2796 2860 2847 sed
2890 2812 2952 2849 ex
2978 2796 3087 2851 Deo
3129 2806 3225 2853 est.
3271 2798 3477 2858 Littera

1884 2875 2102 2943 occidit,
2134 2880 2356 2949 spiritus
2378 2889 2556 2939 autem
2586 2885 2841 2943 vivificat.
2876 2887 2987 2945 Lex
3028 2890 3222 2948 littera:
3250 2909 3359 2951 non
3391 2902 3479 2954 est

1883 2966 2006 3023 data
2035 2968 2218 3039 justis,
2259 2974 2355 3029 sed
2408 2974 2653 3045 injustis,
2701 2989 2757 3033 et
2798 2980 2926 3037 ideo
2957 2981 3169 3040 laudem
3197 2985 3479 3047 hominum

1884 3062 2213 3119 merebatur.
2242 3064 2358 3121 Lex
2385 3076 2564 3124 autem
2593 3069 2795 3127 Christi
2819 3072 2932 3144 jam
2965 3091 3072 3131 non
3103 3079 3340 3137 minatur
3364 3083 3481 3152 gla-

1885 3153 2032 3209 dium
2063 3158 2428 3227 peccantibus,
2461 3162 2556 3215 sed
2587 3164 2851 3233 promittit
2870 3171 3147 3234 premium
3171 3171 3341 3227 libere
3359 3186 3479 3229 ser-

194 3214 236 3267 si
268 3213 433 3287 legem
460 3215 725 3284 observes;
756 3220 800 3274 si
827 3230 995 3275 autem
1018 3226 1378 3292 prwvaricator
1406 3228 1533 3300 legis
1558 3232 1647 3299 sis,
1679 3234 1781 3288 cir-

2063 3213 2077 3223 _
2393 3213 2428 3227 ν,
2473 3213 2514 3215 ,_
2533 3213 2555 3215 -,
2587 3213 2636 3233 τ-
2870 3213 3147 3234 ,.-...........
3172 3213 3341 3227 ...μην
3359 3213 3475 3229 ...η-

1886 3246 2180 3312 vientibus,
2213 3259 2267 3304 et
2292 3250 2415 3306 ideo
2443 3251 2654 3307 laudem
2684 3270 2714 3309 a
2739 3255 2849 3311 Deo
2879 3257 3063 3328 habet,
3094 3263 3185 3331 qui
3212 3264 3363 3320 solus
3390 3266 3475 3323 vi-

192 3307 441 3361 cumcisio
462 3318 549 3361 tua
571 3314 878 3381 praeputium
896 3315 1033 3384 facta
1045 3325 1133 3370 est.
1155 3316 1382 3375 Prodest
1398 3328 1643 3391 tempore
1657 3339 1775 3392 suo,

190 3396 310 3452 sive
331 3399 455 3466 quia
486 3400 666 3457 vivere
708 3403 833 3459 facit
860 3404 1126 3473 Judaeum,
1160 3417 1216 3464 et
1266 3423 1374 3464 non
1402 3414 1777 3473 exterminari.

191 3488 381 3544 Potest
406 3501 461 3546 et
479 3493 551 3547 ita
570 3493 794 3565 intelligi
826 3514 837 3549 :
867 3496 1220 3554 Circumcisio
1241 3500 1480 3570 prodest,
1502 3505 1624 3574 quia
1650 3506 1780 3564 facit

192 3581 418 3653 intelligi
436 3598 579 3651 esse,
595 3587 717 3656 quia
739 3599 1037 3660 perspecta,
1064 3592 1332 3648 invenitur
1357 3597 1532 3652 carnis
1553 3604 1779 3656 circum-

192 3673 401 3730 cisione
428 3685 674 3732 cessante
700 3693 882 3735 veram
936 3681 1115 3737 cordis
1144 3697 1265 3741 esse
1293 3694 1598 3744 venturam.
1628 3691 1777 3747 Prae-

193 3767 459 3822 varicator
489 3767 618 3839 legis
647 3780 750 3836 est,
786 3772 911 3827 dum
945 3788 1051 3828 non
1082 3778 1326 3847 sequitur
1354 3782 1498 3849 quod
1523 3783 1594 3837 ibi
1629 3799 1773 3852 prae-

190 3858 394 3915 dictum
422 3871 521 3917 est.
572 3862 791 3935 Signum
824 3867 1065 3936 prodest,
1096 3870 1142 3924 si
1173 3886 1260 3926 res
1302 3872 1466 3943 adsit,
1514 3886 1770 3934 caeterum

187 3952 398 4022 signum
426 3955 543 4010 sine
564 3971 625 4012 re
646 3958 977 4026 superﬂuum
1001 3962 1128 4017 erit.
1155 3962 1286 4018 Nam
1310 3974 1363 4021 et
1386 3966 1597 4038 signum
1626 3971 1770 4040 quod

189 4043 321 4100 Cain
348 4048 574 4117 accepit,
608 4048 711 4103 hoc
731 4052 1054 4121 significavit
1084 4055 1226 4125 quod
1250 4056 1463 4115 Judceos
1489 4062 1770 4120 circumci-

187 4138 267 4193 sio
294 4138 633 4196 discerneret
661 4155 691 4196 a
723 4142 966 4214 reliquis.
1008 4146 1074 4201 Et
1098 4148 1236 4203 sicut
1265 4149 1354 4206 ille
1379 4167 1545 4221 vagus
1567 4164 1621 4210 et
1647 4171 1771 4226 pro-

186 4228 345 4301 fugus
381 4246 505 4287 cum
535 4234 652 4303 ipso
683 4236 835 4306 signo
859 4252 1027 4309 usque
1048 4239 1117 4293 ad
1161 4251 1389 4297 mortem
1435 4244 1665 4317 duravit,
1691 4252 1769 4306 sic

182 4320 357 4379 Judaei
382 4340 549 4395 usque
576 4327 629 4381 in
658 4328 819 4383 linem
863 4344 987 4406 cum
1033 4332 1151 4398 ipso
1178 4334 1609 4391 circumcisionis
1649 4340 1766 4408 jam

184 4413 329 4469 inani
355 4415 508 4484 signo
537 4432 633 4485 per
669 4418 856 4472 orbem
896 4420 1149 4487 dispersi,
1182 4421 1327 4488 pleni
1352 4424 1467 4477 zelo
1494 4433 1550 4479 et
1570 4442 1767 4495 pavore

179 4503 511 4570 discurrunt,
545 4514 599 4561 et
626 4507 801 4561 nullus
831 4508 909 4562 eis
939 4510 1114 4563 aufert
1135 4512 1621 4584 circumcisionem,
1654 4521 1767 4576 sive

179 4598 286 4653 sub
317 4597 558 4667 paganis,
605 4598 725 4655 sive
751 4600 849 4655 sub
881 4601 1207 4659 Christianis
1230 4608 1557 4679 principibus
1587 4612 1759 4681 ipsum
1792 4607 1847 4670 D

177 4690 393 4759 signum
425 4699 639 4759 portant
680 4690 878 4749 Christi
907 4694 1211 4765 homicidae,
1243 4700 1382 4757 sicut
1420 4702 1551 4760 Cain
1586 4707 1766 4765 fralri-

178 4781 297 4837 cida
331 4784 583 4851 portavit.
630 4785 693 4840 δε
718 4786 876 4856 igitur
902 4792 1215 4859 pra’putium
1236 4796 1472 4866 justitias
1519 4798 1644 4871 legis
1673 4817 1763 4853 cu-

177 4874 389 4927 stodiat.
441 4869 681 4931 Visibilia
729 4878 968 4949 indigent
1012 4884 1368 4944 invisibilibus
1396 4931 1412 4958 ,
1471 4869 1758 4953 invisibilia

183 4978 291 5020 non
333 4962 573 5036 indigent
602 4966 922 5038 visibilibus,
972 4987 1036 5028 eo
1066 4976 1208 5043 quod
1240 4979 1468 5035 visibilia
1502 4984 1760 5057 imagines

180 5055 289 5111 sint
339 5056 711 5114 invisibilium.
743 5060 1095 5120 Circumcisio
1144 5071 1321 5125 carnis
1348 5073 1551 5145 indiget
1580 5055 1759 5138 cordis

178 5147 610 5221 ciseumcisione,
642 5153 983 5209 circumcisio
1010 5168 1187 5213 autem
1220 5163 1398 5219 cordis
1421 5182 1525 5220 non
1555 5168 1758 5241 indiget

180 5242 355 5296 carnis
388 5242 821 5313 circumcisione,
854 5246 979 5316 quia
1010 5247 1242 5321 imagine
1267 5268 1375 5309 non
1421 5255 1626 5328 indiget
1656 5276 1753 5316 ve-

179 5332 329 5401 ritas,
376 5335 551 5405 imago
576 5351 704 5393 vero
744 5336 949 5408 indiget
985 5342 1229 5399 veritate.
1266 5346 1441 5412 Quare
1471 5364 1601 5420 ergo
1629 5351 1753 5410 data

180 5432 261 5481 est
287 5426 646 5495 circumcisio,
694 5431 741 5485 si
779 5431 893 5486 sola
942 5447 1047 5489 non
1092 5436 1350 5505 prodest?
1391 5440 1654 5513 Primum,
1694 5456 1755 5504 ut

180 5530 592 5590 cognosceretur
622 5522 715 5577 Dei
738 5524 964 5593 p0pulus
1006 5527 1147 5582 inter
1172 5540 1359 5597 gentes
1386 5533 1469 5588 vel
1500 5536 1553 5590 in
1586 5538 1747 5595 bello.

179 5606 325 5676 Quod
365 5620 539 5667 autem
589 5612 682 5667 tali
731 5615 972 5670 membro
1002 5619 1300 5688 signantur,
1352 5626 1579 5693 primum
1634 5630 1750 5687 haec

180 5713 331 5754 causa
367 5713 470 5765 est,
520 5719 587 5758 ne
628 5703 770 5758 aliud
802 5708 1098 5764 membrum
1149 5712 1552 5787 deturparetur,
1603 5723 1747 5791 quod

183 5801 395 5861 aspectu
428 5793 703 5861 horreret;
734 5796 927 5854 deinde
960 5812 1177 5872 propter
1211 5811 1396 5875 gratia:
1432 5814 1744 5879 promissio—

528 5955 798 6019 ΡΑι-ιιοι..
850 5958 1130 6024 LXVIII.
1162 5966 1164 5968 ’

1885 3334 1975 3391 det
1994 3350 2110 3403 cor,
2143 3339 2269 3408 quia
2296 3355 2364 3395 ex
2391 3342 2497 3396 fide
2528 3355 2798 3412 precatur.

1955 3428 2085 3489 Cap.
2117 3447 2194 3487 ιιι.
2231 3435 2369 3499 Quid
2414 3454 2534 3509 ergo
2584 3441 2804 3510 amplius
2856 3453 2931 3499 est
2975 3445 3202 3505 Iudaeo?
3241 3460 3332 3507 aut
3356 3469 3478 3526 que

1882 3524 2079 3579 utilitas
2106 3527 2552 3585 circumcisionis?
2577 3531 2773 3589 Reddit
2795 3537 3058 3593 rationem
3086 3544 3226 3611 quod
3249 3545 3329 3601 lex
3356 3524 3475 3603 ina-

1882 3618 1968 3672 nis
1994 3633 2102 3674 non
2124 3619 2308 3687 fuerit,
2332 3624 2425 3678 sed
2451 3625 2592 3694 quod
2623 3628 2861 3683 carnalis
2880 3632 3307 3691 circumcisiunis
3335 3654 3476 3706 pra:-

1879 3712 2118 3782 rOgaliva
2162 3729 2297 3770 vana
2335 3716 2427 3785 sit,
2475 3720 2636 3773 nullis
2670 3723 2924 3789 operibus
2957 3724 3107 3780 fulta.
3144 3727 3466 3800 lnterrogat,

1879 3803 2019 3870 Quid
2045 3807 2278 3876 amplius
2309 3807 2503 3863 habeat
2532 3808 2775 3867 Judacus.
2808 3813 3123 3884 Respondet
3150 3820 3263 3873 sive
3286 3835 3352 3876 ex
3382 3837 3466 3892 se,

1876 3899 1990 3953 sive
2033 3914 2097 3955 ex
2140 3915 2371 3968 persona
2400 3902 2732 3975 Iudaeorum,
2764 3907 2993 3963 Multum
3016 3929 3104 3979 per
3128 3929 3327 3968 omnem
3356 3932 3469 3970 mo-

1876 3991 2018 4044 dum.
2049 3991 2180 4045 Nam
2209 3993 2255 4047 si
2298 3992 2468 4063 ipsius
2499 4008 2582 4052 est
2609 4012 2800 4055 sensus
2823 4042 2837 4066 ,
2868 4002 3089 4057 Multum
3122 4020 3217 4075 per
3248 4022 3466 4065 omnem

1876 4084 2123 4151 modum;
2152 4095 2226 4154 et,
2257 4088 2446 4145 Omnis
2474 4091 2635 4148 homo
2665 4095 2925 4161 mendax,
2959 4100 3229 4166 quomodo
3277 4113 3466 4170 postea

1873 4178 2123 4232 convenit
2148 4179 2434 4236 dicens:Si
2458 4194 2635 4239 autem
2659 4186 2912 4255 iniquitas
2929 4200 3134 4256 nostra,
3164 4200 3218 4245 et
3243 4204 3462 4249 cratera.

1874 4268 2175 4337 Postremo,
2196 4273 2463 4341 quomodo
2482 4286 2640 4343 negat
2662 4280 2974 4345 praecellere
2999 4279 3213 4337 Judzeos
3230 4286 3463 4340 multum

1874 4374 1971 4427 per
1998 4376 2212 4415 omnem
2244 4363 2498 4417 modum?
2529 4367 2692 4420 Multa
2730 4368 2821 4420 illa
2851 4368 3050 4423 utilitas
3081 4372 3206 4439 erit,
3258 4374 3303 4428 si
3350 4376 3465 4431 elo-

1872 4450 2019 4516 quia,
2039 4465 2159 4518 quae
2180 4454 2377 4505 meruit
2398 4455 2666 4523 accipere,
2688 4457 3204 4520 studeatcustodire.
3227 4465 3462 4526 Primum

1871 4540 2095 4608 quidem,
2124 4544 2244 4612 quia
2274 4544 2471 4601 credita
2497 4557 2615 4601 sunt
2635 4549 2740 4605 illis
2768 4551 2969 4622 eloquia
2994 4553 3111 4611 Dei.
3145 4558 3297 4627 Quod
3326 4578 3459 4634 gen-

1876 4631 2016 4686 tibus
2043 4633 2207 4688 nulla.
2241 4636 2379 4702 Quid
2400 4641 2535 4693 enim
2557 4640 2602 4694 si
2630 4642 2841 4711 quidam
2869 4645 3079 4704 illorum
3101 4668 3202 4706 non
3225 4631 3460 4712 credide-

1870 4726 2023 4779 runt?
2051 4724 2309 4797 Nunquid
2330 4729 2663 4786 incredulitas
2685 4733 2897 4789 illorum
2931 4739 3083 4806 ﬁdem
3115 4743 3213 4799 Dei
3232 4763 3452 4803 evacua-

1870 4816 1979 4870 vit?
2015 4817 2180 4873 Absit.
2218 4818 2329 4875 Nec
2369 4824 2510 4877 enim
2561 4816 2904 4883 credentibus
2933 4834 3245 4902 praijudicat
3272 4840 3452 4896 incre-

1868 4910 2066 4966 dulitas
2092 4920 2577 4984 transgressorum,
2632 4930 2687 4975 et
2734 4926 3022 4991 promissio
3066 4928 3182 4993 Dei,
3214 4950 3335 5001 qua:
3381 4935 3451 4991 ad

1867 5004 2139 5059 Abraham
2168 5005 2305 5061 facta
2337 5019 2443 5076 est,
2494 5010 2540 5065 si
2570 5012 2712 5068 circa
2759 5018 3199 5084 praevaricatores
3223 5039 3452 5080 evacua-

1867 5103 1974 5161 tur,
2004 5096 2145 5150 circa
2184 5098 2501 5157 obedientes
2535 5102 2810 5172 impletur,
2838 5111 2957 5176 quia
3004 5110 3222 5167 mentiri
3250 5116 3451 5170 veritas

1864 5188 2057 5256 nescit,
2099 5188 2238 5243 sicut
2265 5190 2524 5261 scriptum
2567 5205 2687 5253 est:
2718 5196 2811 5251 ESt
2843 5208 3023 5256 autem
3072 5202 3214 5258 Deus
3258 5221 3446 5275 verax,

1863 5280 2042 5333 omnis
2072 5295 2199 5336 vero
2225 5280 2385 5338 homo
2418 5286 2667 5341 mendax.
2699 5289 2837 5354 Quia
2864 5307 3022 5347 nemo
3060 5295 3178 5351 sine
3200 5310 3444 5370 peccato,

1861 5381 2058 5441 praeter
2086 5372 2235 5429 illum
2266 5376 2441 5431 solum
2473 5379 2564 5447 qui
2588 5394 2685 5435 nec
2710 5384 2984 5439 nascendo
3010 5384 3215 5456 habuit,
3247 5405 3347 5445 nec
3369 5392 3449 5446 vi-

1858 5466 2034 5522 vendo
2055 5470 2343 5524 contraxit.
2376 5471 2501 5526 ldeo
2522 5472 2671 5528 solus
2700 5489 2885 5543 verax,
2919 5476 3147 5549 impleas
3170 5498 3289 5553 qua:
3315 5500 3445 5555 pro-

1857 5560 2003 5615 misit
2034 5564 2158 5632 quia
2190 5562 2241 5616 in
2271 5565 2480 5621 semine
2520 5565 2638 5635 ejus
2668 5566 3054 5627 benedicendte
3104 5587 3289 5635 essent
3312 5564 3463 5651 gen:

1852 5657 1956 5717 tes,
2004 5663 2059 5707 et
2101 5652 2492 5710 benedicuntur
2540 5658 2592 5711 in
2623 5657 2858 5730 Christo,
2910 5670 2964 5717 et
3000 5678 3095 5733 per
3141 5666 3440 5741 Christum,

1852 5743 1975 5815 quia
1999 5744 2050 5799 in
2084 5747 2203 5815 ipso
2230 5761 2325 5818 per
2356 5748 2472 5817 ejus
2500 5750 2726 5819 gratiam
2755 5752 3129 5826 crediderunt;
3159 5778 3277 5818 nam
3309 5773 3363 5818 et
3390 5764 3441 5819 si

1851 5838 2138 5896 incredulis
2168 5838 2373 5897 Judaeis
2398 5853 2656 5902 evacuata
2685 5848 2858 5913 estin
2891 5850 2991 5919 eis,
3019 5854 3106 5922 qni
3137 5853 3203 5910 dc
3234 5857 3438 5929 popqu

3092 5988 3164 6053 ib
