4040 6450
469 476 569 529 tat
1580 441 1876 501 parmasu
1917 433 2368 495 ADRUMETANI
2414 429 2622 485 EPlSC.
3619 404 3718 456 tes

471 597 587 662 ipso
626 587 769 643 dono
821 576 1037 636 Domini
1083 569 1448 633 crediderunt,
1478 569 1535 618 et
1579 557 1799 628 impleta
1848 564 1950 618 est,
2004 552 2214 613 etAet
2243 546 2406 602 vincit
2435 559 2553 599 cum
2599 539 2884 610 iudicatur,
2937 533 3061 588 dum
3112 525 3335 600 gratiam
3367 523 3435 578 ab
3461 517 3751 576 incredulis

1320 658 1332 662 -
1411 657 1420 662 -
1582 651 1616 662 ιο
1716 648 1728 662 -
1772 656 1783 662 -
1943 660 1962 662 η
2010 643 2049 662 ε-
2163 639 2494 662 unum.-.“
2546 629 2883 662 ηηηΑαηοςιιηε
2935 622 3160 662 mnrm-L
3196 617 3348 662 nnnd
3393 629 3523 662 vero
3570 611 3751 662 dicit:

478 643 648 752 iisque
697 679 750 733 in
792 673 956 730 ﬁnem
996 662 1238 737 quotidie
1285 657 1494 727 plenius
1533 648 1880 718 adimpletur,
1935 643 2058 714 quia

476 743 639 831 verax
663 777 747 826 est
790 763 878 836 qui
908 755 1172 832 promisit,
1205 759 1258 806 et
1301 747 1487 802 fallere
1516 743 1816 798 nullatenus
1863 744 2058 806 potest.

480 866 573 921 Est
592 871 758 917 autem
784 855 924 910 Deus
952 862 1129 912 verum,
1154 842 1318 899 omnis
1341 848 1510 895 autem
1534 837 1684 890 homo
1702 832 1919 887 mendax
1943 844 1961 882 .'
1990 828 2061 884 si-

483 972 564 1018 cut
584 959 828 1027 scriptum
858 960 953 1006 est.
985 944 1055 1002 Ut
1073 944 1250 1013 iustus
1284 935 1547 1007 proberis,
1580 945 1703 986 cum
1733 928 1787 983 in
1814 931 2066 997 peccatoo

486 1055 632 1111 ribus
671 1018 912 1104 vindicas
940 1059 951 1097 :
987 1036 1054 1092 Ut
1073 1032 1378 1108 justiﬁceris
1409 1029 1461 1081 in
1495 1023 1810 1079 sermonibus
1863 1018 1991 1082 tuis,
2023 1023 2070 1069 et

486 1150 659 1204 uincas
680 1156 794 1197 cum
814 1132 1080 1208 iudicaris.
1114 1126 1298 1184 Vincis
1327 1137 1447 1179 cum
1475 1118 1762 1191 iudicaris,
1789 1127 1910 1169 cum
1941 1106 2074 1164 mihi

488 1247 702 1310 peccata
724 1246 863 1298 mea,
894 1243 980 1283 me
1000 1223 1290 1281 conﬁtente
1319 1229 1375 1274 et
1400 1215 1712 1277 damnante,
1737 1203 1983 1262 dimittis.
2005 1199 2079 1256 Ut

486 1325 816 1402 iustiﬁceris,
846 1321 1038 1391 inquit,
1065 1317 1119 1372 in
1144 1310 1483 1371 sermonibus
1510 1305 1633 1365 tuis,
1665 1311 1745 1356 est
1767 1297 1908 1354 enim
1938 1295 2078 1348 Deus

491 1439 686 1488 verax;
720 1432 844 1476 nam
896 1414 997 1472 etsi
1032 1419 1254 1466 vacuata
1289 1415 1370 1461 est
1404 1397 1736 1471 apostolatus
1781 1387 2080 1448 benedictio

490 1519 546 1575 in
573 1515 831 1572 traditore
858 1507 1018 1572 Juda,
1046 1502 1142 1558 sed
1170 1502 1224 1556 in
1264 1499 1445 1561 Petro,
1477 1491 1566 1563 qui
1608 1488 1767 1543 ﬁdem
1798 1492 2082 1538 conserva-

492 1615 591 1679 vit,
629 1608 849 1679 impleta
880 1613 982 1659 est.
1029 1601 1298 1656 Evacuata
1345 1600 1427 1648 est
1462 1586 1752 1660 promissio
1781 1581 1834 1635 in
1867 1575 2084 1648 p0pulo,

495 1707 588 1777 qui
612 1709 829 1773 propter
856 1693 1312 1766 transgressiones
1337 1685 1494 1758 periit
1516 1684 1568 1738 in
1597 1681 1842 1740 deserto;
1871 1672 2088 1741 impleta

499 1805 584 1854 est
615 1796 669 1851 in
708 1794 786 1849 eis
814 1791 901 1862 qui
936 1789 988 1845 in
1021 1796 1216 1842 terram
1263 1789 1501 1835 sanctam
1531 1774 1675 1828 dono
1717 1764 1949 1827 Domini,
1987 1761 2091 1816 ﬁde

503 1896 850 1960 cooperante,
882 1881 1122 1954 perducti
1151 1885 1296 1934 sunt.
1325 1869 1523 1940 Adjicit
1549 1868 1708 1923 etiam
1735 1863 1802 1917 de
1835 1861 2038 1929 psalmo
2064 1871 2094 1909 ι.

505 1981 867 2042 testimonium
897 1995 911 2030 :
942 1976 1013 2032 Ut
1047 1967 1380 2044 iustiﬁceris,

506 2079 634 2143 tuis,
663 2083 719 2131 et
744 2074 924 2128 vincas
951 2083 1074 2124 cum
1098 2061 1376 2134 iudicaris.
1411 2058 1466 2112 ln
1497 2052 1689 2127 psalmi
1720 2048 1909 2106 ordine
1935 2054 1990 2099 et
2019 2042 2098 2096 lo-

445 2215 450 2218 .
507 2169 648 2225 cutio
675 2164 946 2236 prophetae
976 2161 1049 2214 ita
1077 2132 1137 2212 se
1161 2154 1323 2210 habet
1347 2168 1362 2205 :
1387 2150 1430 2205 Ο
1456 2146 1706 2212 Domine,
1738 2132 2097 2211 pronuntiasti

511 2261 727 2331 quidem
753 2256 871 2311 sine
897 2261 1251 2323 personarum
1289 2241 1600 2310 acceptione
1626 2247 1677 2290 te
1710 2237 1758 2288 in
1790 2237 2098 2301 peccatores

509 2350 926 2409 vindicaturum,
956 2352 1008 2398 et
1041 2339 1254 2410 quidem
1305 2347 1446 2389 nunc
1496 2329 1624 2384 dum
1672 2323 1801 2380 mibi
1851 2318 2098 2384 remittis,

429 2437 439 2460 '
511 2440 826 2516 patientiam
852 2446 996 2494 tuam
1020 2418 1356 2488 mendacium
1385 2423 1648 2495 iudicant,
1675 2417 1768 2472 sed
1790 2413 1959 2468 vincis
1981 2423 2103 2465 cum

509 2534 793 2609 iudicaris,
822 2530 947 2587 dum
981 2525 1111 2582 mihi
1152 2530 1386 2594 peccata,
1419 2531 1507 2570 me
1545 2511 1837 2568 conﬁtente
1866 2514 1921 2560 et
1945 2503 2104 2556 dam-

514 2593 695 2697 nante,
722 2621 960 2687 dimittis,
995 2618 1121 2690 quia
1155 2593 1272 2669 non
1300 2609 1510 2682 iudicas
1552 2605 1634 2661 bis
1669 2601 1725 2658 in
1764 2599 2017 2668 idipsum.
2053 2593 2108 2648 ld

515 2731 618 2792 est,
646 2689 772 2774 dum
801 2715 964 2770 homo
988 2689 1102 2780 ipse
1129 2706 1215 2762 sui
1240 2703 1406 2774 iudex
1433 2698 1647 2768 culpam
1692 2693 1744 2746 in
1795 2705 1855 2746 se
1900 2689 2106 2743 lameno

519 2817 724 2874 tatione
749 2821 802 2868 et
820 2805 1151 2865 contritione
1179 2798 1539 2868 persequitur,
1570 2790 1766 2860 iniusta
1793 2799 1913 2841 esse
1945 2781 2112 2852 pieta-

521 2909 591 2966 tis
621 2918 723 2962 tua:
755 2898 1078 2971 indulgentia
1126 2909 1234 2949 non
1275 2889 1549 2961 probatur.
1580 2883 1713 2938 Dum
1748 2893 1834 2933 me
1865 2874 2112 2930 immanis

523 2995 794 3056 commissi
816 3006 968 3053 reum
998 2985 1180 3059 arguis
1209 2998 1303 3052 per
1332 2977 1672 3050 prophetam,
1709 2969 1900 3040 probas
1931 2977 1980 3020 te
2013 2965 2109 3018 ha-

525 3105 652 3148 nere
680 3090 748 3144 de
779 3085 979 3142 nostris
1009 3077 1265 3150 operibus
1295 3085 1501 3136 curam,
1532 3077 1587 3123 et
1617 3065 1789 3119 vincis
1821 3075 1915 3117 eos
1944 3059 2033 3128 qui
2062 3066 2116 3112 te

523 3185 846 3242 incuriosum
895 3177 1254 3232 humanorum
1283 3176 1496 3222 actuum
1536 3157 1864 3231 judicabant.
1895 3152 2018 3208 Ideo
2047 3148 2117 3203 de

525 3281 628 3335 isto
673 3289 837 3331 sensu
886 3264 1132 3340 Apostoli
1181 3270 1344 3318 totam
1396 3253 1787 3323 expositionem
1837 3243 2116 3315 cuiusdam

2163 639 2495 709 repudiatam
2544 629 2886 688 credentibus
2935 622 3162 679 confert.
3196 617 3350 687 Quod
3393 629 3523 670 vero
3570 611 3752 666 dicit:

2169 730 2265 784 Est
2291 737 2472 782 autem
2507 723 2648 778 Deus
2673 733 2858 782 verax,
2888 713 3063 770 omnis
3103 718 3280 765 autem
3307 706 3469 761 homo
3497 699 3753 766 mendax,

2170 830 2223 877 et
2252 820 2443 875 iterum
2481 835 2490 869 :
2523 815 2583 871 Si
2627 823 2803 868 autem
2853 807 3105 877 iniquitas
3149 809 3331 857 nostra
3367 797 3630 868 iustitiam
3663 792 3758 847 Dei

2169 911 2530 978 commendat,
2579 906 2823 964 inﬁdeles
2865 910 3151 967 utrumque
3183 898 3279 950 hoe
3314 890 3676 948 testimonium
3705 886 3760 941 in

2174 1004 2481 1060 rationabili
2511 1014 2671 1055 sensu
2703 995 2984 1061 accipiant.
3026 989 3088 1045 Si
3118 997 3289 1042 autem
3317 985 3557 1050 iniquitas
3588 986 3763 1032 nostra

2169 1098 2428 1170 justitiam
2452 1093 2548 1147 Dei
2576 1086 2918 1152 commendat,
2946 1081 3068 1152 quid
3099 1076 3362 1133 dicemus?
3392 1069 3640 1140 Nunquid
3666 1069 3767 1121 ini-

2178 1209 2308 1262 quus
2332 1189 2489 1251 Deus,
2513 1187 2597 1256 qui
2627 1185 2779 1254 infert
2809 1180 2976 1234 iram?
3003 1177 3063 1234 Si
3092 1181 3269 1229 autem
3298 1167 3548 1236 iniquitas
3580 1170 3767 1217 nostra

2177 1284 2436 1356 justitiam
2478 1280 2570 1334 Dei
2603 1273 2966 1337 commendat,
2999 1270 3236 1338 iniquum
3275 1271 3376 1328 est,
3411 1256 3605 1327 inquit,
3640 1254 3685 1309 si
3715 1253 3769 1307 in

2185 1382 2301 1435 illos
2329 1373 2585 1438 vindicat,
2631 1369 2721 1439 qui
2761 1367 2882 1421 ideo
2914 1366 3276 1433 peccaverunt
3301 1366 3361 1410 ut
3386 1351 3578 1424 iustior
3604 1362 3769 1417 appa-

2186 1481 2328 1528 reret
2359 1487 2374 1523 :
2404 1483 2506 1537 qua
2531 1464 2674 1520 enim
2699 1460 2906 1532 iustitia
2937 1452 3212 1510 damnabit
3244 1447 3580 1520 iniustitiam,
3612 1441 3658 1496 si
3688 1455 3772 1495 se-

2188 1531 2434 1620 cundum'
2453 1567 2505 1612 te
2543 1557 2774 1611 humana
2821 1549 3106 1618 iniquitate
3145 1543 3205 1598 ﬁt
3248 1537 3472 1612 iustior?
3515 1535 3627 1589 lloc
3657 1531 3772 1586 low

2190 1659 2445 1728 magistro
2476 1652 2712 1724 gentium
2750 1646 3070 1707 disserente,
3101 1640 3324 1694 duarum
3367 1631 3506 1687 ratio
3551 1627 3775 1683 vertitur

2196 1766 2569 1824 personarum,
2602 1747 2654 1803 id
2686 1753 2790 1814 est,
2825 1743 2924 1799 sub
2954 1736 3217 1807 imperitia
3257 1731 3395 1787 male
3425 1729 3776 1796 interpretan-

2196 1850 2284 1912 tis,
2316 1855 2368 1901 et
2399 1844 2498 1898 sub
2527 1841 2768 1896 doctrina
2810 1830 3052 1904 Apostoli
3092 1824 3410 1890 refellentis,
3441 1829 3497 1876 et
3529 1829 3775 1885 tanquam

1434 1906 1523 1926 ιιιι
1549 1906 1708 1923 υιιιιιιι
1737 1906 1802 1917 νιν
1836 1906 2032 1929 ιι....-.-.-
2066 1906 2093 1909 -
2273 1906 2282 1912 ν

1425 1961 1616 2031 inquit,
1655 1957 1711 2011 in
1755 1949 2093 2010 sermonibus
2122 1949 2171 2008 B
2199 1942 2243 1995 si
2272 1936 2526 2008 Apostolo
2558 1948 2682 2003 pars
2709 1930 2920 1984 diversa
2948 1919 3320 1992 imprudenter
3349 1913 3577 1970 credens
3605 1908 3679 1963 ita
3701 1906 3780 1960 di-

2508 2030 2511 2031 r
2666 2012 2710 2031 ‘-
3189 2011 3342 2031 ““:-
3393 2006 3591 2031 -—A-l—:n
3642 2001 3780 2031 οηΙη-

2200 2045 2345 2090 ceret
2377 2032 2461 2088 :0
2491 2012 2767 2098 Apostole,
2811 2033 3061 2088 magnum
3113 2011 3346 2084 peccatis
3393 2006 3595 2063 nostris
3641 2001 3782 2058 sola-

2201 2130 2331 2186 tium
2383 2095 2680 2185 contulisti,
2728 2114 2954 2172 dicendo
3001 2109 3142 2181 quod
3187 2102 3509 2176 iustiﬁcetur
3551 2098 3694 2152 Deus
3734 2095 3784 2148 in

2205 2229 2508 2277 nostrorum
2542 2212 2871 2283 indulgentia
2911 2207 3252 2265 delictorum,
3279 2208 3334 2254 et
3358 2195 3479 2267 quia
3508 2193 3788 2248 veritatem

2204 2314 2295 2368 Dei
2325 2307 2601 2366 mendacia
2631 2312 2813 2359 nostra
2845 2295 3244 2356 commendant,
3277 2300 3332 2346 et
3361 2295 3579 2358 peccata
3612 2292 3788 2338 nostra

2207 2403 2591 2462 misericordiae
2620 2396 2898 2454 materiam
2933 2393 3044 2447 Deo
3090 2389 3355 2456 ingerunt,
3390 2391 3447 2436 ut
3476 2393 3570 2447 per
3601 2374 3788 2444 iniquit-

2210 2508 2345 2554 tates
2373 2505 2582 2552 nostras
2612 2491 2730 2560 ejus
2772 2485 2985 2542 bonitas
3027 2485 3338 2537 exerceatur
3371 2481 3425 2528 et
3453 2469 3622 2541 gloria
3662 2466 3791 2520 dila-

2212 2598 2385 2657 tetur,
2435 2586 2630 2656 injuste
2683 2589 2899 2650 peccata
2951 2580 3133 2631 nostra
3191 2567 3510 2638 puniuntur,
3560 2576 3682 2631 qua:
3729 2557 3793 2612 ad

2211 2654 2658 2743 manifestandam
2719 2674 2817 2729 Dei
2882 2667 3224 2741 patientiam'
3261 2654 3795 2716 benevolentiamque

2216 2778 2514 2850 proﬁciunt,
2546 2769 2727 2825 statim
2755 2764 2936 2820 infert.
2966 2761 3254 2825 llucusque
3279 2751 3528 2815 objectio‘
3550 2747 3794 2808 adversa,

2217 2873 2301 2928 ltic
2326 2867 2610 2936 reSpondet
2640 2860 2927 2931 Apostolus
2958 2856 3167 2910 illorum
3195 2847 3373 2906 sensui
3408 2863 3421 2900 :
3453 2843 3668 2911 Iniquus
3696 2849 3796 2905 est,

2220 2963 2413 3034 inquit,
2438 2961 2596 3022 Deus,
2628 2956 2671 3012 si
2703 2955 2756 3008 in
2792 2951 2910 3006 illos
2940 2947 3173 3001 vindicat
3203 2958 3298 3012 per
3327 2953 3556 3008 quorum
3585 2941 3799 3005 peccata

2220 3026 2479 3126 benignus
2501 3057 2741 3122 apparet,
2767 3054 2820 3102 et
2844 3058 2949 3099 non
2972 3039 3143 3096 debeo
3163 3033 3412 3107 iudicari,
3436 3031 3523 3103 qui
3549 3026 3800 3088 mentior,

2222 3154 2344 3226 quia
2377 3165 2499 3206 meo
2527 3141 2808 3201 mendacio
2852 3136 2946 3194 Dei
2991 3132 3188 3188 veritas
3228 3128 3449 3183 collecta
3491 3119 3804 3192 praedicabi-

2224 3250 2324 3304 lior
2367 3244 2652 3300 invenitur.
2691 3237 2754 3291 Et
2791 3233 2914 3290 ideo
2957 3235 3156 3299 quanto
3195 3220 3401 3292 majora
3445 3218 3583 3273 mala
3619 3213 3806 3270 feceri-

525 3307 628 3335 tatu
673 3307 837 3331 avuau
886 3307 1132 3340 ιιιινισινι-
1183 3307 1344 3318 ..η----
1403 3307 1556 3323 -_r,,
1903 3307 1919 3315 _

525 3369 696 3427 sancti
726 3365 828 3421 viri
871 3361 1047 3432 posui,
1081 3367 1140 3411 ut
1188 3351 1398 3425 plenius
1427 3346 1648 3403 lectoris
1678 3338 1982 3398 sollicitudo
2019 3336 2118 3389 im-
2144 3345 2195 3410 ο
2226 3356 2364 3404 mus,
2391 3343 2536 3391 tanto
2565 3329 2764 3400 majora
2792 3326 2928 3380 bona
2964 3321 3030 3374 ab
3066 3320 3154 3372 illo
3198 3331 3292 3384 pro
3317 3315 3472 3382 cuius
3497 3307 3658 3364 laude
3685 3320 3806 3375 pec-

1947 3428 1956 3432 -
2328 3431 2334 3432 ,
2611 3423 2621 3432 .
2665 3421 2676 3430 .
2886 3414 2993 3432 η--
3024 3409 3264 3432 κάκης..
3297 3405 3414 3432 mm.
3445 3397 3806 3432 :mnI-ut'nnIM

526 3463 800 3519 bueretur,
834 3463 888 3509 et
918 3451 1219 3516 ubicunque
1250 3444 1326 3497 sic
1368 3439 1601 3500 iuvenis,
1649 3433 1865 3503 paginas
1910 3428 2113 3495 plenas,

461 3589 463 3591 ι
528 3567 626 3625 pro
657 3544 1008 3604 instructione
1038 3539 1141 3592 hoc
1173 3535 1344 3604 posui.
1379 3529 1448 3585 Ut
1474 3524 1802 3595 iustificeris,
1844 3519 2031 3586 inquit,
2066 3516 2118 3568 in

530 3638 868 3700 sermonibus
899 3632 1028 3698 tuis,
1055 3638 1108 3682 et
1143 3627 1325 3679 vincas
1361 3634 1481 3674 cum
1521 3612 1794 3685 iudicaris.
1837 3609 2124 3663 Videamus

532 3731 802 3806 quomodo
852 3726 952 3780 sibi
1000 3723 1101 3776 hoc
1145 3720 1262 3773 loco
1316 3711 1559 3782 Apostoli
1603 3722 1782 3762 sermo
1829 3700 2126 3758 consentiat

535 3840 658 3882 cum
691 3818 997 3877 testimonio
1025 3813 1167 3884 quod
1205 3824 1270 3864 ex
1301 3808 1580 3877 propheta,
1626 3812 1932 3856 sermonem
1970 3809 2125 3851 suum

537 3916 972 3976 conﬁrmaturus,
996 3903 1304 3971 assumpsit.
1332 3897 1662 3954 Sententiam
1689 3895 1827 3948 banc
1850 3889 2127 3946 evidenter

538 4009 635 4065 illo
675 4020 836 4062 sensu
880 3997 1172 4072 Apostolus
1215 3992 1382 4063 ponit,
1420 4003 1524 4057 quo
1567 3985 1768 4042 dudum
1818 3982 1981 4037 David
2030 3980 2130 4035 sub

540 4098 869 4171 paenitentiae
917 4105 1048 4146 voce
1101 4087 1414 4158 protulerat,
1456 4080 1679 4135 dicens:
1710 4077 1753 4131 Ο
1787 4075 2030 4139 Domine,
2065 4072 2132 4127 de

542 4189 749 4248 semine
781 4203 900 4242 meo
936 4199 1055 4240 esse
1095 4189 1381 4235 venturum
1421 4174 1755 4229 Salvatorem
1790 4166 2004 4221 humani
2043 4181 2132 4234 ge-

544 4283 688 4340 neris
719 4279 886 4352 promi
927 4276 1005 4329 I~ti
1044 4293 1053 4326 :
1088 4285 1227 4326 nunc
1270 4270 1394 4323 dum
1441 4281 1526 4320 me
1565 4265 1708 4318 videt
1749 4260 1971 4330 populus
2014 4267 2132 4310 tuus

542 4369 739 4442 duplici
788 4368 1013 4422 crimine
1064 4362 1424 4419 vulneratum,
1456 4353 1826 4422 blaSphemarc
1862 4350 1960 4403 feci
1996 4347 2134 4400 ﬁlios

544 4463 737 4527 lsrael,
767 4471 844 4526 ut,
870 4459 996 4513 dum
1036 4457 1086 4510 in
1117 4451 1379 4509 adulterio
1406 4459 1459 4503 et
1490 4445 1777 4500 homicidio
1811 4442 2136 4511 persiiiciunt

547 4564 753 4610 reatum
777 4565 976 4613 meum,
1009 4557 1060 4602 te
1098 4553 1284 4615 putent
1313 4556 1432 4596 esse
1457 4538 1761 4602 mentitum,
1788 4545 1840 4590 et
1871 4537 1990 4588 ideo
2017 4547 2138 4602 prc-

549 4660 666 4701 cem
695 4639 1071 4697 satisfactionis
1113 4649 1361 4706 agnosce,
1397 4644 1450 4688 et
1481 4641 1536 4684 tu
1567 4630 1779 4684 remitte
1837 4627 1978 4697 quod
2024 4626 2139 4694 ipse

2227 3431 2481 3490 cavimus,
2515 3421 2854 3490 recipiemus.
2886 3414 2998 3469 Hoc
3024 3409 3267 3464 fortassis
3297 3405 3415 3459 ideo
3445 3397 3808 3469 imprudentes

2227 3525 2296 3579 ita
2329 3518 2553 3586 intelligi
2577 3488 2772 3571 debere
2804 3506 3222 3569 arbitrabantur,
3265 3500 3385 3569 quia
3416 3496 3684 3566 legimus:
3709 3488 3812 3546 Ubi-

2229 3584 2527 3670 abuiidavit
2566 3617 2864 3678 peccaturo,
2916 3594 3371 3671 superabundavit
3424 3591 3614 3660 gratia,
3658 3584 3806 3656 quasi

2227 3723 2349 3780 quae
2378 3706 2577 3775 peccati
2603 3703 2694 3757 det
2715 3699 2981 3759 meritum,
3007 3695 3132 3747 dum
3157 3687 3454 3745 clementia:
3476 3684 3571 3740 Dei
3598 3686 3812 3751 praestet

2231 3807 2594 3873 augmentum.
2623 3794 2728 3850 Sed
2754 3795 2906 3860 longe
2928 3790 3080 3844 aliter
3101 3781 3443 3852 intelligenda
3465 3789 3548 3834 est
3572 3779 3675 3832 ista
3694 3789 3814 3829 sen-

2233 3868 2416 3952 tentia.
2452 3893 2516 3944 Et
2547 3887 2687 3959 quod
2730 3887 2802 3940 ita
2833 3899 2924 3952 per
2952 3877 3370 3935 satisfactionem
3402 3881 3457 3928 et
3484 3868 3814 3926 emendatio-

2234 4003 2354 4044 nem
2379 3990 2693 4048 consumpta
2719 3978 2788 4033 sit
2812 3970 3135 4029 abundantia
3160 3977 3522 4040 peccatorum,
3551 3973 3609 4017 ttt
3634 3975 3814 4016 emen-

2234 4079 2342 4135 dati
2372 4093 2476 4132 non
2520 4074 2690 4127 solum
2722 4069 2950 4132 veniam,
2986 4065 3078 4120 sed
3109 4066 3266 4120 etiam
3297 4059 3513 4131 praemia
3547 4070 3814 4112 mereren-

2239 4179 2364 4225 tur:
2394 4177 2452 4220 ut
2489 4162 2814 4232 iustiﬁceris,
2859 4160 3049 4227 inquit,
3087 4160 3138 4212 in
3171 4152 3508 4211 sermoaibus
3551 4151 3673 4204 tuis.
3711 4149 3818 4203 Hoc

2239 4256 2600 4314 teStimonium
2631 4265 2752 4321 pars
2781 4251 3002 4304 adversa
3036 4248 3103 4300 ita
3136 4243 3410 4319 preposuit
3437 4242 3588 4312 quasi
3628 4239 3820 4294 dixerit

2243 4349 2434 4404 David:
2461 4348 2749 4412 Propterea
2769 4355 2869 4423 ego
2888 4339 3123 4411 peccavi,
3154 4347 3211 4391 ut
3238 4337 3362 4391 dum
3392 4350 3480 4390 me
3506 4333 3738 4403 judicas,
3763 4340 3820 4384 tu

2236 4444 2414 4514 justus
2462 4452 2738 4508 apparens,
2783 4443 2874 4489 aut
2922 4432 3247 4494 misericors,
3287 4428 3412 4482 dum
3461 4425 3738 4487 remittes;
3769 4429 3826 4475 et

2241 4534 2360 4588 ideo
2392 4545 2613 4603 parcere
2645 4527 2771 4583 mibi
2801 4526 2985 4594 debes,
3018 4525 3136 4592 quia
3167 4521 3414 4589 iniquitas
3443 4533 3583 4580 mea,
3609 4526 3701 4570 aut
3727 4515 3824 4569 mi-

2242 4623 2588 4680 sericordiam
2643 4630 2807 4683 tuam,
2853 4623 2945 4669 aut
2986 4614 3240 4683 justitiam
3286 4609 3643 4665 commendat.
3675 4607 3825 4661 l‘lnnc

551 4738 869 4800 condemno,
904 4743 962 4784 ut
987 4745 1108 4783 cum
1142 4743 1226 4783 me
1263 4725 1467 4780 indulta
1511 4722 1888 4792 propitiatione
1921 4734 2136 4786 repara-
2165 4737 2220 4798 Ι)
2244 4733 2427 4773 eorum
2475 4727 2711 4768 errorem
2767 4707 3056 4778 Apostolus
3099 4713 3384 4770 retractat,
3434 4711 3487 4756 et
3531 4700 3826 4765 interiectis

553 4830 720 4895 veris,
764 4836 814 4879 et
844 4824 1063 4892 dignum
1109 4816 1460 4888 promissione
1493 4822 1581 4866 tua
1613 4811 1823 4874 feceris,
1859 4810 1909 4862 in
1940 4824 2141 4864 set-ino-

555 4924 712 4982 nibus
733 4920 838 4974 tuis
855 4919 1032 4987 iustus
1053 4924 1336 4983 appareas,
1359 4918 1415 4962 et
1435 4907 1620 4961 vincas
1645 4921 1763 4958 cum
1792 4920 1821 4956 a
1853 4903 2140 4972 reprelien-

552 5016 765 5074 scribus
792 5009 1065 5077 iudicaris,
1097 5013 1151 5061 et
1177 5004 1248 5058 ita
1281 5016 1418 5056 nunc
1452 4999 1588 5054 hanc
1626 4998 1825 5052 lineam
1859 4995 2142 5064 Apostolus

559 5108 806 5179 sequitur
831 5103 1016 5159 dicens
1045 5117 1059 5153 :
1091 5098 1240 5153 Licet
1271 5105 1688 5166 transgressoms
1717 5089 1887 5146 Juda-i
1923 5088 2146 5144 fecerint

556 5215 750 5257 nomen
782 5193 993 5252 Domini
1039 5187 1418 5259 blaspltemari,
1449 5199 1554 5256 quo
1581 5184 1785 5238 dicatur
1822 5199 1834 5234 :
1872 5179 1993 5233 llazc
2025 5185 2144 5232 erat

555 5291 643 5348 illa
667 5302 797 5364 gens
818 5295 1000 5343 sancta
1027 5290 1081 5338 et
1107 5280 1334 5352 populus
1356 5277 1582 5346 electus,
1610 5275 1696 5344 qui
1720 5287 1779 5327 se
1805 5285 1949 5326 nunc
1972 5278 2141 5324 trans-

557 5381 831 5453 gressione
858 5388 913 5433 et
951 5369 1261 5443 inexpiabili
1310 5367 1590 5438 sacrilegio
1618 5372 1672 5420 et
1699 5363 1924 5417 crimine
1957 5359 2144 5430 impie-

558 5473 683 5527 tatis
722 5467 973 5530 involvit;
1011 5478 1137 5520 ecce
1183 5477 1276 5532 per
1323 5460 1498 5517 scelus
1543 5455 2010 5528 praevaricatorum
2049 5451 2143 5507 Dei

557 5563 827 5634 promissa
852 5566 1076 5616 vacuata
1100 5565 1244 5613 sunt.
1273 5553 1378 5610 Sed
1398 5567 1508 5608 non
1531 5553 1602 5606 ita
1627 5560 1730 5615 est,
1757 5563 1876 5602 nam
1901 5547 1942 5602 si
1973 5555 2141 5601 trans-

562 5669 835 5726 gressores
892 5668 920 5708 a
968 5649 1138 5723 gratia
1195 5647 1537 5708 exciderunt,
1592 5640 1879 5696 veridicam
1935 5637 2147 5694 Domini

564 5747 904 5819 spons‘mnem
947 5740 1252 5799 obedientia
1303 5735 1537 5792 ﬁdelium
1580 5731 1943 5802 consequitur,
1979 5744 2040 5784 ac
2070 5730 2147 5786 sic

565 5844 801 5902 confusis
828 5847 931 5903 illis
967 5845 1054 5914 qui
1101 5841 1309 5911 eloquia
1343 5837 1521 5894 divina
1567 5836 1619 5890 in
1667 5833 1876 5888 irritum
1921 5829 2144 5885 adducta

563 5939 1218 6028 iactabantLiustiticatur
1246 5933 1502 5992 Dominus
1542 5932 1595 5988 in
1641 5927 1982 5987 sermonibus
2012 5929 2144 5994 suis,

2246 4808 2523 4866 sententiis
2555 4807 2783 4860 destruit
2813 4804 2995 4856 dicens
3028 4819 3038 4852 :
3074 4803 3156 4864 Si,
3195 4798 3643 4869 quemadmodum
3677 4796 3826 4848 aiunt

2250 4916 2348 4956 nos
2399 4898 2610 4968 quidam
2663 4897 2861 4958 dicere,
2904 4892 3156 4961 iniquitas
3199 4901 3379 4945 nostra
3426 4890 3686 4958 justitiam
3735 4886 3828 4940 Dei

2230 4989 2614 5056 commendat,
2643 5002 2769 5056 ergo
2803 4986 3014 5054 iniquus
3037 4995 3120 5038 est
3155 4985 3312 5045 Deus,
3339 4982 3426 5050 qui
3462 4979 3624 5034 infert
3667 4978 3827 5042 irant,

2249 5098 2368 5137 cum
2407 5081 2654 5150 iniquitas
2693 5087 2872 5132 nostra
2917 5075 3034 5146 ejus
3084 5074 3337 5144 prtedicet
3381 5071 3824 5126 misericordiam.

2253 5172 2545 5228 Secundum
2571 5169 2826 5222 hominem
2856 5167 2991 5219 dico.
3025 5165 3187 5219 Absit.
3215 5163 3269 5218 id
3291 5175 3371 5218 est
3396 5163 3692 5219 secundum
3716 5175 3832 5216 car-

2254 5265 2426 5320 nalem
2457 5277 2670 5319 sensum
2703 5272 2870 5322 tuum,
2910 5257 2991 5314 vel
3028 5257 3320 5313 secundum
3363 5265 3435 5323 te,
3463 5256 3553 5325 qui
3580 5255 3648 5310 de
3673 5269 3835 5323 supe-

2251 5358 2380 5414 riori
2402 5357 2664 5413 sententia
2690 5362 2796 5408 tam
2816 5351 3060 5420 imperite
3080 5351 3245 5406 sentis
3267 5360 3322 5405 et
3338 5358 3442 5404 tam
3468 5348 3836 5418 imprudenter

2251 5451 2526 5522 intelligis.
2555 5450 2666 5517 Qua
2699 5448 2839 5504 enim
2865 5446 3067 5517 iusﬁtia
3099 5445 3372 5500 damnabit
3418 5445 3758 5514 iniustitiam,
3785 5442 3833 5498 si

2252 5546 2400 5615 juxta
2427 5541 2732 5613 opinionem
2764 5539 3168 5595 tuam'bumana
3208 5537 3484 5607 iniquitate
3507 5537 3577 5591 sit
3599 5535 3834 5607 iustior?

2255 5639 2362 5696 Sed
2389 5653 2493 5693 non
2518 5637 2586 5690 ita
2608 5643 2707 5691 est.
2736 5633 2866 5688 Nam
2897 5632 3063 5686 Deum
3088 5641 3328 5686 nostrum
3353 5645 3455 5687 non
3484 5641 3590 5685 tam
3619 5639 3837 5700 peccata

2255 5745 2412 5806 quam
2448 5732 2708 5786 bonorum
2738 5739 2959 5794 operum
3009 5732 3159 5794 gesta
3193 5724 3512 5794 gloriﬁcent,
3546 5731 3601 5779 et
3629 5723 3753 5778 ideo
3779 5722 3836 5775 in

2257 5822 2543 5897 puniendis
2588 5817 2821 5889 peccatis
2862 5817 3036 5887 justus
3090 5818 3438 5888 agnoscitur,
3491 5817 3579 5886 qtti
3637 5815 3840 5871 sanctis

2256 5918 2508 5992 operibus
2539 5913 2852 5970 delectatur.
2877 5911 3116 5982 Alioquin
3140 5913 3391 5984 quomodo
3411 5911 3672 5985 judicabat
3701 5909 3841 5970 Dm
