4004 6354
247 421 346 471 ιη
1108 429 1171 486 1N
1211 429 1593 488 EPISTOLAM
1633 432 1724 486 AD
1765 430 2085 488 RUMANUS
2125 432 2643 489 COMMENTARl-A.

3005 486 3030 503 κ
3401 439 3502 493 450

244 541 379 587 nunc
410 542 672 603 mundum,
703 539 747 592 si
780 553 883 593 non
917 539 1068 596 bonis
1088 543 1256 608 bona,
1285 553 1339 600 et
1376 546 1532 602 malis
1575 547 1710 602 mala
1742 561 1824 604 re-
1855 551 1907 609 Λ
1931 556 2254 615 exaggerant
2283 547 2452 602 fetore
2481 547 2759 602 doctrinae.
2799 547 2985 605 Omnis
3012 551 3144 604 odor
3168 554 3355 608 mortis
3386 570 3507 622 pro-

247 629 454 696 lribttit,
488 639 543 682 ut
567 631 721 697 justis
752 634 1023 699 praemium
1054 650 1150 704 pro
1184 638 1409 705 justitia,
1442 648 1497 695 et
1534 643 1824 710 peccatori-

250 720 347 775 bus
369 722 510 791 quod
541 735 817 780 merentur
843 727 1054 782 tribuit?
1077 729 1137 784 Si
1159 731 1290 783 enim
1311 734 1494 788 veritas
1522 733 1618 790 Dei
1642 738 1692 790 in
1718 753 1826 792 meo

251 815 517 868 mendacio
557 815 831 870 abundarit
876 819 930 872 in
971 818 1187 889 gloriam
1229 822 1417 893 ipsius,
1451 825 1610 892 quid?
1635 826 1692 881 id
1721 839 1823 894 est,

251 905 435 975 utquid
480 906 692 976 judicor
719 911 868 978 quasi
901 911 1279 967 maleiaciens?
1310 923 1363 968 et
1391 930 1495 969 nmt
1527 917 1665 972 sicut
1708 919 1824 986 qui-

253 996 374 1052 dam
405 1013 504 1053 nos
530 999 714 1055 dicunt
737 1000 950 1066 dicere,’
968 1011 1025 1056 ut
1068 1013 1265 1074 quanto
1293 1008 1493 1076 majora
1519 1009 1655 1064 mala
1684 1010 1825 1066 fece-

251 1092 442 1159 rimus,
476 1101 620 1147 tanto
649 1095 908 1164 ampliora
948 1096 1083 1150 bona
1126 1098 1465 1168 recipiamus.
1516 1102 1715 1158 Adhuc.
1746 1103 1830 1158 ln-

252 1199 437 1253 super.
485 1185 551 1240 Et
593 1203 684 1257 ego
723 1197 960 1255 tanquam
987 1201 1237 1259 peccator.
1269 1189 1437 1248 llomo
1461 1194 1549 1264 qui
1575 1196 1826 1253 mentior.

250 1277 490 1335 .Imticor.
511 1283 550 1334 A
576 1281 686 1336 Deo
707 1281 760 1336 in
783 1280 870 1337 die
890 1281 1093 1352 iudicii.
1119 1285 1222 1340 lste
1241 1294 1322 1340 est
1341 1301 1552 1350 sensus.
1579 1299 1827 1358 tanquam
1859 1287 1864 1301 ‘

252 1371 296 1426 si
327 1372 528 1428 diceret
559 1391 573 1428 :
602 1374 646 1428 Ο
693 1374 939 1444 infidelis,
979 1392 1042 1431 ex
1093 1378 1269 1432 verbis
1312 1381 1445 1434 meis
1491 1392 1829 1450 peccatorum

255 1474 465 1519 tuorum
498 1467 694 1522 asseris
724 1466 1116 1535 defensionem,
1145 1469 1373 1526 dicendo
1403 1472 1544 1541 quod
1571 1474 1830 1542 justitiam

254 1557 348 1614 Dei
391 1558 638 1630 iniquitas
667 1569 848 1616 nostra
892 1562 1252 1627 commendet,
1280 1572 1334 1618 et
1371 1564 1567 1620 veritas
1613 1564 1726 1634 ejus
1767 1581 1833 1620 ex

254 1653 450 1707 nostris
497 1654 793 1708 mendaciis
840 1663 1066 1721 crescat,
1125 1666 1177 1710 et
1233 1656 1584 1711 imbecillitati
1638 1666 1834 1712 nostrae

253 1755 581 1813 comparata,
605 1745 773 1813 magis
799 1746 1072 1817 magisque
1093 1748 1264 1816 major
1283 1756 1554 1818 appareat.
1576 1746 1681 1803 Sed
1709 1749 1833 1802 dum

255 1834 328 1889 ita
359 1836 516 1890 malis
544 1838 650 1890 tuis
675 1837 888 1892 inimica
913 1838 1199 1893 severitate
1223 1839 1498 1905 blandiris,
1519 1838 1662 1908 jusla
1685 1840 1832 1894 dam-

1931 636 2069 690 cedit
2099 635 2166 690 de
2190 652 2284 693 ore
2309 652 2495 693 eorum
2523 657 2534 692 :
2569 639 2670 696 hoc
2703 648 2784 696 est
2813 642 2970 697 verba
3017 641 3265 712 pestifera
3293 654 3345 697 et
3378 645 3507 699 adu-

1933 729 2120 783 latoria
2155 745 2273 799 qua:
2314 732 2640 789 interﬁciunt
2663 735 2960 791 audientes.
2991 736 3112 792 Ideo
3142 739 3281 793 enim
3320 741 3505 810 sepul-

1933 835 2020 874 cra
2069 821 2404 891 clauduntur,
2457 841 2523 882 ne
2568 826 2621 881 in
2668 827 2776 883 vita
2825 831 3005 896 positis
3042 831 3380 887 exhalatione
3425 833 3508 888 sui

1932 922 2187 982 generem
2235 925 2462 984 pestem.
2511 901 2722 990 Linguis
2753 925 2857 975 suis
2883 923 3058 978 dolose
3088 926 3320 996 agebant.
3349 926 3506 980 Aliud

1933 1016 2028 1058 ore
2071 1014 2400 1072 promentes,
2452 1009 2595 1063 aliud
2648 1013 2810 1068 corde
2861 1017 3197 1072 meditantes.
3249 1017 3508 1074 Venenum

1934 1097 2190 1161 aspidum.
2218 1097 2418 1154 Horum
2446 1112 2750 1170 serpentum
2781 1107 3126 1174 perniciosius
3155 1112 3364 1164 caneris
3392 1126 3509 1165 esse

1934 1187 2100 1244 fertur
2140 1205 2424 1248 venenum.
2457 1193 2564 1247 Sub
2616 1197 2761 1250 labiis
2807 1215 2999 1252 eorum.
3047 1200 3100 1254 Id
3133 1211 3213 1256 est
3245 1204 3292 1256 itt
3325 1203 3508 1257 corde.

1939 1281 2168 1348 Quorum
2209 1300 2262 1337 os
2304 1286 2676 1340 maledictione.
2705 1289 2971 1358 Quidquid
3017 1293 3155 1345 enim
3202 1294 3342 1347 main
3388 1304 3511 1347 voto

1936 1373 2151 1442 dicitur,
2181 1378 2296 1433 sine
2324 1379 2487 1434 dubio
2521 1380 2656 1436 male
2687 1382 2899 1435 dicitur.
2937 1382 3003 1436 Et
3032 1387 3371 1441 antatitudine
3407 1388 3516 1458 ple-

1938 1481 2058 1520 num
2087 1478 2180 1522 est.
2211 1472 2523 1526 Amaritudo
2568 1473 2881 1528 Antichristi
2925 1479 3189 1531 contraria
3223 1492 3303 1533 est
3333 1480 3515 1536 dulce-

1938 1556 2044 1611 dini
2072 1559 2219 1613 verbi
2251 1559 2366 1613 Dei.
2408 1559 2613 1617 Veloces
2643 1565 2795 1630 pedes
2825 1582 2999 1620 eorum
3045 1569 3109 1620 ad
3149 1569 3516 1634 effundendum

1938 1652 2258 1720 sanguinem.
2305 1653 2422 1707 Non
2466 1656 2529 1708 ad
2578 1657 2878 1713 liberandas
2908 1661 3134 1727 animas,
3166 1664 3260 1716 sed
3288 1663 3354 1718 ad
3399 1679 3518 1733 per-

1941 1739 2163 1804 dendas,
2196 1744 2310 1798 sive
2343 1745 2725 1802 interﬁcieutes
2753 1752 2975 1817 animas,
3018 1769 3122 1806 non
3171 1752 3274 1807 illis
3314 1769 3518 1809 annun-

1945 1834 2126 1888 tiando
2157 1847 2371 1904 peccata
2399 1853 2515 1902 sua,
2549 1839 2642 1895 sed
2686 1841 2995 1898 adulatione
3035 1847 3400 1902 conﬁrmando
3429 1863 3520 1902 eas

257 1928 475 1982 natione
504 1927 806 1997 puniendus
834 1943 891 1984 es
923 1930 990 1983 ab
1019 1929 1113 1984 illo
1143 1931 1233 2000 qui
1262 1931 1554 1985 secundum
1586 1931 1837 1986 uniuscu.
1868 1933 1916 1992 B
1945 1923 1997 1978 itt
2028 1923 2174 1993 ipsis.
2209 1925 2357 1981 Unde
2389 1925 2584 1982 Paulus
2616 1929 2743 1983 dicit
2775 1949 2785 1982 :
2814 1932 3033 1988 Mundus
3059 1950 3174 1988 sum
3204 1952 3234 1991 a
3263 1940 3522 2005 sanguine

255 2019 553 2090 juscunque
584 2036 745 2089 opera
781 2020 1042 2088 iudicabit
1073 2019 1350 2076 mundum.
1400 2023 1548 2077 Unde
1579 2023 1664 2078 hic
1691 2022 1838 2078 locus

263 2111 382 2166 ideo
409 2113 676 2166 difficilior
701 2112 931 2178 videtur,
950 2111 1072 2182 quia
1095 2114 1162 2167 ab
1187 2113 1445 2183 imperitis
1473 2113 1694 2169 diversa:
1714 2129 1837 2184 par-

265 2205 332 2260 tis
355 2207 734 2272 quaesdonibus
761 2207 1098 2272 obscuratur,
1126 2205 1264 2261 sicut
1286 2209 1391 2261 alio
1416 2207 1530 2262 loco
1551 2208 1838 2277 Apostolus

264 2297 646 2353 irrationabilia
675 2300 882 2368 objecta
915 2301 1160 2369 preponit
1189 2311 1242 2356 et
1271 2303 1471 2372 respuit
1497 2319 1509 2355 :
1539 2301 1672 2370 Quid
1697 2302 1838 2356 enim

259 2387 510 2454 dicimus,
544 2392 970 2459 permanebimus
1015 2392 1068 2445 in
1109 2401 1349 2461 peccato,
1384 2403 1441 2449 ut
1477 2393 1644 2464 gratia
1675 2393 1841 2449 abun-

261 2480 390 2535 det?
421 2482 593 2538 Absit.
631 2483 699 2538 Et
727 2483 885 2554 paulo
919 2493 1040 2554 post
1067 2499 1082 2539 :
1111 2484 1249 2552 Quid
1282 2487 1446 2557 ergo?
1477 2487 1838 2556 peccabimus,

261 2573 381 2643 quia
416 2591 518 2628 non
547 2589 728 2630 sumus
755 2577 853 2630 sub
884 2575 1021 2648 lege,
1056 2577 1152 2632 sed
1196 2578 1298 2632 sub
1325 2577 1525 2648 gratia?
1557 2580 1727 2634 Absit.
1760 2580 1840 2633 Ad

261 2675 558 2721 extremum
609 2669 893 2738 Apostolus
937 2684 1097 2725 sensu
1125 2670 1367 2726 veritatis
1395 2687 1662 2727 evacuans
1693 2688 1842 2742 quae-

262 2758 492 2811 stionem
524 2758 594 2811 ita
624 2757 751 2814 dicit
779 2777 790 2811 :
819 2757 888 2812 Et
918 2776 1019 2813 non
1041 2761 1170 2814 sicut
1199 2761 1627 2831 blasphemamur,
1650 2773 1696 2816 et
1718 2764 1844 2817 sicut

262 2851 406 2903 aiunt
444 2851 652 2920 quidam
680 2868 769 2905 nos
808 2853 978 2907 dicere
998 2869 1018 2907 :
1043 2853 1321 2907 Faciamus
1348 2854 1506 2918 mala,
1535 2866 1588 2908 ut
1616 2858 1843 2911 eveniant

265 2941 416 2994 bona.
468 2943 532 2996 Et
575 2943 687 2997 haec
733 2944 1012 2999 stultorum
1044 2945 1274 3017 objectio
1299 2955 1402 3013 est,
1429 2962 1586 3017 quam
1623 2948 1843 3019 subjun-

265 3048 400 3104 gens
445 3034 674 3089 destruit
717 3036 944 3092 dicens:
987 3039 1215 3105 Quorum
1262 3041 1523 3094 damnatio
1561 3043 1704 3111 justa
1751 3054 1844 3095 est.

263 3125 404 3192 Quid
453 3126 597 3182 enim
642 3127 839 3196 justius
877 3145 1034 3200 quam
1061 3140 1120 3185 ut
1151 3131 1338 3200 aliquis
1387 3147 1598 3201 poenam
1645 3133 1849 3202 peccati

264 3221 351 3274 sui
380 3221 615 3275 sentiat?
639 3236 796 3291 quam
827 3236 926 3277 nos
955 3238 1150 3292 negare
1181 3224 1386 3278 mentiti
1424 3233 1570 3290 sunt,
1597 3226 1688 3294 qui
1716 3224 1848 3278 nihil

1944 2016 2202 2068 o-rniutn.
2236 2018 2484 2070 (.‘ontritio
2515 2029 2560 2071 et
2594 2021 2866 2088 infelicitas
2902 2024 2954 2075 in
2989 2026 3078 2077 viis
3106 2043 3300 2082 eorum.
3323 2027 3521 2084 Conte-

1943 2116 2133 2160 runtur
2159 2117 2211 2162 et
2241 2106 2481 2162 infelices
2521 2110 2827 2166 efficiuntur
2852 2113 3045 2169 anim-.e
3092 2115 3144 2170 in
3187 2116 3284 2171 viis
3313 2133 3520 2182 eorum,

1944 2195 2046 2251 hoc
2078 2208 2160 2253 est
2201 2199 2252 2253 itt
2299 2200 2557 2254 doctrinis
2597 2202 2682 2256 vel
2726 2203 2779 2256 in
2809 2205 3068 2270 exemplis
3099 2208 3523 2262 conversationis

1943 2303 2152 2343 eorum.
2199 2289 2264 2341 Et
2312 2290 2441 2343 tiam
2491 2289 2631 2360 pacis
2674 2308 2773 2344 non
2814 2304 3172 2361 cognoverunt.
3216 2294 3524 2351 Doctrinam

1946 2379 2137 2443 Patris,
2171 2395 2272 2447 qua
2321 2382 2460 2436 Deus
2510 2382 2814 2436 hominibus
2855 2393 3155 2452 paearetur,
3195 2401 3298 2440 non
3330 2402 3526 2457 cegno-

1948 2480 2174 2526 verunt:
2200 2471 2321 2541 quia
2352 2486 2455 2540 pax
2487 2481 2670 2526 nostra
2702 2474 2944 2529 Christus
2974 2485 3070 2530 est.
3105 2475 3216 2531 Hoc
3244 2477 3350 2547 egit
3379 2493 3410 2532 a
3438 2493 3526 2533 ca-

1947 2564 2056 2632 pite
2089 2564 2348 2632 epistolut,
2380 2572 2438 2617 ut
2467 2565 2777 2619 ostenderet
2814 2581 3002 2622 omnes
3039 2565 3278 2640 indigere
3318 2571 3527 2626 miseri-

1949 2655 2130 2709 cordia
2156 2655 2273 2721 Dei,
2299 2655 2664 2712 misericordia
2697 2669 2873 2713 autem
2903 2658 2954 2713 in
2989 2670 3250 2729 potestate
3277 2661 3528 2719 donantis

1949 2756 2052 2800 est.
2100 2747 2265 2802 Nemo
2301 2749 2442 2801 enim
2488 2758 2662 2817 potest
2707 2749 2885 2804 dicere
2926 2766 2985 2805 se
3030 2752 3259 2820 amplius
3287 2755 3529 2823 accipere

1950 2840 2217 2900 debuisse.
2264 2840 2385 2894 Non
2416 2851 2487 2894 est
2513 2843 2663 2894 timor
2691 2841 2784 2897 Dei
2809 2852 2925 2898 ante
2950 2845 3124 2898 oculos
3153 2862 3349 2901 eorum.
3379 2849 3434 2900 ln
3466 2848 3531 2902 ti-

1950 2947 2101 2986 more
2139 2931 2234 2986 Dei
2283 2931 2545 2987 conclusit
2581 2950 2592 2986 :
2625 2934 2745 3004 quia
2795 2933 2838 2988 si
2889 2935 3133 2991 timorem
3184 2935 3278 2992 Dei
3319 2951 3531 3008 semper

1951 3033 2073 3078 ante
2095 3024 2280 3079 oculos
2306 3025 2636 3091 habuissent,
2660 3026 2838 3096 utique
2864 3044 2969 3082 non
2993 3033 3303 3099 peccassent
3329 3048 3531 3102 :neque

1954 3116 2096 3168 enim
2125 3131 2310 3171 servus
2331 3119 2488 3172 audet
2518 3120 2740 3173 Domino
2766 3132 3030 3187 praesente
3058 3137 3298 3192 peccare.
3326 3124 3532 3178 Scimus

1956 3217 2123 3258 autem
2150 3207 2386 3269 quoniam
2419 3224 2722 3276 qua’cunque
2743 3211 2826 3262 lex
2846 3211 3089 3279 loquitur,
3123 3214 3198 3266 Itis
3235 3215 3322 3281 qui
3352 3215 3403 3266 in
3428 3215 3534 3283 lege

268 3309 443 3380 magis
469 3325 629 3381 quam
662 3311 862 3383 justum
895 3313 988 3367 De;
1019 3313 1276 3382 judicium
1310 3315 1681 3384 pmdicamus,
1714 3316 1852 3383 Quid
1881 3312 1926 3376 ρ
1955 3313 2073 3358 sunt
2122 3305 2364 3373 loquitur.
2409 3304 2486 3359 Ne
2534 3306 2777 3361 dicerent
2823 3306 3016 3373 Judaei,
3050 3310 3152 3364 hoc
3191 3311 3259 3365 de
3288 3313 3534 3378 gentibus

265 3401 468 3472 igitur?
514 3402 853 3470 prcecellimus
898 3404 1020 3457 eos?
1064 3404 1171 3458 Nos
1215 3403 1403 3474 Judwi,
1445 3406 1498 3460 id
1536 3416 1618 3461 est
1653 3406 1853 3462 nullam

269 3497 416 3552 unde
450 3497 704 3553 alterutra
741 3512 864 3568 pars
907 3499 1173 3568 praecellat
1215 3513 1431 3555 causam
1469 3500 1702 3567 invenio,
1731 3503 1854 3573 quia

271 3605 466 3646 omnes
494 3589 594 3644 sub
625 3602 842 3660 peccato
870 3604 988 3646 esse
1032 3591 1354 3660 iudicamus,
1405 3593 1505 3648 hoc
1552 3595 1694 3650 enim
1740 3595 1852 3664 ipsa

273 3681 416 3737 ratio
444 3681 811 3752 deprehendit,
844 3683 942 3738 sub
983 3693 1202 3752 peccato
1229 3698 1349 3739 esse
1375 3683 1590 3740 Judwos
1631 3694 1685 3740 et
1721 3701 1852 3755 gen-

273 3785 380 3843 tes,
416 3784 474 3830 ut
515 3777 676 3830 etiam
725 3776 912 3845 psalmi
955 3777 1262 3832 testimonio
1298 3778 1696 3848 comprobatur.
1745 3778 1853 3833 Nc-

274 3885 552 3939 quaquam.
602 3869 719 3938 ipse
765 3869 1040 3936 respondit
1082 3869 1203 3923 sibi.
1245 3869 1454 3924 Causati
1485 3872 1619 3926 enim
1657 3887 1851 3926 sumus.

279 3960 595 4014 liatiocinati
626 3973 828 4016 sumus.
860 3958 1070 4014 Juda'os
1100 3972 1146 4014 et
1175 3959 1380 4015 ercos
1415 3978 1586 4016 omnes
1621 3965 1713 4017 sub
1741 3980 1856 4031 pec-

277 4061 393 4106 cato
432 4068 558 4106 esse.
602 4055 775 4121 Atque
819 4053 1062 4121 gentiles.
1107 4052 1252 4106 Sicut
1297 4037 1643 4122 scriptum‘est
1676 4071 1690 4106 :
1725 4055 1859 4118 Quia

277 4161 388 4198 non
431 4157 502 4198 est
519 4148 710 4218 justus.
740 4144 984 4199 Psalmus
1012 4145 1151 4200 unde
1195 4145 1296 4200 hoc
1327 4146 1686 4200 testimonium
1717 4159 1862 4199 sum-

283 4237 410 4307 psit,
439 4237 505 4292 de
539 4238 821 4306 insipiente
861 4237 1115 4308 loquitur,
1151 4238 1291 4307 quod
1325 4238 1376 4291 in
1409 4238 1631 4294 adventu
1662 4239 1861 4292 Christi

281 4328 563 4396 impletum
594 4329 848 4393 ostendit,
876 4345 980 4397 quo
1013 4339 1254 4396 tempore
1283 4330 1456 4384 nullus
1478 4329 1653 4397 justus
1679 4331 1865 4382 inven-

283 4430 375 4474 tus
424 4428 523 4474 est.
577 4420 875 4488 Quisquam.
918 4419 1025 4473 Nec
1064 4418 1297 4485 Iud-mus,
1331 4435 1427 4472 nec
1468 4421 1705 4474 Graecus.
1741 4419 1864 4472 Non

284 4522 360 4566 est
388 4511 693 4582 intelligens,
722 4527 823 4564 non
860 4519 933 4563 est
978 4512 1237 4581 requirens
1273 4512 1452 4566 Deum.
1480 4513 1613 4577 Quia
1645 4529 1749 4567 non
1779 4513 1863 4566 in-

285 4603 500 4669 telligit,
525 4617 628 4656 non
657 4602 897 4671 requirit.
930 4602 1067 4657 Deus
1095 4613 1270 4657 autem
1295 4612 1420 4658 tunc
1445 4605 1720 4673 qumritur,
1743 4619 1863 4660 cum

1957 3396 2156 3450 dictum
2177 3405 2259 3451 est
2289 3414 2299 3448 :
2324 3397 2602 3464 Quomodo
2624 3397 2793 3453 Judaei
2819 3399 3097 3454 dixerunt:
3122 3403 3237 3458 Non
3262 3414 3344 3457 est
3367 3404 3532 3471 Deus,

1961 3503 2067 3542 non
2095 3489 2279 3558 utique
2311 3489 2494 3552 verbo.
2527 3491 2621 3545 sed
2651 3505 2834 3560 opere.
2867 3493 3147 3549 Dominum
3190 3495 3332 3550 enim
3370 3498 3536 3552 conli-

1959 3589 2138 3636 tentur
2165 3596 2224 3636 se
2245 3596 2426 3650 nosse,
2451 3582 2602 3637 factis
2627 3594 2805 3639 autem
2836 3597 3048 3653 negant.
3074 3585 3212 3656 Ergo
3241 3598 3430 3657 gentes
3452 3589 3537 3642 hic

1959 3687 2065 3727 non
2101 3673 2286 3742 tangit,
2315 3674 2409 3728 sed
2435 3673 2544 3742 jattt
2571 3675 2638 3730 de
2665 3676 2914 3744 gentibus
2942 3679 3090 3744 prius
3128 3678 3356 3743 dixerat,
3388 3690 3437 3735 et
3470 3680 3538 3734 de

1961 3779 2142 3829 eorum
2189 3764 2481 3819 sceleribus
2525 3780 2683 3820 nemo
2713 3766 3009 3822 dubitabat.
3047 3768 3126 3823 Ne
3167 3767 3410 3825 dicerent
3437 3770 3540 3826 hoc

1917 3899 1921 3902 .
1962 3859 2026 3911 de
2055 3857 2300 3928 gentibus
2330 3857 2607 3927 scriptum,
2643 3859 2879 3914 ostendit
2898 3873 3057 3914 omne
3082 3861 3224 3930 quod
3251 3861 3304 3916 in
3336 3863 3450 3932 lege
3471 3862 3539 3918 de

1961 3951 2208 4021 gentibus
2236 3951 2452 4014 dicitur,
2482 3954 2644 4005 etiam
2693 3953 2865 4021 ipsum
2913 3953 2981 4007 de
3019 3952 3219 4007 iudicis
3258 3954 3384 4020 dici,
3417 3955 3538 4023 quia

1961 4043 2197 4111 ipsorum
2224 4043 2530 4112 principalis
2559 4055 2639 4098 est
2661 4058 2837 4098 causa.
2879 4045 2943 4098 Ut
2975 4061 3117 4099 omne
3151 4063 3203 4100 os
3231 4046 3539 4099 obstrualur.

1965 4134 2082 4189 Non
2111 4135 2282 4189 solum
2312 4137 2571 4204 gentium,
2599 4137 2695 4190 sed
2727 4138 2884 4190 etiam
2917 4139 3219 4190 .iuuusorum
3247 4155 3259 4189 :
3287 4154 3404 4192 cum
3435 4157 3540 4192 non

1967 4228 2201 4282 habeant
2231 4228 2369 4283 unde
2403 4230 2610 4298 possint
2637 4229 2874 4297 gloriari.
2912 4228 2977 4280 Et
3003 4230 3232 4281 subditus
3263 4229 3354 4295 ﬁat
3381 4232 3542 4281 cumis

1969 4329 2186 4380 mundus
2219 4327 2345 4380 Deo.
2373 4327 2443 4382 Ut
2470 4330 2603 4380 sciat
2639 4342 2699 4380 se
2735 4329 2848 4380 sine
2878 4326 3044 4393 gratia
3074 4327 3168 4380 Dei
3198 4327 3399 4380 salvum
3425 4343 3544 4382 esse

1972 4434 2077 4472 non
2111 4432 2268 4484 posse
2299 4436 2309 4468 :
2341 4418 2423 4470 vel
2463 4429 2613 4477 certe
2650 4418 2705 4470 iu
2752 4417 3090 4472 coulessione
3134 4420 3335 4486 peccati
3363 4433 3545 4488 speret

1971 4508 2414 4573 misericordiam,
2442 4523 2772 4579 cognoscens
2798 4525 2856 4562 se
2884 4524 3002 4563 esse
3034 4512 3085 4563 in
3129 4513 3379 4580 peccatis.
3416 4514 3546 4580 Quia

1969 4617 2036 4655 ex
2065 4602 2296 4670 operibus
2343 4603 2488 4671 legis.
2533 4602 2647 4656 lloc
2688 4609 2872 4656 contra
2922 4603 3234 4673 Pelagianos
3278 4605 3422 4668 facit,
3455 4608 3546 4676 qui

289 4692 413 4762 ejus
441 4695 725 4763 inquiritur
751 4695 996 4751 voluntas
1026 4706 1081 4752 et
1121 4696 1388 4766 impletur.
1425 4698 1610 4754 Omnes
1641 4702 1866 4755 declina-
1892 4703 1948 4766 Ι)
1971 4698 2154 4754 dicunt
2181 4699 2323 4767 quod
2355 4697 2734 4766 lenjusttiicet.
2763 4700 2933 4768 Opera
2955 4707 3132 4754 autem
3160 4701 3289 4769 legis
3317 4702 3546 4756 circum-

285 4796 488 4841 rerunt.
523 4786 751 4842 Necesse
783 4795 862 4842 est
891 4796 944 4841 ttt
975 4788 1200 4844 declinet
1245 4792 1336 4859 qui
1383 4795 1656 4861 requirere
1699 4794 1866 4848 noluit

291 4889 703 4940 lirtnamentum.
739 4883 907 4938 Simul
946 4886 1150 4940 inutiles
1191 4888 1312 4955 {acti
1351 4898 1486 4941 sunt.
1522 4890 1602 4944 Ad
1632 4905 1765 4958 opus
1799 4890 1866 4946 ad

293 4979 432 5048 quod
478 4979 688 5034 fuerant
735 4981 1022 5048 procreati.
1073 4979 1192 5033 Non
1236 4991 1306 5033 est
1344 4984 1429 5049 qui
1469 4983 1624 5050 faciat
1656 4985 1863 5039 bonum.

291 5070 407 5126 Non
439 5084 566 5140 ergo
590 5078 709 5126 erat
739 5069 828 5139 qui
857 5069 1053 5124 faceret
1089 5071 1306 5136 bonum,
1339 5086 1458 5124 cum
1491 5071 1700 5127 inda-os
1730 5087 1867 5141 prte-

294 5163 550 5217 varicatio
593 5161 990 5224 mandatorum,
1027 5171 1212 5231 gentes
1241 5175 1368 5217 vero
1391 5172 1593 5217 naturte
1623 5165 1710 5219 lex
1741 5180 1869 5220 con-

295 5257 594 5313 damnaret.
612 5257 743 5312 Cum
767 5271 893 5326 ergo
914 5271 978 5311 ex
1001 5255 1253 5311 alterutra
1283 5268 1432 5324 parte
1458 5257 1648 5328 aliquis
1671 5259 1869 5314 bonum

299 5349 506 5418 fecerit,
539 5351 724 5421 gratiae
751 5363 810 5404 se
844 5348 1040 5404 debere
1078 5348 1306 5415 noverit,
1338 5363 1443 5403 non
1476 5360 1701 5416 naturae,
1734 5351 1874 5406 sicut

301 5442 558 5512 prOpheta
605 5441 670 5495 ad
713 5442 995 5496 Dominum
1047 5439 1287 5495 referens
1326 5440 1454 5495 dicit
1487 5459 1498 5494 :
1531 5441 1678 5510 Apud
1711 5458 1868 5511 quem

303 5550 456 5589 nemo
490 5550 582 5602 per
607 5550 664 5588 se
690 5536 946 5589 innocens
976 5543 1075 5588 est.
1109 5537 1167 5586 iit
1196 5532 1354 5587 Isaias
1387 5532 1439 5587 in
1465 5533 1674 5588 cantico
1700 5534 1826 5589 dicit
1856 5554 1871 5590 ε

305 5627 526 5680 Domine
545 5626 686 5680 Deus
709 5634 908 5690 noster,
932 5626 1081 5680 dabis
1106 5639 1286 5695 pacem
1314 5626 1468 5679 nobis
1493 5643 1508 5683 ;
1532 5628 1706 5679 omnia
1732 5630 1873 5681 enim

306 5732 468 5786 opera
513 5727 692 5771 nostra
721 5729 969 5786 operatus
998 5733 1055 5771 es
1086 5717 1138 5771 in
1169 5717 1343 5771 nobis.
1383 5717 1502 5769 Non
1532 5726 1604 5769 est
1630 5733 1786 5786 usque
1809 5718 1876 5771 ad

309 5827 485 5865 unum.
509 5808 731 5876 Quidam
753 5809 956 5875 dicunt,
983 5824 1150 5874 usque.
1169 5810 1233 5863 ad
1257 5809 1540 5863 Christum.
1574 5808 1878 5878 Sepulcrum

313 5909 487 5978 patens
515 5909 588 5957 est
616 5911 791 5976 guttur
832 5915 1002 5952 t'U-llm
1065 5899 1378 5955 Violctttian'
1423 5900 1664 5966 pestiferi
1699 5900 1883 5954 οδω-ἰῇ

1968 4787 2224 4842 cisionem
2255 4786 2403 4853 diclt,
2446 4798 2499 4842 et
2539 4787 2839 4853 sabbatum,
2867 4798 2918 4843 et
2961 4788 3181 4858 reliqua.
3210 4788 3332 4843 Non
3351 4792 3546 4860 justiﬁ-

1971 4883 2165 4935 cabitur
2186 4883 2367 4934 omnis.
2397 4880 2513 4936 Non
2545 4881 2940 4950 justiﬁeabitur,
2970 4882 3093 4950 quia
3117 4882 3247 4935 nihil
3277 4884 3342 4938 ad
3368 4884 3542 4952 perfe-

1977 4987 2118 5031 ctum
2148 4978 2230 5031 lex
2260 4977 2497 5031 adduxit.
2533 4977 2664 5030 llittc
2703 4987 2888 5030 contra
2925 4991 3018 5031 eos
3045 4976 3228 5044 incipit
3250 4976 3546 5044 disputare,

1973 5082 2165 5139 magno
2214 5068 2572 5137 diuturnoque
2622 5070 2908 5132 c0ntlictu,
2959 5067 3071 5137 qui!
3091 5069 3456 5138 gloriabantur
3493 5068 3548 5122 in

1973 5164 2111 5232 lege,
2133 5169 2188 5216 et
2213 5175 2306 5230 per
2332 5161 2502 5230 legem
2524 5175 2582 5216 se
2601 5162 2880 5230 justiﬁcari
2908 5159 3218 5227 credebant,
3241 5167 3296 5214 et
3321 5173 3430 5214 non
3451 5172 3548 5229 per

1971 5253 2198 5323 gratiam
2232 5254 2474 5309 :docens
2517 5267 2612 5322 per
2659 5254 2900 5307 ordinem
2948 5251 3120 5320 legem
3169 5265 3274 5304 non
3312 5251 3550 5319 potuisse

1973 5345 2206 5412 auferre,
2239 5345 2330 5400 sed
2377 5343 2555 5414 potius
2599 5345 2811 5398 auxisse
2857 5352 3152 5412 peccatum,
3194 5343 3336 5411 quod
3376 5342 3553 5400 aufert

1974 5441 2164 5511 gratia,
2197 5440 2318 5509 quia
2350 5441 2438 5494 lex
2477 5440 2666 5510 jubere
2697 5440 2862 5503 novit,
2887 5439 2970 5491 cui
3013 5438 3309 5492 succumbit
3331 5438 3551 5493 inﬁrmi-

1978 5543 2078 5601 tas,
2107 5536 2246 5590 sicut
2273 5535 2441 5605 gratia
2470 5535 2678 5602 juvare,
2712 5547 2813 5601 qua
2840 5532 3130 5586 ittl'und.tur
3153 5532 3405 5586 Charitas.
3435 5531 3551 5587 Non

1978 5629 2205 5682 dicimus
2233 5603 2672 5696 nos’justiiiratos
2715 5641 2809 5679 eos
2859 5623 3023 5678 fuisse
3070 5623 3159 5691 qui
3196 5625 3408 5679 luerunt
3450 5624 3553 5695 legi

1981 5717 2313 5785 obedientes,
2342 5718 2438 5773 sed
2467 5717 2566 5771 nisi
2605 5715 3043 5786 justiﬁcareutur,
3076 5729 3182 5769 non
3216 5724 3398 5770 essent
3424 5715 3554 5768 obe-

1981 5809 2207 5866 dientes.
2236 5810 2390 5866 Caro.
2417 5812 2605 5865 Homo.
2638 5806 2822 5862 Coram
2854 5807 2965 5860 illo.
3009 5805 3122 5861 Non
3153 5808 3328 5862 omnis
3350 5806 3552 5874 justitia

1981 5918 2161 5958 coram
2197 5904 2418 5958 Domino
2444 5903 2717 5972 justincat,
2745 5900 2837 5958 sed
2862 5915 2922 5958 ea
2945 5914 3065 5971 quae
3087 5915 3151 5958 ex
3177 5913 3322 5954 mera
3350 5897 3440 5953 Dei
3464 5909 3529 5950 vo
3541 5924 3563 5971 χ

3359 6024 3382 6047 ⁵,
3449 6030 3473 6045 ..ι
