4004 6354
443 432 544 487 451

1572 398 1875 461 PRIMASll
1915 395 2363 453 ADRUMETANI
2405 389 2616 449 EPISC.

3579 368 3688 423 45!

446 550 650 604 luntate
672 538 936 613 procedit,
963 549 1068 592 non
1093 532 1182 588 illa
1203 529 1356 598 cuius
1380 533 1707 595 praeceptum
1728 519 2013 572 humanam
2044 521 2083 572 Α
2122 510 2509 571 emendationis
2538 512 2738 563 nostrae
2781 494 3180 570 exspectatione
3226 488 3537 560 patientiam
3564 499 3581 549 ;
3621 482 3699 537 ita

1872 608 1881 613 _
1979 607 1990 613 -
2196 608 2207 613 -
2234 609 2243 613 -
2327 606 2351 613 ..
2482 604 2494 613 .
2593 602 2605 613 .
2722 597 2783 613 .-,
2825 588 3154 613 -,-_.2_-:-..:..
3205 586 3328 613 ειη...
3362 581 3454 613 :Il.
3500 578 3699 613 ηαιίηιι-

446 639 610 695 lactat
651 607 1051 691 inﬁrmitatem:
1081 626 1216 681 sicut
1242 622 1464 675 istorum
1493 613 1687 684 quibus
1715 619 1841 665 tunc
1866 607 2022 675 justi-

446 729 522 787 tia
553 728 647 784 Dei
678 741 785 781 non
814 728 1020 794 poterat
1052 714 1299 779 revelari,
1331 708 1426 767 sed
1456 707 1571 762 sola
1597 704 1677 760 eis
1699 701 1902 773 peccati
1931 714 2023 755 co—

449 819 620 892 gnitio
646 806 1185 877 demonstrata,oquia
1225 814 1375 857 suam
1422 803 1725 869 quaerentes
1765 798 2021 856 statuere,

448 882 671 983 iustitiae
697 907 793 963 Dei
824 918 927 959 non
969 904 1123 954 erant
1161 890 1407 963 subjecti.
1439 885 1543 941 Per
1574 885 1732 955 legem
1772 882 1905 935 enim
1942 894 2027 931 co-

451 1001 612 1071 gnitio
658 994 868 1068 peccati.
911 988 1026 1043 Non
1076 981 1344 1043 remissio,
1392 990 1497 1032 non
1538 970 1897 1038 consumptio,
1930 965 2027 1022 sed

452 1088 710 1163 cognitio,
741 1093 831 1139 aut
867 1080 987 1150 quia
1032 1077 1084 1131 in
1130 1072 1399 1129 oblivione
1424 1074 1538 1123 erat
1568 1064 1655 1118 lex
1683 1068 1907 1124 naturae,
1940 1064 2032 1111 aut

453 1185 575 1257 quia
605 1189 731 1235 ante
772 1178 943 1244 legem
988 1171 1181 1224 littera:
1211 1164 1411 1221 leviora
1438 1170 1661 1230 quaeque
1691 1168 1795 1207 non
1823 1164 2027 1220 cogno-

454 1273 741 1331 scebantur
768 1279 888 1321 esse
918 1269 1155 1332 peccata,
1195 1256 1329 1310 sicut
1357 1244 1810 1317 concupiscentia,
1842 1249 1897 1296 et
1923 1253 2029 1294 ea:-

456 1376 569 1423 tera
596 1378 713 1435 qua:
740 1375 846 1414 non
873 1357 1022 1410 alteri
1056 1351 1341 1412 nocebant,
1383 1344 1478 1400 sed
1521 1342 1644 1411 ipsi.
1676 1337 1830 1392 Nunc
1868 1343 2036 1387 autem

454 1456 566 1511 sine
604 1423 710 1523 l-ege
736 1447 932 1518 iustitia
962 1441 1079 1497 Dei.
1108 1440 1239 1506 Quae
1268 1435 1422 1490 nobis
1448 1446 1477 1485 a
1509 1431 1618 1484 Deo
1646 1426 1813 1497 gratis
1836 1423 2036 1478 donata

368 1598 373 1599 κ
455 1553 558 1611 est,
597 1557 704 1599 non
739 1548 923 1594 nostro
962 1532 1147 1586 labore
1183 1526 1426 1597 quaesita.
1470 1519 1749 1588 Manifesta
1781 1524 1876 1570 est.
1908 1514 2039 1579 Quae

457 1604 575 1692 erat
602 1632 829 1689 occulta.
866 1624 1161 1691 Testiﬁcata
1192 1636 1225 1672 a
1265 1620 1372 1688 lege
1407 1623 1454 1668 et
1484 1609 1762 1682 praphetis.
1796 1606 1921 1660 Haec
1955 1604 2041 1672 ju-

458 1727 603 1785 stitia
637 1723 770 1793 legis
798 1717 1027 1777 oraculis
1052 1711 1341 1783 praedicata
1375 1713 1458 1761 est
1484 1698 1790 1758 novissimis
1814 1702 2042 1750 ventura

460 1784 812 1888 temporibus.
838 1806 1050 1863 Iustitia
1078 1811 1247 1857 autent
1275 1797 1371 1852 Dei
1397 1811 1483 1867 per
1506 1792 1657 1862 ﬁdem
1678 1789 1708 1842 J
1718 1804 1805 1840 esu
1831 1784 2040 1839 Christi.

2123 608 2276 663 nobis
2323 606 2379 659 fit
2425 597 2795 659 misericordia
2824 588 3178 653 remissionis,
3204 586 3330 640 dum
3362 581 3455 636 ille
3500 578 3702 648 patitur

2128 704 2212 773 aui
2243 699 2373 754 nihil
2404 693 2660 765 peccavit,
2692 688 2817 758 quia
2839 683 3017 740 omnia
3046 681 3183 735 Deus
3204 675 3349 745 iuste
3375 672 3520 726 facit.
3547 667 3701 723 Juste

2129 759 2254 864 ergo
2281 759 2523 843 diabolus
2555 779 2784 852 perdidit
2821 773 3139 834 debitorem,
3170 766 3295 838 quia
3329 762 3525 831 injuste
3552 759 3695 812 occi-

2127 883 2202 939 dit
2246 883 2607 937 innocentem.
2660 871 2876 941 Propter
2922 862 3269 920 remissionem
3307 852 3697 927 praecedentium

2128 976 2447 1031 delictorum.
2497 968 2676 1034 Quare
2718 952 3169 1031 praecedentium?
3218 949 3322 1004 nisi
3366 943 3699 1015 originalium

2130 1067 2451 1124 debitorum.
2599 1030 2959 1110 suswntatione
2986 1046 3103 1101 Dei.
3134 1036 3460 1097 Sustentatio
3503 1034 3595 1087 Dei
3635 1030 3704 1084 ad

2134 1162 2336 1229 majora
2381 1161 2599 1227 peccata
2642 1147 2960 1219 profecerat.
3004 1138 3085 1194 Ad
3126 1134 3459 1190 ostensionem
3492 1125 3708 1198 justitiiz

2134 1218 2265 1326 ejus.
2296 1218 2657 1306 Utrevelaret
2685 1235 2945 1310 justitiam
2991 1244 3109 1300 quae
3134 1241 3202 1282 ex
3230 1224 3335 1277 fide
3365 1229 3467 1285 est,
3497 1218 3598 1270 hoc
3625 1220 3709 1268 est

2135 1344 2428 1408 Christum,
2455 1339 2509 1391 in
2550 1337 2652 1389 hoc
2682 1308 2920 1398 tempore
2960 1322 3275 1378 novissimo.
3307 1312 3375 1368 Ut
3404 1312 3510 1379 ipse
3538 1309 3600 1359 sit
3616 1308 3709 1375 ju-

2136 1448 2243 1494 stus
2261 1446 2308 1491 et
2321 1431 2633 1505 justiﬁcans.
2657 1425 2757 1491 Qui
2779 1420 2925 1476 solus
2940 1416 3109 1487 iustus
3130 1411 3373 1465 inventus
3393 1412 3493 1467 est,
3517 1408 3570 1455 et
3589 1410 3709 1467 quae

2139 1532 2154 1588 i
2162 1545 2254 1601 pse
2261 1522 2653 1599 justiﬁeaverit,
2670 1517 2788 1588 quia
2804 1521 3075 1585 peccatum
3090 1503 3333 1569 nescivit,
3348 1500 3469 1553 ideo
3493 1501 3709 1564 peccata

2141 1586 2432 1680 damnavit.
2464 1617 2595 1674 Eum
2622 1586 2708 1683 qui
2745 1626 2807 1664 ea:
2844 1609 2944 1677 ﬁde
2976 1612 3052 1658 est
3076 1600 3218 1655 Jesu.
3250 1597 3328 1651 Ex
3360 1591 3483 1655 ﬁde,
3517 1586 3710 1657 inquit,

2143 1719 2292 1786 Jesu,
2319 1728 2476 1785 quam
2499 1711 2613 1781 ipse
2638 1708 2794 1763 Jesus
2818 1702 2983 1764 dedit,
3008 1705 3064 1754 et
3082 1709 3187 1751 non
3215 1708 3283 1748 ex
3306 1686 3558 1759 operibus
3583 1683 3715 1750 legis

2145 1820 2235 1865 aut
2277 1776 2499 1862 naturae.
2525 1776 2642 1857 'Ubi
2680 1809 2751 1852 est
2790 1811 2909 1866 ergo
2936 1786 3174 1862 gloriatio
3202 1782 3326 1837 tua?
3366 1776 3595 1831 Exclusis
3620 1780 3714 1825 est.

460 1862 672 1968 Justitia
700 1906 834 1970 haec,
867 1914 984 1969 quae
1010 1894 1284 1952 confertur
1314 1862 1407 1961 per
1434 1886 1617 1953 ﬁdem,
1645 1881 1779 1937 ﬁdes
1806 1879 1920 1948 ipsa
1951 1890 2041 1931 oc-

2250 1898 2465 1955 Judaeos
2484 1895 2635 1949 dicit.
2662 1889 2764 1945 Ubi
2784 1862 2870 1942 est
2893 1883 3052 1939 elatio
3076 1890 3184 1944 tua,
3208 1876 3261 1929 in
3282 1885 3386 1942 qua
3407 1862 3720 1938 gloriabaris

461 2003 605 2060 culta
647 1994 995 2066 inspiratione
1034 1988 1127 2044 Dei
1168 1984 1355 2056 gratiae
1395 1980 1538 2036 dono
1574 1974 1888 2039 infunditur,
1933 1985 2037 2025 non

462 2096 643 2152 labore
666 2091 919 2152 humano,
946 2097 1046 2138 nec
1072 2093 1237 2150 opere
1265 2073 1473 2130 Veteris
1502 2065 1832 2126 Testamenti
1862 2062 2043 2132 acqui-

462 2187 618 2250 ritur,
642 2180 788 2252 quia,
812 2185 873 2232 ut
897 2175 1098 2230 dictum
1121 2176 1225 2236 est,
1254 2166 1422 2236 ipsius
1447 2163 1644 2219 donum
1670 2169 1755 2214 est
1777 2165 1835 2211 ut
1855 2154 2045 2211 creda-

461 2290 596 2332 mus.
632 2273 803 2340 Super
841 2283 1009 2323 omnes
1039 2264 1127 2333 qui
1168 2258 1400 2314 credunt.
1437 2254 1554 2309 Non
1585 2265 1745 2320 super
1775 2247 1920 2302 solos
1945 2245 2041 2301 Ju-

463 2370 630 2425 daeos.
660 2338 908 2420 Ostendit
934 2358 1053 2413 illos
1074 2355 1195 2409 ideo
1220 2351 1382 2406 talem
1403 2349 1576 2415 legem
1608 2342 1903 2409 accepisse,
1924 2338 2046 2407 quia

468 2474 577 2515 non
607 2452 919 2515 credebant,
954 2451 1281 2516 quapropter
1311 2439 1366 2493 in
1398 2433 1649 2506 praesenti
1678 2432 1791 2487 sive
1821 2427 2044 2499 peccati,

467 2550 577 2606 sive
620 2543 841 2617 justitia:
877 2538 1125 2595 meritum
1153 2529 1479 2588 referebant.
1517 2524 1637 2579 Non
1677 2523 1814 2577 enim
1839 2528 1913 2574 est
1942 2519 2048 2572 dis-

469 2638 666 2695 tinctio.
704 2633 891 2688 Omnes
922 2630 1058 2683 enim
1103 2628 1435 2697 peccaverunt
1463 2625 1511 2671 et
1541 2624 1685 2685 egent
1730 2612 1895 2683 gloria
1932 2608 2046 2663 Dei.

471 2732 527 2788 ld
555 2739 658 2795 est,
690 2730 827 2784 inter
856 2723 1099 2780 Judaeum
1126 2728 1180 2773 et
1208 2714 1483 2786 gentilem,
1509 2709 1633 2779 quia
1664 2716 1887 2775 utraque
1927 2715 2052 2771 pars

472 2826 528 2880 in
553 2792 926 2877 incredulitate
954 2812 1208 2868 conclusa
1234 2814 1332 2869 est,
1366 2810 1422 2858 et
1445 2807 1604 2871 egent
1628 2797 1797 2868 gloria
1822 2792 2053 2849 Redem-

473 2915 664 2987 ptoris,
702 2925 823 2982 quae
870 2910 922 2962 in
968 2905 1194 2960 salutem
1233 2893 1563 2954 credentium
1611 2890 1884 2945 dilatatur.
1921 2883 2053 2938 Nam

475 2982 642 3065 iudici
664 3004 841 3073 legem
862 2999 1080 3063 litterae,
1105 2990 1332 3063 gentiles
1352 2994 1558 3041 naturae
1583 2982 1756 3051 legem
1787 2987 2057 3044 transgre-

475 3097 694 3161 diendo,
723 3092 925 3164 pariter
951 3096 1263 3159 peccatores
1293 3077 1497 3135 inventi
1535 3081 1678 3139 sunt,
1708 3080 1762 3125 et
1808 3083 1902 3139 per
1944 3066 2058 3121 ori-

476 3188 653 3262 ginale
695 3156 991 3255 peccatum,
1033 3186 1088 3231 et
1126 3189 1226 3245 per
1264 3168 1497 3225 actuale.
1547 3160 1830 3230 Justiﬁcati
1876 3156 2055 3228 gratis.

2145 2006 2198 2052 te
2224 1994 2501 2050 meliorem
2535 2000 2656 2044 esse
2678 1998 2773 2053 per
2798 1971 3257 2034 circumcisionem
3283 1957 3587 2019 carnalem?
3612 1956 3719 2010 Ex-

2145 2090 2295 2145 clusa
2323 2094 2406 2143 est
2446 2068 2690 2155 gloriatio
2719 2086 2829 2132 tua.
2878 2070 2980 2124 Per
3021 2080 3177 2138 quam
3203 2058 3401 2131 legem?
3441 2047 3723 2126 factorum?

2149 2184 2293 2255 Non,
2315 2182 2404 2236 sed
2429 2145 2517 2250 per
2538 2176 2698 2247 legem
2719 2170 2859 2241 ﬁdei.
2880 2163 3159 2233 Sequitur:
3184 2151 3431 2224 Nunquid
3452 2164 3546 2220 per
3565 2145 3726 2199 facto-

2147 2238 2293 2341 rum:
2318 2273 2368 2327 id
2389 2238 2472 2326 est
2491 2238 2655 2339 Opera
2678 2238 2843 2332 legis?
2858 2266 2913 2312 et
2934 2249 3253 2323 respondet:
3274 2245 3413 2308 Non,
3438 2239 3533 2295 sed
3555 2238 3727 2304 legem

2149 2331 2293 2421 fidei:
2308 2363 2502 2433 Legem
2519 2331 2649 2413 dicit
2665 2331 2789 2409 ﬁdei
2811 2348 3056 2422 gratiam,
3078 2357 3177 2414 per
3196 2351 3352 2410 quam
3367 2333 3435 2389 ad
3456 2331 3725 2387 Christum

2151 2456 2479 2520 accedimus,
2524 2465 2619 2521 per
2658 2459 2821 2517 quam
2865 2439 3023 2494 fidem
3064 2431 3378 2501 accipimus.
3412 2423 3730 2478 Arbitramur

2154 2553 2286 2607 enim
2320 2513 2599 2621 justiﬁcari
2638 2513 2892 2595 hominem
2928 2550 3019 2603 per
3054 2530 3227 2599 ﬁdem.
3257 2520 3572 2585 Deﬁnimus,
3599 2513 3730 2570 certi

2154 2606 2359 2710 sumus,
2392 2606 2493 2694 hoc
2519 2635 2835 2707 iudicamus.
2868 2628 2995 2683 Sine
3025 2618 3257 2691 operibus
3296 2613 3443 2685 legis.
3471 2606 3731 2663 Addendo

2160 2737 2316 2807 legis,
2345 2700 2595 2787 ostendit
2637 2737 2757 2779 esse
2803 2728 2857 2775 et
2904 2715 3028 2770 ﬁdei
3072 2723 3254 2780 opera.
3301 2700 3580 2771 Quomodo
3609 2708 3732 2765 ergo

2157 2836 2385 2893 Jacobus
2413 2831 2523 2886 ait:
2556 2825 2715 2881 Fides
2768 2821 2882 2876 sine
2928 2813 3179 2887 operibus
3208 2816 3418 2864 mortua
3460 2800 3586 2859 est?
3631 2797 3736 2855 Sed

2160 2929 2357 2986 Paulus
2380 2924 2448 2980 de
2473 2919 2725 2991 operibus
2747 2912 2877 2984 legis
2897 2909 3049 2974 dicit,
3071 2904 3301 2960 Jacobus
3322 2906 3500 2954 autem
3520 2894 3586 2948 de
3607 2904 3736 2959 ope-

2162 3022 2309 3078 ribus
2336 3030 2455 3086 qua:
2487 2983 2697 3067 ﬁdelem
2727 3004 2997 3061 hominem
3036 3011 3153 3052 esse
3187 2993 3433 3065 probant,
3460 2987 3598 3042 sicut
3622 2983 3739 3052 ipse

2162 3116 2217 3169 in
2262 3106 2609 3181 sequentibus
2637 3100 2861 3170 exponit
2889 3113 2903 3151 :
2936 3090 3173 3149 Ostende
3214 3086 3346 3141 mihi
3390 3098 3457 3136 ex
3486 3076 3738 3147 operibus

2166 3167 2522 3262 ﬁdem-tuam.
2545 3167 2866 3267 Opera—sunt
2889 3202 2983 3258 per
3011 3199 3128 3255 quae
3152 3179 3283 3235 ﬁdes
3311 3173 3638 3247 agnoscitur.
3662 3167 3741 3219 An

477 3282 600 3338 Sine
648 3278 773 3333 “ms
820 3267 1250 3345 praecedentibus
1297 3260 1527 3327 memis’
1585 3271 1682 3354 Γ
1736 3251 2059 3354 baptismum
2089 3260 2137 3323 α
2166 3251 2695 3354 ⁷Ιίευίιέςί)
2728 3251 2915 3338 Nonne
2944 3251 3130 3333 omnes
3159 3272 3299 3327 Deus
3324 3267 3467 3329 fecit,
3500 3273 3556 3317 et
3595 3257 3743 3315 simi-

478 3367 772 3442 iustiﬁcati.
801 3364 933 3421 Cum
962 3360 1211 3418 omnibus
1250 3369 1357 3411 non
1389 3348 1719 3407 merentibus
1749 3343 1914 3414 gratis
1941 3354 2065 3411 pec-

479 3474 596 3520 cata
642 3460 880 3525 donavit,
926 3454 1051 3511 audi
1092 3451 1281 3522 gratis,
1330 3456 1384 3501 et
1424 3454 1541 3498 tace
1588 3441 1656 3495 de
1698 3434 1927 3492 meritis.
1964 3433 2066 3486 Per

482 3557 701 3630 gratiam
728 3553 912 3623 ipsius.
940 3547 1074 3614 Quia
1100 3542 1245 3614 quod
1272 3554 1379 3594 non
1404 3534 1633 3591 debebat
1658 3544 1754 3599 pro
1784 3527 1937 3582 nobis
1969 3540 2065 3578 ex-

492 3615 677 3711 solvit,
712 3615 771 3696 υὶ
800 3653 897 3693 nos
924 3635 1089 3707 gratis
1115 3632 1420 3698 redemptos
1448 3624 1697 3679 salvaret.
1732 3618 1835 3672 Per
1868 3615 2069 3670 redem-

485 3738 710 3810 ptionem
740 3744 849 3799 qua:
885 3736 958 3791 est
991 3726 1046 3777 in
1076 3722 1277 3777 Christo
1305 3716 1448 3771 Iesu.
1491 3715 1566 3769 De
1601 3710 1907 3780 captivitate
1945 3719 2070 3775 pec-

487 3827 595 3884 cati
616 3818 880 3889 redempti
906 3830 1112 3880 sumus,
1132 3828 1241 3868 non
1270 3818 1479 3877 natura,
1497 3805 1621 3877 quia
1644 3809 1833 3857 natura
1857 3811 2069 3866 semper

489 3916 657 3988 ipsius
699 3887 915 3976 fuimus,
947 3909 1070 3977 quia
1100 3904 1191 3975 qui
1236 3901 1473 3965 redimit,
1521 3910 1674 3951 suum
1718 3893 1876 3947 docet
1906 3887 2071 3943 fuisse

491 4023 649 4078 quem
678 4002 913 4064 redimit,
938 4002 1077 4054 sicut
1097 3998 1255 4052 docet
1278 3993 1562 4065 pr0pheta:
1581 3989 1757 4043 Gratis
1780 3980 2072 4039 venundati

492 4097 642 4165 estis,
674 4104 728 4149 et
756 4093 873 4147 sine
902 4087 1127 4159 pecunia
1157 4080 1517 4139 redimemini.
1549 4078 1795 4133 Christus
1817 4086 1948 4142 ergo
1976 4083 2073 4125 nos

493 4187 743 4251 redemit,
776 4184 917 4239 sicut
944 4179 1075 4235 dicit
1115 4178 1303 4232 Petrus
1334 4192 1349 4227 :
1381 4173 1623 4228 Scientes
1653 4168 1777 4238 quia
1810 4180 1917 4220 non
1953 4176 2075 4217 cor-

493 4275 838 4346 ruptibilibus
878 4278 1099 4341 argento
1125 4274 1180 4323 et
1210 4279 1340 4321 auro
1370 4260 1635 4331 redempti
1664 4259 1797 4314 estis
1827 4254 1896 4310 de
1937 4265 2075 4306 vana

492 4377 672 4427 vestra
716 4339 1148 4425 conversatione,
1175 4364 1231 4412 et
1258 4354 1501 4423 reliqua;
1540 4359 1595 4406 et
1630 4347 1865 4405 Paulus:
1900 4339 2077 4411 Empti

496 4462 639 4517 enim
676 4457 808 4513 estis
848 4453 1022 4525 pretio
1056 4462 1272 4519 magno.
1321 4442 1603 4512 Redempti
1641 4452 1771 4509 ergo
1800 4446 1988 4490 sumus
2012 4430 2079 4484 de

498 4558 696 4613 morte,
730 4547 817 4601 cui
861 4557 957 4613 per
1001 4548 1277 4610 peccatum
1310 4533 1521 4590 venditi
1560 4530 1858 4590 fueramus,
1891 4536 2081 4577 secun-

502 4640 628 4696 dum
660 4612 1157 4692 Isaiamidicentem
1180 4646 1195 4684 :
1218 4628 1350 4695 Quis
1388 4626 1524 4680 liber
1564 4618 1813 4690 repudii?
1840 4612 2080 4670 Peccatis
2108 4634 2163 4694 D

503 4731 646 4788 enim
668 4727 864 4783 vestris
889 4722 1174 4779 venundati
1202 4720 1349 4777 estis.
1383 4718 1553 4784 Quam
1582 4722 1809 4769 mortem
1840 4707 2083 4761 Christus

506 4820 696 4885 evicit,
718 4819 806 4889 qui
838 4823 1111 4887 peccatum
1142 4827 1247 4867 non
1278 4808 1426 4873 fecit,
1452 4805 1576 4877 quia
1602 4815 1794 4856 omnes
1814 4796 2085 4852 debitores

507 4885 909 4971 eramus—morti
940 4922 1035 4978 per
1080 4910 1378 4975 peccatum.
1410 4897 1507 4951 Ille
1546 4901 1722 4948 autem
1767 4904 1827 4945 se
1871 4885 2088 4942 tradidit

507 5004 693 5070 morti,
716 5003 801 5059 cui
823 5000 955 5057 nihil
980 4996 1230 5059 debebat,
1252 5000 1312 5047 ut
1331 5003 1429 5046 nos
1454 5001 1553 5042 suo
1573 4983 1831 5053 sanguine
1858 4996 1887 5034 a
1916 4987 2087 5032 morte

508 5099 820 5156 redimeret.
872 5092 988 5148 Non
1028 5087 1177 5153 emit,
1210 5084 1332 5155 quia
1365 5094 1458 5149 per
1487 5086 1731 5132 naturam
1776 5071 1945 5141 ipsius
1971 5069 2085 5122 fue-

512 5205 727 5256 nmus;
757 5186 850 5244 sed
880 5180 1128 5246 redemit,
1161 5176 1283 5246 quia
1324 5171 1525 5242 captivi
1561 5167 1893 5224 tenebamur.
1926 5159 2092 5225 Quem

515 5250 779 5356 proposuit
825 5280 966 5334 Deus
1014 5269 1425 5345 propitiationem
1464 5278 1553 5335 per
1588 5262 1740 5331 ﬁdem
1765 5260 1823 5311 in
1845 5250 2094 5323 sanguine

514 5344 696 5446 ipsius.
720 5372 778 5427 ln
807 5374 1057 5442 promptu
1085 5360 1284 5433 posuit,
1314 5355 1433 5427 quia
1460 5355 1625 5424 gratis
1657 5351 1768 5415 dat,
1800 5358 1854 5399 ut
1885 5359 1982 5400 nec
2002 5344 2097 5397 de-

519 5472 703 5535 speret
740 5434 1091 5532 aliquis,vnec
1125 5452 1195 5507 de
1233 5449 1345 5505 suis
1390 5444 1594 5500 meritis
1630 5439 1938 5505 extollatur,
1974 5434 2097 5503 quia

520 5556 903 5627 propitiatioet
928 5546 1174 5607 remissio
1203 5549 1540 5612 peccatorum
1569 5550 1663 5605 per
1684 5531 1994 5601 sanguinem
2017 5533 2099 5581 est

522 5650 719 5706 Christi
746 5648 960 5710 collata,
991 5644 1041 5695 in
1082 5639 1233 5709 cujus
1265 5644 1389 5707 typo
1416 5632 1579 5687 etiam
1612 5629 1664 5681 in
1694 5611 1877 5681 Veteri
1904 5622 2097 5676 Testa-
2133 5672 2139 5679 ,

522 5751 703 5799 mento
746 5754 840 5809 pro
872 5732 1105 5807 peccatis
1148 5727 1326 5799 populi
1360 5723 1693 5778 victimarum
1727 5713 1942 5783 sanguis
1967 5708 2099 5764 oﬁ‘e-

524 5837 760 5892 rebatur.
809 5802 890 5886 Ad
932 5824 1267 5880 ostensionem
1307 5817 1524 5888 justitiw
1560 5827 1688 5867 sure.
1739 5809 1795 5863 In
1840 5806 1939 5860 hoc
1974 5802 2105 5858 dicit

527 5924 830 5982 ostendisse
878 5913 1169 5985 justitiam,
1226 5910 1371 5978 quod
1413 5905 1741 5964 indefensam
1792 5896 1963 5954 tenuit
2006 5905 2105 5965 pro

2167 3392 2288 3447 liter
2315 3388 2381 3441 de
2402 3382 2649 3439 omnibus
2675 3390 2801 3431 cura
2829 3381 2913 3428 est
2934 3371 3018 3425 ei?
3041 3367 3156 3421 Non
3179 3362 3349 3417 solum
3376 3355 3550 3420 vobis,
3575 3356 3667 3407 sed
3689 3356 3746 3405 et

2169 3480 2415 3554 gentibus
2440 3476 2583 3529 venit
2605 3469 2846 3525 Christus
2872 3478 2937 3518 ex
2962 3462 3077 3530 lege
3100 3453 3415 3528 promissus,
3445 3449 3553 3502 imo
3574 3441 3745 3513 magis

2170 3536 2319 3643 ipsis.
2351 3567 2594 3623 Tantum.
2622 3558 2787 3627 Quasi
2812 3553 2981 3611 Judaei
3002 3550 3181 3605 dicant
3202 3565 3214 3599 :
3233 3544 3338 3600 Sed
3365 3549 3549 3613 gentes
3573 3536 3745 3590 Deum

2171 3630 2591 3731 dereliquerunt,
2622 3664 2676 3709 et
2705 3646 3086 3718 respondeatur
3127 3642 3206 3696 eis
3232 3657 3246 3693 :
3278 3638 3346 3692 Et
3373 3649 3485 3689 vos.
3518 3630 3600 3685 llli
3626 3642 3748 3698 pec-

2172 3763 2450 3820 caverunt,
2481 3759 2538 3807 et
2561 3762 2678 3804 vos.
2709 3742 2815 3801 Sed
2847 3756 2944 3795 nos
2982 3735 3361 3797 convertimur,
3386 3738 3441 3784 et
3462 3726 3558 3780 illi.
3587 3721 3751 3776 Nobis

2172 3849 2416 3905 Christus
2447 3841 2596 3897 venit
2632 3835 2949 3908 promissus,
2995 3837 3049 3883 et
3093 3826 3217 3881 illis.
3250 3821 3367 3876 Non
3416 3831 3546 3886 ergo
3574 3821 3751 3866 vester

2175 3946 2378 3997 tantum
2409 3943 2492 3989 est
2512 3932 2674 3997 Deus,
2700 3934 2791 3981 aut
2819 3922 2972 3995 quasi
3002 3932 3096 3973 vos
3122 3913 3372 3970 nesciatis
3392 3908 3533 3980 quod
3565 3915 3751 3961 omnes

2176 4051 2244 4092 ex
2291 4032 2459 4087 Adam
2491 4026 2601 4081 nati
2650 4029 2795 4085 sunt,
2850 4013 3068 4084 etquod
3125 4008 3377 4075 scriptum
3427 4003 3515 4067 sit,
3571 4007 3752 4067 gentes

2177 4113 2389 4183 Christo
2417 4117 2735 4177 crcdituras,
2784 4111 2921 4163 sicut
2949 4106 3113 4160 dicit:
3151 4103 3348 4154 Domus
3377 4110 3515 4158 mea,
3565 4092 3754 4145 domus

2180 4215 2439 4275 orationis
2487 4208 2765 4265 vocabitur
2788 4200 3036 4258 omnibus
3077 4193 3345 4265 gentibus.
3403 4188 3470 4242 Et
3515 4186 3753 4238 iterum:

2180 4309 2373 4369 Audite
2415 4317 2600 4361 vocem
2651 4298 2812 4361 tubas,
2859 4304 2913 4350 et
2965 4292 3253 4345 dixerunt:
3287 4282 3403 4337 Non
3455 4276 3753 4331 audiemus.

2182 4406 2406 4472 Propter
2439 4400 2542 4453 hoc
2568 4392 2786 4449 audient
2830 4395 3036 4458 gentes.
3086 4379 3275 4435 Nonne
3304 4384 3351 4430 et
3380 4369 3652 4444 gentium?
3680 4367 3756 4421 Ex

2182 4456 2431 4567 geniibus
2457 4485 2811 4546 credentium,
2839 4456 2975 4546 quia
3019 4474 3325 4540 frequenter
3375 4460 3649 4533 prophetae
3691 4456 3757 4510 de

2186 4602 2373 4644 eorum
2402 4581 2686 4638 vocatione
2736 4574 3005 4628 dixerunt.
3062 4564 3175 4618 Imo
3214 4570 3260 4616 et
3288 4559 3533 4630 gentium.
3583 4552 3639 4607 ld
3681 4556 3763 4604 est

2190 4680 2358 4738 multo
2386 4675 2555 4744 magis
2582 4680 2635 4725 et
2663 4666 2923 4740 gentium,
2946 4659 3068 4730 quia
3094 4663 3219 4711 ante
3258 4653 3429 4721 legem
3463 4644 3634 4703 sancti
3655 4643 3763 4698 Deo

2192 4777 2527 4847 placuerunt.
2552 4737 2765 4835 Optime
2790 4766 2967 4813 autem
2989 4750 3205 4807 modum
3226 4743 3461 4803 servavit
3480 4742 3535 4796 iu
3554 4737 3759 4794 verbis:

2193 4837 2303 4925 imo
2355 4864 2509 4929 dixit,
2549 4867 2607 4914 ut
2642 4853 2949 4911 ostenderet
3004 4843 3171 4914 magis
3207 4847 3416 4911 gentes,
3471 4837 3597 4905 quia
3642 4837 3765 4885 ante

2194 4962 2409 5018 fuerunt
2453 4952 2622 5008 sancti
2654 4944 2955 5019 praeputiati
2983 4953 3139 5009 quam
3166 4928 3490 4990 circumcisi,
3520 4935 3575 4980 et
3596 4924 3764 4979 Abra—

2197 5052 2320 5106 ham
2351 5056 2474 5102 ante
2502 5014 2964 5100 circumcisionem
3001 5026 3319 5100 justiﬁcatus
3346 5017 3595 5075 credidit.
3632 5014 3769 5077 Quo-

2196 5144 2337 5198 niam
2366 5138 2565 5208 quidem
2596 5149 2724 5187 unus
2764 5128 2902 5182 Deus
2941 5124 3029 5194 qui
3056 5118 3307 5192 justiﬁcal
3338 5108 3771 5167 circumcisionem

2196 5253 2260 5293 ea:
2288 5201 2408 5303 ﬁde.
2454 5230 2742 5296 Utramque
2767 5228 2979 5293 gentem
3007 5229 3105 5283 per
3136 5212 3294 5266 ﬁdem
3334 5203 3538 5260 Christi
3560 5201 3770 5256 salvan-

2191 5329 2318 5387 dam
2350 5339 2473 5381 esse
2513 5318 2811 5381 denuntiat,
2857 5312 2956 5364 hoc
2996 5314 3100 5369 est,
3125 5320 3190 5359 ex
3214 5303 3338 5356 ﬁde.
3360 5297 3491 5352 Nam
3519 5308 3621 5349 nec
3643 5303 3775 5362 prae-

2200 5422 2429 5492 putium,
2480 5429 2580 5471 nec
2629 5404 2966 5465 circumcisio
2994 5401 3112 5455 sine
3173 5396 3278 5450 ﬁde
3325 5389 3665 5461 justiﬁeatur.
3714 5381 3777 5437 Et

2202 5477 2507 5586 prwputium
2530 5522 2616 5578 per
2646 5503 2818 5572 ﬁdem.
2860 5498 3010 5555 Sicut
3042 5491 3199 5556 Abel,
3220 5489 3353 5553 Noe,
3373 5496 3427 5542 et
3456 5483 3663 5539 caeteri.
3687 5477 3776 5534 Le-

2203 5579 2320 5684 gem
2367 5619 2484 5675 ergo
2514 5598 2819 5654 destruimus
2848 5608 2938 5664 per
2966 5587 3159 5660 ﬁdem?
3210 5582 3372 5636 Absit.
3424 5579 3623 5647 Legem
3660 5585 3778 5641 ergo

2204 5662 2253 5684 ..γ
2422 5662 2443 5675 ν
2849 5662 2855 5664 ,

2204 5717 2300 5775 per
2328 5698 2489 5753 ﬁdem
2518 5688 2865 5754 destruimus,
2895 5698 3014 5753 quae
3055 5672 3520 5732 circumcisionem
3554 5662 3779 5721 docuit?

2209 5754 2379 5851 illisit.
2409 5793 2466 5846 In
2498 5797 2699 5843 tantum
2738 5790 2795 5835 ut
2824 5779 2965 5833 dicat
2995 5774 3213 5843 Moysen
3257 5773 3474 5837 propter
3500 5754 3779 5817 circumci-

2210 5901 2327 5945 sum
2358 5882 2520 5939 lilium
2545 5891 2679 5949 pene
2708 5870 3045 5929 interfectum
3074 5866 3258 5920 fuisse.
3289 5860 3366 5915 Ne
3392 5871 3523 5927 ergo
3544 5854 3623 5910 illi
3646 5851 3779 5907 dice-
