4004 6354
308 356 413 415 αδδ

1166 356 1230 414 ΙΝ
1270 356 1658 415 EPISTOLAM
1698 357 1789 412 AD
1830 356 2156 414 ROMANOS
2194 356 2715 415 COMMENTABIA.

3462 366 3568 418 εει

308 481 458 529 rent:
480 468 676 541 Legem
697 483 825 539 ergo
851 460 1103 536 deStruis,
1121 471 1171 526 in
1200 485 1301 540 qua
1325 485 1516 527 omnes
1540 470 1627 537 qui
1644 469 1888 525 credide—
1914 473 1967 532 Α
1992 469 2401 525 circumcisione
2428 469 2582 535 dicit,
2629 478 2683 524 et
2715 466 2925 522 caeteris
2965 464 3292 537 hujusmodi.
3328 468 3572 528 Credenti

307 574 432 620 runt
449 563 579 635 justi
601 564 901 618 circumcisi
930 564 1140 617 fuerunt
1161 574 1284 619 ante
1310 564 1480 634 legem
1512 563 1888 629 ineircumcisi,

307 658 406 713 sed
438 666 615 711 tamen
658 655 835 711 nullus
862 655 1265 710 ineircumcisus
1301 655 1355 709 in
1392 655 1527 724 lege.
1558 653 1674 708 Non
1718 654 1888 723 solus,

306 750 403 816 ait,
436 762 541 804 non
568 748 806 813 destruo,
854 746 949 802 sed
978 746 1261 813 conﬁrmo,
1294 744 1422 800 dum
1470 746 1606 800 hanc
1655 744 1893 816 praedico

307 841 796 907 circumcisionem,
842 854 1000 909 quam
1031 839 1123 894 ille
1151 837 1397 906 prtedixit
1428 855 1441 891 :
1474 838 1529 892 ln
1562 835 1887 903 novissimis,

309 935 500 1005 inquit,
543 933 731 989 diebus
761 930 1107 988 circumcidet
1135 930 1393 984 Dominus
1433 929 1573 984 Deus
1601 943 1695 983 cor
1718 937 1888 995 tuum,

308 1035 363 1082 et
393 1042 487 1081 cor
516 1024 735 1080 seminis
768 1024 863 1088 tui,
914 1022 979 1077 ad
1028 1022 1195 1077 Deum
1226 1029 1374 1076 tuum
1424 1022 1731 1074 amandum.
1768 1019 1892 1075 Hcce

308 1128 391 1176 est
418 1119 569 1173 ﬁdes.
594 1118 744 1173 Tunc
770 1116 1101 1171 destruerem
1125 1116 1317 1184 legem,
1360 1113 1408 1169 si
1439 1113 1583 1168 illam
1611 1114 1889 1169 mentitam

308 1210 561 1273 dicerem,
606 1207 708 1262 hoc
756 1216 841 1261 est
893 1221 997 1260 non
1028 1214 1378 1272 cessaturam,
1412 1220 1533 1258 cum
1565 1204 1653 1259 illa
1675 1218 1734 1258 se
1771 1218 1891 1272 pro-

306 1301 883 1360 miseritcessaturam,
912 1298 1049 1352 sicut
1071 1297 1202 1352 dicit
1226 1297 1487 1352 Jeremias
1517 1313 1529 1348 :
1562 1296 1711 1350 Dabo
1739 1295 1892 1352 vobis

308 1403 681 1447 testamentum
712 1405 927 1444 novum.
961 1390 1026 1444 Et
1074 1389 1236 1442 Isaias
1273 1404 1286 1441 :
1321 1387 1401 1441 Ex
1429 1388 1555 1441 Sion
1585 1386 1891 1457 egredietur

307 1487 417 1552 lex,
447 1494 502 1539 et
523 1485 744 1540 verbum
770 1482 981 1537 Domini
1012 1481 1080 1537 de
1103 1480 1423 1536 Jerusalem.
1450 1479 1553 1534 Sed
1598 1478 1759 1549 legem
1788 1487 1893 1533 sta-

309 1582 517 1635 tuimus.
565 1581 721 1635 Stare
758 1579 1003 1643 facimus,
1050 1578 1175 1631 dum
1223 1578 1509 1646 probamus
1542 1589 1725 1629 verum
1770 1585 1892 1628 esse

305 1672 445 1741 quod
476 1672 607 1726 dixit
629 1672 697 1725 de
720 1671 953 1739 antiquis
970 1670 1131 1737 justis
1158 1678 1211 1722 et
1240 1667 1487 1736 gentibus
1509 1664 1815 1726 credituris,
1839 1669 1893 1716 et

304 1764 639 1834 spiritualem
684 1761 1153 1817 circumcisionem
1187 1768 1493 1821 venturam,
1526 1757 1651 1810 dum
1684 1756 1784 1809 hoc
1812 1752 1891 1807 ef-

1995 569 2170 615 autem
2199 562 2252 614 in
2282 578 2416 628 eum,
2438 562 2528 633 qui
2546 561 2803 633 justi/icat
2842 560 3075 631 impium.
3104 560 3330 632 lmpium
3360 578 3456 633 per
3478 579 3572 620 so-

1997 651 2101 705 lam
2132 651 2287 706 fidem
2322 652 2599 721 ju'stiﬁcat,
2627 666 2733 707 non
2778 666 2957 721 opera,
2985 667 3105 721 quae
3132 668 3235 707 non
3269 652 3491 724 habuit;
3526 657 3573 714 si

1995 742 2137 797 enim
2174 744 2467 798 secundum
2511 758 2691 813 opera,
2735 744 3033 815 puniendus
3054 754 3157 812 est,
3185 762 3291 802 non
3340 748 3575 807 liberan-

1994 832 2113 888 dus.
2146 834 2313 889 Simul
2356 836 2740 891 attendendum
2784 852 2888 892 non
2918 847 3255 906 peccatorem
3290 840 3575 910 justiﬁcari

1995 942 2090 996 per
2120 926 2300 993 fidem,
2326 928 2421 983 sed
2452 929 2692 998 impium.
2731 929 3017 1000 Reputatur
3042 932 3171 1000 ﬁdes
3192 936 3307 1007 ejus
3328 935 3396 988 ad
3406 937 3573 1005 justi-

1997 1020 2141 1085 tiam,
2180 1022 2454 1073 secundum
2481 1023 2798 1090 prepositum
2822 1024 3003 1093 gratia:
3026 1022 3161 1079 Dei:
3183 1026 3315 1080 sicut
3338 1037 3384 1081 et
3410 1027 3577 1082 David

1996 1113 2138 1167 dicit.
2174 1110 2323 1165 Sicut
2344 1111 2608 1179 Abrahae;
2641 1123 2696 1169 et
2726 1124 2907 1169 nostra
2937 1115 3169 1171 ﬁliorum
3201 1117 3316 1186 ejus
3341 1134 3437 1188 per
3457 1139 3579 1189 gra-

1998 1207 2145 1261 tiam.
2174 1204 2551 1260 Beatitudinem
2571 1206 2808 1261 hominis.
2836 1207 3020 1276 Magna
3041 1209 3308 1266 beatitudo
3330 1220 3432 1276 est,
3460 1211 3578 1269 sine

1995 1298 2177 1353 labore
2209 1298 2358 1367 legis,
2394 1298 2477 1352 vel
2506 1298 2836 1367 poenitentiae
2858 1300 3015 1374 ﬁdem
3040 1316 3133 1370 per
3152 1302 3321 1358 solam
3348 1304 3576 1373 gratiam

1995 1392 2312 1461 promereri,
2334 1390 2627 1447 secundum
2651 1391 2983 1461 propositum
3014 1393 3131 1463 Dei,
3157 1410 3263 1465 quo
3295 1398 3574 1466 praposuit

1995 1485 2159 1553 gratis
2184 1492 2397 1553 peccata
2429 1484 2720 1539 dimittere.
2751 1482 2847 1538 Cui
2880 1484 3017 1538 Deus
3048 1497 3252 1557 accepto
3281 1489 3378 1556 fert
3410 1491 3575 1561 justi-

1996 1576 2117 1629 tiam
2139 1578 2246 1629 sine
2275 1575 2529 1645 operibus.
2562 1576 2640 1631 llli
2668 1586 2890 1646 accepto
2920 1578 3088 1631 fertur
3117 1580 3373 1645 justitiam
3403 1581 3435 1616 "
3460 1566 3578 1638 sine

1997 1667 2268 1736 Operibus,
2302 1668 2391 1737 qui
2419 1683 2513 1735 per
2541 1668 2723 1735 ﬁdem,
2756 1684 2858 1739 qua
2901 1668 3129 1739 primum
3174 1671 3281 1726 Deo
3321 1672 3575 1743 credidit,

1997 1767 2050 1813 et
2094 1757 2161 1812 de
2191 1759 2460 1823 praeterito
2489 1759 2801 1829 absolvitur,
2834 1769 2888 1815 et
2923 1761 2991 1817 de
3033 1764 3282 1832 praesenti
3313 1765 3581 1834 justiﬁca-

308 1856 415 1909 ﬁcit
442 1855 594 1917 ﬁdes,
623 1854 762 1925 quod
797 1854 883 1907 lex
914 1852 1088 1922 jubet,
1120 1866 1238 1921 quae
1268 1850 1402 1903 ﬁdes
1428 1849 1471 1901 si
1496 1864 1598 1901 non
1623 1847 1711 1912 sit,
1739 1846 1891 1915 jubet
1918 1854 1967 1916 Β
1997 1857 2099 1915 tur,
2133 1859 2185 1903 et
2238 1850 2305 1905 ad
2346 1853 2523 1904 futura
2565 1851 2690 1906 ﬁdei
2741 1866 2902 1920 opera
2938 1864 3287 1923 prasparatur.
3342 1855 3581 1913 Probare

304 1955 509 2002 tantum
553 1947 661 2013 lex,
686 1955 739 2000 ει
770 1961 875 1999 non
913 1944 1195 2013 implentes
1222 1946 1368 2012 jussa
1415 1955 1538 1995 reos
1579 1949 1742 2004 tenet,
1774 1952 1893 2008 quae

304 2054 412 2093 non
463 2039 736 2106 impletur,
771 2037 873 2091 nisi
921 2051 1014 2105 per
1061 2035 1403 2099 charitatem,
1458 2046 1617 2102 quam
1660 2030 1893 2100 Spiritus

306 2136 521 2182 sanctus
552 2128 777 2181 infundit
807 2142 900 2195 per
923 2124 1143 2194 gratiam
1178 2140 1353 2179 suam.

378 2216 505 2273 Car.
539 2234 610 2273 ιν.
644 2219 782 2285 Quid
808 2234 929 2287 ergo
958 2218 1175 2269 dicimus
1220 2216 1469 2269 invenisse
1497 2214 1755 2267 Abraham
1800 2228 1891 2281 pa-

299 2317 432 2365 trem
459 2321 690 2365 nostrum
707 2313 732 2364 Ι)
760 2311 1000 2365 Revocat
1022 2311 1143 2364 illos
1164 2309 1229 2363 ad
1254 2318 1411 2377 caput
1439 2310 1888 2377 circumcisionis,

300 2412 361 2458 ut
386 2402 529 2471 quod
560 2402 711 2457 initio
744 2402 1071 2467 constiterit,
1124 2401 1178 2456 id
1220 2401 1480 2456 habeatur
1527 2403 1582 2457 in
1612 2410 1745 2457 toto.
1775 2403 1893 2458 Cir-

299 2495 559 2549 cumcisio
588 2495 639 2547 in
671 2508 833 2548 carne
854 2502 959 2560 est,
986 2493 1116 2548 ﬁdes
1135 2502 1313 2549 autem
1338 2493 1390 2548 in
1416 2504 1595 2549 mente
1619 2495 1887 2550 consistit.

302 2586 572 2642 Abraham
614 2586 907 2642 secundum
947 2586 1104 2641 ﬁdem
1142 2602 1237 2656 per
1277 2588 1595 2657 praeputium
1629 2595 1783 2656 pater
1807 2597 1893 2643 est

300 2680 562 2749 gentium,
592 2681 887 2735 secundum
918 2695 1134 2736 carnem
1160 2689 1309 2750 pater
1332 2691 1414 2736 est
1442 2682 1886 2737 circumcisionis.

300 2773 458 2829 Fides
478 2784 655 2830 autem
679 2791 781 2846 qua
803 2784 955 2845 pater
975 2784 1058 2830 est
1083 2776 1345 2845 gentium,
1374 2790 1477 2829 non
1499 2775 1549 2829 in
1580 2791 1765 2841 carne,
1787 2776 1881 2831 sed

302 2867 357 2921 in
388 2876 570 2922 mente
597 2867 864 2922 consistit.
908 2866 1205 2922 Secundum
1235 2882 1457 2921 carnem.
1495 2866 1550 2920 ld
1582 2876 1664 2922 est
1691 2882 1886 2921 secun-

304 2960 427 3014 dum
456 2961 633 3015 carnis
655 2960 1139 3016 circumcisionem.
1166 2959 1228 3015 Si
1254 2961 1387 3013 enim
1410 2960 1665 3013 Abraham
1686 2976 1749 3014 ea:
1770 2976 1890 3029 ape-

302 3054 441 3108 ribus
461 3054 781 3124 justi/iratus
819 3062 912 3117 est,
940 3052 1085 3106 habet
1109 3052 1347 3122 gloriam.
1371 3050 1651 3118 Quomodo
1675 3066 1741 3105 ex
1764 3066 1890 3120 ope-

301 3146 472 3210 ribus,
494 3160 614 3199 cum
638 3155 693 3199 et
722 3146 838 3214 ipse
857 3159 921 3199 ex
952 3143 1198 3212 gentibus
1224 3142 1469 3198 venerit?
1492 3142 1599 3197 Sed
1625 3158 1726 3195 non
1749 3142 1890 3212 apud

1996 1943 2106 1997 vult
2131 1952 2185 1998 et
2212 1944 2264 1998 in
2309 1945 2425 2013 ipsa
2455 1944 2571 2014 lege
2617 1944 2836 2013 prcedici
2856 1986 2870 2010 ,
2895 1945 3151 2014 justitiam
3179 1950 3297 2003 sine
3323 1950 3580 2018 operibus

1994 2037 2272 2107 prodesse,
2305 2052 2404 2092 nec
2437 2052 2495 2093 se
2540 2038 2642 2091 hoc
2671 2052 2767 2091 suo
2815 2038 3122 2103 defendere,
3155 2041 3249 2093 sed
3302 2041 3580 2111 propheta:

1995 2129 2245 2197 exemplo
2272 2128 2503 2183 ﬁrmare.
2537 2128 2689 2196 Quod
2725 2129 3031 2193 remittitur,
3066 2145 3170 2183 non
3194 2138 3297 2194 est,
3329 2132 3471 2199 quod
3502 2140 3585 2186 te-

1994 2220 2137 2289 gitur
2167 2235 2272 2274 non
2304 2230 2470 2290 patet,
2506 2231 2558 2276 et
2592 2221 2712 2276 ideo
2734 2235 2834 2276 nec
2855 2222 3165 2289 imputatur.
3196 2220 3342 2276 Beati
3366 2240 3583 2292 quorum

1994 2314 2218 2366 remissa:
2245 2324 2365 2367 sunt
2396 2312 2709 2383 iniquitates.
2759 2312 2958 2367 Contra
2988 2312 3159 2367 Judaei
3196 2315 3581 2385 arrogantiam,

1995 2405 2119 2476 quia
2176 2405 2451 2461 beatitudo
2481 2414 2533 2459 et
2586 2407 2833 2460 remissio
2865 2413 3207 2474 peccatorum
3248 2406 3584 2464 credulitatis

1994 2512 2129 2567 opus
2155 2506 2257 2563 εει,
2290 2512 2396 2552 non
2417 2496 2637 2552 laboris.
2671 2496 2895 2562 Quidam
2924 2496 3107 2553 dicunt
3138 2496 3339 2551 remitti
3367 2505 3585 2567 peccata

1995 2604 2091 2659 per
2123 2590 2473 2658 baptismum,
2516 2590 2620 2660 tegi
2664 2590 2917 2660 lacrymis
2962 2589 3313 2658 pmnitentiaa,
3344 2604 3449 2643 non
3481 2590 3584 2645 im-

1993 2686 2169 2754 putari
2198 2684 2304 2739 ulla
2354 2693 2572 2753 peccata
2605 2683 2657 2738 in
2706 2684 2985 2755 martyrio.
3018 2683 3276 2751 Quamvis
3326 2692 3494 2739 totum
3525 2683 3583 2740 in

1994 2777 2101 2832 fide
2140 2776 2391 2846 baptismi
2437 2776 2609 2846 possit
2661 2775 2905 2846 intelligi,
2958 2784 3134 2830 tamen
3185 2791 3307 2832 cum
3355 2776 3583 2831 remissa

1994 2870 2194 2925 fuerint
2224 2870 2439 2936 delicta,
2463 2867 2699 2940 diligitur
2730 2869 2891 2923 Deus.
2922 2867 3018 2923 Cui
3048 2870 3189 2924 enim
3214 2870 3334 2938 plus
3357 2868 3577 2924 dimitti-

1994 2968 2100 3025 tur,
2132 2959 2253 3029 plus
2282 2959 2476 3029 diligit,
2504 2968 2555 3013 et
2575 2958 2699 3014 ideo
2727 2959 2963 3014 charitas
2986 2961 3161 3029 operit
3183 2959 3578 3016 multitudinem

1994 3064 2357 3122 peccatorum,
2389 3060 2446 3106 ut
2491 3062 2707 3122 superet
2752 3052 2971 3108 dilectio
2993 3054 3281 3122 pristinum
3331 3063 3579 3109 contem-

1994 3155 2161 3213 ptum.
2199 3144 2315 3198 Non
2347 3151 2524 3198 autem
2558 3144 2803 3211 imputat,
2835 3144 2961 3197 dum
2988 3144 3143 3201 bonis
3171 3145 3287 3215 ejus
3324 3144 3582 3216 deinceps

304 3238 491 3291 Deum.
522 3238 628 3293 Sed
667 3237 806 3306 apud
838 3238 1189 3305 semetipsum
1233 3234 1414 3297 habet,
1448 3234 1569 3303 quia
1593 3232 1747 3302 jussa
1768 3249 1890 3302 per-
1913 3250 1961 3312 ρ
1994 3235 2272 3303 operibus,
2301 3250 2418 3303 qua:
2458 3249 2555 3303 per
2582 3235 2905 3290 charitatem
2941 3234 3093 3302 ﬁunt,
3133 3234 3454 3301 delectatur,
3481 3250 3585 3292 nec

300 3328 449 3393 ﬁcit;
479 3328 636 3381 aliter
670 3342 796 3397 ergo
823 3326 977 3382 nihil.
1010 3326 1086 3379 Illi
1130 3326 1274 3378 Deus
1307 3323 1547 3389 donavit,
1585 3323 1680 3377 sed
1715 3339 1779 3378 ex
1805 3338 1882 3390 se,

300 3419 396 3475 sed
427 3434 492 3473 ex
517 3418 771 3487 operibus
812 3418 925 3472 suis
953 3416 1136 3469 habuit
1174 3415 1420 3485 gloriam.
1443 3413 1549 3469 Sed
1573 3414 1696 3483 quia
1740 3414 1886 3469 illum

301 3513 435 3569 ﬁdes
476 3528 507 3567 a
532 3512 644 3567 Deo
660 3513 857 3567 donata
889 3512 1007 3565 sine
1028 3524 1249 3579 operum
1280 3509 1698 3577 praesumptione
1733 3507 1889 3577 justi-

303 3606 449 3669 ﬁcat,
480 3620 583 3659 non
616 3605 743 3670 sibi,
768 3604 863 3659 sed
900 3602 1130 3657 Domino
1150 3617 1217 3657 ex
1262 3601 1493 3671 gratuita
1526 3600 1777 3671 largitate
1797 3600 1890 3656 dat

298 3698 546 3767 gloriam.
574 3697 712 3750 Dicit
732 3712 861 3766 ergo
893 3695 1105 3749 beatum
1138 3693 1412 3749 Abraham
1455 3707 1559 3747 non
1592 3708 1660 3747 ex
1707 3692 1885 3763 operi-

302 3793 401 3844 bus
425 3790 568 3860 (quia
598 3797 722 3844 ante
746 3790 916 3857 legem
940 3788 1082 3857 fuit),
1103 3787 1196 3841 sed
1218 3803 1285 3842 ex
1312 3786 1414 3841 fide
1437 3786 1581 3856 (quia
1610 3787 1888 3855 promissis

304 3882 399 3936 Dei
442 3882 689 3951 credidit)
742 3882 1012 3937 invenisse
1058 3882 1344 3951 justitiam,
1376 3888 1431 3937 et
1455 3882 1578 3951 quia
1610 3882 1744 3936 ﬁdes
1795 3896 1890 3950 per

302 3976 523 4043 gratiam
564 3975 655 4028 Dei
697 3990 801 4028 non
842 3974 1014 4029 solum
1049 3984 1411 4042 peccatorem,
1461 3973 1555 4028 sed
1588 3983 1643 4029 et
1668 3974 1890 4044 impium

303 4081 401 4135 pro
432 4067 525 4121 Dei
556 4067 789 4121 bonitate
810 4067 1089 4137 justiﬁcat,
1121 4067 1247 4121 dum
1276 4083 1381 4123 non
1412 4082 1475 4121 ex
1508 4068 1760 4136 operibus
1789 4068 1887 4122 ba-

304 4160 393 4213 bet
421 4160 689 4225 ﬁduciam,
717 4161 810 4215 sed
838 4176 932 4231 per
961 4160 1140 4215 omnia
1167 4175 1227 4215 se
1258 4160 1369 4214 Deo
1400 4160 1645 4229 intelligit
1674 4160 1889 4215 debito-

304 4264 439 4315 rem,
470 4252 593 4320 quia
638 4252 766 4304 nihil
790 4252 1003 4306 invenit
1047 4250 1189 4319 quod
1221 4251 1319 4304 sibi
1344 4264 1595 4319 arrogare
1623 4250 1797 4320 possit
1823 4264 1891 4305 ex

302 4344 529 4396 meritis.
560 4343 696 4406 Quid
721 4344 854 4395 enim
884 4341 1159 4411 Scriptura
1186 4344 1351 4395 dicit?
1369 4341 1699 4408 Scripturam
1725 4342 1891 4395 inter-

303 4449 574 4503 rogemus.
622 4432 851 4485 Credidit
891 4433 1149 4484 Abraham
1193 4433 1323 4485 Deo.
1359 4431 1631 4497 Probavit,
1674 4442 1727 4486 et
1768 4433 1891 4486 ideo

304 4524 440 4590 apud
473 4524 637 4574 Deum
663 4522 822 4574 habet
849 4522 1097 4589 gloriam.
1121 4521 1253 4575 Tam
1282 4536 1474 4590 magna
1499 4522 1596 4576 fuit
1622 4522 1766 4576 dono
1794 4524 1890 4578 Dei

1994 3326 2362 3381 reminiscitur
2407 3325 2525 3393 ejus
2576 3332 2700 3380 ante
2754 3323 3039 3380 factorum.
3094 3323 3163 3379 Et
3192 3342 3412 3396 quorum
3452 3336 3583 3384 tecta

1992 3426 2114 3472 sunt
2142 3428 2370 3487 peccata.
2402 3416 2698 3472 Cbaritate.
2748 3415 2937 3471 Beatus
2960 3417 3036 3470 vir
3079 3417 3162 3471 cui
3184 3434 3285 3472 non
3312 3419 3587 3490 imputavit

1992 3508 2245 3564 Dominus
2275 3518 2559 3577 peccatum.
2591 3507 2670 3564 Ne
2696 3516 3109 3564 rememoratur.
3155 3508 3427 3565 Beatitudo
3460 3527 3585 3581 ergo

1992 3602 2100 3657 hcc
2150 3604 2203 3658 in
2245 3603 2652 3668 circumcisione,
2698 3618 2765 3657 an
2794 3603 2947 3657 etiam
2985 3603 3038 3657 in
3065 3604 3353 3673 praeputio?
3383 3602 3582 3659 Volunt

1992 3694 2155 3766 aliqui
2180 3694 2339 3750 istam
2369 3694 2757 3750 beatitudinem
2784 3695 2958 3751 tribus
2989 3696 3321 3767 temporibus
3340 3695 3583 3767 assigna-

1991 3801 2073 3854 re,
2116 3785 2352 3853 Naturae,
2390 3785 2797 3843 Circumcisioni
2828 3795 2882 3841 et
2926 3787 3335 3855 Christianitati,
3368 3788 3465 3843 sed
3518 3797 3582 3846 ut

1992 3894 2087 3935 eos
2126 3880 2348 3950 agloria
2386 3879 2646 3950 privilegii
2686 3879 2956 3946 excludat,
3008 3880 3126 3950 ipse
3168 3879 3320 3947 dicit,
3370 3894 3477 3935 non
3525 3880 3585 3937 in

1992 3972 2421 4041 circumcisione,
2476 3972 2572 4028 sed
2617 3973 2670 4028 in
2701 3973 2985 4043 prteputio.
3016 3972 3252 4028 Dicimus
3278 3975 3419 4029 enim
3459 3974 3583 4045 quia

1991 4073 2230 4135 reputata
2256 4073 2329 4118 est
2355 4065 2574 4119 Abraha:
2599 4065 2727 4134 ﬁdes
2766 4066 2835 4119 ad
2874 4067 3155 4136 justitiam.
3188 4068 3325 4133 Quia
3368 4069 3585 4140 utrique

1993 4155 2315 4211 conﬁtemur
2338 4155 2691 4224 justiﬁcatum
2720 4172 2736 4222 ;
2764 4157 2888 4225 quia
2917 4171 3046 4225 ergo
3070 4158 3137 4213 de
3158 4156 3429 4213 Abraham
3470 4168 3583 4214 tra-

1994 4255 2224 4315 ctamus,
2254 4248 2397 4317 quod
2416 4247 2486 4303 de
2507 4248 2626 4316 ipso
2648 4249 2912 4302 inveniret
2932 4248 3090 4313 ratio,
3122 4249 3303 4304 hocin
3329 4251 3583 4307 omnibus

1994 4338 2346 4404 accipiamus,
2382 4338 2487 4391 hoc
2514 4352 2703 4392 omnes
2732 4336 3097 4391 indubitanter
3119 4348 3418 4406 teneamus,
3455 4343 3583 4409 quia

1996 4426 2129 4480 ﬁdes
2176 4427 2293 4480 haec
2323 4440 2430 4481 non
2460 4426 2561 4480 soli
2608 4426 2840 4479 Abrahae
2868 4426 3154 4494 profuerit,
3184 4428 3279 4483 sed
3329 4430 3582 4490 omnibus

1996 4518 2087 4588 qui
2114 4518 2440 4573 credulitatis
2486 4532 2598 4572 sua:
2636 4527 2932 4587 sequuntur
2966 4522 3292 4591 exemplum,
3344 4525 3484 4580 sicut
3525 4526 3584 4583 in

307 4614 439 4667 fides
469 4613 720 4677 Abrahm,
759 4622 816 4666 ut
858 4623 913 4669 et
955 4613 1179 4682 pristina
1211 4614 1261 4668 ei
1290 4625 1508 4684 peccata
1539 4615 1884 4684 donarentur,
1920 4631 1969 4690 υ
1998 4610 2346 4681 sequentibus
2391 4611 2637 4681 legimus,
2694 4620 2751 4667 ut
2780 4621 3057 4681 reputetur
3082 4614 3159 4670 illi
3188 4615 3254 4671 ad
3291 4616 3580 4687 justitiam.

305 4716 359 4759 et
375 4707 484 4761 sola
512 4707 558 4759 ei
590 4721 684 4775 pro
706 4712 846 4760 omni
871 4707 1076 4776 justitia
1100 4708 1405 4777 duceretur,
1431 4720 1651 4780 accepto
1672 4718 1726 4766 et
1744 4720 1890 4768 tanto

303 4814 487 4853 amare
518 4799 778 4870 ﬂagravit,
804 4809 862 4854 ut
893 4800 1147 4870 deinceps
1172 4818 1388 4873 semper
1407 4802 1518 4859 Deo
1542 4804 1795 4873 placeret.
1820 4805 1889 4861 Et

302 4905 591 4965 reputatum
642 4904 712 4949 est
766 4896 846 4950 illi
899 4896 967 4949 ad
992 4899 1272 4968 justitiam.
1328 4898 1743 4967 Compensatum
1773 4900 1890 4956 sola

305 4987 459 5041 ﬁdes.
504 4986 569 5039 Ei
605 4997 771 5040 autem
800 4989 886 5055 qui
927 4998 1188 5055 operatur,
1228 5005 1416 5043 merces
1451 5007 1553 5044 non
1602 4992 1887 5060 imputatur

307 5079 589 5131 secundum
620 5079 858 5148 gratiam,
909 5078 1001 5132 sed
1051 5080 1329 5132 secundum
1374 5081 1616 5137 debitum.
1660 5082 1890 5152 Exponit

307 5168 482 5237 ipsmn
527 5169 853 5237 exemplum.
905 5167 973 5221 Et
1002 5168 1123 5237 quia
1174 5168 1259 5222 lex
1305 5182 1465 5237 opera
1515 5172 1758 5239 requirit,
1792 5188 1889 5242 per

306 5277 425 5332 quin
453 5262 619 5315 elatus
649 5263 715 5314 tua
737 5272 820 5315 rat
846 5260 1181 5326 Pharismus;
1207 5276 1329 5315 cum
1360 5277 1487 5331 ergo
1506 5264 1761 5332 justificat
1784 5266 1887 5320 im-

307 5356 451 5422 pium
480 5354 657 5407 diiina
690 5355 982 5418 miseratio,
1027 5354 1198 5408 locum
1229 5355 1402 5409 meriti
1446 5372 1551 5409 non
1585 5366 1759 5425 potest
1788 5357 1887 5412 ha-

308 5444 437 5499 bere
468 5446 832 5514 praesumptio.
862 5444 1084 5500 Debitor
1112 5445 1254 5499 enim
1286 5455 1368 5499 est
1388 5455 1674 5515 antequam
1705 5456 1889 5517 pareat

307 5537 609 5604 praeceptis,
638 5547 691 5590 et
721 5537 819 5590 nisi
849 5537 1102 5605 paruerit,
1153 5536 1454 5591 damnatus.
1497 5536 1555 5592 Si
1595 5546 1771 5593 autem
1812 5539 1889 5595 fe-

305 5628 459 5692 cerit,
495 5642 596 5679 non
627 5627 790 5682 habet
812 5627 1056 5698 gloriam,
1085 5626 1205 5697 quia
1232 5627 1432 5682 inutilis
1458 5643 1645 5683 servus
1666 5638 1765 5695 est,
1797 5631 1889 5700 qui

307 5720 439 5775 nihil
468 5721 693 5790 amplius
723 5730 992 5791 operatur.
1029 5720 1089 5774 Si
1120 5736 1235 5774 vero
1259 5720 1345 5791 qui
1388 5736 1491 5773 non
1519 5729 1783 5789 aperatur.
1815 5720 1890 5777 De

379 5903 411 5938 "
439 5901 747 5974 Legendum
776 5915 908 5959 sane
928 5900 1136 5971 justitia
1156 5900 1212 5959 in
1233 5899 1565 5959 nominativo
1592 5914 1741 5960 casu.
1764 5899 1923 5961 EDI'I'.‘

2004 4705 2273 4773 Quomodo
2292 4722 2412 4774 ergo
2428 4714 2663 4774 reputate
2676 4715 2769 4772 est,
2790 4706 2845 4760 in
2864 4708 3267 4779 circumcisione,
3280 4728 3347 4767 an
3367 4713 3421 4767 in
3441 4730 3581 4784 pras-

1998 4797 2181 4868 putio?
2230 4796 2519 4851 Videamus
2567 4806 2743 4852 utrum
2773 4807 3056 4869 propterea
3082 4802 3282 4870 justus,
3315 4804 3441 4875 quia
3469 4806 3577 4861 cir-

1999 4893 2268 4948 cumcisus
2293 4908 2308 4957 ;
2341 4907 2409 4946 an
2437 4891 2558 4947 ideo
2579 4892 2948 4962 circumcisus,
2978 4894 3102 4963 quia
3122 4896 3300 4963 justus
3329 4897 3581 4954 inventus

2000 4992 2083 5039 est
2121 5000 2133 5035 :
2176 4992 2352 5036 utrum
2403 4982 2740 5039 circumcisio
2788 4982 2856 5039 de
2899 4983 3126 5053 justitia,
3158 4999 3229 5039 an
3270 4985 3477 5054 justitia
3512 4988 3583 5045 de

1997 5078 2407 5134 circumcisione
2436 5079 2505 5133 sit
2526 5088 2672 5132 nata.
2702 5076 2825 5133 Non
2873 5078 2930 5131 in
2958 5077 3359 5145 circumcisione,
3397 5080 3488 5133 sed
3525 5081 3583 5135 in

1994 5170 2271 5241 praeputio.
2299 5170 2439 5225 Ante
2464 5170 2787 5239 justiﬁeatus
2804 5180 2887 5225 est
2906 5184 3063 5241 quam
3082 5169 3580 5228 circumcideretur.

1992 5260 2109 5315 Non
2138 5275 2267 5331 ergo
2304 5269 2524 5331 propter
2570 5261 3031 5317 circumcisionem
3081 5260 3404 5330 justiﬁeatus
3454 5271 3561 5320 est.

1992 5350 2062 5407 Et
2088 5353 2289 5423 signum
2326 5352 2520 5423 accepit
2563 5352 2982 5407 circumcisionis.
3016 5350 3093 5406 Ne
3118 5350 3361 5407 dicerent
3393 5370 3407 5408 :
3436 5352 3578 5422 Quid

1998 5460 2129 5515 ergo
2148 5446 2496 5504 circumcisus
2512 5454 2614 5513 εει,
2642 5445 2688 5501 si
2711 5460 2815 5501 non
2840 5445 3109 5515 indigebat
3132 5446 3580 5505 circumcisione?

1998 5536 2221 5607 Signum
2264 5544 2365 5605 est,
2399 5536 2592 5607 inquit,
2620 5535 2862 5605 justiti-ae,
2895 5550 3001 5591 non
3028 5545 3393 5606 augmentum.
3446 5538 3579 5595 Item

1998 5632 2155 5687 aliter
2188 5649 2199 5685 :
2230 5614 2297 5687 ιπ
2339 5630 2649 5687 ostenderet
2687 5644 2847 5699 quam
2896 5630 3074 5700 justus
3113 5640 3167 5687 et
3210 5632 3381 5690 ﬁdelis
3408 5643 3575 5713 esset,

1997 5723 2090 5794 qui
2118 5722 2357 5781 dolorem
2387 5722 2493 5781 sibi
2529 5738 2596 5781 ex
2624 5720 2876 5780 mandato
2920 5721 3019 5781 Dei
3056 5738 3165 5782 non
3192 5725 3458 5786 dubitavit
3498 5729 3581 5785 in-
