  <div class='ocr_page' id='page_1' title='image "/cluster/home/n/w/nwhite01/storage/ocr_20150623/68/hvd.32044015469331/223.png"; bbox 0 0 4004 6354; ppageno 0'>
   <div class='ocr_carea' id='block_1_1' title="bbox 456 285 558 340">
    <p class='ocr_par' dir='ltr' id='par_1_1' title="bbox 456 285 558 340">
     <span class='ocr_line' id='line_1_1' title="bbox 456 285 558 340; baseline 0.02 -2"><span class='ocrx_word' id='word_1_1' title='bbox 456 285 558 340; x_wconf 65' lang='grc'><strong>455</strong></span> 
     </span>
    </p>
   </div>
   <div class='ocr_carea' id='block_1_2' title="bbox 1563 272 2603 336">
    <p class='ocr_par' dir='ltr' id='par_1_2' title="bbox 1563 272 2603 336">
     <span class='ocr_line' id='line_1_2' title="bbox 1563 272 2603 336; baseline -0.004 0"><span class='ocrx_word' id='word_1_2' title='bbox 1563 277 1865 336; x_wconf 78' lang='lat' dir='ltr'><strong>PRIMASII</strong></span> <span class='ocrx_word' id='word_1_3' title='bbox 1906 272 2350 333; x_wconf 66' lang='lat' dir='ltr'><strong>ADRUMETANI</strong></span> <span class='ocrx_word' id='word_1_4' title='bbox 2398 278 2603 334; x_wconf 73' lang='lat' dir='ltr'><strong>EPISC.</strong></span> 
     </span>
    </p>
   </div>
   <div class='ocr_carea' id='block_1_3' title="bbox 3603 292 3706 344">
    <p class='ocr_par' dir='ltr' id='par_1_3' title="bbox 3603 292 3706 344">
     <span class='ocr_line' id='line_1_3' title="bbox 3603 292 3706 344; baseline -0.019 -1"><span class='ocrx_word' id='word_1_5' title='bbox 3603 292 3706 344; x_wconf 59' lang='lat'><strong>$36</strong></span> 
     </span>
    </p>
   </div>
   <div class='ocr_carea' id='block_1_4' title="bbox 456 388 3708 466">
    <p class='ocr_par' dir='ltr' id='par_1_4' title="bbox 456 388 3708 466">
     <span class='ocr_line' id='line_1_4' title="bbox 456 388 3708 466; baseline 0.001 -10"><span class='ocrx_word' id='word_1_6' title='bbox 456 402 617 463; x_wconf 81' lang='lat' dir='ltr'><strong>terre,</strong></span> <span class='ocrx_word' id='word_1_7' title='bbox 650 411 755 450; x_wconf 88' lang='lat' dir='ltr'><strong>non</strong></span> <span class='ocrx_word' id='word_1_8' title='bbox 776 404 965 465; x_wconf 85' lang='lat' dir='ltr'><strong>putans</strong></span> <span class='ocrx_word' id='word_1_9' title='bbox 993 394 1338 463; x_wconf 81' lang='lat' dir='ltr'><strong>superﬂuum.</strong></span> <span class='ocrx_word' id='word_1_10' title='bbox 1385 392 1524 463; x_wconf 89' lang='lat' dir='ltr'><strong>quod</strong></span> <span class='ocrx_word' id='word_1_11' title='bbox 1571 392 1637 446; x_wconf 87' lang='lat' dir='ltr'><strong>ab</strong></span> <span class='ocrx_word' id='word_1_12' title='bbox 1688 389 2029 447; x_wconf 87' lang='lat' dir='ltr'><strong>scientiarum</strong></span> <span class='ocrx_word' id='word_1_13' title='bbox 2063 388 2112 448; x_wconf 80' lang='grc' dir='ltr'><strong>Δ</strong></span> <span class='ocrx_word' id='word_1_14' title='bbox 2138 393 2491 460; x_wconf 90' lang='lat' dir='ltr'><strong>peccantium.</strong></span> <span class='ocrx_word' id='word_1_15' title='bbox 2540 390 2663 448; x_wconf 85' lang='lat' dir='ltr'><strong>[deo</strong></span> <span class='ocrx_word' id='word_1_16' title='bbox 2689 392 2882 463; x_wconf 82' lang='lat' dir='ltr'><strong>quippe</strong></span> <span class='ocrx_word' id='word_1_17' title='bbox 2909 393 2992 449; x_wconf 83' lang='lat' dir='ltr'><strong>lex</strong></span> <span class='ocrx_word' id='word_1_18' title='bbox 3024 395 3154 450; x_wconf 87' lang='lat' dir='ltr'><strong>iram</strong></span> <span class='ocrx_word' id='word_1_19' title='bbox 3185 405 3456 466; x_wconf 87' lang='lat' dir='ltr'><strong>operatur,</strong></span> <span class='ocrx_word' id='word_1_20' title='bbox 3497 412 3553 456; x_wconf 89' lang='lat' dir='ltr'><strong>ut</strong></span> <span class='ocrx_word' id='word_1_21' title='bbox 3598 413 3708 460; x_wconf 86' lang='lat' dir='ltr'><strong>ter-</strong></span> 
     </span>
    </p>
   </div>
   <div class='ocr_carea' id='block_1_5' title="bbox 459 482 2029 560">
    <p class='ocr_par' dir='ltr' id='par_1_5' title="bbox 459 482 2029 560">
     <span class='ocr_line' id='line_1_5' title="bbox 459 482 2029 560; baseline -0.009 -12"><span class='ocrx_word' id='word_1_22' title='bbox 459 495 684 548; x_wconf 69' lang='lat' dir='ltr'><strong>Domino</strong></span> <span class='ocrx_word' id='word_1_23' title='bbox 720 491 1026 560; x_wconf 71' lang='lat' dir='ltr'><strong>jubebatur,</strong></span> <span class='ocrx_word' id='word_1_24' title='bbox 1086 490 1219 544; x_wconf 88' lang='lat' dir='ltr'><strong>sicut</strong></span> <span class='ocrx_word' id='word_1_25' title='bbox 1268 501 1365 541; x_wconf 89' lang='lat' dir='ltr'><strong>nec</strong></span> <span class='ocrx_word' id='word_1_26' title='bbox 1395 484 1734 554; x_wconf 82' lang='lat' dir='ltr'><strong>parricidium</strong></span> <span class='ocrx_word' id='word_1_27' title='bbox 1785 482 2029 551; x_wconf 88' lang='lat' dir='ltr'><strong>impium,</strong></span> 
     </span>
    </p>
   </div>
   <div class='ocr_carea' id='block_1_6' title="bbox 456 576 2035 656">
    <p class='ocr_par' dir='ltr' id='par_1_6' title="bbox 456 576 2035 656">
     <span class='ocr_line' id='line_1_6' title="bbox 456 576 2035 656; baseline -0.008 -17"><span class='ocrx_word' id='word_1_28' title='bbox 456 587 596 656; x_wconf 92' lang='lat' dir='ltr'><strong>quod</strong></span> <span class='ocrx_word' id='word_1_29' title='bbox 628 585 1127 651; x_wconf 58' lang='lat' dir='ltr'><strong>fons-praeceperat</strong></span> <span class='ocrx_word' id='word_1_30' title='bbox 1160 580 1389 647; x_wconf 87' lang='lat' dir='ltr'><strong>pietatis.</strong></span> <span class='ocrx_word' id='word_1_31' title='bbox 1452 577 1796 645; x_wconf 71' lang='lat' dir='ltr'><strong>Signnculum</strong></span> <span class='ocrx_word' id='word_1_32' title='bbox 1816 576 2035 644; x_wconf 68' lang='lat' dir='ltr'><strong>justitiw</strong></span> 
     </span>
    </p>
   </div>
   <div class='ocr_carea' id='block_1_7' title="bbox 457 665 2032 747">
    <p class='ocr_par' dir='ltr' id='par_1_7' title="bbox 457 665 2032 747">
     <span class='ocr_line' id='line_1_7' title="bbox 457 665 2032 747; baseline -0.008 -16"><span class='ocrx_word' id='word_1_33' title='bbox 457 678 598 747; x_wconf 75' lang='lat' dir='ltr'><strong>ﬁdei.</strong></span> <span class='ocrx_word' id='word_1_34' title='bbox 636 677 700 732; x_wconf 90' lang='lat' dir='ltr'><strong>Ut</strong></span> <span class='ocrx_word' id='word_1_35' title='bbox 734 675 1056 743; x_wconf 75' lang='lat' dir='ltr'><strong>signiﬁcaret</strong></span> <span class='ocrx_word' id='word_1_36' title='bbox 1099 671 1356 740; x_wconf 70' lang='lat' dir='ltr'><strong>justitiam</strong></span> <span class='ocrx_word' id='word_1_37' title='bbox 1405 667 1622 731; x_wconf 78' lang='lat' dir='ltr'><strong>Christi,</strong></span> <span class='ocrx_word' id='word_1_38' title='bbox 1656 683 1774 737; x_wconf 67' lang='lat' dir='ltr'><strong>qua:</strong></span> <span class='ocrx_word' id='word_1_39' title='bbox 1815 681 1879 721; x_wconf 67' lang='lat' dir='ltr'><strong>et</strong></span> <span class='ocrx_word' id='word_1_40' title='bbox 1927 665 2032 719; x_wconf 89' lang='lat' dir='ltr'><strong>ﬁde</strong></span> 
     </span>
    </p>
   </div>
   <div class='ocr_carea' id='block_1_8' title="bbox 415 758 2031 837">
    <p class='ocr_par' dir='ltr' id='par_1_8' title="bbox 415 758 2031 837">
     <span class='ocr_line' id='line_1_8' title="bbox 415 758 2031 837; baseline -0.01 -12"><span class='ocrx_word' id='word_1_41' title='bbox 415 792 424 800; x_wconf 71' lang='grc' dir='ltr'><strong><em>ο</em></strong></span> <span class='ocrx_word' id='word_1_42' title='bbox 457 780 560 837; x_wconf 86' lang='lat' dir='ltr'><strong>est,</strong></span> <span class='ocrx_word' id='word_1_43' title='bbox 590 783 707 836; x_wconf 77' lang='lat' dir='ltr'><strong>qua:</strong></span> <span class='ocrx_word' id='word_1_44' title='bbox 736 782 878 821; x_wconf 91' lang='lat' dir='ltr'><strong>nunc</strong></span> <span class='ocrx_word' id='word_1_45' title='bbox 905 775 985 818; x_wconf 90' lang='lat' dir='ltr'><strong>cst</strong></span> <span class='ocrx_word' id='word_1_46' title='bbox 1014 765 1065 817; x_wconf 93' lang='lat' dir='ltr'><strong>in</strong></span> <span class='ocrx_word' id='word_1_47' title='bbox 1118 764 1397 830; x_wconf 79' lang='lat' dir='ltr'><strong>praputio,</strong></span> <span class='ocrx_word' id='word_1_48' title='bbox 1430 760 1545 814; x_wconf 80' lang='lat' dir='ltr'><strong>sive</strong></span> <span class='ocrx_word' id='word_1_49' title='bbox 1593 774 1710 827; x_wconf 66' lang='lat' dir='ltr'><strong>qua:</strong></span> <span class='ocrx_word' id='word_1_50' title='bbox 1734 758 1782 812; x_wconf 90' lang='lat' dir='ltr'><strong>ei</strong></span> <span class='ocrx_word' id='word_1_51' title='bbox 1814 758 1865 811; x_wconf 94' lang='lat' dir='ltr'><strong>in</strong></span> <span class='ocrx_word' id='word_1_52' title='bbox 1893 771 2031 823; x_wconf 64' lang='lat' dir='ltr'><strong>prae-</strong></span> 
     </span>
    </p>
   </div>
   <div class='ocr_carea' id='block_1_9' title="bbox 459 849 2033 930">
    <p class='ocr_par' dir='ltr' id='par_1_9' title="bbox 459 849 2033 930">
     <span class='ocr_line' id='line_1_9' title="bbox 459 849 2033 930; baseline -0.01 -14"><span class='ocrx_word' id='word_1_53' title='bbox 459 862 608 930; x_wconf 88' lang='lat' dir='ltr'><strong>putio</strong></span> <span class='ocrx_word' id='word_1_54' title='bbox 654 869 733 913; x_wconf 86' lang='lat' dir='ltr'><strong>est</strong></span> <span class='ocrx_word' id='word_1_55' title='bbox 762 869 903 911; x_wconf 87' lang='lat' dir='ltr'><strong>nata.</strong></span> <span class='ocrx_word' id='word_1_56' title='bbox 934 856 1058 908; x_wconf 91' lang='lat' dir='ltr'><strong>Item</strong></span> <span class='ocrx_word' id='word_1_57' title='bbox 1088 853 1243 907; x_wconf 91' lang='lat' dir='ltr'><strong>aliter</strong></span> <span class='ocrx_word' id='word_1_58' title='bbox 1280 871 1291 903; x_wconf 89' lang='lat'><strong>:</strong></span> <span class='ocrx_word' id='word_1_59' title='bbox 1328 852 1456 905; x_wconf 89' lang='lat' dir='ltr'><strong>Tam</strong></span> <span class='ocrx_word' id='word_1_60' title='bbox 1489 851 1718 919; x_wconf 78' lang='lat' dir='ltr'><strong>perfecta</strong></span> <span class='ocrx_word' id='word_1_61' title='bbox 1765 849 1862 902; x_wconf 91' lang='lat' dir='ltr'><strong>fuit</strong></span> <span class='ocrx_word' id='word_1_62' title='bbox 1905 849 2033 902; x_wconf 88' lang='lat' dir='ltr'><strong>ﬁdes</strong></span> 
     </span>
    </p>
   </div>
   <div class='ocr_carea' id='block_1_10' title="bbox 458 945 2032 1024">
    <p class='ocr_par' dir='ltr' id='par_1_10' title="bbox 458 945 2032 1024">
     <span class='ocr_line' id='line_1_10' title="bbox 458 945 2032 1024; baseline -0.007 -16"><span class='ocrx_word' id='word_1_63' title='bbox 458 955 635 1024; x_wconf 81' lang='lat' dir='ltr'><strong>cujus,</strong></span> <span class='ocrx_word' id='word_1_64' title='bbox 663 962 720 1008; x_wconf 92' lang='lat' dir='ltr'><strong>ut</strong></span> <span class='ocrx_word' id='word_1_65' title='bbox 758 949 1085 1020; x_wconf 75' lang='lat' dir='ltr'><strong>signaculum</strong></span> <span class='ocrx_word' id='word_1_66' title='bbox 1127 956 1446 1011; x_wconf 78' lang='lat' dir='ltr'><strong>mereretur,</strong></span> <span class='ocrx_word' id='word_1_67' title='bbox 1483 960 1693 1013; x_wconf 77' lang='lat' dir='ltr'><strong>semper</strong></span> <span class='ocrx_word' id='word_1_68' title='bbox 1743 959 1827 998; x_wconf 90' lang='lat' dir='ltr'><strong>res</strong></span> <span class='ocrx_word' id='word_1_69' title='bbox 1877 945 2032 1011; x_wconf 64' lang='lat' dir='ltr'><strong>plena</strong></span> 
     </span>
    </p>
   </div>
   <div class='ocr_carea' id='block_1_11' title="bbox 459 1036 2032 1116">
    <p class='ocr_par' dir='ltr' id='par_1_11' title="bbox 459 1036 2032 1116">
     <span class='ocr_line' id='line_1_11' title="bbox 459 1036 2032 1116; baseline -0.008 -15"><span class='ocrx_word' id='word_1_70' title='bbox 459 1045 696 1116; x_wconf 81' lang='lat' dir='ltr'><strong>signatur</strong></span> <span class='ocrx_word' id='word_1_71' title='bbox 725 1053 777 1096; x_wconf 89' lang='lat' dir='ltr'><strong>et</strong></span> <span class='ocrx_word' id='word_1_72' title='bbox 818 1056 1021 1109; x_wconf 84' lang='lat' dir='ltr'><strong>magna.</strong></span> <span class='ocrx_word' id='word_1_73' title='bbox 1060 1040 1187 1104; x_wconf 73' lang='lat' dir='ltr'><strong>Qua:</strong></span> <span class='ocrx_word' id='word_1_74' title='bbox 1209 1049 1281 1091; x_wconf 82' lang='lat' dir='ltr'><strong>cst</strong></span> <span class='ocrx_word' id='word_1_75' title='bbox 1308 1042 1358 1090; x_wconf 89' lang='lat' dir='ltr'><strong>in</strong></span> <span class='ocrx_word' id='word_1_76' title='bbox 1392 1040 1661 1106; x_wconf 65' lang='lat' dir='ltr'><strong>prazputio.</strong></span> <span class='ocrx_word' id='word_1_77' title='bbox 1698 1036 1845 1089; x_wconf 79' lang='lat' dir='ltr'><strong>Nunc</strong></span> <span class='ocrx_word' id='word_1_78' title='bbox 1870 1037 1922 1089; x_wconf 92' lang='lat' dir='ltr'><strong>in</strong></span> <span class='ocrx_word' id='word_1_79' title='bbox 1951 1036 2032 1090; x_wconf 89' lang='lat' dir='ltr'><strong>his</strong></span> 
     </span>
    </p>
   </div>
   <div class='ocr_carea' id='block_1_12' title="bbox 458 1130 2030 1210">
    <p class='ocr_par' dir='ltr' id='par_1_12' title="bbox 458 1130 2030 1210">
     <span class='ocr_line' id='line_1_12' title="bbox 458 1130 2030 1210; baseline -0.008 -16"><span class='ocrx_word' id='word_1_80' title='bbox 458 1155 576 1210; x_wconf 66' lang='lat' dir='ltr'><strong>quae</strong></span> <span class='ocrx_word' id='word_1_81' title='bbox 608 1154 672 1193; x_wconf 80' lang='lat' dir='ltr'><strong>ex</strong></span> <span class='ocrx_word' id='word_1_82' title='bbox 719 1136 964 1208; x_wconf 77' lang='lat' dir='ltr'><strong>gentibus</strong></span> <span class='ocrx_word' id='word_1_83' title='bbox 996 1133 1239 1188; x_wconf 75' lang='lat' dir='ltr'><strong>credunt.</strong></span> <span class='ocrx_word' id='word_1_84' title='bbox 1277 1130 1342 1186; x_wconf 87' lang='lat' dir='ltr'><strong>Ut</strong></span> <span class='ocrx_word' id='word_1_85' title='bbox 1373 1133 1439 1184; x_wconf 80' lang='lat' dir='ltr'><strong>sit</strong></span> <span class='ocrx_word' id='word_1_86' title='bbox 1488 1139 1630 1198; x_wconf 79' lang='lat' dir='ltr'><strong>pater</strong></span> <span class='ocrx_word' id='word_1_87' title='bbox 1660 1134 1884 1183; x_wconf 85' lang='lat' dir='ltr'><strong>omnium</strong></span> <span class='ocrx_word' id='word_1_88' title='bbox 1921 1147 2030 1182; x_wconf 75' lang='lat' dir='ltr'><strong>cre-</strong></span> 
     </span>
    </p>
   </div>
   <div class='ocr_carea' id='block_1_13' title="bbox 461 1223 2032 1299">
    <p class='ocr_par' dir='ltr' id='par_1_13' title="bbox 461 1223 2032 1299">
     <span class='ocr_line' id='line_1_13' title="bbox 461 1223 2032 1299; baseline -0.004 -16"><span class='ocrx_word' id='word_1_89' title='bbox 461 1232 685 1285; x_wconf 76' lang='lat' dir='ltr'><strong>dentium</strong></span> <span class='ocrx_word' id='word_1_90' title='bbox 714 1244 802 1299; x_wconf 81' lang='lat' dir='ltr'><strong>per</strong></span> <span class='ocrx_word' id='word_1_91' title='bbox 855 1228 1181 1296; x_wconf 66' lang='lat' dir='ltr'><strong>pra’putium.</strong></span> <span class='ocrx_word' id='word_1_92' title='bbox 1219 1225 1284 1279; x_wconf 82' lang='lat' dir='ltr'><strong>Ut</strong></span> <span class='ocrx_word' id='word_1_93' title='bbox 1317 1238 1502 1277; x_wconf 64' lang='lat' dir='ltr'><strong>crimes</strong></span> <span class='ocrx_word' id='word_1_94' title='bbox 1550 1226 1636 1292; x_wconf 86' lang='lat' dir='ltr'><strong>qui</strong></span> <span class='ocrx_word' id='word_1_95' title='bbox 1685 1240 1746 1276; x_wconf 77' lang='lat' dir='ltr'><strong>ex</strong></span> <span class='ocrx_word' id='word_1_96' title='bbox 1789 1223 2032 1290; x_wconf 78' lang='lat' dir='ltr'><strong>gentibus</strong></span> 
     </span>
    </p>
   </div>
   <div class='ocr_carea' id='block_1_14' title="bbox 458 1315 2032 1386">
    <p class='ocr_par' dir='ltr' id='par_1_14' title="bbox 458 1315 2032 1386">
     <span class='ocr_line' id='line_1_14' title="bbox 458 1315 2032 1386; baseline -0.007 -8"><span class='ocrx_word' id='word_1_97' title='bbox 458 1323 704 1386; x_wconf 91' lang='lat' dir='ltr'><strong>credunt,</strong></span> <span class='ocrx_word' id='word_1_98' title='bbox 739 1321 1028 1374; x_wconf 73' lang='lat' dir='ltr'><strong>secundum</strong></span> <span class='ocrx_word' id='word_1_99' title='bbox 1062 1319 1215 1371; x_wconf 51' lang='lat' dir='ltr'><strong>ﬁdem</strong></span> <span class='ocrx_word' id='word_1_100' title='bbox 1246 1318 1336 1370; x_wconf 83' lang='lat' dir='ltr'><strong>lilii</strong></span> <span class='ocrx_word' id='word_1_101' title='bbox 1372 1317 1477 1370; x_wconf 88' lang='lat' dir='ltr'><strong>sint</strong></span> <span class='ocrx_word' id='word_1_102' title='bbox 1529 1315 1753 1369; x_wconf 62' lang='lat' dir='ltr'><strong>Abrahae</strong></span> <span class='ocrx_word' id='word_1_103' title='bbox 1782 1333 1793 1367; x_wconf 95' lang='lat'><strong>:</strong></span> <span class='ocrx_word' id='word_1_104' title='bbox 1826 1316 1948 1367; x_wconf 87' lang='lat' dir='ltr'><strong>dum</strong></span> <span class='ocrx_word' id='word_1_105' title='bbox 1981 1322 2032 1367; x_wconf 89' lang='lat' dir='ltr'><strong>et</strong></span> 
     </span>
    </p>
   </div>
   <div class='ocr_carea' id='block_1_15' title="bbox 461 1405 2033 1480">
    <p class='ocr_par' dir='ltr' id='par_1_15' title="bbox 461 1405 2033 1480">
     <span class='ocr_line' id='line_1_15' title="bbox 461 1405 2033 1480; baseline -0.008 -10"><span class='ocrx_word' id='word_1_106' title='bbox 461 1418 566 1471; x_wconf 91' lang='lat' dir='ltr'><strong>illis</strong></span> <span class='ocrx_word' id='word_1_107' title='bbox 596 1417 710 1470; x_wconf 87' lang='lat' dir='ltr'><strong>sola</strong></span> <span class='ocrx_word' id='word_1_108' title='bbox 750 1416 879 1469; x_wconf 89' lang='lat' dir='ltr'><strong>ﬁdes</strong></span> <span class='ocrx_word' id='word_1_109' title='bbox 911 1413 974 1467; x_wconf 86' lang='lat' dir='ltr'><strong>ad</strong></span> <span class='ocrx_word' id='word_1_110' title='bbox 1023 1412 1282 1480; x_wconf 79' lang='lat' dir='ltr'><strong>justitiam</strong></span> <span class='ocrx_word' id='word_1_111' title='bbox 1315 1415 1610 1474; x_wconf 85' lang='lat' dir='ltr'><strong>reputatur,</strong></span> <span class='ocrx_word' id='word_1_112' title='bbox 1659 1407 1817 1460; x_wconf 84' lang='lat' dir='ltr'><strong>etiam</strong></span> <span class='ocrx_word' id='word_1_113' title='bbox 1848 1416 1901 1460; x_wconf 91' lang='lat' dir='ltr'><strong>et</strong></span> <span class='ocrx_word' id='word_1_114' title='bbox 1932 1405 2033 1474; x_wconf 84' lang='lat' dir='ltr'><strong>ipsi</strong></span> 
     </span>
    </p>
   </div>
   <div class='ocr_carea' id='block_1_16' title="bbox 458 1498 2034 1568">
    <p class='ocr_par' dir='ltr' id='par_1_16' title="bbox 458 1498 2034 1568">
     <span class='ocr_line' id='line_1_16' title="bbox 458 1498 2034 1568; baseline -0.008 -6"><span class='ocrx_word' id='word_1_115' title='bbox 458 1507 760 1564; x_wconf 86' lang='lat' dir='ltr'><strong>circumcisi</strong></span> <span class='ocrx_word' id='word_1_116' title='bbox 796 1522 899 1559; x_wconf 89' lang='lat' dir='ltr'><strong>non</strong></span> <span class='ocrx_word' id='word_1_117' title='bbox 920 1519 1101 1568; x_wconf 87' lang='lat' dir='ltr'><strong>carne,</strong></span> <span class='ocrx_word' id='word_1_118' title='bbox 1134 1502 1226 1556; x_wconf 89' lang='lat' dir='ltr'><strong>sed</strong></span> <span class='ocrx_word' id='word_1_119' title='bbox 1267 1500 1427 1554; x_wconf 86' lang='lat' dir='ltr'><strong>corde</strong></span> <span class='ocrx_word' id='word_1_120' title='bbox 1456 1516 1467 1554; x_wconf 91' lang='lat'><strong>:</strong></span> <span class='ocrx_word' id='word_1_121' title='bbox 1498 1498 1609 1551; x_wconf 86' lang='lat' dir='ltr'><strong>sive</strong></span> <span class='ocrx_word' id='word_1_122' title='bbox 1637 1499 1758 1566; x_wconf 82' lang='lat' dir='ltr'><strong>quia</strong></span> <span class='ocrx_word' id='word_1_123' title='bbox 1785 1506 1910 1553; x_wconf 87' lang='lat' dir='ltr'><strong>ante</strong></span> <span class='ocrx_word' id='word_1_124' title='bbox 1933 1498 2034 1550; x_wconf 92' lang='lat' dir='ltr'><strong>cir-</strong></span> 
     </span>
    </p>
   </div>
   <div class='ocr_carea' id='block_1_17' title="bbox 459 1592 2033 1664">
    <p class='ocr_par' dir='ltr' id='par_1_17' title="bbox 459 1592 2033 1664">
     <span class='ocr_line' id='line_1_17' title="bbox 459 1592 2033 1664; baseline -0.008 -10"><span class='ocrx_word' id='word_1_125' title='bbox 459 1599 842 1654; x_wconf 90' lang='lat' dir='ltr'><strong>cumcisionem</strong></span> <span class='ocrx_word' id='word_1_126' title='bbox 866 1598 1041 1664; x_wconf 84' lang='lat' dir='ltr'><strong>justus</strong></span> <span class='ocrx_word' id='word_1_127' title='bbox 1067 1603 1208 1649; x_wconf 85' lang='lat' dir='ltr'><strong>esset</strong></span> <span class='ocrx_word' id='word_1_128' title='bbox 1232 1593 1667 1661; x_wconf 69' lang='lat' dir='ltr'><strong>prmputiatorum</strong></span> <span class='ocrx_word' id='word_1_129' title='bbox 1693 1600 1842 1659; x_wconf 75' lang='lat' dir='ltr'><strong>pater</strong></span> <span class='ocrx_word' id='word_1_130' title='bbox 1865 1592 2033 1657; x_wconf 85' lang='lat' dir='ltr'><strong>justo-</strong></span> 
     </span>
    </p>
   </div>
   <div class='ocr_carea' id='block_1_18' title="bbox 460 1684 2032 1757">
    <p class='ocr_par' dir='ltr' id='par_1_18' title="bbox 460 1684 2032 1757">
     <span class='ocr_line' id='line_1_18' title="bbox 460 1684 2032 1757; baseline -0.008 -12"><span class='ocrx_word' id='word_1_131' title='bbox 460 1707 601 1746; x_wconf 89' lang='lat' dir='ltr'><strong>rum.</strong></span> <span class='ocrx_word' id='word_1_132' title='bbox 637 1691 704 1744; x_wconf 84' lang='lat' dir='ltr'><strong>Ut</strong></span> <span class='ocrx_word' id='word_1_133' title='bbox 725 1698 985 1757; x_wconf 87' lang='lat' dir='ltr'><strong>reputetur</strong></span> <span class='ocrx_word' id='word_1_134' title='bbox 1006 1698 1053 1741; x_wconf 88' lang='lat' dir='ltr'><strong>et</strong></span> <span class='ocrx_word' id='word_1_135' title='bbox 1081 1687 1186 1740; x_wconf 87' lang='lat' dir='ltr'><strong>illis</strong></span> <span class='ocrx_word' id='word_1_136' title='bbox 1220 1687 1287 1738; x_wconf 88' lang='lat' dir='ltr'><strong>ad</strong></span> <span class='ocrx_word' id='word_1_137' title='bbox 1306 1685 1581 1755; x_wconf 81' lang='lat' dir='ltr'><strong>justitiam,</strong></span> <span class='ocrx_word' id='word_1_138' title='bbox 1607 1694 1651 1737; x_wconf 82' lang='lat' dir='ltr'><strong>et</strong></span> <span class='ocrx_word' id='word_1_139' title='bbox 1677 1684 1740 1736; x_wconf 88' lang='lat' dir='ltr'><strong>sit</strong></span> <span class='ocrx_word' id='word_1_140' title='bbox 1767 1697 1906 1748; x_wconf 84' lang='lat' dir='ltr'><strong>pater</strong></span> <span class='ocrx_word' id='word_1_141' title='bbox 1929 1685 2032 1734; x_wconf 89' lang='lat' dir='ltr'><strong>cir-</strong></span> 
     </span>
    </p>
   </div>
   <div class='ocr_carea' id='block_1_19' title="bbox 2140 483 3710 563">
    <p class='ocr_par' dir='ltr' id='par_1_19' title="bbox 2140 483 3710 563">
     <span class='ocr_line' id='line_1_19' title="bbox 2140 483 3710 563; baseline 0.012 -27"><span class='ocrx_word' id='word_1_142' title='bbox 2140 483 2239 536; x_wconf 90' lang='lat' dir='ltr'><strong>rito</strong></span> <span class='ocrx_word' id='word_1_143' title='bbox 2264 493 2419 552; x_wconf 88' lang='lat' dir='ltr'><strong>atque</strong></span> <span class='ocrx_word' id='word_1_144' title='bbox 2449 500 2708 540; x_wconf 85' lang='lat' dir='ltr'><strong>converso</strong></span> <span class='ocrx_word' id='word_1_145' title='bbox 2736 487 2798 540; x_wconf 87' lang='lat' dir='ltr'><strong>ad</strong></span> <span class='ocrx_word' id='word_1_146' title='bbox 2823 487 3085 556; x_wconf 87' lang='lat' dir='ltr'><strong>justitiam</strong></span> <span class='ocrx_word' id='word_1_147' title='bbox 3117 491 3245 560; x_wconf 89' lang='lat' dir='ltr'><strong>legis</strong></span> <span class='ocrx_word' id='word_1_148' title='bbox 3268 493 3592 563; x_wconf 88' lang='lat' dir='ltr'><strong>implendam</strong></span> <span class='ocrx_word' id='word_1_149' title='bbox 3623 498 3710 555; x_wconf 68' lang='lat' dir='ltr'><strong>Dei</strong></span> 
     </span>
    </p>
   </div>
   <div class='ocr_carea' id='block_1_20' title="bbox 2138 575 3708 651">
    <p class='ocr_par' dir='ltr' id='par_1_20' title="bbox 2138 575 3708 651">
     <span class='ocr_line' id='line_1_20' title="bbox 2138 575 3708 651; baseline 0.014 -26"><span class='ocrx_word' id='word_1_150' title='bbox 2138 575 2495 628; x_wconf 75' lang='lat' dir='ltr'><strong>misericordia</strong></span> <span class='ocrx_word' id='word_1_151' title='bbox 2544 579 2766 647; x_wconf 75' lang='lat' dir='ltr'><strong>gratiam</strong></span> <span class='ocrx_word' id='word_1_152' title='bbox 2817 581 3069 650; x_wconf 76' lang='lat' dir='ltr'><strong>largiatur</strong></span> <span class='ocrx_word' id='word_1_153' title='bbox 3108 599 3199 651; x_wconf 89' lang='lat' dir='ltr'><strong>per</strong></span> <span class='ocrx_word' id='word_1_154' title='bbox 3225 584 3404 640; x_wconf 89' lang='lat' dir='ltr'><strong>.lesum</strong></span> <span class='ocrx_word' id='word_1_155' title='bbox 3436 587 3708 647; x_wconf 73' lang='lat' dir='ltr'><strong>ChriStum</strong></span> 
     </span>
    </p>
   </div>
   <div class='ocr_carea' id='block_1_21' title="bbox 2140 664 3707 753">
    <p class='ocr_par' dir='ltr' id='par_1_21' title="bbox 2140 664 3707 753">
     <span class='ocr_line' id='line_1_21' title="bbox 2140 664 3707 753; baseline 0.011 -33"><span class='ocrx_word' id='word_1_156' title='bbox 2140 664 2419 720; x_wconf 84' lang='lat' dir='ltr'><strong>Dmuinum</strong></span> <span class='ocrx_word' id='word_1_157' title='bbox 2464 677 2726 736; x_wconf 90' lang='lat' dir='ltr'><strong>nostrum,</strong></span> <span class='ocrx_word' id='word_1_158' title='bbox 2771 673 2856 740; x_wconf 90' lang='lat' dir='ltr'><strong>qui</strong></span> <span class='ocrx_word' id='word_1_159' title='bbox 2907 682 2986 726; x_wconf 84' lang='lat' dir='ltr'><strong>est</strong></span> <span class='ocrx_word' id='word_1_160' title='bbox 3037 674 3129 728; x_wconf 89' lang='lat' dir='ltr'><strong>Dei</strong></span> <span class='ocrx_word' id='word_1_161' title='bbox 3175 678 3460 744; x_wconf 83' lang='lat' dir='ltr'><strong>sapientia;</strong></span> <span class='ocrx_word' id='word_1_162' title='bbox 3507 681 3574 735; x_wconf 91' lang='lat' dir='ltr'><strong>de</strong></span> <span class='ocrx_word' id='word_1_163' title='bbox 3604 699 3707 753; x_wconf 88' lang='lat' dir='ltr'><strong>quo</strong></span> 
     </span>
    </p>
   </div>
   <div class='ocr_carea' id='block_1_22' title="bbox 2139 758 3705 844">
    <p class='ocr_par' dir='ltr' id='par_1_22' title="bbox 2139 758 3705 844">
     <span class='ocr_line' id='line_1_22' title="bbox 2139 758 3705 844; baseline 0.013 -34"><span class='ocrx_word' id='word_1_164' title='bbox 2139 758 2392 827; x_wconf 86' lang='lat' dir='ltr'><strong>scriptum</strong></span> <span class='ocrx_word' id='word_1_165' title='bbox 2421 770 2500 814; x_wconf 91' lang='lat' dir='ltr'><strong>est</strong></span> <span class='ocrx_word' id='word_1_166' title='bbox 2525 776 2540 814; x_wconf 72' lang='grc' dir='ltr'><strong>ι</strong></span> <span class='ocrx_word' id='word_1_167' title='bbox 2565 762 2755 831; x_wconf 80' lang='lat' dir='ltr'><strong>Legem</strong></span> <span class='ocrx_word' id='word_1_168' title='bbox 2781 772 2833 817; x_wconf 92' lang='lat' dir='ltr'><strong>et</strong></span> <span class='ocrx_word' id='word_1_169' title='bbox 2857 765 3274 822; x_wconf 86' lang='lat' dir='ltr'><strong>misericordiam</strong></span> <span class='ocrx_word' id='word_1_170' title='bbox 3305 771 3356 825; x_wconf 90' lang='lat' dir='ltr'><strong>in</strong></span> <span class='ocrx_word' id='word_1_171' title='bbox 3384 773 3558 843; x_wconf 80' lang='lat' dir='ltr'><strong>lingua</strong></span> <span class='ocrx_word' id='word_1_172' title='bbox 3581 791 3705 844; x_wconf 86' lang='lat' dir='ltr'><strong>por-</strong></span> 
     </span>
    </p>
   </div>
   <div class='ocr_carea' id='block_1_23' title="bbox 2139 851 3706 934">
    <p class='ocr_par' dir='ltr' id='par_1_23' title="bbox 2139 851 3706 934">
     <span class='ocr_line' id='line_1_23' title="bbox 2139 851 3706 934; baseline 0.013 -33"><span class='ocrx_word' id='word_1_173' title='bbox 2139 858 2230 903; x_wconf 68' lang='lat' dir='ltr'><strong>tat.</strong></span> <span class='ocrx_word' id='word_1_174' title='bbox 2268 851 2482 919; x_wconf 64' lang='lat' dir='ltr'><strong>Legem,</strong></span> <span class='ocrx_word' id='word_1_175' title='bbox 2518 869 2635 922; x_wconf 69' lang='lat' dir='ltr'><strong>qua:</strong></span> <span class='ocrx_word' id='word_1_176' title='bbox 2663 865 2879 920; x_wconf 78' lang='lat' dir='ltr'><strong>terreat,</strong></span> <span class='ocrx_word' id='word_1_177' title='bbox 2912 858 3352 930; x_wconf 76' lang='lat' dir='ltr'><strong>misericordiam,</strong></span> <span class='ocrx_word' id='word_1_178' title='bbox 3383 880 3483 934; x_wconf 88' lang='lat' dir='ltr'><strong>qua</strong></span> <span class='ocrx_word' id='word_1_179' title='bbox 3511 868 3706 922; x_wconf 81' lang='lat' dir='ltr'><strong>subve-</strong></span> 
     </span>
    </p>
   </div>
   <div class='ocr_carea' id='block_1_24' title="bbox 2139 943 3706 1024">
    <p class='ocr_par' dir='ltr' id='par_1_24' title="bbox 2139 943 3706 1024">
     <span class='ocr_line' id='line_1_24' title="bbox 2139 943 3706 1024; baseline 0.011 -30"><span class='ocrx_word' id='word_1_180' title='bbox 2139 946 2267 995; x_wconf 88' lang='lat' dir='ltr'><strong>niat.</strong></span> <span class='ocrx_word' id='word_1_181' title='bbox 2300 943 2547 1012; x_wconf 87' lang='lat' dir='ltr'><strong>Coguitio</strong></span> <span class='ocrx_word' id='word_1_182' title='bbox 2573 945 2749 1013; x_wconf 84' lang='lat' dir='ltr'><strong>itaque</strong></span> <span class='ocrx_word' id='word_1_183' title='bbox 2773 949 2902 1014; x_wconf 86' lang='lat' dir='ltr'><strong>legis</strong></span> <span class='ocrx_word' id='word_1_184' title='bbox 2926 949 3053 1004; x_wconf 89' lang='lat' dir='ltr'><strong>facit</strong></span> <span class='ocrx_word' id='word_1_185' title='bbox 3074 953 3364 1018; x_wconf 85' lang='lat' dir='ltr'><strong>superbum</strong></span> <span class='ocrx_word' id='word_1_186' title='bbox 3390 959 3706 1024; x_wconf 70' lang='lat' dir='ltr'><strong>prrevarica-</strong></span> 
     </span>
    </p>
   </div>
   <div class='ocr_carea' id='block_1_25' title="bbox 2141 1036 3710 1120">
    <p class='ocr_par' dir='ltr' id='par_1_25' title="bbox 2141 1036 3710 1120">
     <span class='ocr_line' id='line_1_25' title="bbox 2141 1036 3710 1120; baseline 0.013 -36"><span class='ocrx_word' id='word_1_187' title='bbox 2141 1040 2308 1085; x_wconf 90' lang='lat' dir='ltr'><strong>torem</strong></span> <span class='ocrx_word' id='word_1_188' title='bbox 2346 1051 2360 1089; x_wconf 91' lang='lat'><strong>:</strong></span> <span class='ocrx_word' id='word_1_189' title='bbox 2395 1050 2488 1101; x_wconf 85' lang='lat' dir='ltr'><strong>per</strong></span> <span class='ocrx_word' id='word_1_190' title='bbox 2531 1036 2726 1090; x_wconf 90' lang='lat' dir='ltr'><strong>donum</strong></span> <span class='ocrx_word' id='word_1_191' title='bbox 2777 1050 2952 1094; x_wconf 88' lang='lat' dir='ltr'><strong>autem</strong></span> <span class='ocrx_word' id='word_1_192' title='bbox 3005 1042 3276 1097; x_wconf 78' lang='lat' dir='ltr'><strong>charitatis</strong></span> <span class='ocrx_word' id='word_1_193' title='bbox 3307 1046 3537 1102; x_wconf 68' lang='lat' dir='ltr'><strong>delectat</strong></span> <span class='ocrx_word' id='word_1_194' title='bbox 3581 1049 3710 1120; x_wconf 81' lang='lat' dir='ltr'><strong>legis</strong></span> 
     </span>
    </p>
   </div>
   <div class='ocr_carea' id='block_1_26' title="bbox 2139 1124 3706 1206">
    <p class='ocr_par' dir='ltr' id='par_1_26' title="bbox 2139 1124 3706 1206">
     <span class='ocr_line' id='line_1_26' title="bbox 2139 1124 3706 1206; baseline 0.01 -29"><span class='ocrx_word' id='word_1_195' title='bbox 2139 1139 2258 1180; x_wconf 82' lang='lat' dir='ltr'><strong>esse</strong></span> <span class='ocrx_word' id='word_1_196' title='bbox 2291 1124 2565 1182; x_wconf 88' lang='lat' dir='ltr'><strong>factorem.</strong></span> <span class='ocrx_word' id='word_1_197' title='bbox 2599 1129 2726 1195; x_wconf 71' lang='lat' dir='ltr'><strong>Lex,</strong></span> <span class='ocrx_word' id='word_1_198' title='bbox 2755 1131 2942 1201; x_wconf 83' lang='lat' dir='ltr'><strong>inquit,</strong></span> <span class='ocrx_word' id='word_1_199' title='bbox 2977 1131 3108 1187; x_wconf 86' lang='lat' dir='ltr'><strong>iram</strong></span> <span class='ocrx_word' id='word_1_200' title='bbox 3135 1146 3405 1206; x_wconf 84' lang='lat' dir='ltr'><strong>operatur,</strong></span> <span class='ocrx_word' id='word_1_201' title='bbox 3436 1139 3539 1192; x_wconf 90' lang='lat' dir='ltr'><strong>hoc</strong></span> <span class='ocrx_word' id='word_1_202' title='bbox 3570 1141 3706 1206; x_wconf 88' lang='lat' dir='ltr'><strong>ideo,</strong></span> 
     </span>
    </p>
   </div>
   <div class='ocr_carea' id='block_1_27' title="bbox 2138 1218 3709 1302">
    <p class='ocr_par' dir='ltr' id='par_1_27' title="bbox 2138 1218 3709 1302">
     <span class='ocr_line' id='line_1_27' title="bbox 2138 1218 3709 1302; baseline 0.012 -32"><span class='ocrx_word' id='word_1_203' title='bbox 2138 1219 2259 1286; x_wconf 93' lang='lat' dir='ltr'><strong>quia</strong></span> <span class='ocrx_word' id='word_1_204' title='bbox 2293 1219 2370 1272; x_wconf 88' lang='lat' dir='ltr'><strong>ira</strong></span> <span class='ocrx_word' id='word_1_205' title='bbox 2418 1218 2508 1273; x_wconf 88' lang='lat' dir='ltr'><strong>Dei</strong></span> <span class='ocrx_word' id='word_1_206' title='bbox 2541 1222 2712 1291; x_wconf 90' lang='lat' dir='ltr'><strong>major</strong></span> <span class='ocrx_word' id='word_1_207' title='bbox 2765 1233 2846 1279; x_wconf 87' lang='lat' dir='ltr'><strong>est</strong></span> <span class='ocrx_word' id='word_1_208' title='bbox 2884 1226 2936 1279; x_wconf 92' lang='lat' dir='ltr'><strong>in</strong></span> <span class='ocrx_word' id='word_1_209' title='bbox 2967 1227 3450 1296; x_wconf 67' lang='lat' dir='ltr'><strong>praevaricatorem,</strong></span> <span class='ocrx_word' id='word_1_210' title='bbox 3501 1234 3590 1300; x_wconf 91' lang='lat' dir='ltr'><strong>qui</strong></span> <span class='ocrx_word' id='word_1_211' title='bbox 3621 1248 3709 1302; x_wconf 85' lang='lat' dir='ltr'><strong>per</strong></span> 
     </span>
    </p>
   </div>
   <div class='ocr_carea' id='block_1_28' title="bbox 2139 1307 3710 1382">
    <p class='ocr_par' dir='ltr' id='par_1_28' title="bbox 2139 1307 3710 1382">
     <span class='ocr_line' id='line_1_28' title="bbox 2139 1307 3710 1382; baseline 0.01 -21"><span class='ocrx_word' id='word_1_212' title='bbox 2139 1307 2308 1376; x_wconf 81' lang='lat' dir='ltr'><strong>legem</strong></span> <span class='ocrx_word' id='word_1_213' title='bbox 2338 1313 2610 1378; x_wconf 89' lang='lat' dir='ltr'><strong>cognoscit</strong></span> <span class='ocrx_word' id='word_1_214' title='bbox 2657 1323 2930 1382; x_wconf 88' lang='lat' dir='ltr'><strong>peccatum</strong></span> <span class='ocrx_word' id='word_1_215' title='bbox 2963 1326 3015 1370; x_wconf 91' lang='lat' dir='ltr'><strong>et</strong></span> <span class='ocrx_word' id='word_1_216' title='bbox 3045 1327 3220 1373; x_wconf 88' lang='lat' dir='ltr'><strong>tamen</strong></span> <span class='ocrx_word' id='word_1_217' title='bbox 3262 1320 3402 1375; x_wconf 91' lang='lat' dir='ltr'><strong>facit.</strong></span> <span class='ocrx_word' id='word_1_218' title='bbox 3441 1322 3539 1376; x_wconf 80' lang='lat' dir='ltr'><strong>Ubi</strong></span> <span class='ocrx_word' id='word_1_219' title='bbox 3577 1327 3710 1378; x_wconf 85' lang='lat' dir='ltr'><strong>enim</strong></span> 
     </span>
    </p>
   </div>
   <div class='ocr_carea' id='block_1_29' title="bbox 2139 1403 3711 1486">
    <p class='ocr_par' dir='ltr' id='par_1_29' title="bbox 2139 1403 3711 1486">
     <span class='ocr_line' id='line_1_29' title="bbox 2139 1403 3711 1486; baseline 0.013 -35"><span class='ocrx_word' id='word_1_220' title='bbox 2139 1416 2239 1453; x_wconf 87' lang='lat' dir='ltr'><strong>non</strong></span> <span class='ocrx_word' id='word_1_221' title='bbox 2265 1412 2336 1455; x_wconf 82' lang='lat' dir='ltr'><strong>est</strong></span> <span class='ocrx_word' id='word_1_222' title='bbox 2363 1403 2466 1467; x_wconf 73' lang='lat' dir='ltr'><strong>leas,</strong></span> <span class='ocrx_word' id='word_1_223' title='bbox 2494 1421 2583 1458; x_wconf 87' lang='lat' dir='ltr'><strong>nec</strong></span> <span class='ocrx_word' id='word_1_224' title='bbox 2613 1410 2986 1474; x_wconf 74' lang='lat' dir='ltr'><strong>prwvuricatio.</strong></span> <span class='ocrx_word' id='word_1_225' title='bbox 3018 1410 3145 1478; x_wconf 87' lang='lat' dir='ltr'><strong>Quae</strong></span> <span class='ocrx_word' id='word_1_226' title='bbox 3166 1424 3380 1484; x_wconf 90' lang='lat' dir='ltr'><strong>propter</strong></span> <span class='ocrx_word' id='word_1_227' title='bbox 3407 1423 3711 1486; x_wconf 83' lang='lat' dir='ltr'><strong>transgres-</strong></span> 
     </span>
    </p>
   </div>
   <div class='ocr_carea' id='block_1_30' title="bbox 2138 1492 3709 1580">
    <p class='ocr_par' dir='ltr' id='par_1_30' title="bbox 2138 1492 3709 1580">
     <span class='ocr_line' id='line_1_30' title="bbox 2138 1492 3709 1580; baseline 0.011 -32"><span class='ocrx_word' id='word_1_228' title='bbox 2138 1492 2341 1548; x_wconf 91' lang='lat' dir='ltr'><strong>sionem</strong></span> <span class='ocrx_word' id='word_1_229' title='bbox 2375 1497 2542 1564; x_wconf 88' lang='lat' dir='ltr'><strong>posita</strong></span> <span class='ocrx_word' id='word_1_230' title='bbox 2575 1509 2690 1553; x_wconf 90' lang='lat' dir='ltr'><strong>est:</strong></span> <span class='ocrx_word' id='word_1_231' title='bbox 2726 1501 2813 1554; x_wconf 89' lang='lat' dir='ltr'><strong>ubi</strong></span> <span class='ocrx_word' id='word_1_232' title='bbox 2847 1503 2985 1557; x_wconf 90' lang='lat' dir='ltr'><strong>enim</strong></span> <span class='ocrx_word' id='word_1_233' title='bbox 3009 1507 3148 1559; x_wconf 89' lang='lat' dir='ltr'><strong>venit</strong></span> <span class='ocrx_word' id='word_1_234' title='bbox 3170 1521 3234 1561; x_wconf 84' lang='lat' dir='ltr'><strong>ex</strong></span> <span class='ocrx_word' id='word_1_235' title='bbox 3265 1508 3379 1578; x_wconf 84' lang='lat' dir='ltr'><strong>lege</strong></span> <span class='ocrx_word' id='word_1_236' title='bbox 3403 1513 3709 1580; x_wconf 69' lang='lat' dir='ltr'><strong>prteceptio,</strong></span> 
     </span>
    </p>
   </div>
   <div class='ocr_carea' id='block_1_31' title="bbox 2141 1585 3707 1672">
    <p class='ocr_par' dir='ltr' id='par_1_31' title="bbox 2141 1585 3707 1672">
     <span class='ocr_line' id='line_1_31' title="bbox 2141 1585 3707 1672; baseline 0.013 -35"><span class='ocrx_word' id='word_1_237' title='bbox 2141 1585 2427 1641; x_wconf 86' lang='lat' dir='ltr'><strong>abundavit</strong></span> <span class='ocrx_word' id='word_1_238' title='bbox 2477 1597 2530 1644; x_wconf 92' lang='lat' dir='ltr'><strong>et</strong></span> <span class='ocrx_word' id='word_1_239' title='bbox 2585 1593 3038 1660; x_wconf 71' lang='lat' dir='ltr'><strong>prrevarieationis</strong></span> <span class='ocrx_word' id='word_1_240' title='bbox 3067 1598 3297 1653; x_wconf 86' lang='lat' dir='ltr'><strong>occasio.</strong></span> <span class='ocrx_word' id='word_1_241' title='bbox 3331 1598 3458 1654; x_wconf 81' lang='lat' dir='ltr'><strong>Ideo</strong></span> <span class='ocrx_word' id='word_1_242' title='bbox 3497 1619 3561 1656; x_wconf 72' lang='lat' dir='ltr'><strong>ex</strong></span> <span class='ocrx_word' id='word_1_243' title='bbox 3591 1605 3707 1672; x_wconf 76' lang='lat' dir='ltr'><strong>ﬁde.</strong></span> 
     </span>
    </p>
   </div>
   <div class='ocr_carea' id='block_1_32' title="bbox 2143 1679 3708 1764">
    <p class='ocr_par' dir='ltr' id='par_1_32' title="bbox 2143 1679 3708 1764">
     <span class='ocr_line' id='line_1_32' title="bbox 2143 1679 3708 1764; baseline 0.012 -31"><span class='ocrx_word' id='word_1_244' title='bbox 2143 1679 2392 1735; x_wconf 69' lang='lat' dir='ltr'><strong>[heredes</strong></span> <span class='ocrx_word' id='word_1_245' title='bbox 2412 1698 2475 1735; x_wconf 82' lang='lat' dir='ltr'><strong>ex</strong></span> <span class='ocrx_word' id='word_1_246' title='bbox 2500 1682 2624 1750; x_wconf 88' lang='lat' dir='ltr'><strong>ﬁde,</strong></span> <span class='ocrx_word' id='word_1_247' title='bbox 2655 1701 2760 1740; x_wconf 90' lang='lat' dir='ltr'><strong>non</strong></span> <span class='ocrx_word' id='word_1_248' title='bbox 2781 1702 2843 1741; x_wconf 80' lang='lat' dir='ltr'><strong>ex</strong></span> <span class='ocrx_word' id='word_1_249' title='bbox 2878 1687 3013 1757; x_wconf 87' lang='lat' dir='ltr'><strong>lege.</strong></span> <span class='ocrx_word' id='word_1_250' title='bbox 3051 1689 3117 1744; x_wconf 91' lang='lat' dir='ltr'><strong>Ut</strong></span> <span class='ocrx_word' id='word_1_251' title='bbox 3150 1695 3431 1747; x_wconf 86' lang='lat' dir='ltr'><strong>secundum</strong></span> <span class='ocrx_word' id='word_1_252' title='bbox 3469 1698 3708 1764; x_wconf 82' lang='lat' dir='ltr'><strong>gratiam.</strong></span> 
     </span>
    </p>
   </div>
   <div class='ocr_carea' id='block_1_33' title="bbox 459 1768 3712 1854">
    <p class='ocr_par' dir='ltr' id='par_1_33' title="bbox 459 1768 3712 1854">
     <span class='ocr_line' id='line_1_33' title="bbox 459 1768 3712 1854; baseline 0.001 -17"><span class='ocrx_word' id='word_1_253' title='bbox 459 1781 804 1838; x_wconf 83' lang='lat' dir='ltr'><strong>cumcisionis.</strong></span> <span class='ocrx_word' id='word_1_254' title='bbox 836 1779 1257 1848; x_wconf 75' lang='lat' dir='ltr'><strong>Cumjustiﬁcati</strong></span> <span class='ocrx_word' id='word_1_255' title='bbox 1284 1777 1499 1841; x_wconf 81' lang='lat' dir='ltr'><strong>fuerint,</strong></span> <span class='ocrx_word' id='word_1_256' title='bbox 1537 1777 1838 1830; x_wconf 87' lang='lat' dir='ltr'><strong>circumcisi</strong></span> <span class='ocrx_word' id='word_1_257' title='bbox 1861 1784 1986 1830; x_wconf 88' lang='lat' dir='ltr'><strong>sunt</strong></span> <span class='ocrx_word' id='word_1_258' title='bbox 2015 1794 2029 1830; x_wconf 85' lang='lat'>:</span> <span class='ocrx_word' id='word_1_259' title='bbox 2065 1768 2113 1828; x_wconf 89' lang='grc' dir='ltr'><strong>Β</strong></span> <span class='ocrx_word' id='word_1_260' title='bbox 2142 1771 2431 1840; x_wconf 76' lang='lat' dir='ltr'><strong>Diligenter</strong></span> <span class='ocrx_word' id='word_1_261' title='bbox 2463 1775 2704 1842; x_wconf 77' lang='lat' dir='ltr'><strong>adverte,</strong></span> <span class='ocrx_word' id='word_1_262' title='bbox 2734 1779 2855 1847; x_wconf 87' lang='lat' dir='ltr'><strong>quia</strong></span> <span class='ocrx_word' id='word_1_263' title='bbox 2889 1783 3177 1836; x_wconf 89' lang='lat' dir='ltr'><strong>secundum</strong></span> <span class='ocrx_word' id='word_1_264' title='bbox 3205 1784 3429 1854; x_wconf 81' lang='lat' dir='ltr'><strong>gratiam</strong></span> <span class='ocrx_word' id='word_1_265' title='bbox 3460 1787 3612 1854; x_wconf 76' lang='lat' dir='ltr'><strong>dixit,</strong></span> <span class='ocrx_word' id='word_1_266' title='bbox 3662 1798 3712 1843; x_wconf 86' lang='lat' dir='ltr'><strong>ut</strong></span> 
     </span>
    </p>
   </div>
   <div class='ocr_carea' id='block_1_34' title="bbox 463 1867 2037 1945">
    <p class='ocr_par' dir='ltr' id='par_1_34' title="bbox 463 1867 2037 1945">
     <span class='ocr_line' id='line_1_34' title="bbox 463 1867 2037 1945; baseline -0.005 -15"><span class='ocrx_word' id='word_1_267' title='bbox 463 1876 582 1945; x_wconf 88' lang='lat' dir='ltr'><strong>quia</strong></span> <span class='ocrx_word' id='word_1_268' title='bbox 609 1872 953 1944; x_wconf 72' lang='lat' dir='ltr'><strong>praeputiatus</strong></span> <span class='ocrx_word' id='word_1_269' title='bbox 982 1871 1212 1940; x_wconf 89' lang='lat' dir='ltr'><strong>sijustus</strong></span> <span class='ocrx_word' id='word_1_270' title='bbox 1237 1878 1340 1933; x_wconf 80' lang='lat' dir='ltr'><strong>est,</strong></span> <span class='ocrx_word' id='word_1_271' title='bbox 1364 1869 1682 1938; x_wconf 68' lang='lat' dir='ltr'><strong>prmputium</strong></span> <span class='ocrx_word' id='word_1_272' title='bbox 1710 1867 1824 1937; x_wconf 90' lang='lat' dir='ltr'><strong>ejus</strong></span> <span class='ocrx_word' id='word_1_273' title='bbox 1855 1869 1910 1922; x_wconf 91' lang='lat' dir='ltr'><strong>in</strong></span> <span class='ocrx_word' id='word_1_274' title='bbox 1933 1870 2037 1922; x_wconf 92' lang='lat' dir='ltr'><strong>cir-</strong></span> 
     </span>
    </p>
   </div>
   <div class='ocr_carea' id='block_1_35' title="bbox 462 1960 2037 2033">
    <p class='ocr_par' dir='ltr' id='par_1_35' title="bbox 462 1960 2037 2033">
     <span class='ocr_line' id='line_1_35' title="bbox 462 1960 2037 2033; baseline -0.006 -9"><span class='ocrx_word' id='word_1_275' title='bbox 462 1967 789 2026; x_wconf 90' lang='lat' dir='ltr'><strong>cumcisione</strong></span> <span class='ocrx_word' id='word_1_276' title='bbox 837 1963 1191 2033; x_wconf 85' lang='lat' dir='ltr'><strong>reputabitur.</strong></span> <span class='ocrx_word' id='word_1_277' title='bbox 1235 1961 1389 2015; x_wconf 83' lang='lat' dir='ltr'><strong>Modo</strong></span> <span class='ocrx_word' id='word_1_278' title='bbox 1424 1962 1566 2015; x_wconf 91' lang='lat' dir='ltr'><strong>enim</strong></span> <span class='ocrx_word' id='word_1_279' title='bbox 1616 1960 1768 2031; x_wconf 79' lang='lat' dir='ltr'><strong>signo</strong></span> <span class='ocrx_word' id='word_1_280' title='bbox 1798 1976 1904 2015; x_wconf 92' lang='lat' dir='ltr'><strong>non</strong></span> <span class='ocrx_word' id='word_1_281' title='bbox 1955 1972 2037 2015; x_wconf 88' lang='lat' dir='ltr'><strong>est</strong></span> 
     </span>
    </p>
   </div>
   <div class='ocr_carea' id='block_1_36' title="bbox 463 2055 2035 2130">
    <p class='ocr_par' dir='ltr' id='par_1_36' title="bbox 463 2055 2035 2130">
     <span class='ocr_line' id='line_1_36' title="bbox 463 2055 2035 2130; baseline -0.003 -17"><span class='ocrx_word' id='word_1_282' title='bbox 463 2076 616 2130; x_wconf 88' lang='lat' dir='ltr'><strong>opus,</strong></span> <span class='ocrx_word' id='word_1_283' title='bbox 638 2074 733 2128; x_wconf 90' lang='lat' dir='ltr'><strong>per</strong></span> <span class='ocrx_word' id='word_1_284' title='bbox 761 2057 902 2126; x_wconf 87' lang='lat' dir='ltr'><strong>quod</strong></span> <span class='ocrx_word' id='word_1_285' title='bbox 930 2058 995 2110; x_wconf 87' lang='lat' dir='ltr'><strong>ab</strong></span> <span class='ocrx_word' id='word_1_286' title='bbox 1018 2055 1322 2109; x_wconf 73' lang='lat' dir='ltr'><strong>hominibus</strong></span> <span class='ocrx_word' id='word_1_287' title='bbox 1351 2066 1726 2125; x_wconf 68' lang='lat' dir='ltr'><strong>cognoscatur.</strong></span> <span class='ocrx_word' id='word_1_288' title='bbox 1757 2055 1871 2108; x_wconf 82' lang='lat' dir='ltr'><strong>Non</strong></span> <span class='ocrx_word' id='word_1_289' title='bbox 1895 2056 2035 2109; x_wconf 86' lang='lat' dir='ltr'><strong>enim</strong></span> 
     </span>
    </p>
   </div>
   <div class='ocr_carea' id='block_1_37' title="bbox 462 2146 2035 2220">
    <p class='ocr_par' dir='ltr' id='par_1_37' title="bbox 462 2146 2035 2220">
     <span class='ocr_line' id='line_1_37' title="bbox 462 2146 2035 2220; baseline -0.003 -14"><span class='ocrx_word' id='word_1_290' title='bbox 462 2167 562 2206; x_wconf 90' lang='lat' dir='ltr'><strong>una</strong></span> <span class='ocrx_word' id='word_1_291' title='bbox 595 2165 722 2220; x_wconf 88' lang='lat' dir='ltr'><strong>gens</strong></span> <span class='ocrx_word' id='word_1_292' title='bbox 754 2160 835 2203; x_wconf 88' lang='lat' dir='ltr'><strong>est</strong></span> <span class='ocrx_word' id='word_1_293' title='bbox 869 2147 982 2211; x_wconf 91' lang='lat' dir='ltr'><strong>Dei,</strong></span> <span class='ocrx_word' id='word_1_294' title='bbox 1009 2147 1102 2200; x_wconf 90' lang='lat' dir='ltr'><strong>sed</strong></span> <span class='ocrx_word' id='word_1_295' title='bbox 1129 2163 1194 2200; x_wconf 85' lang='lat' dir='ltr'><strong>ex</strong></span> <span class='ocrx_word' id='word_1_296' title='bbox 1215 2146 1462 2200; x_wconf 91' lang='lat' dir='ltr'><strong>omnibus</strong></span> <span class='ocrx_word' id='word_1_297' title='bbox 1494 2148 1843 2215; x_wconf 79' lang='lat' dir='ltr'><strong>congregatio</strong></span> <span class='ocrx_word' id='word_1_298' title='bbox 1870 2166 1880 2199; x_wconf 87' lang='lat'><strong><em>:</em></strong></span> <span class='ocrx_word' id='word_1_299' title='bbox 1913 2148 2035 2216; x_wconf 87' lang='lat' dir='ltr'><strong>quia</strong></span> 
     </span>
    </p>
   </div>
   <div class='ocr_carea' id='block_1_38' title="bbox 457 2237 2034 2318">
    <p class='ocr_par' dir='ltr' id='par_1_38' title="bbox 457 2237 2034 2318">
     <span class='ocr_line' id='line_1_38' title="bbox 457 2237 2034 2318; baseline -0.004 -19"><span class='ocrx_word' id='word_1_300' title='bbox 457 2247 566 2318; x_wconf 89' lang='lat' dir='ltr'><strong>jam</strong></span> <span class='ocrx_word' id='word_1_301' title='bbox 615 2243 761 2297; x_wconf 83' lang='lat' dir='ltr'><strong>venit</strong></span> <span class='ocrx_word' id='word_1_302' title='bbox 813 2241 1140 2311; x_wconf 75' lang='lat' dir='ltr'><strong>exspectatio</strong></span> <span class='ocrx_word' id='word_1_303' title='bbox 1184 2241 1418 2309; x_wconf 88' lang='lat' dir='ltr'><strong>gentium</strong></span> <span class='ocrx_word' id='word_1_304' title='bbox 1467 2237 1739 2294; x_wconf 89' lang='lat' dir='ltr'><strong>Christus.</strong></span> <span class='ocrx_word' id='word_1_305' title='bbox 1798 2239 1917 2293; x_wconf 84' lang='lat' dir='ltr'><strong>Non</strong></span> <span class='ocrx_word' id='word_1_306' title='bbox 1956 2239 2034 2292; x_wconf 84' lang='lat' dir='ltr'><strong>his</strong></span> 
     </span>
    </p>
   </div>
   <div class='ocr_carea' id='block_1_39' title="bbox 462 2332 2036 2407">
    <p class='ocr_par' dir='ltr' id='par_1_39' title="bbox 462 2332 2036 2407">
     <span class='ocr_line' id='line_1_39' title="bbox 462 2332 2036 2407; baseline -0.005 -15"><span class='ocrx_word' id='word_1_307' title='bbox 462 2347 659 2392; x_wconf 87' lang='lat' dir='ltr'><strong>tantum</strong></span> <span class='ocrx_word' id='word_1_308' title='bbox 681 2337 763 2407; x_wconf 89' lang='lat' dir='ltr'><strong>qui</strong></span> <span class='ocrx_word' id='word_1_309' title='bbox 791 2344 906 2389; x_wconf 88' lang='lat' dir='ltr'><strong>sunt</strong></span> <span class='ocrx_word' id='word_1_310' title='bbox 936 2351 997 2388; x_wconf 76' lang='lat' dir='ltr'><strong>ex</strong></span> <span class='ocrx_word' id='word_1_311' title='bbox 1025 2333 1406 2386; x_wconf 81' lang='lat' dir='ltr'><strong>circumcisione</strong></span> <span class='ocrx_word' id='word_1_312' title='bbox 1434 2332 1632 2400; x_wconf 70' lang='lat' dir='ltr'><strong>ﬁdeles,</strong></span> <span class='ocrx_word' id='word_1_313' title='bbox 1664 2333 1750 2385; x_wconf 88' lang='lat' dir='ltr'><strong>sed</strong></span> <span class='ocrx_word' id='word_1_314' title='bbox 1771 2341 1818 2384; x_wconf 89' lang='lat' dir='ltr'><strong>et</strong></span> <span class='ocrx_word' id='word_1_315' title='bbox 1849 2332 1927 2384; x_wconf 82' lang='lat' dir='ltr'><strong>his</strong></span> <span class='ocrx_word' id='word_1_316' title='bbox 1948 2333 2036 2400; x_wconf 87' lang='lat' dir='ltr'><strong>qui</strong></span> 
     </span>
    </p>
   </div>
   <div class='ocr_carea' id='block_1_40' title="bbox 463 2425 2036 2498">
    <p class='ocr_par' dir='ltr' id='par_1_40' title="bbox 463 2425 2036 2498">
     <span class='ocr_line' id='line_1_40' title="bbox 463 2425 2036 2498; baseline -0.004 -14"><span class='ocrx_word' id='word_1_317' title='bbox 463 2439 721 2484; x_wconf 79' lang='lat' dir='ltr'><strong>sectantur</strong></span> <span class='ocrx_word' id='word_1_318' title='bbox 765 2429 971 2498; x_wconf 76' lang='lat' dir='ltr'><strong>vestigia</strong></span> <span class='ocrx_word' id='word_1_319' title='bbox 1017 2428 1160 2495; x_wconf 79' lang='lat' dir='ltr'><strong>ﬁdei,</strong></span> <span class='ocrx_word' id='word_1_320' title='bbox 1208 2441 1321 2495; x_wconf 73' lang='lat' dir='ltr'><strong>qua:</strong></span> <span class='ocrx_word' id='word_1_321' title='bbox 1356 2434 1428 2478; x_wconf 88' lang='lat' dir='ltr'><strong>est</strong></span> <span class='ocrx_word' id='word_1_322' title='bbox 1481 2427 1534 2478; x_wconf 87' lang='lat' dir='ltr'><strong>in</strong></span> <span class='ocrx_word' id='word_1_323' title='bbox 1585 2425 1834 2494; x_wconf 76' lang='lat' dir='ltr'><strong>prtrputio</strong></span> <span class='ocrx_word' id='word_1_324' title='bbox 1881 2425 2036 2492; x_wconf 81' lang='lat' dir='ltr'><strong>patris</strong></span> 
     </span>
    </p>
   </div>
   <div class='ocr_carea' id='block_1_41' title="bbox 465 2515 2038 2588">
    <p class='ocr_par' dir='ltr' id='par_1_41' title="bbox 465 2515 2038 2588">
     <span class='ocr_line' id='line_1_41' title="bbox 465 2515 2038 2588; baseline -0.004 -12"><span class='ocrx_word' id='word_1_325' title='bbox 465 2523 623 2576; x_wconf 84' lang='lat' dir='ltr'><strong>nostri</strong></span> <span class='ocrx_word' id='word_1_326' title='bbox 652 2519 888 2574; x_wconf 73' lang='lat' dir='ltr'><strong>Abraliaz.</strong></span> <span class='ocrx_word' id='word_1_327' title='bbox 938 2519 994 2573; x_wconf 86' lang='lat' dir='ltr'><strong>Si</strong></span> <span class='ocrx_word' id='word_1_328' title='bbox 1024 2519 1167 2572; x_wconf 89' lang='lat' dir='ltr'><strong>illum</strong></span> <span class='ocrx_word' id='word_1_329' title='bbox 1197 2516 1490 2570; x_wconf 88' lang='lat' dir='ltr'><strong>imitantur.</strong></span> <span class='ocrx_word' id='word_1_330' title='bbox 1528 2515 1648 2570; x_wconf 86' lang='lat' dir='ltr'><strong>Non</strong></span> <span class='ocrx_word' id='word_1_331' title='bbox 1691 2517 1823 2570; x_wconf 90' lang='lat' dir='ltr'><strong>enim</strong></span> <span class='ocrx_word' id='word_1_332' title='bbox 1853 2533 1941 2588; x_wconf 87' lang='lat' dir='ltr'><strong>per</strong></span> <span class='ocrx_word' id='word_1_333' title='bbox 1965 2519 2038 2570; x_wconf 91' lang='lat' dir='ltr'><strong>Ie-</strong></span> 
     </span>
    </p>
   </div>
   <div class='ocr_carea' id='block_1_42' title="bbox 463 2608 2037 2686">
    <p class='ocr_par' dir='ltr' id='par_1_42' title="bbox 463 2608 2037 2686">
     <span class='ocr_line' id='line_1_42' title="bbox 463 2608 2037 2686; baseline -0.004 -18"><span class='ocrx_word' id='word_1_334' title='bbox 463 2630 596 2686; x_wconf 81' lang='lat' dir='ltr'><strong>gem.</strong></span> <span class='ocrx_word' id='word_1_335' title='bbox 634 2613 747 2667; x_wconf 86' lang='lat' dir='ltr'><strong>Non</strong></span> <span class='ocrx_word' id='word_1_336' title='bbox 782 2626 874 2681; x_wconf 90' lang='lat' dir='ltr'><strong>per</strong></span> <span class='ocrx_word' id='word_1_337' title='bbox 918 2610 1108 2680; x_wconf 83' lang='lat' dir='ltr'><strong>legem,</strong></span> <span class='ocrx_word' id='word_1_338' title='bbox 1142 2608 1238 2663; x_wconf 91' lang='lat' dir='ltr'><strong>sed</strong></span> <span class='ocrx_word' id='word_1_339' title='bbox 1280 2617 1403 2662; x_wconf 88' lang='lat' dir='ltr'><strong>ante</strong></span> <span class='ocrx_word' id='word_1_340' title='bbox 1433 2608 1602 2678; x_wconf 83' lang='lat' dir='ltr'><strong>legem</strong></span> <span class='ocrx_word' id='word_1_341' title='bbox 1639 2626 1649 2661; x_wconf 90' lang='lat'>:</span> <span class='ocrx_word' id='word_1_342' title='bbox 1687 2609 1809 2675; x_wconf 86' lang='lat' dir='ltr'><strong>quia</strong></span> <span class='ocrx_word' id='word_1_343' title='bbox 1838 2609 1891 2662; x_wconf 92' lang='lat' dir='ltr'><strong>in</strong></span> <span class='ocrx_word' id='word_1_344' title='bbox 1924 2609 2037 2676; x_wconf 82' lang='lat' dir='ltr'><strong>lege</strong></span> 
     </span>
    </p>
   </div>
   <div class='ocr_carea' id='block_1_43' title="bbox 465 2704 2032 2780">
    <p class='ocr_par' dir='ltr' id='par_1_43' title="bbox 465 2704 2032 2780">
     <span class='ocr_line' id='line_1_43' title="bbox 465 2704 2032 2780; baseline -0.002 -16"><span class='ocrx_word' id='word_1_345' title='bbox 465 2709 678 2780; x_wconf 90' lang='lat' dir='ltr'><strong>quidem</strong></span> <span class='ocrx_word' id='word_1_346' title='bbox 703 2707 768 2762; x_wconf 87' lang='lat' dir='ltr'><strong>de</strong></span> <span class='ocrx_word' id='word_1_347' title='bbox 790 2705 894 2760; x_wconf 88' lang='lat' dir='ltr'><strong>lide</strong></span> <span class='ocrx_word' id='word_1_348' title='bbox 916 2716 968 2760; x_wconf 89' lang='lat' dir='ltr'><strong>et</strong></span> <span class='ocrx_word' id='word_1_349' title='bbox 991 2705 1346 2775; x_wconf 84' lang='lat' dir='ltr'><strong>promissione</strong></span> <span class='ocrx_word' id='word_1_350' title='bbox 1371 2704 1599 2759; x_wconf 67' lang='lat' dir='ltr'><strong>Abrahae</strong></span> <span class='ocrx_word' id='word_1_351' title='bbox 1622 2707 1886 2760; x_wconf 83' lang='lat' dir='ltr'><strong>creditum</strong></span> <span class='ocrx_word' id='word_1_352' title='bbox 1914 2715 1996 2761; x_wconf 90' lang='lat' dir='ltr'><strong>est</strong></span> <span class='ocrx_word' id='word_1_353' title='bbox 2020 2727 2032 2760; x_wconf 89' lang='lat'><strong>:</strong></span> 
     </span>
    </p>
   </div>
   <div class='ocr_carea' id='block_1_44' title="bbox 465 2797 2038 2870">
    <p class='ocr_par' dir='ltr' id='par_1_44' title="bbox 465 2797 2038 2870">
     <span class='ocr_line' id='line_1_44' title="bbox 465 2797 2038 2870; baseline -0.004 -13"><span class='ocrx_word' id='word_1_354' title='bbox 465 2801 560 2857; x_wconf 87' lang='lat' dir='ltr'><strong>sed</strong></span> <span class='ocrx_word' id='word_1_355' title='bbox 591 2801 818 2870; x_wconf 79' lang='lat' dir='ltr'><strong>Moyses,</strong></span> <span class='ocrx_word' id='word_1_356' title='bbox 867 2799 954 2868; x_wconf 89' lang='lat' dir='ltr'><strong>qui</strong></span> <span class='ocrx_word' id='word_1_357' title='bbox 981 2797 1195 2865; x_wconf 89' lang='lat' dir='ltr'><strong>scripsit</strong></span> <span class='ocrx_word' id='word_1_358' title='bbox 1231 2797 1427 2866; x_wconf 88' lang='lat' dir='ltr'><strong>legem,</strong></span> <span class='ocrx_word' id='word_1_359' title='bbox 1475 2805 1657 2866; x_wconf 89' lang='lat' dir='ltr'><strong>postea</strong></span> <span class='ocrx_word' id='word_1_360' title='bbox 1689 2797 1801 2851; x_wconf 87' lang='lat' dir='ltr'><strong>fuit.</strong></span> <span class='ocrx_word' id='word_1_361' title='bbox 1837 2797 2038 2851; x_wconf 89' lang='lat' dir='ltr'><strong>Deinde</strong></span> 
     </span>
    </p>
   </div>
   <div class='ocr_carea' id='block_1_45' title="bbox 465 2890 2040 2962">
    <p class='ocr_par' dir='ltr' id='par_1_45' title="bbox 465 2890 2040 2962">
     <span class='ocr_line' id='line_1_45' title="bbox 465 2890 2040 2962; baseline -0.003 -14"><span class='ocrx_word' id='word_1_362' title='bbox 465 2893 581 2962; x_wconf 88' lang='lat' dir='ltr'><strong>ipse</strong></span> <span class='ocrx_word' id='word_1_363' title='bbox 620 2893 683 2946; x_wconf 85' lang='lat' dir='ltr'><strong>ad</strong></span> <span class='ocrx_word' id='word_1_364' title='bbox 730 2890 943 2946; x_wconf 85' lang='lat' dir='ltr'><strong>Galatas</strong></span> <span class='ocrx_word' id='word_1_365' title='bbox 972 2891 1104 2945; x_wconf 87' lang='lat' dir='ltr'><strong>dicit</strong></span> <span class='ocrx_word' id='word_1_366' title='bbox 1138 2907 1150 2943; x_wconf 93' lang='lat'><strong>:</strong></span> <span class='ocrx_word' id='word_1_367' title='bbox 1191 2890 1323 2956; x_wconf 86' lang='lat' dir='ltr'><strong>Quia</strong></span> <span class='ocrx_word' id='word_1_368' title='bbox 1364 2898 1481 2958; x_wconf 90' lang='lat' dir='ltr'><strong>post</strong></span> <span class='ocrx_word' id='word_1_369' title='bbox 1528 2891 1944 2958; x_wconf 72' lang='lat' dir='ltr'><strong>quadringentos</strong></span> <span class='ocrx_word' id='word_1_370' title='bbox 1986 2898 2040 2944; x_wconf 89' lang='lat' dir='ltr'><strong>et</strong></span> 
     </span>
    </p>
   </div>
   <div class='ocr_carea' id='block_1_46' title="bbox 467 2982 2036 3057">
    <p class='ocr_par' dir='ltr' id='par_1_46' title="bbox 467 2982 2036 3057">
     <span class='ocr_line' id='line_1_46' title="bbox 467 2982 2036 3057; baseline -0.003 -17"><span class='ocrx_word' id='word_1_371' title='bbox 467 2987 680 3057; x_wconf 86' lang='lat' dir='ltr'><strong>triginta</strong></span> <span class='ocrx_word' id='word_1_372' title='bbox 707 3000 874 3040; x_wconf 90' lang='lat' dir='ltr'><strong>annos</strong></span> <span class='ocrx_word' id='word_1_373' title='bbox 904 2985 1040 3039; x_wconf 88' lang='lat' dir='ltr'><strong>facta</strong></span> <span class='ocrx_word' id='word_1_374' title='bbox 1065 2993 1146 3039; x_wconf 89' lang='lat' dir='ltr'><strong>est</strong></span> <span class='ocrx_word' id='word_1_375' title='bbox 1171 2984 1258 3037; x_wconf 85' lang='lat' dir='ltr'><strong>lex</strong></span> <span class='ocrx_word' id='word_1_376' title='bbox 1285 2997 1403 3051; x_wconf 88' lang='lat' dir='ltr'><strong>quae</strong></span> <span class='ocrx_word' id='word_1_377' title='bbox 1441 2997 1546 3036; x_wconf 91' lang='lat' dir='ltr'><strong>non</strong></span> <span class='ocrx_word' id='word_1_378' title='bbox 1577 2983 1787 3036; x_wconf 88' lang='lat' dir='ltr'><strong>irritum</strong></span> <span class='ocrx_word' id='word_1_379' title='bbox 1824 2982 1946 3037; x_wconf 79' lang='lat' dir='ltr'><strong>facit</strong></span> <span class='ocrx_word' id='word_1_380' title='bbox 1972 2983 2036 3036; x_wconf 71' lang='lat' dir='ltr'><strong>ut]</strong></span> 
     </span>
    </p>
   </div>
   <div class='ocr_carea' id='block_1_47' title="bbox 469 3073 2036 3147">
    <p class='ocr_par' dir='ltr' id='par_1_47' title="bbox 469 3073 2036 3147">
     <span class='ocr_line' id='line_1_47' title="bbox 469 3073 2036 3147; baseline -0.004 -14"><span class='ocrx_word' id='word_1_381' title='bbox 469 3078 820 3134; x_wconf 83' lang='lat' dir='ltr'><strong>evacuandam</strong></span> <span class='ocrx_word' id='word_1_382' title='bbox 867 3075 1298 3147; x_wconf 76' lang='lat' dir='ltr'><strong>promissionem.</strong></span> <span class='ocrx_word' id='word_1_383' title='bbox 1350 3073 1632 3127; x_wconf 81' lang='lat' dir='ltr'><strong>Promissio</strong></span> <span class='ocrx_word' id='word_1_384' title='bbox 1665 3074 1900 3136; x_wconf 71' lang='lat' dir='ltr'><strong>Abrahm,</strong></span> <span class='ocrx_word' id='word_1_385' title='bbox 1946 3085 2036 3128; x_wconf 89' lang='lat' dir='ltr'><strong>aut</strong></span> 
     </span>
    </p>
   </div>
   <div class='ocr_carea' id='block_1_48' title="bbox 2141 1873 3709 1943">
    <p class='ocr_par' dir='ltr' id='par_1_48' title="bbox 2141 1873 3709 1943">
     <span class='ocr_line' id='line_1_48' title="bbox 2141 1873 3709 1943; baseline 0.013 -24"><span class='ocrx_word' id='word_1_386' title='bbox 2141 1879 2314 1920; x_wconf 82' lang='lat' dir='ltr'><strong>cesset</strong></span> <span class='ocrx_word' id='word_1_387' title='bbox 2363 1873 2726 1940; x_wconf 72' lang='lat' dir='ltr'><strong>praesumptio,</strong></span> <span class='ocrx_word' id='word_1_388' title='bbox 2760 1888 2878 1943; x_wconf 74' lang='lat' dir='ltr'><strong>qua:</strong></span> <span class='ocrx_word' id='word_1_389' title='bbox 2927 1875 3026 1930; x_wconf 86' lang='lat' dir='ltr'><strong>sibi</strong></span> <span class='ocrx_word' id='word_1_390' title='bbox 3080 1877 3348 1935; x_wconf 89' lang='lat' dir='ltr'><strong>blanditur</strong></span> <span class='ocrx_word' id='word_1_391' title='bbox 3387 1882 3454 1938; x_wconf 92' lang='lat' dir='ltr'><strong>de</strong></span> <span class='ocrx_word' id='word_1_392' title='bbox 3489 1886 3709 1940; x_wconf 86' lang='lat' dir='ltr'><strong>meritis.</strong></span> 
     </span>
    </p>
   </div>
   <div class='ocr_carea' id='block_1_49' title="bbox 2142 1957 3715 2048">
    <p class='ocr_par' dir='ltr' id='par_1_49' title="bbox 2142 1957 3715 2048">
     <span class='ocr_line' id='line_1_49' title="bbox 2142 1957 3715 2048; baseline 0.013 -36"><span class='ocrx_word' id='word_1_393' title='bbox 2142 1957 2325 2013; x_wconf 82' lang='lat' dir='ltr'><strong>Firmo</strong></span> <span class='ocrx_word' id='word_1_394' title='bbox 2362 1963 2426 2015; x_wconf 89' lang='lat' dir='ltr'><strong>sit</strong></span> <span class='ocrx_word' id='word_1_395' title='bbox 2465 1964 2735 2032; x_wconf 81' lang='lat' dir='ltr'><strong>promissio</strong></span> <span class='ocrx_word' id='word_1_396' title='bbox 2769 1968 2908 2021; x_wconf 90' lang='lat' dir='ltr'><strong>omni</strong></span> <span class='ocrx_word' id='word_1_397' title='bbox 2945 1971 3143 2025; x_wconf 84' lang='lat' dir='ltr'><strong>semini.</strong></span> <span class='ocrx_word' id='word_1_398' title='bbox 3185 1971 3306 2026; x_wconf 84' lang='lat' dir='ltr'><strong>Non</strong></span> <span class='ocrx_word' id='word_1_399' title='bbox 3333 1975 3378 2026; x_wconf 87' lang='lat' dir='ltr'><strong>ei</strong></span> <span class='ocrx_word' id='word_1_400' title='bbox 3403 1978 3489 2043; x_wconf 87' lang='lat' dir='ltr'><strong>qui</strong></span> <span class='ocrx_word' id='word_1_401' title='bbox 3517 1994 3580 2031; x_wconf 78' lang='lat' dir='ltr'><strong>ea:</strong></span> <span class='ocrx_word' id='word_1_402' title='bbox 3610 1980 3715 2048; x_wconf 67' lang='grc' dir='ltr'><strong>Ιρῃε</strong></span> 
     </span>
    </p>
   </div>
   <div class='ocr_carea' id='block_1_50' title="bbox 2141 2055 3715 2134">
    <p class='ocr_par' dir='ltr' id='par_1_50' title="bbox 2141 2055 3715 2134">
     <span class='ocr_line' id='line_1_50' title="bbox 2141 2055 3715 2134; baseline 0.015 -30"><span class='ocrx_word' id='word_1_403' title='bbox 2141 2061 2214 2104; x_wconf 83' lang='lat' dir='ltr'><strong>est</strong></span> <span class='ocrx_word' id='word_1_404' title='bbox 2235 2055 2421 2119; x_wconf 88' lang='lat' dir='ltr'><strong>solum,</strong></span> <span class='ocrx_word' id='word_1_405' title='bbox 2453 2057 2540 2108; x_wconf 77' lang='lat' dir='ltr'><strong>sed</strong></span> <span class='ocrx_word' id='word_1_406' title='bbox 2561 2066 2607 2110; x_wconf 80' lang='lat' dir='ltr'><strong>et</strong></span> <span class='ocrx_word' id='word_1_407' title='bbox 2637 2059 2681 2110; x_wconf 82' lang='lat' dir='ltr'><strong>ei</strong></span> <span class='ocrx_word' id='word_1_408' title='bbox 2705 2060 2791 2128; x_wconf 88' lang='lat' dir='ltr'><strong>qui</strong></span> <span class='ocrx_word' id='word_1_409' title='bbox 2811 2077 2874 2114; x_wconf 77' lang='lat' dir='ltr'><strong>ea:</strong></span> <span class='ocrx_word' id='word_1_410' title='bbox 2894 2061 2994 2129; x_wconf 76' lang='lat' dir='ltr'><strong>ﬁde</strong></span> <span class='ocrx_word' id='word_1_411' title='bbox 3018 2071 3089 2116; x_wconf 87' lang='lat' dir='ltr'><strong>est</strong></span> <span class='ocrx_word' id='word_1_412' title='bbox 3113 2064 3354 2122; x_wconf 74' lang='lat' dir='ltr'><strong>Abralite.</strong></span> <span class='ocrx_word' id='word_1_413' title='bbox 3374 2068 3508 2134; x_wconf 85' lang='lat' dir='ltr'><strong>Quia</strong></span> <span class='ocrx_word' id='word_1_414' title='bbox 3529 2086 3715 2126; x_wconf 85' lang='lat' dir='ltr'><strong>omnes</strong></span> 
     </span>
    </p>
   </div>
   <div class='ocr_carea' id='block_1_51' title="bbox 2141 2147 3714 2228">
    <p class='ocr_par' dir='ltr' id='par_1_51' title="bbox 2141 2147 3714 2228">
     <span class='ocr_line' id='line_1_51' title="bbox 2141 2147 3714 2228; baseline 0.01 -28"><span class='ocrx_word' id='word_1_415' title='bbox 2141 2156 2323 2212; x_wconf 83' lang='lat' dir='ltr'><strong>gentes</strong></span> <span class='ocrx_word' id='word_1_416' title='bbox 2346 2147 2589 2214; x_wconf 85' lang='lat' dir='ltr'><strong>credunt,</strong></span> <span class='ocrx_word' id='word_1_417' title='bbox 2623 2158 2678 2204; x_wconf 92' lang='lat' dir='ltr'><strong>et</strong></span> <span class='ocrx_word' id='word_1_418' title='bbox 2705 2153 3003 2219; x_wconf 88' lang='lat' dir='ltr'><strong>completur</strong></span> <span class='ocrx_word' id='word_1_419' title='bbox 3030 2156 3312 2222; x_wconf 89' lang='lat' dir='ltr'><strong>promissio</strong></span> <span class='ocrx_word' id='word_1_420' title='bbox 3341 2158 3591 2214; x_wconf 74' lang='lat' dir='ltr'><strong>Abrabze.</strong></span> <span class='ocrx_word' id='word_1_421' title='bbox 3615 2163 3714 2228; x_wconf 86' lang='lat' dir='ltr'><strong>Qui</strong></span> 
     </span>
    </p>
   </div>
   <div class='ocr_carea' id='block_1_52' title="bbox 2140 2243 3715 2316">
    <p class='ocr_par' dir='ltr' id='par_1_52' title="bbox 2140 2243 3715 2316">
     <span class='ocr_line' id='line_1_52' title="bbox 2140 2243 3715 2316; baseline 0.011 -24"><span class='ocrx_word' id='word_1_422' title='bbox 2140 2250 2212 2293; x_wconf 90' lang='lat' dir='ltr'><strong>est</strong></span> <span class='ocrx_word' id='word_1_423' title='bbox 2235 2250 2376 2308; x_wconf 84' lang='lat' dir='ltr'><strong>pater</strong></span> <span class='ocrx_word' id='word_1_424' title='bbox 2403 2243 2631 2294; x_wconf 87' lang='lat' dir='ltr'><strong>omnium</strong></span> <span class='ocrx_word' id='word_1_425' title='bbox 2657 2252 2908 2310; x_wconf 86' lang='lat' dir='ltr'><strong>nostrum,</strong></span> <span class='ocrx_word' id='word_1_426' title='bbox 2938 2248 3064 2301; x_wconf 75' lang='lat' dir='ltr'><strong>sicut</strong></span> <span class='ocrx_word' id='word_1_427' title='bbox 3089 2249 3335 2316; x_wconf 86' lang='lat' dir='ltr'><strong>scriptum</strong></span> <span class='ocrx_word' id='word_1_428' title='bbox 3361 2260 3456 2304; x_wconf 89' lang='lat' dir='ltr'><strong>est.</strong></span> <span class='ocrx_word' id='word_1_429' title='bbox 3490 2253 3648 2308; x_wconf 83' lang='lat' dir='ltr'><strong>Pater</strong></span> <span class='ocrx_word' id='word_1_430' title='bbox 3664 2264 3715 2310; x_wconf 83' lang='lat' dir='ltr'><strong>et</strong></span> 
     </span>
    </p>
   </div>
   <div class='ocr_carea' id='block_1_53' title="bbox 2141 2331 3712 2402">
    <p class='ocr_par' dir='ltr' id='par_1_53' title="bbox 2141 2331 3712 2402">
     <span class='ocr_line' id='line_1_53' title="bbox 2141 2331 3712 2402; baseline 0.011 -19"><span class='ocrx_word' id='word_1_431' title='bbox 2141 2331 2576 2400; x_wconf 69' lang='lat' dir='ltr'><strong>prreputiatorum</strong></span> <span class='ocrx_word' id='word_1_432' title='bbox 2593 2342 2643 2388; x_wconf 92' lang='lat' dir='ltr'><strong>et</strong></span> <span class='ocrx_word' id='word_1_433' title='bbox 2671 2335 3124 2392; x_wconf 88' lang='lat' dir='ltr'><strong>circumcisorum.</strong></span> <span class='ocrx_word' id='word_1_434' title='bbox 3154 2339 3265 2396; x_wconf 88' lang='lat' dir='ltr'><strong>Hoc</strong></span> <span class='ocrx_word' id='word_1_435' title='bbox 3288 2341 3406 2397; x_wconf 86' lang='lat' dir='ltr'><strong>loco</strong></span> <span class='ocrx_word' id='word_1_436' title='bbox 3431 2343 3521 2399; x_wconf 87' lang='lat' dir='ltr'><strong>ubi</strong></span> <span class='ocrx_word' id='word_1_437' title='bbox 3543 2345 3712 2402; x_wconf 83' lang='lat' dir='ltr'><strong>Abra-</strong></span> 
     </span>
    </p>
   </div>
   <div class='ocr_carea' id='block_1_54' title="bbox 2142 2423 3714 2496">
    <p class='ocr_par' dir='ltr' id='par_1_54' title="bbox 2142 2423 3714 2496">
     <span class='ocr_line' id='line_1_54' title="bbox 2142 2423 3714 2496; baseline 0.01 -21"><span class='ocrx_word' id='word_1_438' title='bbox 2142 2423 2265 2476; x_wconf 89' lang='lat' dir='ltr'><strong>ham</strong></span> <span class='ocrx_word' id='word_1_439' title='bbox 2300 2425 2584 2479; x_wconf 86' lang='lat' dir='ltr'><strong>multarum</strong></span> <span class='ocrx_word' id='word_1_440' title='bbox 2615 2427 2849 2495; x_wconf 86' lang='lat' dir='ltr'><strong>gentium</strong></span> <span class='ocrx_word' id='word_1_441' title='bbox 2875 2437 3028 2496; x_wconf 83' lang='lat' dir='ltr'><strong>pater</strong></span> <span class='ocrx_word' id='word_1_442' title='bbox 3053 2427 3268 2495; x_wconf 87' lang='lat' dir='ltr'><strong>dicitur,</strong></span> <span class='ocrx_word' id='word_1_443' title='bbox 3292 2431 3601 2489; x_wconf 76' lang='lat' dir='ltr'><strong>Judaeorurn</strong></span> <span class='ocrx_word' id='word_1_444' title='bbox 3627 2450 3714 2490; x_wconf 67' lang='lat' dir='ltr'><strong>suo</strong></span> 
     </span>
    </p>
   </div>
   <div class='ocr_carea' id='block_1_55' title="bbox 2140 2519 3715 2600">
    <p class='ocr_par' dir='ltr' id='par_1_55' title="bbox 2140 2519 3715 2600">
     <span class='ocr_line' id='line_1_55' title="bbox 2140 2519 3715 2600; baseline 0.008 -27"><span class='ocrx_word' id='word_1_445' title='bbox 2140 2519 2320 2586; x_wconf 86' lang='lat' dir='ltr'><strong>perbia</strong></span> <span class='ocrx_word' id='word_1_446' title='bbox 2342 2519 2704 2586; x_wconf 86' lang='lat' dir='ltr'><strong>confunditur,</strong></span> <span class='ocrx_word' id='word_1_447' title='bbox 2735 2521 2854 2589; x_wconf 90' lang='lat' dir='ltr'><strong>quia</strong></span> <span class='ocrx_word' id='word_1_448' title='bbox 2878 2520 3183 2578; x_wconf 67' lang='lat' dir='ltr'><strong>Judteorum</strong></span> <span class='ocrx_word' id='word_1_449' title='bbox 3213 2539 3304 2592; x_wconf 88' lang='lat' dir='ltr'><strong>per</strong></span> <span class='ocrx_word' id='word_1_450' title='bbox 3325 2540 3562 2593; x_wconf 87' lang='lat' dir='ltr'><strong>carnem,</strong></span> <span class='ocrx_word' id='word_1_451' title='bbox 3593 2544 3715 2600; x_wconf 80' lang='lat' dir='ltr'><strong>gen-</strong></span> 
     </span>
    </p>
   </div>
   <div class='ocr_carea' id='block_1_56' title="bbox 2143 2611 3715 2693">
    <p class='ocr_par' dir='ltr' id='par_1_56' title="bbox 2143 2611 3715 2693">
     <span class='ocr_line' id='line_1_56' title="bbox 2143 2611 3715 2693; baseline 0.008 -30"><span class='ocrx_word' id='word_1_452' title='bbox 2143 2613 2270 2664; x_wconf 92' lang='lat' dir='ltr'><strong>tium</strong></span> <span class='ocrx_word' id='word_1_453' title='bbox 2297 2627 2388 2680; x_wconf 89' lang='lat' dir='ltr'><strong>per</strong></span> <span class='ocrx_word' id='word_1_454' title='bbox 2410 2611 2566 2666; x_wconf 92' lang='lat' dir='ltr'><strong>ﬁdem</strong></span> <span class='ocrx_word' id='word_1_455' title='bbox 2595 2621 2678 2667; x_wconf 90' lang='lat' dir='ltr'><strong>est</strong></span> <span class='ocrx_word' id='word_1_456' title='bbox 2703 2621 2871 2681; x_wconf 90' lang='lat' dir='ltr'><strong>pater.</strong></span> <span class='ocrx_word' id='word_1_457' title='bbox 2911 2613 3041 2680; x_wconf 84' lang='lat' dir='ltr'><strong>Quia</strong></span> <span class='ocrx_word' id='word_1_458' title='bbox 3064 2625 3256 2682; x_wconf 89' lang='lat' dir='ltr'><strong>patrem</strong></span> <span class='ocrx_word' id='word_1_459' title='bbox 3278 2619 3557 2673; x_wconf 84' lang='lat' dir='ltr'><strong>multarum</strong></span> <span class='ocrx_word' id='word_1_460' title='bbox 3591 2639 3715 2693; x_wconf 80' lang='lat' dir='ltr'><strong>gen—</strong></span> 
     </span>
    </p>
   </div>
   <div class='ocr_carea' id='block_1_57' title="bbox 2141 2705 3714 2782">
    <p class='ocr_par' dir='ltr' id='par_1_57' title="bbox 2141 2705 3714 2782">
     <span class='ocr_line' id='line_1_57' title="bbox 2141 2705 3714 2782; baseline 0.008 -26"><span class='ocrx_word' id='word_1_461' title='bbox 2141 2706 2265 2756; x_wconf 88' lang='lat' dir='ltr'><strong>tium</strong></span> <span class='ocrx_word' id='word_1_462' title='bbox 2297 2705 2442 2771; x_wconf 83' lang='lat' dir='ltr'><strong>posui</strong></span> <span class='ocrx_word' id='word_1_463' title='bbox 2493 2715 2540 2757; x_wconf 91' lang='lat' dir='ltr'><strong>te</strong></span> <span class='ocrx_word' id='word_1_464' title='bbox 2574 2715 2691 2758; x_wconf 90' lang='lat' dir='ltr'><strong>ante</strong></span> <span class='ocrx_word' id='word_1_465' title='bbox 2719 2705 2900 2773; x_wconf 83' lang='lat' dir='ltr'><strong>Deum,</strong></span> <span class='ocrx_word' id='word_1_466' title='bbox 2929 2707 3012 2758; x_wconf 90' lang='lat' dir='ltr'><strong>cui</strong></span> <span class='ocrx_word' id='word_1_467' title='bbox 3041 2709 3318 2762; x_wconf 83' lang='lat' dir='ltr'><strong>credidisti.</strong></span> <span class='ocrx_word' id='word_1_468' title='bbox 3369 2712 3501 2778; x_wconf 82' lang='lat' dir='ltr'><strong>Quia</strong></span> <span class='ocrx_word' id='word_1_469' title='bbox 3533 2728 3629 2782; x_wconf 86' lang='lat' dir='ltr'><strong>per</strong></span> <span class='ocrx_word' id='word_1_470' title='bbox 3655 2729 3714 2769; x_wconf 85' lang='lat' dir='ltr'><strong>se</strong></span> 
     </span>
    </p>
   </div>
   <div class='ocr_carea' id='block_1_58' title="bbox 2141 2797 3714 2870">
    <p class='ocr_par' dir='ltr' id='par_1_58' title="bbox 2141 2797 3714 2870">
     <span class='ocr_line' id='line_1_58' title="bbox 2141 2797 3714 2870; baseline 0.008 -23"><span class='ocrx_word' id='word_1_471' title='bbox 2141 2809 2239 2849; x_wconf 93' lang='lat' dir='ltr'><strong>nec</strong></span> <span class='ocrx_word' id='word_1_472' title='bbox 2270 2798 2426 2850; x_wconf 90' lang='lat' dir='ltr'><strong>unius</strong></span> <span class='ocrx_word' id='word_1_473' title='bbox 2471 2797 2564 2849; x_wconf 89' lang='lat' dir='ltr'><strong>ﬁlii</strong></span> <span class='ocrx_word' id='word_1_474' title='bbox 2617 2805 2825 2866; x_wconf 90' lang='lat' dir='ltr'><strong>poterat</strong></span> <span class='ocrx_word' id='word_1_475' title='bbox 2853 2807 3002 2867; x_wconf 90' lang='lat' dir='ltr'><strong>pater</strong></span> <span class='ocrx_word' id='word_1_476' title='bbox 3027 2812 3166 2854; x_wconf 86' lang='lat' dir='ltr'><strong>esse.</strong></span> <span class='ocrx_word' id='word_1_477' title='bbox 3200 2801 3297 2866; x_wconf 85' lang='lat' dir='ltr'><strong>Qui</strong></span> <span class='ocrx_word' id='word_1_478' title='bbox 3325 2803 3546 2870; x_wconf 75' lang='lat' dir='ltr'><strong>vivi/irai</strong></span> <span class='ocrx_word' id='word_1_479' title='bbox 3576 2823 3714 2859; x_wconf 87' lang='lat' dir='ltr'><strong>mor-</strong></span> 
     </span>
    </p>
   </div>
   <div class='ocr_carea' id='block_1_59' title="bbox 2141 2889 3705 2964">
    <p class='ocr_par' dir='ltr' id='par_1_59' title="bbox 2141 2889 3705 2964">
     <span class='ocr_line' id='line_1_59' title="bbox 2141 2889 3705 2964; baseline 0.007 -23"><span class='ocrx_word' id='word_1_480' title='bbox 2141 2899 2270 2941; x_wconf 87' lang='lat' dir='ltr'><strong>tuos.</strong></span> <span class='ocrx_word' id='word_1_481' title='bbox 2305 2889 2384 2944; x_wconf 80' lang='lat' dir='ltr'><strong>Ad</strong></span> <span class='ocrx_word' id='word_1_482' title='bbox 2409 2889 2766 2958; x_wconf 83' lang='lat' dir='ltr'><strong>generandutn</strong></span> <span class='ocrx_word' id='word_1_483' title='bbox 2801 2900 3038 2946; x_wconf 82' lang='lat' dir='ltr'><strong>mortuos</strong></span> <span class='ocrx_word' id='word_1_484' title='bbox 3065 2891 3213 2961; x_wconf 90' lang='lat' dir='ltr'><strong>dicit,</strong></span> <span class='ocrx_word' id='word_1_485' title='bbox 3247 2903 3303 2946; x_wconf 89' lang='lat' dir='ltr'><strong>ut</strong></span> <span class='ocrx_word' id='word_1_486' title='bbox 3329 2904 3381 2948; x_wconf 90' lang='lat' dir='ltr'><strong>et</strong></span> <span class='ocrx_word' id='word_1_487' title='bbox 3408 2898 3705 2964; x_wconf 64' lang='lat' dir='ltr'><strong>praesertim</strong></span> 
     </span>
    </p>
   </div>
   <div class='ocr_carea' id='block_1_60' title="bbox 2141 2979 3701 3054">
    <p class='ocr_par' dir='ltr' id='par_1_60' title="bbox 2141 2979 3701 3054">
     <span class='ocr_line' id='line_1_60' title="bbox 2141 2979 3701 3054; baseline 0.004 -20"><span class='ocrx_word' id='word_1_488' title='bbox 2141 2980 2348 3046; x_wconf 87' lang='lat' dir='ltr'><strong>Saram,</strong></span> <span class='ocrx_word' id='word_1_489' title='bbox 2376 2988 2431 3033; x_wconf 90' lang='lat' dir='ltr'><strong>ut</strong></span> <span class='ocrx_word' id='word_1_490' title='bbox 2453 2979 2748 3049; x_wconf 65' lang='lat' dir='ltr'><strong>priesertim</strong></span> <span class='ocrx_word' id='word_1_491' title='bbox 2775 2981 2970 3035; x_wconf 67' lang='lat' dir='ltr'><strong>clausae</strong></span> <span class='ocrx_word' id='word_1_492' title='bbox 2998 2983 3310 3037; x_wconf 83' lang='lat' dir='ltr'><strong>conveniat:</strong></span> <span class='ocrx_word' id='word_1_493' title='bbox 3335 2986 3455 3054; x_wconf 89' lang='lat' dir='ltr'><strong>quia</strong></span> <span class='ocrx_word' id='word_1_494' title='bbox 3478 2987 3701 3042; x_wconf 85' lang='lat' dir='ltr'><strong>fructum</strong></span> 
     </span>
    </p>
   </div>
   <div class='ocr_carea' id='block_1_61' title="bbox 2141 3073 3709 3149">
    <p class='ocr_par' dir='ltr' id='par_1_61' title="bbox 2141 3073 3709 3149">
     <span class='ocr_line' id='line_1_61' title="bbox 2141 3073 3709 3149; baseline 0.005 -23"><span class='ocrx_word' id='word_1_495' title='bbox 2141 3073 2362 3138; x_wconf 86' lang='lat' dir='ltr'><strong>sobolis,</strong></span> <span class='ocrx_word' id='word_1_496' title='bbox 2418 3088 2577 3141; x_wconf 90' lang='lat' dir='ltr'><strong>quem</strong></span> <span class='ocrx_word' id='word_1_497' title='bbox 2609 3082 2737 3128; x_wconf 65' lang='lat' dir='ltr'><strong>aetas</strong></span> <span class='ocrx_word' id='word_1_498' title='bbox 2780 3087 2884 3129; x_wconf 91' lang='lat' dir='ltr'><strong>non</strong></span> <span class='ocrx_word' id='word_1_499' title='bbox 2915 3073 3235 3140; x_wconf 87' lang='lat' dir='ltr'><strong>obtinuerat,</strong></span> <span class='ocrx_word' id='word_1_500' title='bbox 3289 3076 3423 3131; x_wconf 87' lang='lat' dir='ltr'><strong>ﬁdes</strong></span> <span class='ocrx_word' id='word_1_501' title='bbox 3475 3078 3709 3149; x_wconf 86' lang='lat' dir='ltr'><strong>perfecta</strong></span> 
     </span>
    </p>
   </div>
   <div class='ocr_carea' id='block_1_62' title="bbox 464 3139 3708 3243">
    <p class='ocr_par' dir='ltr' id='par_1_62' title="bbox 464 3139 3708 3243">
     <span class='ocr_line' id='line_1_62' title="bbox 464 3139 3708 3243; baseline 0 -19"><span class='ocrx_word' id='word_1_502' title='bbox 464 3171 645 3224; x_wconf 84' lang='lat' dir='ltr'><strong>semini</strong></span> <span class='ocrx_word' id='word_1_503' title='bbox 683 3171 815 3240; x_wconf 73' lang='lat' dir='ltr'><strong>ejus,</strong></span> <span class='ocrx_word' id='word_1_504' title='bbox 841 3178 892 3222; x_wconf 92' lang='lat' dir='ltr'><strong>ut</strong></span> <span class='ocrx_word' id='word_1_505' title='bbox 915 3168 1075 3222; x_wconf 77' lang='lat' dir='ltr'><strong>[iteres</strong></span> <span class='ocrx_word' id='word_1_506' title='bbox 1100 3175 1222 3221; x_wconf 85' lang='lat' dir='ltr'><strong>esset</strong></span> <span class='ocrx_word' id='word_1_507' title='bbox 1252 3165 1448 3220; x_wconf 88' lang='lat' dir='ltr'><strong>mundi.</strong></span> <span class='ocrx_word' id='word_1_508' title='bbox 1483 3165 1595 3219; x_wconf 81' lang='lat' dir='ltr'><strong>Non</strong></span> <span class='ocrx_word' id='word_1_509' title='bbox 1628 3180 1720 3234; x_wconf 87' lang='lat' dir='ltr'><strong>per</strong></span> <span class='ocrx_word' id='word_1_510' title='bbox 1748 3166 2028 3221; x_wconf 82' lang='lat' dir='ltr'><strong>circumci-</strong></span> <span class='ocrx_word' id='word_1_511' title='bbox 2062 3139 2107 3200; x_wconf 66' lang='grc' dir='ltr'>Ο</span> <span class='ocrx_word' id='word_1_512' title='bbox 2142 3166 2453 3236; x_wconf 90' lang='lat' dir='ltr'><strong>promeruit.</strong></span> <span class='ocrx_word' id='word_1_513' title='bbox 2491 3165 2556 3218; x_wconf 89' lang='lat' dir='ltr'><strong>Et</strong></span> <span class='ocrx_word' id='word_1_514' title='bbox 2586 3176 2728 3220; x_wconf 78' lang='lat' dir='ltr'><strong>vorat</strong></span> <span class='ocrx_word' id='word_1_515' title='bbox 2753 3183 2810 3220; x_wconf 87' lang='lat' dir='ltr'><strong>ea</strong></span> <span class='ocrx_word' id='word_1_516' title='bbox 2835 3183 2948 3236; x_wconf 70' lang='lat' dir='ltr'><strong>qua:</strong></span> <span class='ocrx_word' id='word_1_517' title='bbox 2972 3183 3071 3220; x_wconf 87' lang='lat' dir='ltr'><strong>nou</strong></span> <span class='ocrx_word' id='word_1_518' title='bbox 3095 3178 3230 3232; x_wconf 84' lang='lat' dir='ltr'><strong>sunt,</strong></span> <span class='ocrx_word' id='word_1_519' title='bbox 3257 3177 3496 3239; x_wconf 86' lang='lat' dir='ltr'><strong>tanquam</strong></span> <span class='ocrx_word' id='word_1_520' title='bbox 3515 3189 3574 3226; x_wconf 85' lang='lat' dir='ltr'><strong>ea</strong></span> <span class='ocrx_word' id='word_1_521' title='bbox 3596 3190 3708 3243; x_wconf 67' lang='lat' dir='ltr'><strong>qua</strong></span> 
     </span>
    </p>
   </div>
   <div class='ocr_carea' id='block_1_63' title="bbox 465 3256 2032 3328">
    <p class='ocr_par' dir='ltr' id='par_1_63' title="bbox 465 3256 2032 3328">
     <span class='ocr_line' id='line_1_63' title="bbox 465 3256 2032 3328; baseline -0.003 -12"><span class='ocrx_word' id='word_1_522' title='bbox 465 3261 692 3316; x_wconf 84' lang='lat' dir='ltr'><strong>sionem.</strong></span> <span class='ocrx_word' id='word_1_523' title='bbox 727 3260 832 3314; x_wconf 87' lang='lat' dir='ltr'><strong>Sed</strong></span> <span class='ocrx_word' id='word_1_524' title='bbox 864 3275 950 3328; x_wconf 85' lang='lat' dir='ltr'><strong>per</strong></span> <span class='ocrx_word' id='word_1_525' title='bbox 971 3260 1222 3327; x_wconf 84' lang='lat' dir='ltr'><strong>justitiam</strong></span> <span class='ocrx_word' id='word_1_526' title='bbox 1251 3257 1391 3326; x_wconf 80' lang='lat' dir='ltr'><strong>ﬁdei.</strong></span> <span class='ocrx_word' id='word_1_527' title='bbox 1432 3258 1497 3310; x_wconf 87' lang='lat' dir='ltr'><strong>L&#39;t</strong></span> <span class='ocrx_word' id='word_1_528' title='bbox 1532 3256 1585 3310; x_wconf 91' lang='lat' dir='ltr'><strong>in</strong></span> <span class='ocrx_word' id='word_1_529' title='bbox 1614 3258 1818 3312; x_wconf 86' lang='lat' dir='ltr'><strong>semine</strong></span> <span class='ocrx_word' id='word_1_530' title='bbox 1859 3258 2032 3311; x_wconf 82' lang='lat' dir='ltr'><strong>Abra-</strong></span> 
     </span>
    </p>
   </div>
   <div class='ocr_carea' id='block_1_64' title="bbox 466 3350 2032 3422">
    <p class='ocr_par' dir='ltr' id='par_1_64' title="bbox 466 3350 2032 3422">
     <span class='ocr_line' id='line_1_64' title="bbox 466 3350 2032 3422; baseline -0.001 -15"><span class='ocrx_word' id='word_1_531' title='bbox 466 3351 572 3418; x_wconf 67' lang='lat' dir='ltr'><strong>haz,</strong></span> <span class='ocrx_word' id='word_1_532' title='bbox 619 3351 670 3406; x_wconf 90' lang='lat' dir='ltr'><strong>id</strong></span> <span class='ocrx_word' id='word_1_533' title='bbox 711 3361 792 3408; x_wconf 90' lang='lat' dir='ltr'><strong>est</strong></span> <span class='ocrx_word' id='word_1_534' title='bbox 839 3350 1072 3418; x_wconf 76' lang='lat' dir='ltr'><strong>ChriSto,</strong></span> <span class='ocrx_word' id='word_1_535' title='bbox 1115 3350 1560 3405; x_wconf 87' lang='lat' dir='ltr'><strong>benedicerentur</strong></span> <span class='ocrx_word' id='word_1_536' title='bbox 1589 3365 1777 3404; x_wconf 89' lang='lat' dir='ltr'><strong>omnes</strong></span> <span class='ocrx_word' id='word_1_537' title='bbox 1826 3361 2032 3422; x_wconf 89' lang='lat' dir='ltr'><strong>gentes,</strong></span> 
     </span>
    </p>
   </div>
   <div class='ocr_carea' id='block_1_65' title="bbox 462 3441 2036 3512">
    <p class='ocr_par' dir='ltr' id='par_1_65' title="bbox 462 3441 2036 3512">
     <span class='ocr_line' id='line_1_65' title="bbox 462 3441 2036 3512; baseline -0.003 -10"><span class='ocrx_word' id='word_1_538' title='bbox 462 3447 547 3502; x_wconf 93' lang='lat' dir='ltr'><strong>cui</strong></span> <span class='ocrx_word' id='word_1_539' title='bbox 574 3446 712 3500; x_wconf 66' lang='lat' dir='ltr'><strong>datae</strong></span> <span class='ocrx_word' id='word_1_540' title='bbox 757 3453 880 3498; x_wconf 90' lang='lat' dir='ltr'><strong>sunt</strong></span> <span class='ocrx_word' id='word_1_541' title='bbox 918 3458 947 3497; x_wconf 88' lang='lat' dir='ltr'><strong>a</strong></span> <span class='ocrx_word' id='word_1_542' title='bbox 978 3443 1135 3497; x_wconf 84' lang='lat' dir='ltr'><strong>Patre</strong></span> <span class='ocrx_word' id='word_1_543' title='bbox 1160 3453 1345 3512; x_wconf 90' lang='lat' dir='ltr'><strong>gentes</strong></span> <span class='ocrx_word' id='word_1_544' title='bbox 1376 3444 1428 3495; x_wconf 90' lang='lat' dir='ltr'><strong>in</strong></span> <span class='ocrx_word' id='word_1_545' title='bbox 1468 3441 1836 3495; x_wconf 73' lang='lat' dir='ltr'><strong>hazreditatem</strong></span> <span class='ocrx_word' id='word_1_546' title='bbox 1858 3459 1888 3504; x_wconf 87' lang='lat'><strong>;.</strong></span> <span class='ocrx_word' id='word_1_547' title='bbox 1923 3442 2036 3497; x_wconf 84' lang='lat' dir='ltr'><strong>sive</strong></span> 
     </span>
    </p>
   </div>
   <div class='ocr_carea' id='block_1_66' title="bbox 462 3532 2029 3604">
    <p class='ocr_par' dir='ltr' id='par_1_66' title="bbox 462 3532 2029 3604">
     <span class='ocr_line' id='line_1_66' title="bbox 462 3532 2029 3604; baseline -0.008 -8"><span class='ocrx_word' id='word_1_548' title='bbox 462 3549 521 3596; x_wconf 87' lang='lat' dir='ltr'><strong>ut</strong></span> <span class='ocrx_word' id='word_1_549' title='bbox 548 3553 668 3594; x_wconf 90' lang='lat' dir='ltr'><strong>cum</strong></span> <span class='ocrx_word' id='word_1_550' title='bbox 694 3551 759 3592; x_wconf 91' lang='lat' dir='ltr'><strong>eo</strong></span> <span class='ocrx_word' id='word_1_551' title='bbox 785 3536 1118 3604; x_wconf 86' lang='lat' dir='ltr'><strong>requiescant</strong></span> <span class='ocrx_word' id='word_1_552' title='bbox 1164 3542 1368 3602; x_wconf 81' lang='lat' dir='ltr'><strong>gentes,</strong></span> <span class='ocrx_word' id='word_1_553' title='bbox 1403 3535 1543 3587; x_wconf 86' lang='lat' dir='ltr'><strong>sicut</strong></span> <span class='ocrx_word' id='word_1_554' title='bbox 1586 3532 1714 3586; x_wconf 92' lang='lat' dir='ltr'><strong>dicit</strong></span> <span class='ocrx_word' id='word_1_555' title='bbox 1743 3533 1983 3587; x_wconf 72' lang='lat' dir='ltr'><strong>Salvator</strong></span> <span class='ocrx_word' id='word_1_556' title='bbox 2019 3551 2029 3584; x_wconf 91' lang='lat'>:</span> 
     </span>
    </p>
   </div>
   <div class='ocr_carea' id='block_1_67' title="bbox 463 3623 2032 3688">
    <p class='ocr_par' dir='ltr' id='par_1_67' title="bbox 463 3623 2032 3688">
     <span class='ocr_line' id='line_1_67' title="bbox 463 3623 2032 3688; baseline -0.001 -6"><span class='ocrx_word' id='word_1_557' title='bbox 463 3630 693 3686; x_wconf 86' lang='lat' dir='ltr'><strong>Venient</strong></span> <span class='ocrx_word' id='word_1_558' title='bbox 721 3628 787 3681; x_wconf 91' lang='lat' dir='ltr'><strong>ab</strong></span> <span class='ocrx_word' id='word_1_559' title='bbox 810 3626 1028 3681; x_wconf 89' lang='lat' dir='ltr'><strong>Oriente</strong></span> <span class='ocrx_word' id='word_1_560' title='bbox 1058 3633 1112 3679; x_wconf 92' lang='lat' dir='ltr'><strong>et</strong></span> <span class='ocrx_word' id='word_1_561' title='bbox 1140 3623 1450 3688; x_wconf 88' lang='lat' dir='ltr'><strong>Occidente,</strong></span> <span class='ocrx_word' id='word_1_562' title='bbox 1481 3633 1534 3677; x_wconf 89' lang='lat' dir='ltr'><strong>et</strong></span> <span class='ocrx_word' id='word_1_563' title='bbox 1574 3625 1885 3678; x_wconf 90' lang='lat' dir='ltr'><strong>recumbent</strong></span> <span class='ocrx_word' id='word_1_564' title='bbox 1913 3640 2032 3681; x_wconf 91' lang='lat' dir='ltr'><strong>cum</strong></span> 
     </span>
    </p>
   </div>
   <div class='ocr_carea' id='block_1_68' title="bbox 459 3714 2037 3790">
    <p class='ocr_par' dir='ltr' id='par_1_68' title="bbox 459 3714 2037 3790">
     <span class='ocr_line' id='line_1_68' title="bbox 459 3714 2037 3790; baseline -0.003 -12"><span class='ocrx_word' id='word_1_565' title='bbox 459 3719 754 3784; x_wconf 82' lang='lat' dir='ltr'><strong>Abraham,</strong></span> <span class='ocrx_word' id='word_1_566' title='bbox 784 3727 838 3774; x_wconf 90' lang='lat' dir='ltr'><strong>et</strong></span> <span class='ocrx_word' id='word_1_567' title='bbox 866 3717 1035 3782; x_wconf 82' lang='lat' dir='ltr'><strong>Isaac,</strong></span> <span class='ocrx_word' id='word_1_568' title='bbox 1074 3714 1331 3772; x_wconf 83' lang='lat' dir='ltr'><strong>etJaeob.</strong></span> <span class='ocrx_word' id='word_1_569' title='bbox 1366 3716 1425 3769; x_wconf 81' lang='lat' dir='ltr'><strong>Si</strong></span> <span class='ocrx_word' id='word_1_570' title='bbox 1453 3717 1586 3769; x_wconf 86' lang='lat' dir='ltr'><strong>enim</strong></span> <span class='ocrx_word' id='word_1_571' title='bbox 1609 3717 1695 3786; x_wconf 84' lang='lat' dir='ltr'><strong>qui</strong></span> <span class='ocrx_word' id='word_1_572' title='bbox 1722 3733 1784 3770; x_wconf 79' lang='lat' dir='ltr'><strong>ea:</strong></span> <span class='ocrx_word' id='word_1_573' title='bbox 1811 3718 2037 3790; x_wconf 76' lang='lat' dir='ltr'><strong>lege/ia:-</strong></span> 
     </span>
    </p>
   </div>
   <div class='ocr_carea' id='block_1_69' title="bbox 462 3808 2034 3873">
    <p class='ocr_par' dir='ltr' id='par_1_69' title="bbox 462 3808 2034 3873">
     <span class='ocr_line' id='line_1_69' title="bbox 462 3808 2034 3873; baseline -0.003 -3"><span class='ocrx_word' id='word_1_574' title='bbox 462 3815 608 3870; x_wconf 82' lang='lat' dir='ltr'><strong>redes</strong></span> <span class='ocrx_word' id='word_1_575' title='bbox 649 3820 788 3866; x_wconf 85' lang='lat' dir='ltr'><strong>sunt.</strong></span> <span class='ocrx_word' id='word_1_576' title='bbox 821 3811 877 3866; x_wconf 91' lang='lat' dir='ltr'><strong>Si</strong></span> <span class='ocrx_word' id='word_1_577' title='bbox 907 3826 973 3866; x_wconf 80' lang='lat' dir='ltr'><strong>ex</strong></span> <span class='ocrx_word' id='word_1_578' title='bbox 1005 3809 1436 3873; x_wconf 88' lang='lat' dir='ltr'><strong>circumcisione,</strong></span> <span class='ocrx_word' id='word_1_579' title='bbox 1479 3808 1775 3865; x_wconf 89' lang='lat' dir='ltr'><strong>secundum</strong></span> <span class='ocrx_word' id='word_1_580' title='bbox 1821 3827 1955 3865; x_wconf 89' lang='lat' dir='ltr'><strong>vos:</strong></span> <span class='ocrx_word' id='word_1_581' title='bbox 1987 3811 2034 3867; x_wconf 91' lang='lat' dir='ltr'><strong>si</strong></span> 
     </span>
    </p>
   </div>
   <div class='ocr_carea' id='block_1_70' title="bbox 459 3905 2034 3973">
    <p class='ocr_par' dir='ltr' id='par_1_70' title="bbox 459 3905 2034 3973">
     <span class='ocr_line' id='line_1_70' title="bbox 459 3905 2034 3973; baseline -0.003 -7"><span class='ocrx_word' id='word_1_582' title='bbox 459 3909 539 3966; x_wconf 87' lang='lat' dir='ltr'><strong>illi</strong></span> <span class='ocrx_word' id='word_1_583' title='bbox 565 3907 689 3973; x_wconf 91' lang='lat' dir='ltr'><strong>soli,</strong></span> <span class='ocrx_word' id='word_1_584' title='bbox 722 3915 781 3962; x_wconf 87' lang='lat' dir='ltr'><strong>ut</strong></span> <span class='ocrx_word' id='word_1_585' title='bbox 804 3920 898 3961; x_wconf 90' lang='lat' dir='ltr'><strong>vos</strong></span> <span class='ocrx_word' id='word_1_586' title='bbox 930 3905 1108 3972; x_wconf 84' lang='lat' dir='ltr'><strong>vultis,</strong></span> <span class='ocrx_word' id='word_1_587' title='bbox 1159 3906 1420 3973; x_wconf 70' lang='lat' dir='ltr'><strong>haeredes,</strong></span> <span class='ocrx_word' id='word_1_588' title='bbox 1475 3921 1578 3960; x_wconf 92' lang='lat' dir='ltr'><strong>non</strong></span> <span class='ocrx_word' id='word_1_589' title='bbox 1618 3905 1846 3960; x_wconf 89' lang='lat' dir='ltr'><strong>reddidit</strong></span> <span class='ocrx_word' id='word_1_590' title='bbox 1894 3906 2034 3961; x_wconf 89' lang='lat' dir='ltr'><strong>Deus</strong></span> 
     </span>
    </p>
   </div>
   <div class='ocr_carea' id='block_1_71' title="bbox 464 3999 2036 4070">
    <p class='ocr_par' dir='ltr' id='par_1_71' title="bbox 464 3999 2036 4070">
     <span class='ocr_line' id='line_1_71' title="bbox 464 3999 2036 4070; baseline 0 -15"><span class='ocrx_word' id='word_1_591' title='bbox 464 3999 692 4064; x_wconf 65' lang='lat' dir='ltr'><strong>Abrahae</strong></span> <span class='ocrx_word' id='word_1_592' title='bbox 719 4000 858 4070; x_wconf 90' lang='lat' dir='ltr'><strong>quod</strong></span> <span class='ocrx_word' id='word_1_593' title='bbox 914 3999 1157 4068; x_wconf 88' lang='lat' dir='ltr'><strong>promisit</strong></span> <span class='ocrx_word' id='word_1_594' title='bbox 1199 3999 1570 4069; x_wconf 86' lang='lat' dir='ltr'><strong>perjustitiam</strong></span> <span class='ocrx_word' id='word_1_595' title='bbox 1602 4008 1659 4054; x_wconf 93' lang='lat' dir='ltr'><strong>ut</strong></span> <span class='ocrx_word' id='word_1_596' title='bbox 1699 4009 1848 4069; x_wconf 85' lang='lat' dir='ltr'><strong>pater</strong></span> <span class='ocrx_word' id='word_1_597' title='bbox 1890 4009 2036 4055; x_wconf 87' lang='lat' dir='ltr'><strong>esset</strong></span> 
     </span>
    </p>
   </div>
   <div class='ocr_carea' id='block_1_72' title="bbox 459 4091 2030 4164">
    <p class='ocr_par' dir='ltr' id='par_1_72' title="bbox 459 4091 2030 4164">
     <span class='ocr_line' id='line_1_72' title="bbox 459 4091 2030 4164; baseline -0.004 -12"><span class='ocrx_word' id='word_1_598' title='bbox 459 4092 748 4152; x_wconf 87' lang='lat' dir='ltr'><strong>multarum</strong></span> <span class='ocrx_word' id='word_1_599' title='bbox 789 4094 1046 4164; x_wconf 88' lang='lat' dir='ltr'><strong>gentium,</strong></span> <span class='ocrx_word' id='word_1_600' title='bbox 1073 4104 1124 4147; x_wconf 91' lang='lat' dir='ltr'><strong>et</strong></span> <span class='ocrx_word' id='word_1_601' title='bbox 1155 4093 1362 4146; x_wconf 89' lang='lat' dir='ltr'><strong>videtur</strong></span> <span class='ocrx_word' id='word_1_602' title='bbox 1386 4093 1503 4146; x_wconf 92' lang='lat' dir='ltr'><strong>sine</strong></span> <span class='ocrx_word' id='word_1_603' title='bbox 1533 4107 1689 4146; x_wconf 87' lang='lat' dir='ltr'><strong>causa</strong></span> <span class='ocrx_word' id='word_1_604' title='bbox 1719 4091 2030 4147; x_wconf 71' lang='lat' dir='ltr'><strong>credidisse.</strong></span> 
     </span>
    </p>
   </div>
   <div class='ocr_carea' id='block_1_73' title="bbox 458 4181 2034 4257">
    <p class='ocr_par' dir='ltr' id='par_1_73' title="bbox 458 4181 2034 4257">
     <span class='ocr_line' id='line_1_73' title="bbox 458 4181 2034 4257; baseline 0.001 -18"><span class='ocrx_word' id='word_1_605' title='bbox 458 4181 566 4240; x_wconf 88' lang='lat' dir='ltr'><strong>Sed</strong></span> <span class='ocrx_word' id='word_1_606' title='bbox 599 4198 704 4240; x_wconf 91' lang='lat' dir='ltr'><strong>non</strong></span> <span class='ocrx_word' id='word_1_607' title='bbox 733 4185 806 4240; x_wconf 88' lang='lat' dir='ltr'><strong>ita</strong></span> <span class='ocrx_word' id='word_1_608' title='bbox 829 4193 945 4240; x_wconf 88' lang='lat' dir='ltr'><strong>est:</strong></span> <span class='ocrx_word' id='word_1_609' title='bbox 971 4199 1089 4239; x_wconf 83' lang='lat' dir='ltr'><strong>nam</strong></span> <span class='ocrx_word' id='word_1_610' title='bbox 1118 4186 1357 4253; x_wconf 85' lang='lat' dir='ltr'><strong>implevit</strong></span> <span class='ocrx_word' id='word_1_611' title='bbox 1389 4186 1526 4240; x_wconf 89' lang='lat' dir='ltr'><strong>Deus</strong></span> <span class='ocrx_word' id='word_1_612' title='bbox 1551 4186 1775 4240; x_wconf 71' lang='lat' dir='ltr'><strong>Abrahae</strong></span> <span class='ocrx_word' id='word_1_613' title='bbox 1804 4187 2034 4257; x_wconf 88' lang='lat' dir='ltr'><strong>promis-</strong></span> 
     </span>
    </p>
   </div>
   <div class='ocr_carea' id='block_1_74' title="bbox 454 4277 2033 4349">
    <p class='ocr_par' dir='ltr' id='par_1_74' title="bbox 454 4277 2033 4349">
     <span class='ocr_line' id='line_1_74' title="bbox 454 4277 2033 4349; baseline -0.001 -15"><span class='ocrx_word' id='word_1_614' title='bbox 454 4277 684 4347; x_wconf 82' lang='lat' dir='ltr'><strong>sionem,</strong></span> <span class='ocrx_word' id='word_1_615' title='bbox 717 4279 841 4349; x_wconf 89' lang='lat' dir='ltr'><strong>quia</strong></span> <span class='ocrx_word' id='word_1_616' title='bbox 869 4293 933 4334; x_wconf 82' lang='lat' dir='ltr'><strong>ex</strong></span> <span class='ocrx_word' id='word_1_617' title='bbox 957 4280 1100 4334; x_wconf 92' lang='lat' dir='ltr'><strong>omni</strong></span> <span class='ocrx_word' id='word_1_618' title='bbox 1133 4291 1283 4349; x_wconf 88' lang='lat' dir='ltr'><strong>parte</strong></span> <span class='ocrx_word' id='word_1_619' title='bbox 1303 4279 1488 4334; x_wconf 89' lang='lat' dir='ltr'><strong>mundi</strong></span> <span class='ocrx_word' id='word_1_620' title='bbox 1509 4289 1697 4349; x_wconf 88' lang='lat' dir='ltr'><strong>gentes</strong></span> <span class='ocrx_word' id='word_1_621' title='bbox 1725 4281 1953 4334; x_wconf 89' lang='lat' dir='ltr'><strong>credunt</strong></span> <span class='ocrx_word' id='word_1_622' title='bbox 1980 4281 2033 4333; x_wconf 90' lang='lat' dir='ltr'><strong>in</strong></span> 
     </span>
    </p>
   </div>
   <div class='ocr_carea' id='block_1_75' title="bbox 453 4368 2030 4440">
    <p class='ocr_par' dir='ltr' id='par_1_75' title="bbox 453 4368 2030 4440">
     <span class='ocr_line' id='line_1_75' title="bbox 453 4368 2030 4440; baseline -0.001 -15"><span class='ocrx_word' id='word_1_623' title='bbox 453 4368 686 4426; x_wconf 87' lang='lat' dir='ltr'><strong>Christo.</strong></span> <span class='ocrx_word' id='word_1_624' title='bbox 731 4370 1016 4424; x_wconf 66' lang='lat' dir='ltr'><strong>Exinanita</strong></span> <span class='ocrx_word' id='word_1_625' title='bbox 1067 4380 1138 4424; x_wconf 87' lang='lat' dir='ltr'><strong>est</strong></span> <span class='ocrx_word' id='word_1_626' title='bbox 1187 4370 1335 4440; x_wconf 76' lang='lat' dir='ltr'><strong>ﬁdes,</strong></span> <span class='ocrx_word' id='word_1_627' title='bbox 1382 4371 1573 4425; x_wconf 83' lang='lat' dir='ltr'><strong>abolita</strong></span> <span class='ocrx_word' id='word_1_628' title='bbox 1620 4380 1693 4426; x_wconf 87' lang='lat' dir='ltr'><strong>est</strong></span> <span class='ocrx_word' id='word_1_629' title='bbox 1741 4369 2030 4439; x_wconf 83' lang='lat' dir='ltr'><strong>promissio.</strong></span> 
     </span>
    </p>
   </div>
   <div class='ocr_carea' id='block_1_76' title="bbox 457 4461 2023 4530">
    <p class='ocr_par' dir='ltr' id='par_1_76' title="bbox 457 4461 2023 4530">
     <span class='ocr_line' id='line_1_76' title="bbox 457 4461 2023 4530; baseline 0 -14"><span class='ocrx_word' id='word_1_630' title='bbox 457 4462 596 4530; x_wconf 80' lang='lat' dir='ltr'><strong>Ergo</strong></span> <span class='ocrx_word' id='word_1_631' title='bbox 628 4475 786 4515; x_wconf 90' lang='lat' dir='ltr'><strong>nemo</strong></span> <span class='ocrx_word' id='word_1_632' title='bbox 809 4461 1132 4530; x_wconf 86' lang='lat' dir='ltr'><strong>justiﬁcatur</strong></span> <span class='ocrx_word' id='word_1_633' title='bbox 1165 4476 1228 4514; x_wconf 79' lang='lat' dir='ltr'><strong>ex</strong></span> <span class='ocrx_word' id='word_1_634' title='bbox 1262 4461 1386 4529; x_wconf 88' lang='lat' dir='ltr'><strong>ﬁde,</strong></span> <span class='ocrx_word' id='word_1_635' title='bbox 1432 4475 1531 4518; x_wconf 82' lang='lat' dir='ltr'><strong>nec</strong></span> <span class='ocrx_word' id='word_1_636' title='bbox 1580 4461 1694 4530; x_wconf 90' lang='lat' dir='ltr'><strong>ipse</strong></span> <span class='ocrx_word' id='word_1_637' title='bbox 1735 4462 2023 4516; x_wconf 87' lang='lat' dir='ltr'><strong>Abraham.</strong></span> 
     </span>
    </p>
   </div>
   <div class='ocr_carea' id='block_1_77' title="bbox 458 4551 2026 4622">
    <p class='ocr_par' dir='ltr' id='par_1_77' title="bbox 458 4551 2026 4622">
     <span class='ocr_line' id='line_1_77' title="bbox 458 4551 2026 4622; baseline 0 -16"><span class='ocrx_word' id='word_1_638' title='bbox 458 4551 563 4606; x_wconf 82' lang='lat' dir='ltr'><strong>Sed</strong></span> <span class='ocrx_word' id='word_1_639' title='bbox 587 4554 838 4619; x_wconf 88' lang='lat' dir='ltr'><strong>quoniam</strong></span> <span class='ocrx_word' id='word_1_640' title='bbox 867 4551 996 4605; x_wconf 87' lang='lat' dir='ltr'><strong>ﬁdes</strong></span> <span class='ocrx_word' id='word_1_641' title='bbox 1018 4552 1278 4607; x_wconf 82' lang='lat' dir='ltr'><strong>exinaniri</strong></span> <span class='ocrx_word' id='word_1_642' title='bbox 1307 4568 1415 4607; x_wconf 91' lang='lat' dir='ltr'><strong>non</strong></span> <span class='ocrx_word' id='word_1_643' title='bbox 1446 4561 1640 4622; x_wconf 83' lang='lat' dir='ltr'><strong>potest,</strong></span> <span class='ocrx_word' id='word_1_644' title='bbox 1669 4566 1766 4606; x_wconf 91' lang='lat' dir='ltr'><strong>nec</strong></span> <span class='ocrx_word' id='word_1_645' title='bbox 1797 4554 2026 4620; x_wconf 82' lang='lat' dir='ltr'><strong>promis-</strong></span> 
     </span>
    </p>
   </div>
   <div class='ocr_carea' id='block_1_78' title="bbox 456 4641 2026 4710">
    <p class='ocr_par' dir='ltr' id='par_1_78' title="bbox 456 4641 2026 4710">
     <span class='ocr_line' id='line_1_78' title="bbox 456 4641 2026 4710; baseline -0.001 -15"><span class='ocrx_word' id='word_1_646' title='bbox 456 4641 536 4696; x_wconf 87' lang='lat' dir='ltr'><strong>sio</strong></span> <span class='ocrx_word' id='word_1_647' title='bbox 581 4641 804 4707; x_wconf 80' lang='lat' dir='ltr'><strong>aboleri,</strong></span> <span class='ocrx_word' id='word_1_648' title='bbox 837 4654 1078 4710; x_wconf 80' lang='lat' dir='ltr'><strong>superest</strong></span> <span class='ocrx_word' id='word_1_649' title='bbox 1117 4654 1174 4697; x_wconf 91' lang='lat' dir='ltr'><strong>ut</strong></span> <span class='ocrx_word' id='word_1_650' title='bbox 1221 4659 1325 4698; x_wconf 91' lang='lat' dir='ltr'><strong>non</strong></span> <span class='ocrx_word' id='word_1_651' title='bbox 1364 4643 1435 4698; x_wconf 88' lang='lat' dir='ltr'><strong>sit</strong></span> <span class='ocrx_word' id='word_1_652' title='bbox 1463 4659 1529 4698; x_wconf 80' lang='lat' dir='ltr'><strong>ex</strong></span> <span class='ocrx_word' id='word_1_653' title='bbox 1576 4645 1693 4710; x_wconf 88' lang='lat' dir='ltr'><strong>lege</strong></span> <span class='ocrx_word' id='word_1_654' title='bbox 1723 4643 2026 4709; x_wconf 79' lang='lat' dir='ltr'><strong>luereditas,</strong></span> 
     </span>
    </p>
   </div>
   <div class='ocr_carea' id='block_1_79' title="bbox 456 4733 2027 4804">
    <p class='ocr_par' dir='ltr' id='par_1_79' title="bbox 456 4733 2027 4804">
     <span class='ocr_line' id='line_1_79' title="bbox 456 4733 2027 4804; baseline -0.001 -16"><span class='ocrx_word' id='word_1_655' title='bbox 456 4733 550 4788; x_wconf 89' lang='lat' dir='ltr'><strong>sed</strong></span> <span class='ocrx_word' id='word_1_656' title='bbox 581 4748 672 4803; x_wconf 89' lang='lat' dir='ltr'><strong>per</strong></span> <span class='ocrx_word' id='word_1_657' title='bbox 697 4734 959 4804; x_wconf 88' lang='lat' dir='ltr'><strong>justitiam</strong></span> <span class='ocrx_word' id='word_1_658' title='bbox 987 4735 1129 4789; x_wconf 87' lang='lat' dir='ltr'><strong>ﬁdei.</strong></span> <span class='ocrx_word' id='word_1_659' title='bbox 1156 4735 1265 4791; x_wconf 81' lang='lat' dir='ltr'><strong>Lex</strong></span> <span class='ocrx_word' id='word_1_660' title='bbox 1288 4737 1429 4790; x_wconf 92' lang='lat' dir='ltr'><strong>enim</strong></span> <span class='ocrx_word' id='word_1_661' title='bbox 1459 4742 1679 4804; x_wconf 88' lang='lat' dir='ltr'><strong>peccata</strong></span> <span class='ocrx_word' id='word_1_662' title='bbox 1710 4747 1814 4788; x_wconf 89' lang='lat' dir='ltr'><strong>non</strong></span> <span class='ocrx_word' id='word_1_663' title='bbox 1845 4733 2027 4798; x_wconf 90' lang='lat' dir='ltr'><strong>donat,</strong></span> 
     </span>
    </p>
   </div>
   <div class='ocr_carea' id='block_1_80' title="bbox 455 4823 2032 4899">
    <p class='ocr_par' dir='ltr' id='par_1_80' title="bbox 455 4823 2032 4899">
     <span class='ocr_line' id='line_1_80' title="bbox 455 4823 2032 4899; baseline -0.001 -19"><span class='ocrx_word' id='word_1_664' title='bbox 455 4824 550 4880; x_wconf 84' lang='lat' dir='ltr'><strong>sed</strong></span> <span class='ocrx_word' id='word_1_665' title='bbox 581 4823 782 4880; x_wconf 85' lang='lat' dir='ltr'><strong>indicat</strong></span> <span class='ocrx_word' id='word_1_666' title='bbox 813 4825 983 4899; x_wconf 80' lang='lat' dir='ltr'><strong>[Alias</strong></span> <span class='ocrx_word' id='word_1_667' title='bbox 1010 4827 1222 4882; x_wconf 80' lang='lat' dir='ltr'><strong>vinditnt</strong></span> <span class='ocrx_word' id='word_1_668' title='bbox 1271 4827 1383 4881; x_wconf 79' lang='lat' dir='ltr'><strong>sive</strong></span> <span class='ocrx_word' id='word_1_669' title='bbox 1401 4823 1646 4896; x_wconf 84' lang='lat' dir='ltr'><strong>judicat].</strong></span> <span class='ocrx_word' id='word_1_670' title='bbox 1699 4824 1766 4876; x_wconf 82' lang='lat' dir='ltr'><strong>Et</strong></span> <span class='ocrx_word' id='word_1_671' title='bbox 1788 4823 1906 4878; x_wconf 91' lang='lat' dir='ltr'><strong>ideo</strong></span> <span class='ocrx_word' id='word_1_672' title='bbox 1928 4839 2032 4878; x_wconf 91' lang='lat' dir='ltr'><strong>non</strong></span> 
     </span>
    </p>
   </div>
   <div class='ocr_carea' id='block_1_81' title="bbox 455 4915 2032 4988">
    <p class='ocr_par' dir='ltr' id='par_1_81' title="bbox 455 4915 2032 4988">
     <span class='ocr_line' id='line_1_81' title="bbox 455 4915 2032 4988; baseline 0.001 -20"><span class='ocrx_word' id='word_1_673' title='bbox 455 4923 632 4988; x_wconf 87' lang='lat' dir='ltr'><strong>potest</strong></span> <span class='ocrx_word' id='word_1_674' title='bbox 660 4915 797 4970; x_wconf 89' lang='lat' dir='ltr'><strong>ﬁlios</strong></span> <span class='ocrx_word' id='word_1_675' title='bbox 846 4917 1022 4972; x_wconf 81' lang='lat' dir='ltr'><strong>facere</strong></span> <span class='ocrx_word' id='word_1_676' title='bbox 1069 4918 1322 4982; x_wconf 86' lang='lat' dir='ltr'><strong>Abrahae,</strong></span> <span class='ocrx_word' id='word_1_677' title='bbox 1375 4916 1498 4986; x_wconf 89' lang='lat' dir='ltr'><strong>quia</strong></span> <span class='ocrx_word' id='word_1_678' title='bbox 1546 4915 1838 4970; x_wconf 87' lang='lat' dir='ltr'><strong>secundum</strong></span> <span class='ocrx_word' id='word_1_679' title='bbox 1892 4917 2032 4986; x_wconf 91' lang='lat' dir='ltr'><strong>quod</strong></span> 
     </span>
    </p>
   </div>
   <div class='ocr_carea' id='block_1_82' title="bbox 457 5007 2035 5077">
    <p class='ocr_par' dir='ltr' id='par_1_82' title="bbox 457 5007 2035 5077">
     <span class='ocr_line' id='line_1_82' title="bbox 457 5007 2035 5077; baseline 0.003 -17"><span class='ocrx_word' id='word_1_680' title='bbox 457 5021 643 5062; x_wconf 91' lang='lat' dir='ltr'><strong>omnes</strong></span> <span class='ocrx_word' id='word_1_681' title='bbox 675 5007 774 5064; x_wconf 90' lang='lat' dir='ltr'><strong>sub</strong></span> <span class='ocrx_word' id='word_1_682' title='bbox 815 5019 1034 5076; x_wconf 79' lang='lat' dir='ltr'><strong>peccato</strong></span> <span class='ocrx_word' id='word_1_683' title='bbox 1083 5010 1280 5063; x_wconf 89' lang='lat' dir='ltr'><strong>inventi</strong></span> <span class='ocrx_word' id='word_1_684' title='bbox 1328 5019 1472 5074; x_wconf 88' lang='lat' dir='ltr'><strong>sunt,</strong></span> <span class='ocrx_word' id='word_1_685' title='bbox 1530 5021 1715 5061; x_wconf 90' lang='lat' dir='ltr'><strong>omnes</strong></span> <span class='ocrx_word' id='word_1_686' title='bbox 1759 5019 1910 5064; x_wconf 90' lang='lat' dir='ltr'><strong>erant</strong></span> <span class='ocrx_word' id='word_1_687' title='bbox 1941 5025 2035 5077; x_wconf 91' lang='lat' dir='ltr'><strong>pu-</strong></span> 
     </span>
    </p>
   </div>
   <div class='ocr_carea' id='block_1_83' title="bbox 455 5097 2033 5170">
    <p class='ocr_par' dir='ltr' id='par_1_83' title="bbox 455 5097 2033 5170">
     <span class='ocr_line' id='line_1_83' title="bbox 455 5097 2033 5170; baseline 0.001 -17"><span class='ocrx_word' id='word_1_688' title='bbox 455 5097 663 5155; x_wconf 90' lang='lat' dir='ltr'><strong>niendi.</strong></span> <span class='ocrx_word' id='word_1_689' title='bbox 720 5099 843 5154; x_wconf 86' lang='lat' dir='ltr'><strong>ideo</strong></span> <span class='ocrx_word' id='word_1_690' title='bbox 881 5114 1007 5170; x_wconf 86' lang='lat' dir='ltr'><strong>ergo</strong></span> <span class='ocrx_word' id='word_1_691' title='bbox 1058 5115 1127 5154; x_wconf 86' lang='lat' dir='ltr'><strong>ex</strong></span> <span class='ocrx_word' id='word_1_692' title='bbox 1171 5099 1292 5163; x_wconf 87' lang='lat' dir='ltr'><strong>fide,</strong></span> <span class='ocrx_word' id='word_1_693' title='bbox 1339 5108 1396 5152; x_wconf 90' lang='lat' dir='ltr'><strong>ut</strong></span> <span class='ocrx_word' id='word_1_694' title='bbox 1425 5098 1660 5152; x_wconf 86' lang='lat' dir='ltr'><strong>dimissis</strong></span> <span class='ocrx_word' id='word_1_695' title='bbox 1691 5114 1783 5169; x_wconf 92' lang='lat' dir='ltr'><strong>per</strong></span> <span class='ocrx_word' id='word_1_696' title='bbox 1810 5101 2033 5168; x_wconf 82' lang='lat' dir='ltr'><strong>gratiam</strong></span> 
     </span>
    </p>
   </div>
   <div class='ocr_carea' id='block_1_84' title="bbox 458 5188 2030 5261">
    <p class='ocr_par' dir='ltr' id='par_1_84' title="bbox 458 5188 2030 5261">
     <span class='ocr_line' id='line_1_84' title="bbox 458 5188 2030 5261; baseline 0.001 -17"><span class='ocrx_word' id='word_1_697' title='bbox 458 5192 721 5259; x_wconf 87' lang='lat' dir='ltr'><strong>peccatis,</strong></span> <span class='ocrx_word' id='word_1_698' title='bbox 754 5191 882 5245; x_wconf 84' lang='lat' dir='ltr'><strong>ﬁant</strong></span> <span class='ocrx_word' id='word_1_699' title='bbox 911 5191 1005 5245; x_wconf 88' lang='lat' dir='ltr'><strong>ﬁlii</strong></span> <span class='ocrx_word' id='word_1_700' title='bbox 1038 5191 1285 5245; x_wconf 75' lang='lat' dir='ltr'><strong>Abrahae.</strong></span> <span class='ocrx_word' id='word_1_701' title='bbox 1319 5188 1424 5244; x_wconf 76' lang='lat' dir='ltr'><strong>Lex</strong></span> <span class='ocrx_word' id='word_1_702' title='bbox 1450 5191 1579 5243; x_wconf 89' lang='lat' dir='ltr'><strong>enim</strong></span> <span class='ocrx_word' id='word_1_703' title='bbox 1607 5192 1736 5244; x_wconf 89' lang='lat' dir='ltr'><strong>iram</strong></span> <span class='ocrx_word' id='word_1_704' title='bbox 1773 5201 2030 5261; x_wconf 68' lang='lat' dir='ltr'><strong>speratur.</strong></span> 
     </span>
    </p>
   </div>
   <div class='ocr_carea' id='block_1_85' title="bbox 458 5281 2034 5353">
    <p class='ocr_par' dir='ltr' id='par_1_85' title="bbox 458 5281 2034 5353">
     <span class='ocr_line' id='line_1_85' title="bbox 458 5281 2034 5353; baseline 0.003 -19"><span class='ocrx_word' id='word_1_705' title='bbox 458 5281 594 5347; x_wconf 62' lang='lat' dir='ltr'><strong>Quae</strong></span> <span class='ocrx_word' id='word_1_706' title='bbox 624 5281 836 5350; x_wconf 87' lang='lat' dir='ltr'><strong>injustis</strong></span> <span class='ocrx_word' id='word_1_707' title='bbox 862 5294 945 5337; x_wconf 89' lang='lat' dir='ltr'><strong>est</strong></span> <span class='ocrx_word' id='word_1_708' title='bbox 973 5283 1162 5351; x_wconf 85' lang='lat' dir='ltr'><strong>posita,</strong></span> <span class='ocrx_word' id='word_1_709' title='bbox 1195 5297 1311 5353; x_wconf 81' lang='lat' dir='ltr'><strong>quae</strong></span> <span class='ocrx_word' id='word_1_710' title='bbox 1340 5284 1508 5352; x_wconf 85' lang='lat' dir='ltr'><strong>magis</strong></span> <span class='ocrx_word' id='word_1_711' title='bbox 1536 5284 1769 5352; x_wconf 82' lang='lat' dir='ltr'><strong>gravavit</strong></span> <span class='ocrx_word' id='word_1_712' title='bbox 1812 5298 2034 5352; x_wconf 88' lang='lat' dir='ltr'><strong>peccau-</strong></span> 
     </span>
    </p>
   </div>
   <div class='ocr_carea' id='block_1_86' title="bbox 460 5376 2033 5446">
    <p class='ocr_par' dir='ltr' id='par_1_86' title="bbox 460 5376 2033 5446">
     <span class='ocr_line' id='line_1_86' title="bbox 460 5376 2033 5446; baseline 0.003 -20"><span class='ocrx_word' id='word_1_713' title='bbox 460 5382 563 5437; x_wconf 90' lang='lat' dir='ltr'><strong>tes,</strong></span> <span class='ocrx_word' id='word_1_714' title='bbox 594 5387 696 5426; x_wconf 90' lang='lat' dir='ltr'><strong>non</strong></span> <span class='ocrx_word' id='word_1_715' title='bbox 714 5376 961 5441; x_wconf 87' lang='lat' dir='ltr'><strong>absolvit,</strong></span> <span class='ocrx_word' id='word_1_716' title='bbox 989 5379 1110 5445; x_wconf 82' lang='lat' dir='ltr'><strong>quin</strong></span> <span class='ocrx_word' id='word_1_717' title='bbox 1135 5376 1346 5446; x_wconf 85' lang='lat' dir='ltr'><strong>injustis</strong></span> <span class='ocrx_word' id='word_1_718' title='bbox 1369 5384 1447 5429; x_wconf 85' lang='lat' dir='ltr'><strong>est</strong></span> <span class='ocrx_word' id='word_1_719' title='bbox 1476 5377 1645 5444; x_wconf 85' lang='lat' dir='ltr'><strong>posita</strong></span> <span class='ocrx_word' id='word_1_720' title='bbox 1669 5395 1679 5429; x_wconf 90' lang='lat'>:</span> <span class='ocrx_word' id='word_1_721' title='bbox 1707 5378 1756 5429; x_wconf 89' lang='lat' dir='ltr'><strong>in</strong></span> <span class='ocrx_word' id='word_1_722' title='bbox 1789 5377 2033 5444; x_wconf 71' lang='lat' dir='ltr'><strong>prmsenti</strong></span> 
     </span>
    </p>
   </div>
   <div class='ocr_carea' id='block_1_87' title="bbox 461 5462 2029 5538">
    <p class='ocr_par' dir='ltr' id='par_1_87' title="bbox 461 5462 2029 5538">
     <span class='ocr_line' id='line_1_87' title="bbox 461 5462 2029 5538; baseline 0.004 -23"><span class='ocrx_word' id='word_1_723' title='bbox 461 5462 605 5515; x_wconf 89' lang='lat' dir='ltr'><strong>enim</strong></span> <span class='ocrx_word' id='word_1_724' title='bbox 658 5479 866 5530; x_wconf 84' lang='lat' dir='ltr'><strong>pcenam</strong></span> <span class='ocrx_word' id='word_1_725' title='bbox 900 5469 1381 5538; x_wconf 79' lang='lat' dir='ltr'><strong>trausgressoribus</strong></span> <span class='ocrx_word' id='word_1_726' title='bbox 1429 5469 1709 5524; x_wconf 83' lang='lat' dir='ltr'><strong>inferebat.</strong></span> <span class='ocrx_word' id='word_1_727' title='bbox 1745 5470 1851 5524; x_wconf 76' lang='lat' dir='ltr'><strong>Lex</strong></span> <span class='ocrx_word' id='word_1_728' title='bbox 1889 5469 2029 5522; x_wconf 88' lang='lat' dir='ltr'><strong>enim</strong></span> 
     </span>
    </p>
   </div>
   <div class='ocr_carea' id='block_1_88' title="bbox 460 5551 2033 5632">
    <p class='ocr_par' dir='ltr' id='par_1_88' title="bbox 460 5551 2033 5632">
     <span class='ocr_line' id='line_1_88' title="bbox 460 5551 2033 5632; baseline 0.011 -32"><span class='ocrx_word' id='word_1_729' title='bbox 460 5551 586 5619; x_wconf 88' lang='lat' dir='ltr'><strong>quid</strong></span> <span class='ocrx_word' id='word_1_730' title='bbox 622 5557 759 5607; x_wconf 87' lang='lat' dir='ltr'><strong>aliud</strong></span> <span class='ocrx_word' id='word_1_731' title='bbox 799 5571 954 5625; x_wconf 85' lang='lat' dir='ltr'><strong>quam</strong></span> <span class='ocrx_word' id='word_1_732' title='bbox 995 5564 1103 5615; x_wconf 80' lang='lat' dir='ltr'><strong>sola</strong></span> <span class='ocrx_word' id='word_1_733' title='bbox 1146 5563 1317 5616; x_wconf 87' lang='lat' dir='ltr'><strong>littera</strong></span> <span class='ocrx_word' id='word_1_734' title='bbox 1352 5572 1431 5616; x_wconf 88' lang='lat' dir='ltr'><strong>est</strong></span> <span class='ocrx_word' id='word_1_735' title='bbox 1467 5563 1544 5617; x_wconf 88' lang='lat' dir='ltr'><strong>eis</strong></span> <span class='ocrx_word' id='word_1_736' title='bbox 1571 5563 1656 5632; x_wconf 89' lang='lat' dir='ltr'><strong>qui</strong></span> <span class='ocrx_word' id='word_1_737' title='bbox 1692 5574 1805 5614; x_wconf 67' lang='lat' dir='ltr'><strong>eum</strong></span> <span class='ocrx_word' id='word_1_738' title='bbox 1859 5563 2033 5629; x_wconf 80' lang='lat' dir='ltr'><strong>legere</strong></span> 
     </span>
    </p>
   </div>
   <div class='ocr_carea' id='block_1_89' title="bbox 460 5645 2029 5724">
    <p class='ocr_par' dir='ltr' id='par_1_89' title="bbox 460 5645 2029 5724">
     <span class='ocr_line' id='line_1_89' title="bbox 460 5645 2029 5724; baseline -0.001 -17"><span class='ocrx_word' id='word_1_739' title='bbox 460 5652 747 5707; x_wconf 65' lang='grc' dir='ltr'><strong>ηυνθτυιη,</strong></span> <span class='ocrx_word' id='word_1_740' title='bbox 796 5653 848 5696; x_wconf 74' lang='grc' dir='ltr'>ει</span> <span class='ocrx_word' id='word_1_741' title='bbox 880 5645 1100 5716; x_wconf 86' lang='lat' dir='ltr'><strong>implere</strong></span> <span class='ocrx_word' id='word_1_742' title='bbox 1147 5667 1252 5707; x_wconf 88' lang='lat' dir='ltr'><strong>non</strong></span> <span class='ocrx_word' id='word_1_743' title='bbox 1285 5653 1546 5721; x_wconf 80' lang='lat' dir='ltr'><strong>possunt?</strong></span> <span class='ocrx_word' id='word_1_744' title='bbox 1576 5669 1693 5724; x_wconf 84' lang='lat' dir='ltr'><strong>quae</strong></span> <span class='ocrx_word' id='word_1_745' title='bbox 1724 5652 1916 5707; x_wconf 89' lang='lat' dir='ltr'><strong>talibus</strong></span> <span class='ocrx_word' id='word_1_746' title='bbox 1948 5652 2029 5706; x_wconf 89' lang='lat' dir='ltr'><strong>lit-</strong></span> 
     </span>
    </p>
   </div>
   <div class='ocr_carea' id='block_1_90' title="bbox 412 5731 2032 5816">
    <p class='ocr_par' dir='ltr' id='par_1_90' title="bbox 412 5731 2032 5816">
     <span class='ocr_line' id='line_1_90' title="bbox 412 5731 2032 5816; baseline 0.002 -20"><span class='ocrx_word' id='word_1_747' title='bbox 412 5753 418 5762; x_wconf 81' lang='lat'><strong>‘</strong></span> <span class='ocrx_word' id='word_1_748' title='bbox 460 5735 578 5779; x_wconf 66' lang='grc' dir='ltr'><strong>ῑεη</strong></span> <span class='ocrx_word' id='word_1_749' title='bbox 605 5743 704 5791; x_wconf 65' lang='grc' dir='ltr'><strong>θεῖν</strong></span> <span class='ocrx_word' id='word_1_750' title='bbox 734 5731 852 5796; x_wconf 59' lang='lat' dir='ltr'><strong>(illia</strong></span> <span class='ocrx_word' id='word_1_751' title='bbox 889 5749 993 5791; x_wconf 89' lang='lat' dir='ltr'><strong>non</strong></span> <span class='ocrx_word' id='word_1_752' title='bbox 1020 5754 1100 5796; x_wconf 77' lang='lat' dir='ltr'><strong>est</strong></span> <span class='ocrx_word' id='word_1_753' title='bbox 1127 5744 1351 5814; x_wconf 71' lang='lat' dir='ltr'><strong>adiutrix</strong></span> <span class='ocrx_word' id='word_1_754' title='bbox 1399 5746 1707 5816; x_wconf 86' lang='lat' dir='ltr'><strong>legentium,</strong></span> <span class='ocrx_word' id='word_1_755' title='bbox 1761 5747 1853 5800; x_wconf 90' lang='lat' dir='ltr'><strong>sed</strong></span> <span class='ocrx_word' id='word_1_756' title='bbox 1885 5745 2032 5799; x_wconf 86' lang='lat' dir='ltr'><strong>testis</strong></span> 
     </span>
    </p>
   </div>
   <div class='ocr_carea' id='block_1_91' title="bbox 2061 4514 2116 4573">
    <p class='ocr_par' dir='ltr' id='par_1_91' title="bbox 2061 4514 2116 4573">
     <span class='ocr_line' id='line_1_91' title="bbox 2061 4514 2116 4573; baseline 0 0"><span class='ocrx_word' id='word_1_757' title='bbox 2061 4514 2116 4573; x_wconf 92' lang='lat' dir='ltr'><strong>D</strong></span> 
     </span>
    </p>
   </div>
   <div class='ocr_carea' id='block_1_92' title="bbox 2137 3257 3708 3331">
    <p class='ocr_par' dir='ltr' id='par_1_92' title="bbox 2137 3257 3708 3331">
     <span class='ocr_line' id='line_1_92' title="bbox 2137 3257 3708 3331; baseline 0.005 -18"><span class='ocrx_word' id='word_1_758' title='bbox 2137 3267 2276 3313; x_wconf 86' lang='lat' dir='ltr'><strong>sunt.</strong></span> <span class='ocrx_word' id='word_1_759' title='bbox 2330 3257 2586 3324; x_wconf 83' lang='lat' dir='ltr'><strong>Quamvis</strong></span> <span class='ocrx_word' id='word_1_760' title='bbox 2641 3260 2693 3313; x_wconf 90' lang='lat' dir='ltr'><strong>in</strong></span> <span class='ocrx_word' id='word_1_761' title='bbox 2745 3259 3007 3328; x_wconf 90' lang='lat' dir='ltr'><strong>principio</strong></span> <span class='ocrx_word' id='word_1_762' title='bbox 3046 3261 3310 3314; x_wconf 80' lang='lat' dir='ltr'><strong>vocaverit</strong></span> <span class='ocrx_word' id='word_1_763' title='bbox 3347 3275 3408 3316; x_wconf 88' lang='lat' dir='ltr'><strong>ea</strong></span> <span class='ocrx_word' id='word_1_764' title='bbox 3440 3277 3558 3331; x_wconf 66' lang='lat' dir='ltr'><strong>quae</strong></span> <span class='ocrx_word' id='word_1_765' title='bbox 3602 3281 3708 3321; x_wconf 88' lang='lat' dir='ltr'><strong>non</strong></span> 
     </span>
    </p>
   </div>
   <div class='ocr_carea' id='block_1_93' title="bbox 2137 3349 3709 3425">
    <p class='ocr_par' dir='ltr' id='par_1_93' title="bbox 2137 3349 3709 3425">
     <span class='ocr_line' id='line_1_93' title="bbox 2137 3349 3709 3425; baseline 0.003 -18"><span class='ocrx_word' id='word_1_766' title='bbox 2137 3361 2311 3416; x_wconf 87' lang='lat' dir='ltr'><strong>erant,</strong></span> <span class='ocrx_word' id='word_1_767' title='bbox 2359 3360 2411 3405; x_wconf 89' lang='lat' dir='ltr'><strong>et</strong></span> <span class='ocrx_word' id='word_1_768' title='bbox 2458 3351 2523 3405; x_wconf 88' lang='lat' dir='ltr'><strong>ad</strong></span> <span class='ocrx_word' id='word_1_769' title='bbox 2555 3359 2740 3404; x_wconf 89' lang='lat' dir='ltr'><strong>nutum</strong></span> <span class='ocrx_word' id='word_1_770' title='bbox 2767 3349 3006 3419; x_wconf 88' lang='lat' dir='ltr'><strong>jubentis</strong></span> <span class='ocrx_word' id='word_1_771' title='bbox 3044 3353 3218 3406; x_wconf 85' lang='lat' dir='ltr'><strong>statim</strong></span> <span class='ocrx_word' id='word_1_772' title='bbox 3251 3366 3368 3407; x_wconf 91' lang='lat' dir='ltr'><strong>esse</strong></span> <span class='ocrx_word' id='word_1_773' title='bbox 3407 3367 3709 3425; x_wconf 76' lang='lat' dir='ltr'><strong>cmperunt,</strong></span> 
     </span>
    </p>
   </div>
   <div class='ocr_carea' id='block_1_94' title="bbox 2139 3440 3707 3514">
    <p class='ocr_par' dir='ltr' id='par_1_94' title="bbox 2139 3440 3707 3514">
     <span class='ocr_line' id='line_1_94' title="bbox 2139 3440 3707 3514; baseline 0.004 -18"><span class='ocrx_word' id='word_1_774' title='bbox 2139 3452 2313 3497; x_wconf 88' lang='lat' dir='ltr'><strong>tamen</strong></span> <span class='ocrx_word' id='word_1_775' title='bbox 2347 3441 2430 3496; x_wconf 91' lang='lat' dir='ltr'><strong>hic</strong></span> <span class='ocrx_word' id='word_1_776' title='bbox 2459 3440 2526 3495; x_wconf 92' lang='lat' dir='ltr'><strong>de</strong></span> <span class='ocrx_word' id='word_1_777' title='bbox 2563 3440 2658 3496; x_wconf 88' lang='lat' dir='ltr'><strong>ﬁlii</strong></span> <span class='ocrx_word' id='word_1_778' title='bbox 2701 3441 2978 3510; x_wconf 89' lang='lat' dir='ltr'><strong>desperata</strong></span> <span class='ocrx_word' id='word_1_779' title='bbox 3025 3441 3373 3510; x_wconf 91' lang='lat' dir='ltr'><strong>conceptione</strong></span> <span class='ocrx_word' id='word_1_780' title='bbox 3424 3443 3707 3514; x_wconf 81' lang='lat' dir='ltr'><strong>signiﬁcat.</strong></span> 
     </span>
    </p>
   </div>
   <div class='ocr_carea' id='block_1_95' title="bbox 2141 3532 3708 3602">
    <p class='ocr_par' dir='ltr' id='par_1_95' title="bbox 2141 3532 3708 3602">
     <span class='ocr_line' id='line_1_95' title="bbox 2141 3532 3708 3602; baseline 0.004 -16"><span class='ocrx_word' id='word_1_781' title='bbox 2141 3533 2240 3597; x_wconf 87' lang='lat' dir='ltr'><strong>Qui</strong></span> <span class='ocrx_word' id='word_1_782' title='bbox 2261 3544 2437 3585; x_wconf 85' lang='lat' dir='ltr'><strong>contra</strong></span> <span class='ocrx_word' id='word_1_783' title='bbox 2467 3548 2627 3601; x_wconf 82' lang='lat' dir='ltr'><strong>spem.</strong></span> <span class='ocrx_word' id='word_1_784' title='bbox 2659 3532 2860 3586; x_wconf 81' lang='lat' dir='ltr'><strong>Contra</strong></span> <span class='ocrx_word' id='word_1_785' title='bbox 2877 3547 3032 3602; x_wconf 87' lang='lat' dir='ltr'><strong>spem</strong></span> <span class='ocrx_word' id='word_1_786' title='bbox 3078 3541 3278 3588; x_wconf 67' lang='lat' dir='ltr'><strong>natura:</strong></span> <span class='ocrx_word' id='word_1_787' title='bbox 3305 3543 3422 3588; x_wconf 88' lang='lat' dir='ltr'><strong>erat</strong></span> <span class='ocrx_word' id='word_1_788' title='bbox 3449 3543 3508 3590; x_wconf 89' lang='lat' dir='ltr'><strong>ut</strong></span> <span class='ocrx_word' id='word_1_789' title='bbox 3535 3539 3708 3593; x_wconf 83' lang='lat' dir='ltr'><strong>vetula</strong></span> 
     </span>
    </p>
   </div>
   <div class='ocr_carea' id='block_1_96' title="bbox 2137 3624 3705 3694">
    <p class='ocr_par' dir='ltr' id='par_1_96' title="bbox 2137 3624 3705 3694">
     <span class='ocr_line' id='line_1_96' title="bbox 2137 3624 3705 3694; baseline 0.004 -17"><span class='ocrx_word' id='word_1_790' title='bbox 2137 3633 2368 3694; x_wconf 88' lang='lat' dir='ltr'><strong>pareret,</strong></span> <span class='ocrx_word' id='word_1_791' title='bbox 2399 3634 2452 3676; x_wconf 87' lang='lat' dir='ltr'><strong>et</strong></span> <span class='ocrx_word' id='word_1_792' title='bbox 2494 3638 2677 3679; x_wconf 84' lang='lat' dir='ltr'><strong>semen</strong></span> <span class='ocrx_word' id='word_1_793' title='bbox 2710 3639 2862 3678; x_wconf 91' lang='lat' dir='ltr'><strong>suum</strong></span> <span class='ocrx_word' id='word_1_794' title='bbox 2887 3624 3025 3679; x_wconf 86' lang='lat' dir='ltr'><strong>sicut</strong></span> <span class='ocrx_word' id='word_1_795' title='bbox 3052 3626 3236 3682; x_wconf 86' lang='lat' dir='ltr'><strong>stellas</strong></span> <span class='ocrx_word' id='word_1_796' title='bbox 3265 3626 3385 3681; x_wconf 79' lang='lat' dir='ltr'><strong>cteli</strong></span> <span class='ocrx_word' id='word_1_797' title='bbox 3416 3625 3654 3684; x_wconf 86' lang='lat' dir='ltr'><strong>futurum</strong></span> <span class='ocrx_word' id='word_1_798' title='bbox 3690 3647 3705 3684; x_wconf 90' lang='lat'>:</span> 
     </span>
    </p>
   </div>
   <div class='ocr_carea' id='block_1_97' title="bbox 2137 3715 3710 3791">
    <p class='ocr_par' dir='ltr' id='par_1_97' title="bbox 2137 3715 3710 3791">
     <span class='ocr_line' id='line_1_97' title="bbox 2137 3715 3710 3791; baseline 0.003 -21"><span class='ocrx_word' id='word_1_799' title='bbox 2137 3715 2204 3771; x_wconf 86' lang='lat' dir='ltr'><strong>In</strong></span> <span class='ocrx_word' id='word_1_800' title='bbox 2226 3733 2362 3787; x_wconf 86' lang='lat' dir='ltr'><strong>spem</strong></span> <span class='ocrx_word' id='word_1_801' title='bbox 2392 3716 2628 3770; x_wconf 82' lang='lat' dir='ltr'><strong>credidit.</strong></span> <span class='ocrx_word' id='word_1_802' title='bbox 2666 3717 2719 3770; x_wconf 93' lang='lat' dir='ltr'><strong>ln</strong></span> <span class='ocrx_word' id='word_1_803' title='bbox 2748 3731 2844 3785; x_wconf 88' lang='lat' dir='ltr'><strong>spe</strong></span> <span class='ocrx_word' id='word_1_804' title='bbox 2871 3717 3116 3786; x_wconf 72' lang='lat' dir='ltr'><strong>petentite</strong></span> <span class='ocrx_word' id='word_1_805' title='bbox 3149 3717 3262 3773; x_wconf 89' lang='lat' dir='ltr'><strong>Dei.</strong></span> <span class='ocrx_word' id='word_1_806' title='bbox 3297 3718 3363 3774; x_wconf 85' lang='lat' dir='ltr'><strong>Ut</strong></span> <span class='ocrx_word' id='word_1_807' title='bbox 3393 3719 3537 3788; x_wconf 80' lang='lat' dir='ltr'><strong>ﬁeret</strong></span> <span class='ocrx_word' id='word_1_808' title='bbox 3565 3733 3710 3791; x_wconf 85' lang='lat' dir='ltr'><strong>pater</strong></span> 
     </span>
    </p>
   </div>
   <div class='ocr_carea' id='block_1_98' title="bbox 2137 3808 3705 3882">
    <p class='ocr_par' dir='ltr' id='par_1_98' title="bbox 2137 3808 3705 3882">
     <span class='ocr_line' id='line_1_98' title="bbox 2137 3808 3705 3882; baseline 0.005 -21"><span class='ocrx_word' id='word_1_809' title='bbox 2137 3811 2414 3862; x_wconf 82' lang='lat' dir='ltr'><strong>multarunt</strong></span> <span class='ocrx_word' id='word_1_810' title='bbox 2444 3809 2689 3880; x_wconf 84' lang='lat' dir='ltr'><strong>gentium.</strong></span> <span class='ocrx_word' id='word_1_811' title='bbox 2721 3808 2852 3875; x_wconf 90' lang='lat' dir='ltr'><strong>Quia</strong></span> <span class='ocrx_word' id='word_1_812' title='bbox 2884 3809 3057 3864; x_wconf 87' lang='lat' dir='ltr'><strong>adhuc</strong></span> <span class='ocrx_word' id='word_1_813' title='bbox 3081 3810 3233 3865; x_wconf 89' lang='lat' dir='ltr'><strong>unius</strong></span> <span class='ocrx_word' id='word_1_814' title='bbox 3261 3811 3352 3866; x_wconf 87' lang='lat' dir='ltr'><strong>ﬁlii</strong></span> <span class='ocrx_word' id='word_1_815' title='bbox 3396 3823 3544 3882; x_wconf 90' lang='lat' dir='ltr'><strong>pater</strong></span> <span class='ocrx_word' id='word_1_816' title='bbox 3572 3824 3705 3869; x_wconf 83' lang='lat' dir='ltr'><strong>erat.</strong></span> 
     </span>
    </p>
   </div>
   <div class='ocr_carea' id='block_1_99' title="bbox 2140 3899 3711 3971">
    <p class='ocr_par' dir='ltr' id='par_1_99' title="bbox 2140 3899 3711 3971">
     <span class='ocr_line' id='line_1_99' title="bbox 2140 3899 3711 3971; baseline 0.001 -14"><span class='ocrx_word' id='word_1_817' title='bbox 2140 3899 2431 3957; x_wconf 69' lang='lat' dir='ltr'><strong>Secundum</strong></span> <span class='ocrx_word' id='word_1_818' title='bbox 2460 3902 2596 3971; x_wconf 87' lang='lat' dir='ltr'><strong>quod</strong></span> <span class='ocrx_word' id='word_1_819' title='bbox 2615 3901 2804 3954; x_wconf 87' lang='lat' dir='ltr'><strong>dictum</strong></span> <span class='ocrx_word' id='word_1_820' title='bbox 2831 3910 2902 3954; x_wconf 89' lang='lat' dir='ltr'><strong>est</strong></span> <span class='ocrx_word' id='word_1_821' title='bbox 2931 3916 2947 3954; x_wconf 93' lang='lat'><strong><em>:</em></strong></span> <span class='ocrx_word' id='word_1_822' title='bbox 2982 3900 3076 3955; x_wconf 87' lang='lat' dir='ltr'><strong>Sic</strong></span> <span class='ocrx_word' id='word_1_823' title='bbox 3096 3903 3190 3956; x_wconf 85' lang='lat' dir='ltr'><strong>erit</strong></span> <span class='ocrx_word' id='word_1_824' title='bbox 3219 3918 3387 3956; x_wconf 87' lang='lat' dir='ltr'><strong>semen</strong></span> <span class='ocrx_word' id='word_1_825' title='bbox 3412 3913 3558 3958; x_wconf 84' lang='lat' dir='ltr'><strong>tuum</strong></span> <span class='ocrx_word' id='word_1_826' title='bbox 3581 3906 3711 3959; x_wconf 80' lang='lat' dir='ltr'><strong>sicut</strong></span> 
     </span>
    </p>
   </div>
   <div class='ocr_carea' id='block_1_100' title="bbox 2137 3992 3710 4066">
    <p class='ocr_par' dir='ltr' id='par_1_100' title="bbox 2137 3992 3710 4066">
     <span class='ocr_line' id='line_1_100' title="bbox 2137 3992 3710 4066; baseline 0.004 -20"><span class='ocrx_word' id='word_1_827' title='bbox 2137 3994 2299 4047; x_wconf 66' lang='lat' dir='ltr'><strong>stellis</strong></span> <span class='ocrx_word' id='word_1_828' title='bbox 2323 3993 2435 4045; x_wconf 71' lang='lat' dir='ltr'><strong>creti</strong></span> <span class='ocrx_word' id='word_1_829' title='bbox 2465 4002 2511 4045; x_wconf 90' lang='lat' dir='ltr'><strong>et</strong></span> <span class='ocrx_word' id='word_1_830' title='bbox 2531 4009 2686 4047; x_wconf 87' lang='lat' dir='ltr'><strong>arena</strong></span> <span class='ocrx_word' id='word_1_831' title='bbox 2714 3995 2892 4046; x_wconf 87' lang='lat' dir='ltr'><strong>maris.</strong></span> <span class='ocrx_word' id='word_1_832' title='bbox 2929 3992 3060 4059; x_wconf 90' lang='lat' dir='ltr'><strong>Quia</strong></span> <span class='ocrx_word' id='word_1_833' title='bbox 3089 3993 3380 4051; x_wconf 89' lang='lat' dir='ltr'><strong>scientibus</strong></span> <span class='ocrx_word' id='word_1_834' title='bbox 3432 3996 3602 4066; x_wconf 81' lang='lat' dir='ltr'><strong>legem</strong></span> <span class='ocrx_word' id='word_1_835' title='bbox 3633 3997 3710 4053; x_wconf 85' lang='lat' dir='ltr'><strong>lo-</strong></span> 
     </span>
    </p>
   </div>
   <div class='ocr_carea' id='block_1_101' title="bbox 2138 4085 3709 4159">
    <p class='ocr_par' dir='ltr' id='par_1_101' title="bbox 2138 4085 3709 4159">
     <span class='ocr_line' id='line_1_101' title="bbox 2138 4085 3709 4159; baseline 0.004 -22"><span class='ocrx_word' id='word_1_836' title='bbox 2138 4085 2402 4153; x_wconf 88' lang='lat' dir='ltr'><strong>quebatur</strong></span> <span class='ocrx_word' id='word_1_837' title='bbox 2430 4087 2734 4152; x_wconf 78' lang='lat' dir='ltr'><strong>Apostolus,</strong></span> <span class='ocrx_word' id='word_1_838' title='bbox 2766 4087 2819 4140; x_wconf 88' lang='lat' dir='ltr'><strong>in</strong></span> <span class='ocrx_word' id='word_1_839' title='bbox 2843 4098 3001 4140; x_wconf 91' lang='lat' dir='ltr'><strong>arena</strong></span> <span class='ocrx_word' id='word_1_840' title='bbox 3039 4085 3271 4152; x_wconf 67' lang='lat' dir='ltr'><strong>Judaros,</strong></span> <span class='ocrx_word' id='word_1_841' title='bbox 3304 4087 3354 4141; x_wconf 93' lang='lat' dir='ltr'><strong>in</strong></span> <span class='ocrx_word' id='word_1_842' title='bbox 3386 4089 3551 4144; x_wconf 88' lang='lat' dir='ltr'><strong>stellis</strong></span> <span class='ocrx_word' id='word_1_843' title='bbox 3577 4105 3709 4159; x_wconf 82' lang='lat' dir='ltr'><strong>geu-</strong></span> 
     </span>
    </p>
   </div>
   <div class='ocr_carea' id='block_1_102' title="bbox 2141 4177 3711 4246">
    <p class='ocr_par' dir='ltr' id='par_1_102' title="bbox 2141 4177 3711 4246">
     <span class='ocr_line' id='line_1_102' title="bbox 2141 4177 3711 4246; baseline 0.005 -18"><span class='ocrx_word' id='word_1_844' title='bbox 2141 4184 2241 4239; x_wconf 81' lang='lat' dir='ltr'><strong>tes,</strong></span> <span class='ocrx_word' id='word_1_845' title='bbox 2293 4190 2411 4244; x_wconf 62' lang='lat' dir='ltr'><strong>quae</strong></span> <span class='ocrx_word' id='word_1_846' title='bbox 2440 4178 2668 4230; x_wconf 89' lang='lat' dir='ltr'><strong>credunt</strong></span> <span class='ocrx_word' id='word_1_847' title='bbox 2717 4177 3032 4246; x_wconf 86' lang='lat' dir='ltr'><strong>significavit</strong></span> <span class='ocrx_word' id='word_1_848' title='bbox 3063 4194 3077 4230; x_wconf 87' lang='lat'><strong>:</strong></span> <span class='ocrx_word' id='word_1_849' title='bbox 3108 4177 3227 4232; x_wconf 92' lang='lat' dir='ltr'><strong>illos</strong></span> <span class='ocrx_word' id='word_1_850' title='bbox 3279 4186 3545 4245; x_wconf 88' lang='lat' dir='ltr'><strong>terrenos,</strong></span> <span class='ocrx_word' id='word_1_851' title='bbox 3580 4181 3711 4237; x_wconf 88' lang='lat' dir='ltr'><strong>istos</strong></span> 
     </span>
    </p>
   </div>
   <div class='ocr_carea' id='block_1_103' title="bbox 2139 4267 3708 4340">
    <p class='ocr_par' dir='ltr' id='par_1_103' title="bbox 2139 4267 3708 4340">
     <span class='ocr_line' id='line_1_103' title="bbox 2139 4267 3708 4340; baseline 0.006 -21"><span class='ocrx_word' id='word_1_852' title='bbox 2139 4268 2386 4324; x_wconf 81' lang='lat' dir='ltr'><strong>ctelestes</strong></span> <span class='ocrx_word' id='word_1_853' title='bbox 2407 4267 2645 4338; x_wconf 86' lang='lat' dir='ltr'><strong>intellige</strong></span> <span class='ocrx_word' id='word_1_854' title='bbox 2669 4285 2682 4331; x_wconf 92' lang='lat'><strong>;</strong></span> <span class='ocrx_word' id='word_1_855' title='bbox 2715 4267 2835 4339; x_wconf 84' lang='lat' dir='ltr'><strong>quia</strong></span> <span class='ocrx_word' id='word_1_856' title='bbox 2864 4269 3021 4323; x_wconf 89' lang='lat' dir='ltr'><strong>etiam</strong></span> <span class='ocrx_word' id='word_1_857' title='bbox 3051 4267 3120 4324; x_wconf 92' lang='lat' dir='ltr'><strong>de</strong></span> <span class='ocrx_word' id='word_1_858' title='bbox 3141 4270 3256 4340; x_wconf 90' lang='lat' dir='ltr'><strong>ipso</strong></span> <span class='ocrx_word' id='word_1_859' title='bbox 3272 4284 3468 4339; x_wconf 88' lang='lat' dir='ltr'><strong>genere</strong></span> <span class='ocrx_word' id='word_1_860' title='bbox 3495 4271 3708 4328; x_wconf 60' lang='lat' dir='ltr'><strong>Judazo-</strong></span> 
     </span>
    </p>
   </div>
   <div class='ocr_carea' id='block_1_104' title="bbox 2138 4361 3704 4431">
    <p class='ocr_par' dir='ltr' id='par_1_104' title="bbox 2138 4361 3704 4431">
     <span class='ocr_line' id='line_1_104' title="bbox 2138 4361 3704 4431; baseline 0.001 -15"><span class='ocrx_word' id='word_1_861' title='bbox 2138 4376 2254 4416; x_wconf 90' lang='lat' dir='ltr'><strong>rum</strong></span> <span class='ocrx_word' id='word_1_862' title='bbox 2302 4361 2689 4431; x_wconf 87' lang='lat' dir='ltr'><strong>primitivorum</strong></span> <span class='ocrx_word' id='word_1_863' title='bbox 2739 4362 2998 4428; x_wconf 81' lang='lat' dir='ltr'><strong>Ecclesia,</strong></span> <span class='ocrx_word' id='word_1_864' title='bbox 3029 4377 3145 4430; x_wconf 68' lang='lat' dir='ltr'><strong>quae</strong></span> <span class='ocrx_word' id='word_1_865' title='bbox 3193 4363 3441 4428; x_wconf 87' lang='lat' dir='ltr'><strong>credidit,</strong></span> <span class='ocrx_word' id='word_1_866' title='bbox 3476 4365 3616 4420; x_wconf 84' lang='lat' dir='ltr'><strong>coelo</strong></span> <span class='ocrx_word' id='word_1_867' title='bbox 3652 4375 3704 4421; x_wconf 89' lang='lat' dir='ltr'><strong>et</strong></span> 
     </span>
    </p>
   </div>
   <div class='ocr_carea' id='block_1_105' title="bbox 2139 4455 3706 4528">
    <p class='ocr_par' dir='ltr' id='par_1_105' title="bbox 2139 4455 3706 4528">
     <span class='ocr_line' id='line_1_105' title="bbox 2139 4455 3706 4528; baseline 0.005 -20"><span class='ocrx_word' id='word_1_868' title='bbox 2139 4455 2308 4509; x_wconf 87' lang='lat' dir='ltr'><strong>stellis</strong></span> <span class='ocrx_word' id='word_1_869' title='bbox 2337 4456 2530 4511; x_wconf 91' lang='lat' dir='ltr'><strong>merito</strong></span> <span class='ocrx_word' id='word_1_870' title='bbox 2557 4467 2915 4525; x_wconf 88' lang='lat' dir='ltr'><strong>comparatur.</strong></span> <span class='ocrx_word' id='word_1_871' title='bbox 2946 4455 3004 4508; x_wconf 78' lang='lat' dir='ltr'><strong>Et</strong></span> <span class='ocrx_word' id='word_1_872' title='bbox 3045 4467 3237 4511; x_wconf 87' lang='lat' dir='ltr'><strong>nonest</strong></span> <span class='ocrx_word' id='word_1_873' title='bbox 3265 4458 3556 4527; x_wconf 78' lang='lat' dir='ltr'><strong>inﬁrmatus</strong></span> <span class='ocrx_word' id='word_1_874' title='bbox 3586 4462 3706 4528; x_wconf 76' lang='lat' dir='ltr'><strong>ﬁde,</strong></span> 
     </span>
    </p>
   </div>
   <div class='ocr_carea' id='block_1_106' title="bbox 2139 4549 3712 4622">
    <p class='ocr_par' dir='ltr' id='par_1_106' title="bbox 2139 4549 3712 4622">
     <span class='ocr_line' id='line_1_106' title="bbox 2139 4549 3712 4622; baseline 0.004 -22"><span class='ocrx_word' id='word_1_875' title='bbox 2139 4563 2228 4600; x_wconf 84' lang='lat' dir='ltr'><strong>nec</strong></span> <span class='ocrx_word' id='word_1_876' title='bbox 2259 4549 2592 4602; x_wconf 84' lang='lat' dir='ltr'><strong>consideravit</strong></span> <span class='ocrx_word' id='word_1_877' title='bbox 2615 4562 2795 4620; x_wconf 84' lang='lat' dir='ltr'><strong>corpus</strong></span> <span class='ocrx_word' id='word_1_878' title='bbox 2830 4564 2976 4602; x_wconf 85' lang='lat' dir='ltr'><strong>suum</strong></span> <span class='ocrx_word' id='word_1_879' title='bbox 3004 4560 3312 4617; x_wconf 81' lang='lat' dir='ltr'><strong>emortuum,</strong></span> <span class='ocrx_word' id='word_1_880' title='bbox 3341 4566 3460 4603; x_wconf 90' lang='lat' dir='ltr'><strong>cum</strong></span> <span class='ocrx_word' id='word_1_881' title='bbox 3475 4553 3584 4622; x_wconf 81' lang='lat' dir='ltr'><strong>fere</strong></span> <span class='ocrx_word' id='word_1_882' title='bbox 3599 4571 3712 4608; x_wconf 81' lang='lat' dir='ltr'><strong>cen-</strong></span> 
     </span>
    </p>
   </div>
   <div class='ocr_carea' id='block_1_107' title="bbox 2141 4642 3712 4706">
    <p class='ocr_par' dir='ltr' id='par_1_107' title="bbox 2141 4642 3712 4706">
     <span class='ocr_line' id='line_1_107' title="bbox 2141 4642 3712 4706; baseline 0.006 -15"><span class='ocrx_word' id='word_1_883' title='bbox 2141 4647 2250 4692; x_wconf 88' lang='lat' dir='ltr'><strong>tum</strong></span> <span class='ocrx_word' id='word_1_884' title='bbox 2279 4655 2528 4693; x_wconf 83' lang='lat' dir='ltr'><strong>annorum</strong></span> <span class='ocrx_word' id='word_1_885' title='bbox 2553 4651 2702 4706; x_wconf 84' lang='lat' dir='ltr'><strong>esset,</strong></span> <span class='ocrx_word' id='word_1_886' title='bbox 2736 4649 2780 4694; x_wconf 87' lang='lat' dir='ltr'><strong>et</strong></span> <span class='ocrx_word' id='word_1_887' title='bbox 2829 4651 3104 4694; x_wconf 88' lang='lat' dir='ltr'><strong>emortuam</strong></span> <span class='ocrx_word' id='word_1_888' title='bbox 3147 4642 3345 4694; x_wconf 80' lang='lat' dir='ltr'><strong>ruivam</strong></span> <span class='ocrx_word' id='word_1_889' title='bbox 3375 4643 3541 4699; x_wconf 70' lang='lat' dir='ltr'><strong>Sara‘.</strong></span> <span class='ocrx_word' id='word_1_890' title='bbox 3574 4645 3712 4701; x_wconf 82' lang='lat' dir='ltr'><strong>Nihil</strong></span> 
     </span>
    </p>
   </div>
   <div class='ocr_carea' id='block_1_108' title="bbox 2142 4732 3714 4806">
    <p class='ocr_par' dir='ltr' id='par_1_108' title="bbox 2142 4732 3714 4806">
     <span class='ocr_line' id='line_1_108' title="bbox 2142 4732 3714 4806; baseline 0.003 -19"><span class='ocrx_word' id='word_1_891' title='bbox 2142 4743 2347 4787; x_wconf 70' lang='lat' dir='ltr'><strong>natura:</strong></span> <span class='ocrx_word' id='word_1_892' title='bbox 2389 4733 2695 4790; x_wconf 80' lang='lat' dir='ltr'><strong>considerat</strong></span> <span class='ocrx_word' id='word_1_893' title='bbox 2724 4732 2856 4786; x_wconf 87' lang='lat' dir='ltr'><strong>ﬁdes</strong></span> <span class='ocrx_word' id='word_1_894' title='bbox 2891 4748 2905 4786; x_wconf 89' lang='lat'><strong>:</strong></span> <span class='ocrx_word' id='word_1_895' title='bbox 2936 4733 3055 4802; x_wconf 84' lang='lat' dir='ltr'><strong>quia</strong></span> <span class='ocrx_word' id='word_1_896' title='bbox 3085 4735 3134 4786; x_wconf 92' lang='lat' dir='ltr'><strong>in</strong></span> <span class='ocrx_word' id='word_1_897' title='bbox 3187 4733 3268 4786; x_wconf 82' lang='lat' dir='ltr'><strong>his</strong></span> <span class='ocrx_word' id='word_1_898' title='bbox 3291 4750 3408 4803; x_wconf 72' lang='lat' dir='ltr'><strong>qum</strong></span> <span class='ocrx_word' id='word_1_899' title='bbox 3455 4738 3714 4806; x_wconf 87' lang='lat' dir='ltr'><strong>promittit</strong></span> 
     </span>
    </p>
   </div>
   <div class='ocr_carea' id='block_1_109' title="bbox 2146 4824 3711 4898">
    <p class='ocr_par' dir='ltr' id='par_1_109' title="bbox 2146 4824 3711 4898">
     <span class='ocr_line' id='line_1_109' title="bbox 2146 4824 3711 4898; baseline 0.001 -18"><span class='ocrx_word' id='word_1_900' title='bbox 2146 4826 2309 4892; x_wconf 88' lang='lat' dir='ltr'><strong>Deus,</strong></span> <span class='ocrx_word' id='word_1_901' title='bbox 2337 4824 2490 4879; x_wconf 83' lang='lat' dir='ltr'><strong>facile</strong></span> <span class='ocrx_word' id='word_1_902' title='bbox 2520 4835 2703 4879; x_wconf 86' lang='lat' dir='ltr'><strong>natura</strong></span> <span class='ocrx_word' id='word_1_903' title='bbox 2727 4841 2822 4878; x_wconf 90' lang='lat' dir='ltr'><strong>suo</strong></span> <span class='ocrx_word' id='word_1_904' title='bbox 2849 4826 3013 4879; x_wconf 89' lang='lat' dir='ltr'><strong>servit</strong></span> <span class='ocrx_word' id='word_1_905' title='bbox 3035 4827 3256 4880; x_wconf 90' lang='lat' dir='ltr'><strong>auctori.</strong></span> <span class='ocrx_word' id='word_1_906' title='bbox 3283 4826 3552 4891; x_wconf 75' lang='lat' dir='ltr'><strong>Quzeritur</strong></span> <span class='ocrx_word' id='word_1_907' title='bbox 3580 4844 3711 4898; x_wconf 85' lang='lat' dir='ltr'><strong>quo-</strong></span> 
     </span>
    </p>
   </div>
   <div class='ocr_carea' id='block_1_110' title="bbox 2144 4917 3713 4988">
    <p class='ocr_par' dir='ltr' id='par_1_110' title="bbox 2144 4917 3713 4988">
     <span class='ocr_line' id='line_1_110' title="bbox 2144 4917 3713 4988; baseline 0.001 -15"><span class='ocrx_word' id='word_1_908' title='bbox 2144 4917 2301 4973; x_wconf 90' lang='lat' dir='ltr'><strong>modo</strong></span> <span class='ocrx_word' id='word_1_909' title='bbox 2332 4917 2602 4971; x_wconf 86' lang='lat' dir='ltr'><strong>Abraham</strong></span> <span class='ocrx_word' id='word_1_910' title='bbox 2655 4929 2838 4986; x_wconf 91' lang='lat' dir='ltr'><strong>postea</strong></span> <span class='ocrx_word' id='word_1_911' title='bbox 2881 4918 2946 4972; x_wconf 88' lang='lat' dir='ltr'><strong>de</strong></span> <span class='ocrx_word' id='word_1_912' title='bbox 2975 4918 3206 4971; x_wconf 75' lang='lat' dir='ltr'><strong>Cethura</strong></span> <span class='ocrx_word' id='word_1_913' title='bbox 3252 4917 3391 4971; x_wconf 88' lang='lat' dir='ltr'><strong>ﬁlios</strong></span> <span class='ocrx_word' id='word_1_914' title='bbox 3421 4933 3713 4988; x_wconf 87' lang='lat' dir='ltr'><strong>generave-</strong></span> 
     </span>
    </p>
   </div>
   <div class='ocr_carea' id='block_1_111' title="bbox 2144 5010 3713 5080">
    <p class='ocr_par' dir='ltr' id='par_1_111' title="bbox 2144 5010 3713 5080">
     <span class='ocr_line' id='line_1_111' title="bbox 2144 5010 3713 5080; baseline 0.002 -15"><span class='ocrx_word' id='word_1_915' title='bbox 2144 5011 2233 5076; x_wconf 90' lang='lat' dir='ltr'><strong>rit,</strong></span> <span class='ocrx_word' id='word_1_916' title='bbox 2261 5011 2350 5080; x_wconf 91' lang='lat' dir='ltr'><strong>qui</strong></span> <span class='ocrx_word' id='word_1_917' title='bbox 2382 5010 2448 5066; x_wconf 88' lang='lat' dir='ltr'><strong>de</strong></span> <span class='ocrx_word' id='word_1_918' title='bbox 2476 5011 2608 5067; x_wconf 89' lang='lat' dir='ltr'><strong>Sara</strong></span> <span class='ocrx_word' id='word_1_919' title='bbox 2636 5021 2757 5067; x_wconf 84' lang='lat' dir='ltr'><strong>ante</strong></span> <span class='ocrx_word' id='word_1_920' title='bbox 2779 5026 2880 5065; x_wconf 91' lang='lat' dir='ltr'><strong>non</strong></span> <span class='ocrx_word' id='word_1_921' title='bbox 2911 5012 3098 5080; x_wconf 88' lang='lat' dir='ltr'><strong>potuit.</strong></span> <span class='ocrx_word' id='word_1_922' title='bbox 3127 5012 3327 5066; x_wconf 84' lang='lat' dir='ltr'><strong>Idcirco</strong></span> <span class='ocrx_word' id='word_1_923' title='bbox 3357 5013 3421 5066; x_wconf 93' lang='lat' dir='ltr'><strong>de</strong></span> <span class='ocrx_word' id='word_1_924' title='bbox 3451 5013 3585 5068; x_wconf 85' lang='lat' dir='ltr'><strong>Sara</strong></span> <span class='ocrx_word' id='word_1_925' title='bbox 3613 5029 3713 5068; x_wconf 91' lang='lat' dir='ltr'><strong>non</strong></span> 
     </span>
    </p>
   </div>
   <div class='ocr_carea' id='block_1_112' title="bbox 2141 5103 3715 5174">
    <p class='ocr_par' dir='ltr' id='par_1_112' title="bbox 2141 5103 3715 5174">
     <span class='ocr_line' id='line_1_112' title="bbox 2141 5103 3715 5174; baseline 0.001 -17"><span class='ocrx_word' id='word_1_926' title='bbox 2141 5106 2345 5173; x_wconf 86' lang='lat' dir='ltr'><strong>genuit,</strong></span> <span class='ocrx_word' id='word_1_927' title='bbox 2375 5103 2496 5173; x_wconf 90' lang='lat' dir='ltr'><strong>quia</strong></span> <span class='ocrx_word' id='word_1_928' title='bbox 2525 5119 2660 5157; x_wconf 84' lang='lat' dir='ltr'><strong>anus</strong></span> <span class='ocrx_word' id='word_1_929' title='bbox 2707 5113 2823 5158; x_wconf 86' lang='lat' dir='ltr'><strong>erat</strong></span> <span class='ocrx_word' id='word_1_930' title='bbox 2860 5114 2916 5158; x_wconf 83' lang='lat' dir='ltr'><strong>et</strong></span> <span class='ocrx_word' id='word_1_931' title='bbox 2950 5104 3167 5157; x_wconf 89' lang='lat' dir='ltr'><strong>sterilis.</strong></span> <span class='ocrx_word' id='word_1_932' title='bbox 3200 5104 3273 5158; x_wconf 90' lang='lat' dir='ltr'><strong>De</strong></span> <span class='ocrx_word' id='word_1_933' title='bbox 3312 5103 3401 5158; x_wconf 87' lang='lat' dir='ltr'><strong>illa</strong></span> <span class='ocrx_word' id='word_1_934' title='bbox 3447 5120 3574 5159; x_wconf 84' lang='lat' dir='ltr'><strong>vero</strong></span> <span class='ocrx_word' id='word_1_935' title='bbox 3603 5121 3715 5174; x_wconf 76' lang='lat' dir='ltr'><strong>qua:</strong></span> 
     </span>
    </p>
   </div>
   <div class='ocr_carea' id='block_1_113' title="bbox 2142 5193 3713 5266">
    <p class='ocr_par' dir='ltr' id='par_1_113' title="bbox 2142 5193 3713 5266">
     <span class='ocr_line' id='line_1_113' title="bbox 2142 5193 3713 5266; baseline 0.001 -17"><span class='ocrx_word' id='word_1_936' title='bbox 2142 5196 2195 5250; x_wconf 92' lang='lat' dir='ltr'><strong>in</strong></span> <span class='ocrx_word' id='word_1_937' title='bbox 2219 5196 2389 5250; x_wconf 62' lang='lat' dir='ltr'><strong>sitatis</strong></span> <span class='ocrx_word' id='word_1_938' title='bbox 2416 5195 2698 5263; x_wconf 84' lang='lat' dir='ltr'><strong>juventute</strong></span> <span class='ocrx_word' id='word_1_939' title='bbox 2724 5195 2891 5264; x_wconf 80' lang='lat' dir='ltr'><strong>positu</strong></span> <span class='ocrx_word' id='word_1_940' title='bbox 2926 5203 3059 5260; x_wconf 89' lang='lat' dir='ltr'><strong>erat,</strong></span> <span class='ocrx_word' id='word_1_941' title='bbox 3099 5193 3250 5248; x_wconf 77' lang='lat' dir='ltr'><strong>facile</strong></span> <span class='ocrx_word' id='word_1_942' title='bbox 3277 5196 3441 5250; x_wconf 90' lang='lat' dir='ltr'><strong>valuit</strong></span> <span class='ocrx_word' id='word_1_943' title='bbox 3465 5212 3713 5266; x_wconf 85' lang='lat' dir='ltr'><strong>procrea-</strong></span> 
     </span>
    </p>
   </div>
   <div class='ocr_carea' id='block_1_114' title="bbox 2144 5286 3712 5358">
    <p class='ocr_par' dir='ltr' id='par_1_114' title="bbox 2144 5286 3712 5358">
     <span class='ocr_line' id='line_1_114' title="bbox 2144 5286 3712 5358; baseline 0 -17"><span class='ocrx_word' id='word_1_944' title='bbox 2144 5291 2209 5344; x_wconf 82' lang='lat' dir='ltr'><strong>ri.</strong></span> <span class='ocrx_word' id='word_1_945' title='bbox 2230 5287 2294 5341; x_wconf 84' lang='lat' dir='ltr'><strong>In</strong></span> <span class='ocrx_word' id='word_1_946' title='bbox 2316 5289 2701 5358; x_wconf 69' lang='lat' dir='ltr'><strong>repromissione</strong></span> <span class='ocrx_word' id='word_1_947' title='bbox 2722 5296 2887 5340; x_wconf 85' lang='lat' dir='ltr'><strong>autem</strong></span> <span class='ocrx_word' id='word_1_948' title='bbox 2911 5286 3003 5341; x_wconf 85' lang='lat' dir='ltr'><strong>Dei</strong></span> <span class='ocrx_word' id='word_1_949' title='bbox 3022 5302 3122 5340; x_wconf 82' lang='lat' dir='ltr'><strong>non</strong></span> <span class='ocrx_word' id='word_1_950' title='bbox 3148 5287 3396 5340; x_wconf 74' lang='lat' dir='ltr'><strong>liwsitarit</strong></span> <span class='ocrx_word' id='word_1_951' title='bbox 3416 5290 3712 5358; x_wconf 72' lang='lat' dir='ltr'><strong>ili/ﬁdentia,</strong></span> 
     </span>
    </p>
   </div>
   <div class='ocr_carea' id='block_1_115' title="bbox 2141 5377 3718 5448">
    <p class='ocr_par' dir='ltr' id='par_1_115' title="bbox 2141 5377 3718 5448">
     <span class='ocr_line' id='line_1_115' title="bbox 2141 5377 3718 5448; baseline 0.003 -17"><span class='ocrx_word' id='word_1_952' title='bbox 2141 5379 2230 5431; x_wconf 81' lang='lat' dir='ltr'><strong>sed</strong></span> <span class='ocrx_word' id='word_1_953' title='bbox 2249 5379 2558 5448; x_wconf 76' lang='lat' dir='ltr'><strong>confortatus</strong></span> <span class='ocrx_word' id='word_1_954' title='bbox 2584 5387 2655 5431; x_wconf 83' lang='lat' dir='ltr'><strong>est</strong></span> <span class='ocrx_word' id='word_1_955' title='bbox 2679 5378 2803 5446; x_wconf 78' lang='lat' dir='ltr'><strong>ﬁde,</strong></span> <span class='ocrx_word' id='word_1_956' title='bbox 2835 5377 2961 5430; x_wconf 88' lang='lat' dir='ltr'><strong>dans</strong></span> <span class='ocrx_word' id='word_1_957' title='bbox 2992 5377 3208 5445; x_wconf 83' lang='lat' dir='ltr'><strong>gloriam</strong></span> <span class='ocrx_word' id='word_1_958' title='bbox 3244 5377 3373 5432; x_wconf 82' lang='lat' dir='ltr'><strong>Deo.</strong></span> <span class='ocrx_word' id='word_1_959' title='bbox 3398 5377 3508 5434; x_wconf 87' lang='lat' dir='ltr'><strong>Nec</strong></span> <span class='ocrx_word' id='word_1_960' title='bbox 3537 5380 3605 5434; x_wconf 88' lang='lat' dir='ltr'><strong>de</strong></span> <span class='ocrx_word' id='word_1_961' title='bbox 3630 5393 3718 5435; x_wconf 85' lang='lat' dir='ltr'><strong>se-</strong></span> 
     </span>
    </p>
   </div>
   <div class='ocr_carea' id='block_1_116' title="bbox 2144 5468 3717 5541">
    <p class='ocr_par' dir='ltr' id='par_1_116' title="bbox 2144 5468 3717 5541">
     <span class='ocr_line' id='line_1_116' title="bbox 2144 5468 3717 5541; baseline 0.001 -20"><span class='ocrx_word' id='word_1_962' title='bbox 2144 5471 2371 5523; x_wconf 59' lang='lat' dir='ltr'><strong>nectutis</strong></span> <span class='ocrx_word' id='word_1_963' title='bbox 2404 5470 2852 5538; x_wconf 79' lang='lat' dir='ltr'><strong>impossibilitate,</strong></span> <span class='ocrx_word' id='word_1_964' title='bbox 2888 5482 2984 5521; x_wconf 91' lang='lat' dir='ltr'><strong>nec</strong></span> <span class='ocrx_word' id='word_1_965' title='bbox 3011 5468 3079 5523; x_wconf 89' lang='lat' dir='ltr'><strong>de</strong></span> <span class='ocrx_word' id='word_1_966' title='bbox 3109 5469 3482 5538; x_wconf 82' lang='lat' dir='ltr'><strong>promissionis</strong></span> <span class='ocrx_word' id='word_1_967' title='bbox 3512 5471 3717 5541; x_wconf 88' lang='lat' dir='ltr'><strong>magni-</strong></span> 
     </span>
    </p>
   </div>
   <div class='ocr_carea' id='block_1_117' title="bbox 2143 5558 3716 5628">
    <p class='ocr_par' dir='ltr' id='par_1_117' title="bbox 2143 5558 3716 5628">
     <span class='ocr_line' id='line_1_117' title="bbox 2143 5558 3716 5628; baseline 0.002 -16"><span class='ocrx_word' id='word_1_968' title='bbox 2143 5559 2324 5612; x_wconf 87' lang='lat' dir='ltr'><strong>tudine</strong></span> <span class='ocrx_word' id='word_1_969' title='bbox 2371 5558 2672 5613; x_wconf 88' lang='lat' dir='ltr'><strong>dubitavit:</strong></span> <span class='ocrx_word' id='word_1_970' title='bbox 2710 5560 2833 5628; x_wconf 88' lang='lat' dir='ltr'><strong>quia</strong></span> <span class='ocrx_word' id='word_1_971' title='bbox 2879 5572 2980 5612; x_wconf 91' lang='lat' dir='ltr'><strong>non</strong></span> <span class='ocrx_word' id='word_1_972' title='bbox 3035 5558 3098 5613; x_wconf 86' lang='lat' dir='ltr'><strong>ad</strong></span> <span class='ocrx_word' id='word_1_973' title='bbox 3143 5574 3312 5613; x_wconf 89' lang='lat' dir='ltr'><strong>annos</strong></span> <span class='ocrx_word' id='word_1_974' title='bbox 3336 5574 3484 5626; x_wconf 86' lang='lat' dir='ltr'><strong>suos,</strong></span> <span class='ocrx_word' id='word_1_975' title='bbox 3515 5562 3609 5615; x_wconf 87' lang='lat' dir='ltr'><strong>sed</strong></span> <span class='ocrx_word' id='word_1_976' title='bbox 3653 5560 3716 5615; x_wconf 84' lang='lat' dir='ltr'><strong>ad</strong></span> 
     </span>
    </p>
   </div>
   <div class='ocr_carea' id='block_1_118' title="bbox 2141 5649 3712 5720">
    <p class='ocr_par' dir='ltr' id='par_1_118' title="bbox 2141 5649 3712 5720">
     <span class='ocr_line' id='line_1_118' title="bbox 2141 5649 3712 5720; baseline 0.002 -19"><span class='ocrx_word' id='word_1_977' title='bbox 2141 5649 2527 5719; x_wconf 86' lang='lat' dir='ltr'><strong>Omnipotentis</strong></span> <span class='ocrx_word' id='word_1_978' title='bbox 2571 5651 2831 5718; x_wconf 87' lang='lat' dir='ltr'><strong>promissa</strong></span> <span class='ocrx_word' id='word_1_979' title='bbox 2865 5650 3123 5717; x_wconf 81' lang='lat' dir='ltr'><strong>respexit,</strong></span> <span class='ocrx_word' id='word_1_980' title='bbox 3163 5649 3296 5704; x_wconf 63' lang='lat' dir='ltr'><strong>dans</strong></span> <span class='ocrx_word' id='word_1_981' title='bbox 3325 5650 3555 5720; x_wconf 89' lang='lat' dir='ltr'><strong>gloriam</strong></span> <span class='ocrx_word' id='word_1_982' title='bbox 3586 5652 3712 5716; x_wconf 90' lang='lat' dir='ltr'><strong>Deo,</strong></span> 
     </span>
    </p>
   </div>
   <div class='ocr_carea' id='block_1_119' title="bbox 2139 5743 3715 5814">
    <p class='ocr_par' dir='ltr' id='par_1_119' title="bbox 2139 5743 3715 5814">
     <span class='ocr_line' id='line_1_119' title="bbox 2139 5743 3715 5814; baseline -0.001 -16"><span class='ocrx_word' id='word_1_983' title='bbox 2139 5753 2386 5813; x_wconf 82' lang='lat' dir='ltr'><strong>tanquam</strong></span> <span class='ocrx_word' id='word_1_984' title='bbox 2414 5743 2479 5799; x_wconf 89' lang='lat' dir='ltr'><strong>de</strong></span> <span class='ocrx_word' id='word_1_985' title='bbox 2507 5754 2760 5813; x_wconf 88' lang='lat' dir='ltr'><strong>percepto</strong></span> <span class='ocrx_word' id='word_1_986' title='bbox 2787 5745 2984 5814; x_wconf 89' lang='lat' dir='ltr'><strong>gratias</strong></span> <span class='ocrx_word' id='word_1_987' title='bbox 3007 5758 3196 5812; x_wconf 89' lang='lat' dir='ltr'><strong>agens.</strong></span> <span class='ocrx_word' id='word_1_988' title='bbox 3231 5745 3529 5800; x_wconf 83' lang='lat' dir='ltr'><strong>Plenissime</strong></span> <span class='ocrx_word' id='word_1_989' title='bbox 3556 5749 3715 5801; x_wconf 74' lang='lat' dir='ltr'><strong>sciens</strong></span> 
     </span>
    </p>
   </div>
  </div>
