4004 6354
238 312 339 365 457

1089 313 1154 370 ΙΝ
1195 306 1578 370 EPISTOLAM
1622 304 1710 357 At)
1755 304 2080 361 ιιυιιΑΝυδ
2119 306 2653 367 COMMENTARIA.

3414 309 3520 367 4'58

236 432 361 502 quia
388 445 699 502 quacunque
737 430 968 502 promisit
999 429 1153 498 Deus,
1179 440 1354 502 potens
1371 437 1514 484 estet
1539 429 1726 498 facere.
1763 425 1817 481 ld
1849 426 1906 490 Δ
1928 426 2070 496 quod
2117 441 2397 498 speramus
2422 469 2436 492 ,
2487 437 2741 498 quantum
2788 440 2852 482 ex
2883 438 2942 481 se
2985 434 3308 497 praesumere
3340 426 3520 482 nullus

239 537 344 591 est,
377 525 696 582 certissime.
731 525 851 596 Ipse
881 526 1038 593 igitur
1063 523 1220 582 ﬁdem
1270 522 1506 595 gentium
1537 522 1681 590 facit,
1731 522 1819 590 qui

237 626 429 687 potens
461 626 544 674 est
566 617 739 672 facere
775 617 915 687 quod
967 617 1230 688 promisit.
1265 617 1378 685 ipse
1412 630 1540 684 ergo
1569 624 1820 683 operatur

238 709 292 762 in
320 707 572 764 cordibus
605 709 801 772 nostris
835 709 990 766 ﬁdem
1033 710 1168 764 miro
1194 720 1247 765 et
1275 706 1532 764 ineffabili
1575 708 1733 763 modo
1764 715 1822 761 ut

237 801 541 856 credamus.
603 799 731 854 Ideo
778 811 824 854 et
869 812 1158 868 reputatum
1200 812 1274 856 est
1313 800 1392 854 illi
1434 803 1501 855 ad
1543 801 1817 874 justitiam.

241 893 364 948 Non
408 903 479 949 est
509 905 679 947 (intem
728 897 969 966 scriptum
1000 905 1200 950 tantum
1241 905 1446 966 prapter
1485 897 1673 967 ipsum,
1703 897 1822 965 quia

237 996 529 1057 reputatum
558 997 626 1040 est
651 987 744 1040 illi.
765 987 894 1055 Quia
918 989 964 1044 si
986 989 1014 1022 “
1047 989 1293 1044 credidit.
1323 989 1386 1043 Et
1413 989 1587 1053 aliter,
1619 988 1824 1044 Adver-

238 1083 458 1138 tcndum
489 1083 611 1152 quia
643 1085 782 1151 apud
818 1085 982 1140 Deum
1014 1100 1122 1139 non
1175 1085 1346 1139 solum
1377 1085 1592 1140 devotio
1643 1085 1822 1152 operis

238 1172 402 1228 habet
428 1175 698 1240 meritum,
741 1175 833 1229 sed
866 1177 1024 1230 ctiam
1056 1178 1208 1231 ﬁrma
1233 1184 1288 1231 et
1331 1175 1562 1245 perfecta
1594 1176 1825 1230 creduli-

239 1276 339 1322 tas.
377 1267 482 1323 Sed
529 1277 576 1321 et
603 1277 808 1339 propter
853 1285 965 1333 uos,
997 1271 1180 1339 quibus
1228 1272 1569 1339 reputabitur.
1605 1271 1719 1324 Non
1767 1279 1823 1325 ut

238 1361 502 1418 sciremus
530 1370 730 1422 tantum
763 1363 936 1432 qualis
960 1363 1144 1430 fuerit,
1178 1364 1270 1418 sed
1302 1374 1360 1420 ut
1389 1365 1545 1420 nobis
1573 1365 1824 1418 omnibus

239 1454 489 1522 exemplo
538 1456 629 1521 sit,
663 1466 720 1510 ut
763 1456 888 1511 filiis
938 1467 1088 1526 pater
1125 1459 1304 1513 :sicut
1349 1460 1529 1512 omnia
1575 1459 1822 1528 exempla

239 1558 571 1616 sanctorum,
623 1551 737 1605 sive
793 1552 1138 1618 tentationes,
1185 1561 1241 1607 ut
1283 1567 1342 1607 se
1374 1553 1472 1620 ipsi
1498 1553 1719 1618 scirent,
1773 1563 1825 1606 et

240 1656 340 1696 nos
397 1656 580 1696 eorum
636 1642 885 1710 exempla
939 1658 1309 1713 sequeremur.
1373 1644 1498 1698 Ideo
1552 1653 1826 1698 tentantur

241 1733 433 1797 sancti,
468 1741 523 1785 ut
556 1733 653 1802 ipsi
677 1748 736 1788 se
763 1742 1091 1803 agnoscant:
1128 1735 1249 1789 ideo
1278 1735 1487 1805 probati
1529 1736 1826 1805 justiﬁcan-

1927 520 2172 585 auderet,
2205 524 2327 592 quia
2359 525 2413 578 in
2446 524 2556 580 sola
2607 523 2701 578 Dei
2723 522 2920 578 virtute
2955 530 3057 590 est,
3090 531 3149 576 ut
3186 521 3345 575 homo
3375 521 3425 574 in
3457 520 3521 573 ﬁ-

1928 611 2124 668 liorum
2156 614 2248 670 Dei
2279 631 2500 672 numero
2530 616 2700 685 possit
2728 614 3048 680 ascendere;
3071 612 3308 669 ostendit
3341 620 3391 667 et
3423 626 3520 668 nos

1929 705 2127 762 habere
2148 710 2292 764 unde
2317 722 2459 766 recte
2505 719 2560 766 et
2591 711 2707 766 sine
2735 711 2968 779 periculo
2995 709 3307 779 gloriemur.
3334 706 3520 776 Magna

1927 802 2070 856 enim
2091 801 2255 868 gloria
2288 812 2371 857 est
2398 819 2491 870 per
2515 803 2672 858 ﬁdem
2696 817 2757 857 ac
2787 818 2936 873 spem
2960 804 3013 857 in
3042 815 3264 856 numero
3288 800 3517 855 ﬁliorum

1928 889 2026 946 Dei
2046 892 2293 948 adscisci.
2323 895 2377 948 In
2396 910 2489 963 spe
2504 896 2687 965 gloria:
2715 895 2947 949 ﬁliorum
2968 894 3059 948 Dei
3078 894 3207 948 illud
3227 893 3380 947 nobis
3398 905 3522 960 pro-

1928 986 2178 1050 mittitur,
2211 986 2378 1055 quod,
2412 990 2551 1041 sicut
2591 988 2789 1040 dictum
2823 996 2924 1052 est,
2971 1001 3186 1055 sperare
3217 985 3390 1038 nullus
3425 1000 3518 1037 au-

1929 1075 2089 1131 debat
2124 1093 2136 1131 :
2169 1078 2312 1145 quod
2344 1080 2385 1132 si
2421 1078 2555 1132 forte
2587 1080 2637 1132 in
2687 1086 2919 1133 mentem
2970 1079 3191 1146 alicujus
3222 1077 3516 1140 incidisset,

1929 1178 2137 1238 poterat
2167 1171 2434 1225 :cSlitltftt'c
2457 1186 2515 1225 se
2538 1171 2588 1224 in
2625 1170 3006 1239 blasphemiam
3033 1171 3353 1225 incurrisse:
3379 1169 3521 1239 quod

1929 1261 2065 1318 adeo
2096 1277 2345 1333 magnum
2384 1273 2488 1328 est,
2518 1273 2575 1317 ut
2604 1279 2633 1316 a
2663 1264 2846 1318 multis
2880 1279 2973 1332 pro
3011 1264 3122 1332 ipsa
3156 1261 3522 1330 magnitudine

1929 1355 2240 1410 incredibile
2288 1357 2529 1411 videatur
2562 1374 2574 1408 ε
2609 1372 2672 1412 eo
2702 1359 2841 1426 quod
2888 1371 3163 1426 speramus
3194 1357 3418 1425 gloriam
3453 1355 3520 1408 ti-

1930 1448 2119 1503 lioruni
2166 1451 2260 1504 Dei
2291 1465 2386 1505 nos
2413 1459 2815 1505 consecuturus.
2851 1450 2970 1505 Non
3003 1453 3168 1503 solum
3211 1460 3400 1512 autent,
3434 1449 3524 1500 sed

1927 1544 2078 1597 etiam
2118 1545 2468 1609 qloriamurin
2512 1544 2938 1598 tribulationibus.
2975 1544 3097 1596 ldt'O
3137 1544 3189 1595 in
3222 1543 3519 1596 tribulatio-

1930 1635 2086 1688 nibus
2113 1635 2390 1704 gloriatur,
2424 1637 2541 1704 quia
2587 1654 2677 1705 per
2720 1653 2811 1691 eas
2842 1635 3112 1706 patientia:
3145 1634 3311 1688 virtus
3340 1645 3519 1689 osten-

1930 1728 2097 1793 ditur,
2122 1738 2174 1782 ct
2196 1729 2262 1782 de
2294 1729 2541 1798 patientia
2575 1731 2695 1785 fidei
2740 1729 3050 1799 approbatio
3089 1731 3323 1784 nascitur
3355 1746 3368 1780 :
3404 1741 3527 1795 spes

242 1834 349 1889 tur,
384 1832 439 1878 ut
460 1840 558 1879 nos
587 1840 773 1880 eorum
802 1826 1021 1895 vestigia
1051 1827 1462 1896 subsequamur.
1494 1827 1826 1883 Credentibus
1855 1815 1904 1878 B
1935 1835 2062 1876 vero
2091 1822 2157 1876 de
2187 1822 2367 1876 invicti
2400 1821 2560 1876 animi
2593 1824 2903 1890 probatione
2933 1822 3187 1875 nutritur.
3220 1818 3528 1874 Gloriantur

242 1915 294 1968 in
333 1933 467 1983 eum,
504 1919 590 1984 qui
625 1918 887 1972 suscitavit
917 1919 1098 1971 Jcsum
1132 1917 1394 1973 Christum
1425 1920 1702 1974 Dominum
1738 1937 1828 1974 no-

242 2018 407 2062 strum
443 2027 474 2063 a
509 2010 744 2063 mortuis.
778 2010 1069 2065 Videamus
1111 2027 1216 2081 quo
1248 2013 1437 2068 ordine
1471 2014 1573 2067 hoc
1613 2015 1730 2068 loco
1760 2014 1826 2067 ad

242 2099 444 2156 Christi
496 2103 774 2158 transierit
827 2105 1316 2161 resurrectionem:
1352 2105 1532 2173 idest,
1575 2117 1629 2161 et
1675 2106 1828 2162 nobis

245 2194 602 2262 reputabitur,
634 2195 678 2249 si
721 2204 830 2250 tam
881 2196 1114 2264 perfecte
1141 2197 1525 2253 crediderimus
1553 2196 1828 2253 Christum

240 2301 273 2339 a
297 2287 522 2341 mortuis
547 2288 925 2354 rcsurrexisse,
978 2281 1246 2358 quomodo
1268 2290 1357 2343 ille
1380 2291 1605 2345 credidit
1635 2306 1829 2362 corpus

243 2377 394 2434 Sara:
442 2389 743 2434 emortuum
769 2393 936 2448 posse
983 2380 1049 2435 ad
1100 2383 1514 2452 concipiendum
1543 2385 1824 2442 viviﬁcari.

244 2471 352 2538 Qui
398 2473 619 2526 traditus
659 2481 731 2527 ert
777 2483 982 2544 propter
1034 2474 1215 2528 delicta
1248 2485 1446 2530 nostra.
1481 2477 1535 2530 In
1588 2478 1830 2532 traditio-

242 2578 314 2618 ne
356 2563 750 2629 misericordia,
788 2565 840 2619 in
892 2567 1293 2624 resurrectione
1338 2571 1576 2637 potentia
1607 2569 1828 2626 demon-

242 2665 412 2712 strata
453 2664 534 2710 est
562 2672 574 2709 :
602 2665 655 2712 et
684 2665 742 2710 ut.
787 2671 944 2714 nova:
974 2674 1039 2714 ex
1086 2662 1483 2716 resurrectione
1526 2665 1670 2729 vitae,
1711 2680 1831 2734 qua:

243 2756 331 2802 est
367 2746 684 2815 justiﬁeatio
711 2757 914 2815 nostra,
956 2751 1110 2806 nobis
1137 2751 1357 2807 daretur
1379 2758 1726 2824 exemp‘um;
1775 2768 1832 2811 ut

243 2847 466 2909 peccata
504 2850 686 2894 nostra
718 2849 974 2910 portaret,
1020 2854 1263 2899 mortuus
1293 2856 1375 2900 est
1410 2864 1422 2901 :
1453 2849 1748 2904 resurrexit
1777 2859 1833 2904 ιιι

241 2947 346 3003 per
372 2938 819 2989 resurrectionem
842 2951 992 2990 suam
1021 2937 1244 3006 gloriam
1270 2949 1465 2993 DOSU‘CC
1491 2941 1832 3010 justiﬁcatio-

242 3026 334 3080 nis
370 3025 698 3082 ostenderet.
730 3025 798 3080 Et
840 3030 1116 3083 resurrexit
1164 3040 1372 3100 propter
1407 3034 1834 3102 justiﬁcationem

244 3128 503 3176 nostram.
536 3122 658 3178 ideo
686 3135 931 3179 mortuus
968 3135 1068 3192 est,
1105 3135 1162 3180 ιιι
1195 3128 1356 3180 vitam
1390 3131 1615 3183 mortuis
1645 3131 1833 3184 redde-

1933 1929 2062 1984 ergo
2092 1915 2263 1969 sancti
2301 1914 2368 1969 de
2415 1915 2694 1969 tolerantia
2744 1915 3100 1968 tribulationis
3130 1913 3246 1967 sine
3293 1907 3530 1980 periculo

1930 2008 2206 2061 vanitatis.
2238 2006 2354 2061 Non
2385 2007 2557 2062 solum
2601 2008 2740 2062 enim
2773 2007 2825 2061 in
2868 2006 3032 2076 gloria
3073 2005 3208 2074 spei,
3241 2002 3332 2057 sed
3363 2001 3526 2057 etiam

1932 2099 1988 2154 in
2012 2099 2381 2154 saluberrimis
2401 2100 2556 2154 nobis
2580 2099 3334 2166 tribulationibusgloriamur,
3357 2092 3532 2148 scien-

1935 2199 2017 2246 tes
2046 2202 2297 2262 quantam
2332 2192 2522 2246 Itabeat
2556 2190 3064 2253 remunerationem,
3096 2187 3232 2242 sicut
3270 2185 3342 2239 ait
3369 2185 3528 2240 Jaco-

1933 2284 2032 2338 bus
2069 2303 2078 2336 :
2112 2285 2280 2338 Omne
2311 2284 2559 2353 gaudium
2589 2283 2913 2345 existimate,
2948 2282 3143 2333 fratres
3171 2278 3297 2343 mei,
3324 2289 3447 2331 cum
3474 2274 3529 2328 in

1932 2379 2255 2432 tentationes
2277 2378 2448 2431 varias
2480 2376 2795 2430 incidet-itis.
2825 2374 2888 2428 Et
2921 2372 3049 2428 illttd
3075 2389 3089 2425 :
3117 2372 3308 2426 Beatus
3335 2368 3418 2422 vir
3438 2365 3533 2437 qui

1934 2473 2125 2527 suffert
2156 2471 2502 2526 tentationem
2540 2488 2550 2522 :
2585 2471 2703 2539 quia
2735 2484 2856 2522 cum
2895 2467 3148 2536 probatus
3180 2463 3358 2527 fuerit,
3389 2462 3526 2516 acci-

1934 2566 2048 2636 piet
2074 2579 2328 2617 coronam
2352 2565 2496 2616 vita}.
2523 2563 2598 2616 De
2630 2561 2970 2616 tribulatione
2987 2559 3129 2614 enim
3161 2557 3391 2628 gloriosa
3409 2567 3530 2625 per-

1935 2657 2166 2712 mittitur
2207 2656 2360 2710 nobis
2392 2663 2446 2708 ut
2474 2656 2763 2725 gloriemur
2797 2672 2809 2706 :
2843 2654 2984 2725 quod
3030 2662 3083 2707 et
3111 2652 3155 2707 si
3205 2651 3529 2715 fecerimus,

1938 2750 2044 2803 tale
2060 2759 2140 2803 est
2169 2747 2326 2818 quale
2353 2750 2394 2802 si
2415 2749 2553 2816 quis,
2587 2763 2806 2802 nummo
2837 2762 2987 2802 aineo
3009 2755 3099 2800 aut
3120 2745 3370 2815 plumbeo
3399 2756 3530 2798 con-

1937 2849 2161 2911 tempto,
2179 2855 2446 2910 gemmam
2471 2843 2674 2911 regiam
2691 2855 3067 2910 consequatur.
3088 2838 3400 2908 Quanquam
3424 2848 3531 2890 non

1937 2935 2005 2990 sit
2026 2934 2182 3006 digna
2208 2937 2536 3004 comparatio
2570 2954 2579 2987 :
2616 2938 2736 3005 quia
2773 2936 2879 3002 hic,
2912 2935 3158 3004 quamvis
3188 2930 3416 3002 pretium
3448 2928 3533 2983 di-

1938 3037 2063 3092 stet,
2090 3042 2267 3083 manet.
2297 3038 2474 3083 tamen
2517 3030 2794 3096 utriusque
2825 3026 3098 3096 corruptio
3133 3043 3142 3077 :
3178 3024 3246 3078 ibi
3277 3023 3512 3090 derogan

1941 3120 2119 3189 parvis
2151 3136 2364 3189 u'iagna,
2396 3129 2446 3173 et
2488 3120 2702 3174 caducis
2730 3120 3019 3173 sui-cedunt
3049 3127 3268 3172 adorna.
3308 3116 3537 3170 Scienm

243 3224 354 3272 ret.
381 3214 504 3272 Ideo
528 3217 579 3270 in
612 3217 728 3286 ipso
754 3233 982 3283 corpore
1011 3233 1115 3288 quo
1146 3230 1226 3274 est
1259 3221 1543 3276 cruciﬁxus
1567 3225 1832 3293 apparuit,
1865 3205 1912 3270 C
1941 3212 2079 3280 quod
2102 3211 2383 3264 tribulatio.
2407 3211 2542 3264 Sciri
2561 3212 2669 3278 jam
2693 3211 2905 3275 dictur,
2926 3209 3064 3278 quod
3094 3207 3398 3262 ﬁrmissime
3415 3220 3538 3260 cre-

247 3319 315 3366 ut
341 3309 500 3366 ﬁdem
525 3319 684 3380 atque
702 3310 962 3380 justitiam
986 3313 1316 3368 credentium
1333 3317 1699 3383 conﬁrmaret,
1718 3333 1838 3372 cum

249 3403 310 3458 in
339 3400 669 3470 plenitudine
699 3401 1072 3471 promissionis
1099 3403 1326 3460 fructum
1360 3405 1476 3460 sive
1506 3407 1840 3462 credulitatis

247 3505 588 3566 agnosceret.

326 3591 456 3646 Car.
497 3605 552 3644 ν.
581 3587 861 3659 Jurtiﬁcati
881 3591 1057 3662 igitur.
1086 3589 1218 3645 Cum
1245 3590 1417 3647 Judtei
1456 3603 1508 3648 et
1537 3601 1723 3664 gentes
1754 3595 1838 3649 in-

251 3693 341 3740 ter
374 3698 436 3739 se
457 3683 837 3752 disceptarent,
867 3693 921 3739 et
950 3684 1024 3738 illi
1049 3684 1115 3740 de
1140 3687 1369 3756 antiqua:
1397 3686 1528 3756 legis
1561 3689 1837 3756 operibus,

250 3777 313 3832 hi
341 3775 407 3830 de
422 3789 555 3829 nova
571 3773 766 3830 Christi
781 3775 1058 3830 vocatione
1089 3788 1495 3845 praesumerent,
1515 3787 1840 3848 pertractata

249 3883 418 3924 eausa
435 3869 559 3938 quia
583 3883 742 3923 nemo
771 3883 956 3922 eorum
973 3879 1054 3923 est
1076 3884 1139 3923 ex
1165 3871 1356 3925 metito
1373 3885 1470 3924 suo
1491 3869 1835 3942 justiﬁcatus,

249 3962 353 4021 sed
382 3975 570 4018 omnes
597 3977 690 4031 per
711 3963 954 4033 gratiam,
986 3979 1105 4032 quae
1139 3964 1296 4018 ﬁdem
1330 3964 1580 4032 infundit,
1607 3975 1662 4020 et
1695 3967 1838 4021 veri-

250 4064 423 4112 tatem
474 4055 738 4120 ostendit;
799 4063 854 4110 et
886 4057 1026 4124 quod
1081 4072 1178 4110 nec
1224 4071 1414 4126 genus,
1469 4073 1565 4112 nec
1615 4060 1842 4112 circum-

250 4149 412 4215 cisio,
457 4148 550 4204 sed
604 4148 737 4204 ﬁdes
793 4147 948 4202 faciat
997 4147 1132 4202 ﬁlios
1184 4147 1432 4214 Abrahae,
1465 4151 1707 4218 quiante
1737 4152 1842 4204 eir-

250 4243 638 4298 cumcisionem
684 4257 750 4297 ex
803 4242 915 4296 sola
962 4241 1286 4296 credulitate
1334 4241 1662 4311 justiﬁeatus
1714 4252 1838 4298 est:

253 4350 360 4406 qua
390 4335 594 4389 ratione
641 4333 892 4387 conclusa
925 4348 1108 4401 pacem
1140 4347 1232 4387 eos
1269 4333 1470 4387 habere
1497 4333 1743 4388 hortatur
1775 4335 1842 4388 ad

257 4428 450 4491 Deum,
483 4427 605 4494 quia
633 4439 791 4478 nemo
818 4423 928 4478 suis
979 4424 1205 4481 meritis.
1239 4424 1334 4478 sed
1366 4438 1554 4478 omnes
1592 4425 1685 4477 Dei
1724 4440 1846 4494 gra-

257 4522 333 4578 tia
376 4530 432 4573 et
469 4517 836 4572 misericordia
881 4524 1005 4569 sunt
1061 4515 1278 4568 salvati.
1322 4515 1402 4568 Ex
1450 4516 1571 4584 ﬁtte.
1606 4518 1734 4584 Qua:
1779 4533 1844 4571 ex

1947 3303 2109 3356 ditur.
2137 3302 2448 3355 Patientia";
2481 3313 2738 3370 operatur.
2768 3303 2820 3354 In
2848 3301 3188 3355 tribulatione
3209 3308 3426 3369 apparet
3448 3311 3540 3368 pa-

1949 3397 2129 3450 tientia
2177 3395 2288 3450 sivc
2337 3403 2577 3464 augetur.
2614 3395 2809 3463 Optant
2850 3394 3033 3447 ﬁdeles
3077 3391 3272 3462 aliquid
3305 3393 3408 3462 pati
3444 3405 3540 3460 pro

1946 3489 2164 3542 nomine
2190 3486 2420 3550 Domini,
2449 3495 2502 3539 ut
2533 3488 2809 3554 acquii‘ant
2849 3486 2915 3538 de
2939 3483 3280 3538 tribulatione
3308 3483 3536 3536 ﬁnienda

1947 3587 2166 3657 praemia
2199 3589 2314 3642 siue
2355 3589 2457 3641 ﬁne
2491 3601 2762 3640 mansura.
2798 3585 3059 3639 Patientia
3090 3593 3257 3638 autem
3282 3585 3538 3654 probatio-

1945 3704 2101 3743 nem:
2135 3688 2368 3757 probatio
2403 3702 2515 3742 tvero
2537 3704 2694 3752 ενσηι.
2723 3687 2819 3754 Qui
2849 3687 2901 3740 in
2933 3686 3181 3742 omnibus
3203 3687 3410 3756 patiens
3433 3685 3541 3740 fue-

1946 3782 2036 3850 rit,
2069 3783 2320 3852 probatus
2353 3791 2453 3836 est.
2487 3782 2622 3835 Vasa
2667 3783 2807 3834 enim
2839 3781 2982 3851 ﬁguli
3015 3779 3204 3849 probat
3245 3780 3453 3848 fornar,
3486 3787 3542 3835 et

1947 3875 2192 3931 homines
2211 3875 2383 3946 justos
2411 3875 2631 3930 tentatio
2674 3873 3058 3930 tribulationis.
3085 3873 3216 3942 Spes
3245 3885 3415 3928 autem
3437 3890 3539 3927 non

1947 3971 2234 4042 confundit.
2280 3970 2414 4039 Spes
2448 3971 2741 4024 futurorum
2795 3984 3010 4024 omnem
3043 3967 3413 4024 confusionem
3446 3984 3538 4022 ex-

1949 4062 2098 4130 pellit
2125 4064 2490 4130 praasentium,
2520 4061 2661 4115 unde
2705 4061 2954 4129 probatur
2979 4074 3084 4114 non
3130 4059 3328 4115 habere
3358 4074 3532 4132 spem,

1947 4155 2036 4225 qui
2062 4157 2345 4224 prazccptis
2368 4156 2566 4209 Christi
2599 4154 2960 4209 confunditur.
2995 4155 3126 4220 Quia
3167 4155 3389 4208 Charitas
3420 4154 3538 4207 Dei.

1948 4248 2231 4316 Quomodo
2257 4263 2355 4303 nos
2390 4250 2527 4303 Deus
2558 4249 2740 4315 diligat
2779 4265 2841 4301 ex
2874 4247 2971 4299 boe
2997 4247 3390 4316 cognosoimus,
3418 4245 3544 4318 quia

1951 4358 2055 4394 non
2077 4342 2251 4395 solum
2281 4341 2434 4394 nobis
2460 4356 2554 4408 per
2572 4352 2796 4392 mortem
2818 4339 2936 4391 Filii
2963 4339 3043 4390 sui
3067 4344 3283 4406 peccata
3307 4336 3539 4402 dimisit,

1952 4432 2044 4487 sed
2094 4432 2255 4486 etiam
2307 4432 2506 4484 donum
2538 4432 2590 4482 in
2623 4428 2775 4483 nobis
2820 4427 2990 4481 sancti
3018 4425 3247 4497 Spiritus
3278 4425 3541 4494 contulit,

1953 4523 2040 4594 qui
2073 4532 2263 4593 purgat
2287 4533 2337 4574 ct
2368 4521 2638 4575 illuminat
2667 4522 2875 4576 occulta
2901 4520 3162 4588 cordium,
3191 4529 3243 4576 et
3266 4521 3375 4590 jam
3405 4533 3546 4577 nunc

262 4611 377 4665 Deo
398 4616 500 4676 est,
546 4617 602 4662 ut
633 4605 944 4672 credamus;
982 4606 1122 4660 sicut
1158 4615 1210 4660 et
1238 4605 1302 4659 ad
1335 4605 1552 4662 Galatas
1583 4607 1748 4662 dicit:
1777 4612 1847 4665 At

1956 4617 2159 4672 revelat
2184 4616 2406 4685 gloriam
2437 4615 2756 4670 futurorum.
2786 4614 2990 4683 Di/fusa
3018 4617 3166 4670 estin
3192 4602 3426 4688 cordibus
3454 4632 3545 4672 no-

261 4703 352 4758 ubi
385 4701 530 4756 venit
559 4701 715 4769 ﬁdes,
765 4701 874 4771 jam
931 4714 1034 4753 non
1075 4714 1256 4754 sumus
1305 4700 1404 4755 sub
1438 4700 1748 4770 paedagogo.
1781 4701 1847 4755 Et

260 4795 327 4850 ad
368 4795 621 4850 llebrteos
671 4812 684 4845 :
736 4795 1070 4863 Aspicientes
1095 4781 1152 4848 in
1197 4805 1468 4850 anetorcm
1497 4803 1553 4851 et
1591 4811 1844 4850 consum-

260 4896 522 4943 matorum
556 4886 678 4942 ﬁdei
707 4886 890 4942 Jesum
931 4886 1224 4941 Christum.
1257 4884 1446 4940 Pacem
1467 4886 1738 4942 habeamus
1777 4891 1845 4943 ad

262 4980 446 5035 Deum.
476 4979 573 5034 Vel
609 4980 836 5048 subjeeti
862 4980 1029 5034 simus
1057 4980 1168 5035 Deo
1198 4995 1213 5032 :
1243 4981 1326 5035 vel
1369 4995 1551 5050 pacem
1583 4981 1696 5047 Dci,
1741 4999 1846 5038 non

260 5071 440 5126 surculi
473 5071 784 5126 habeamus.
818 5069 919 5124 Per
943 5069 1460 5124 Dominumnostrum
1493 5071 1668 5125 Jesum
1695 5074 1849 5127 C/iri-

261 5171 416 5215 stum.
442 5160 558 5216 Non
586 5177 650 5216 ex
691 5160 964 5230 Operibus,
1011 5177 1097 5230 per
1121 5177 1269 5230 quem
1311 5162 1550 5215 habemus
1593 5180 1850 5219 accessum

263 5269 353 5324 per
363 5253 518 5322 ﬁdem
534 5253 586 5308 iu
605 5253 822 5324 gratiam
839 5255 1005 5306 istam.
1025 5253 1125 5307 Per
1142 5268 1299 5321 quem
1319 5255 1642 5311 accessimus
1665 5273 1848 5325 prope,

264 5349 352 5417 qui
381 5363 595 5403 eramus
626 5349 800 5418 longe.
837 5348 901 5400 In
932 5365 1032 5418 qua
1064 5358 1280 5402 stamus.
1313 5349 1445 5415 Quia
1473 5359 1597 5405 ante
1630 5355 1852 5422 gratiam

263 5443 595 5512 jacebamus.
625 5442 691 5497 Et
718 5444 1001 5514 gloriamur
1024 5446 1076 5497 in
1099 5461 1188 5514 spe
1209 5447 1387 5517 gloriw
1409 5447 1632 5514 ﬁliorum
1659 5447 1772 5503 Dei.
1798 5450 1854 5506 In

268 5539 371 5594 hoc
393 5541 533 5610 quod
555 5540 863 5595 incredibile
887 5539 1114 5608 videtur,
1143 5555 1239 5593 nos
1259 5555 1351 5608 per
1381 5540 1537 5594 ﬁdem
1565 5541 1854 5608 gloriamur

272 5631 497 5686 filiorum
541 5631 634 5688 Dei
667 5648 883 5702 sperare
911 5648 1004 5687 nos
1035 5633 1398 5702 adoptionem,
1431 5641 1744 5706 tantumque
1773 5644 1856 5691 est

344 5823 375 5857 "
406 5823 634 5878 Dclenda
661 5822 873 5878 videtur
902 5823 1211 5894 coniunctio
1235 5827 1298 5879 si.
1327 5823 1482 5881 EDI'I'.

1956 4713 2070 4765 stris
2093 4728 2182 4778 per
2209 4710 2463 4779 Spiritum
2491 4721 2744 4775 sanctum,
2768 4711 2852 4776 qui
2879 4711 3030 4765 datus
3065 4720 3139 4766 est
3160 4712 3322 4767 nobis.
3346 4709 3546 4782 Magni-

1957 4805 2083 4859 tudo
2118 4804 2499 4860 beneficiorum
2531 4801 2726 4858 excitat
2751 4803 2800 4857 in
2825 4818 2884 4858 se
2925 4803 3341 4874 magnitudinem
3368 4801 3546 4858 chari-

1960 4898 2101 4966 tatis,
2137 4913 2253 4968 qua:
2293 4896 2529 4968 perfecta
2562 4896 2752 4949 timere
2795 4911 2898 4950 non
2929 4896 3093 4960 novit,
3121 4910 3294 4966 neque
3323 4894 3546 4950 confun-

1958 4991 2099 5044 ditur
2130 5007 2142 5043 :
2173 5006 2288 5059 quae
2321 5001 2494 5042 tamen
2541 4989 2590 5041 in
2622 4985 2774 5041 nobis
2806 5002 2906 5040 non
2940 5001 3034 5056 per
3075 4988 3347 5058 proprium
3378 4983 3542 5040 meri-

1959 5093 2093 5147 tum,
2126 5083 2216 5137 sed
2267 5097 2356 5150 per
2386 5080 2641 5149 Spiritum
2687 5089 2925 5134 sanctum
2967 5078 3195 5133 donatur
3225 5097 3239 5133 :
3272 5079 3397 5150 quia
3429 5080 3543 5148 ipsa

1960 5176 2193 5229 eltaritas
2227 5174 2502 5244 plenitudo
2555 5173 2685 5242 legis
2736 5187 2853 5227 esse
2907 5173 3266 5242 cognoscitur.
3304 5171 3370 5226 Et
3423 5171 3542 5226 ideo

1961 5280 2120 5321 nemo
2152 5267 2202 5319 in
2234 5281 2311 5331 se,
2348 5264 2440 5319 sed
2474 5264 2526 5318 in
2560 5265 2689 5334 Deo,
2715 5263 2867 5333 cujus
2898 5263 3092 5318 donum
3126 5273 3227 5330 est,
3250 5255 3585 5336 glorieturﬁ

1961 5377 2056 5415 nec
2088 5360 2230 5414 dicat
2263 5374 2276 5412 :
2314 5359 2423 5430 Ego
2464 5358 2688 5413 naturali
2741 5359 2838 5425 legi
2888 5356 3128 5420 credidi,
3172 5366 3225 5412 et
3253 5355 3329 5411 sic
3360 5343 3578 5426 accepi"

1961 5451 2216 5520 Spiritum
2250 5460 2491 5506 sanctum
2528 5465 2541 5503 :
2576 5451 2696 5519 quia
2730 5463 2886 5503 nemo
2916 5451 3167 5519 praevenit
3217 5449 3416 5517 Deum,
3448 5449 3544 5506 sed

1959 5545 2098 5599 illius
2125 5558 2337 5612 semper
2372 5542 2734 5598 misericordia
2766 5542 3139 5610 prtevenimur.
3179 5541 3370 5612 thuid
3409 5545 3544 5598 enim

1960 5636 2189 5693 Christus
2211 5652 2326 5690 cum
2357 5635 2525 5688 adhuc
2564 5635 2754 5703 inﬁrmi
2783 5649 3022 5690 essemus.
3055 5633 3172 5690 Vult
3209 5635 3330 5694 hinc
3359 5645 3542 5693 osten-
