4004 6354
488 287 594 342 489

1601 285 1898 348 PRIMASII
1936 285 2172 344 ADRUM
2182 286 2383 348 ETANI
2419 292 2630 353 EPISC.

3637 303 3757 359 140

488 404 638 476 dere,
681 405 805 476 quia
844 417 943 478 pro
969 406 1148 480 impiis
1185 415 1428 467 mortuus
1464 417 1568 479 est,
1597 418 1654 469 et
1678 411 2065 469 beneﬁciorum
2091 408 2147 471 A
2169 425 2388 469 manere
2412 413 2672 470 custodia.
2702 412 2825 469 Non
2859 414 3029 470 solum
3054 421 3241 485 autem,
3272 417 3362 472 sed
3394 425 3440 474 et
3465 418 3760 489 gloriamur

489 493 608 565 ejus
646 498 1070 567 magnitudinem
1098 502 1493 570 commendare,
1526 515 1584 560 ut
1620 504 1857 562 indebite
1902 504 1971 561 ab
1997 520 2064 564 eo

490 594 698 643 tantum
725 588 930 660 dilecti,
962 598 1218 661 quantum
1248 608 1367 649 eum
1397 594 1619 666 diligere
1646 596 1955 663 debeamus,
1989 598 2065 652 vi-

489 680 733 749 deamus,
773 693 865 739 aut
888 684 935 738 si
969 693 1074 740 tam
1103 693 1288 742 sancto
1309 696 1363 742 et
1390 696 1538 745 tanto
1564 689 1825 747 beneﬁcio
1862 693 2064 763 aliquid

488 772 907 842 praeponendum
950 775 1043 839 sit,
1073 789 1195 831 cum
1236 776 1329 832 ille
1363 778 1518 835 nobis
1557 780 1732 850 impiis
1771 798 1869 839 nec
1896 784 2065 840 vitam

488 878 639 920 suam
669 867 1034 936 praeposuerit,
1067 883 1169 925 nec
1202 870 1547 942 denegaverit
1581 883 1829 931 mortem.
1865 877 2062 932 Secun-

489 957 612 1011 dum
640 970 830 1026 tempus
850 974 942 1028 pro
963 960 1132 1031 impiis
1154 972 1380 1018 mortuus
1400 974 1494 1021 est.
1514 964 1635 1021 Sive
1651 967 1774 1038 quia
1798 968 1849 1024 in
1876 969 2065 1025 ultimo

487 1048 668 1104 saeculi
697 1063 882 1119 passus
924 1058 1008 1106 est
1033 1052 1302 1121 Christus,
1332 1056 1447 1113 sive
1487 1058 1555 1113 ad
1597 1075 1851 1128 praesens,
1883 1062 1969 1118 vel
1996 1062 2065 1117 ad

488 1142 651 1197 tridui
680 1149 907 1212 tempus,
926 1153 983 1199 ut
1004 1146 1413 1215 praedicabatur,
1434 1158 1517 1205 est
1535 1164 1800 1208 mortuus.
1815 1152 1915 1219 Qui
1938 1169 2065 1224 ergo

487 1238 586 1304 pro
624 1233 801 1303 impiis
830 1244 1073 1291 mortuus
1102 1245 1185 1294 est
1223 1239 1427 1309 dicens,
1460 1243 1710 1309 ostendit,
1750 1245 1889 1314 quod
1920 1246 2065 1314 pium

486 1322 772 1380 Dominum
788 1341 957 1397 usque
984 1329 1051 1384 ad
1069 1340 1294 1387 mortem
1322 1333 1545 1403 diligere
1578 1335 1886 1406 debeamus,
1904 1353 2063 1406 quem

485 1428 584 1484 pro
622 1415 803 1487 impiis
832 1421 1003 1475 servis
1029 1422 1327 1478 cruciatum
1349 1426 1535 1481 mortis
1562 1427 1839 1497 excepisse
1862 1443 2064 1498 cogno-

486 1508 684 1565 scimus
718 1528 731 1564 :
765 1512 1031 1585 simulque
1073 1518 1382 1584 notandum,
1416 1520 1555 1590 quod
1586 1522 1680 1590 ait,
1730 1538 1826 1593 pro
1864 1523 2062 1592 impiis,

486 1610 545 1655 ut
576 1606 923 1674 praesumptio
965 1607 1193 1663 humana
1239 1611 1578 1681 reprimatur,
1612 1628 1678 1668 ne
1712 1614 1825 1668 suis
1863 1616 2066 1669 meritis

486 1691 684 1763 aliquid
713 1696 929 1751 tribuat.
969 1698 1070 1753 Vix
1098 1701 1229 1754 enim
1258 1718 1351 1772 pro
1382 1704 1526 1773 justo
1548 1707 1661 1775 quis
1686 1708 1923 1762 moritur.
1955 1708 2066 1763 Hoc

2167 503 2221 557 in
2261 502 2385 557 Deo.
2427 503 2543 559 Non
2569 504 2743 561 solum
2772 505 2928 561 nobis
2955 505 3062 561 vita
3091 506 3303 563 dabitur
3344 507 3546 565 Christi
3576 508 3630 564 in
3656 509 3757 565 illa

2167 597 2578 653 resurrectionis
2604 599 2994 666 immutatione,
3025 599 3119 656 sed
3145 608 3201 657 et
3235 601 3425 672 gloria,
3456 603 3597 658 sicut
3620 603 3759 659 dicit

2166 687 2400 745 Joannes
2429 690 2715 757 Apostolus
2747 709 2759 744 :
2794 690 3037 747 Nondum
3064 698 3310 763 apparuit
3348 695 3478 764 quid
3504 696 3710 752 erimus
3737 716 3750 750 :

2166 781 2365 837 scimus
2394 784 2643 850 quoniam
2686 798 2809 838 cum
2851 787 3178 854 apparuerit,
3211 786 3415 844 similes
3440 790 3495 844 ei
3521 791 3753 847 erimus.

2168 870 2271 924 Per
2297 871 2572 927 Dominum
2598 883 2827 929 nostrum
2850 875 3029 930 Iesum
3057 876 3332 933 Christum.
3363 879 3433 935 Ut
3460 896 3555 950 per
3584 883 3754 950 ipsius

2165 962 2385 1031 gratiam
2409 964 2812 1019 similitudinem
2839 965 2954 1036 ejus
2975 982 3296 1037 mereamur,
3313 979 3369 1026 et
3388 971 3555 1027 simus
3577 974 3631 1028 in
3646 974 3756 1044 glo-

2166 1052 2243 1108 ria
2268 1053 2363 1108 Dei
2386 1054 2578 1111 Patris.
2605 1054 2707 1108 Per
2732 1073 2879 1126 quem
2903 1074 3036 1113 nunc
3059 1062 3522 1118 reconciliationem
3552 1068 3752 1137 accepi-

2166 1159 2302 1198 mus.
2326 1143 2475 1199 Nunc
2507 1146 3014 1218 reconciliationem,
3045 1158 3173 1206 tunc
3195 1151 3438 1221 gloriam.
3468 1152 3755 1225 Propterea

2165 1236 2294 1291 sicut
2321 1254 2409 1306 per
2433 1254 2590 1292 unum
2610 1238 2864 1295 hominem
2886 1242 2939 1295 in
2961 1241 3097 1296 hunc
3116 1246 3381 1300 mundum.
3406 1246 3543 1303 Hinc
3572 1257 3755 1304 osten-

2166 1326 2295 1381 dere
2326 1327 2435 1381 vult
2465 1338 2746 1398 propterea
2776 1330 3043 1388 Christum
3084 1350 3321 1405 passum,
3372 1348 3429 1392 ut
3458 1341 3550 1408 qui
3579 1355 3611 1394 a
3641 1340 3753 1397 Deo

2166 1430 2262 1486 per
2290 1417 2457 1472 Adam
2488 1419 2925 1487 discesseramus,
2956 1439 3051 1492 per
3073 1425 3343 1481 Christum
3372 1430 3752 1487 reconciliare-

2166 1521 2307 1561 mur.
2325 1505 2842 1566 Peccatumintravit.
2860 1513 3101 1569 Traduce
3124 1518 3435 1587 etexemplo
3451 1535 3466 1575 :
3482 1524 3749 1588 quomodo

2167 1598 2309 1651 enim
2340 1613 2458 1653 cum
2489 1615 2593 1653 non
2615 1610 2759 1656 esset
2779 1613 3074 1672 peccatum,
3102 1622 3194 1675 per
3213 1606 3381 1663 Adam
3410 1609 3649 1677 advenit,
3677 1613 3747 1667 ita

2167 1699 2220 1743 et
2249 1705 2366 1744 cum
2390 1691 2503 1761 jam
2534 1693 2673 1761 apud
2697 1695 2896 1749 nullum
2936 1708 3076 1752 esset
3102 1698 3328 1768 justitia,
3356 1716 3451 1771 per
3476 1702 3746 1759 Christum

487 1793 673 1841 contra
698 1787 967 1860 Pelagium
999 1792 1122 1847 facit
1160 1795 1249 1863 qui
1282 1807 1437 1866 negat
1471 1799 1730 1868 originale
1760 1810 2058 1871 peccatum,
2094 1782 2141 1841 Β
2169 1793 2418 1837 revoca”
2452 1794 2562 1851 (³⁵ίὲ
2596 1794 2649 1839 εί
2673 1788 2939 1855 (Ιυθιηοάο
2982 1804 3073 1858 Per
3097 1790 3237 1848 imus
3267 1804 3543 1861 Peccamm
3574 1811 3741 1864 ωοτεο

488 1876 632 1945 quod
660 1878 703 1932 si
735 1879 1002 1937 hominem
1048 1900 1156 1938 non
1186 1886 1494 1957 obligasset,
1541 1906 1686 1945 mors
1728 1890 1925 1947 Christi
1955 1910 2065 1949 non

484 1965 677 2023 fuisset
716 1974 1038 2028 necessaria.
1072 1977 1296 2046 Dignum
1341 1989 1516 2036 autem
1557 1992 1637 2037 est
1676 1992 1731 2038 ut
1777 1984 1937 2041 homo
1969 2000 2065 2056 pro

486 2062 821 2121 confessione
851 2067 974 2122 boni
998 2069 1203 2125 Domini
1230 2074 1387 2127 vitam
1419 2076 1786 2133 incunctanter
1805 2079 2060 2153 etl'undat,

483 2154 578 2224 qui
599 2170 704 2211 non
734 2171 829 2225 pro
849 2158 1025 2227 justis,
1058 2162 1150 2217 sed
1180 2177 1276 2231 pro
1296 2164 1474 2234 impiis
1501 2178 1742 2223 mortuus
1768 2178 1872 2237 est,
1900 2180 1954 2226 et
1980 2173 2063 2228 vel

482 2245 564 2301 sic
592 2246 659 2302 de
697 2249 850 2307 nobis
880 2266 1204 2320 praesumere
1233 2256 1562 2313 desinamus.
1605 2259 1734 2314 Nam
1763 2262 1807 2315 si
1851 2264 1935 2317 vix
1967 2279 2064 2333 pro

478 2335 626 2407 justo
651 2340 770 2409 quis
799 2342 1040 2410 moritur,
1070 2344 1188 2411 quis
1216 2359 1314 2414 pro
1340 2347 1521 2416 iniquo
1545 2357 1600 2403 et
1628 2349 1810 2419 impio,
1842 2352 1944 2407 nisi
1975 2355 2065 2410 ille

482 2430 573 2497 qui
602 2440 824 2485 venerat
852 2434 1057 2488 salvum
1086 2433 1265 2491 facere
1291 2438 1430 2507 quod
1463 2439 1696 2508 perierat
1727 2458 1741 2496 :
1773 2442 1856 2496 cui
1886 2444 2063 2501 nullus

482 2521 630 2589 prior
650 2522 816 2590 dedit,
843 2526 935 2580 sed
960 2529 1029 2582 ab
1056 2528 1146 2582 illo
1172 2532 1398 2599 accepit,
1422 2543 1479 2587 ut
1499 2535 1780 2590 crederet?
1802 2536 1942 2591 Nam
1970 2556 2061 2608 pro

484 2610 615 2666 bono
654 2615 869 2685 forsitan
893 2619 1007 2688 quis
1035 2622 1223 2676 audeat
1248 2623 1398 2677 mori.
1426 2622 1558 2679 Tam
1589 2626 1743 2682 facile
1773 2645 1787 2681 :
1815 2642 1935 2682 nam
1967 2630 2062 2685 b0-

481 2718 613 2759 num
639 2704 741 2760 hoc
761 2716 846 2763 est
865 2711 1005 2778 quod
1023 2712 1245 2781 justum,
1267 2717 1557 2772 secundum
1580 2718 1707 2774 illud
1729 2721 2058 2790 mandatum,

477 2796 679 2866 justum
702 2806 755 2853 et
774 2797 994 2856 bonum.
1024 2801 1354 2859 Commendat
1380 2818 1549 2862 autem
1572 2826 1720 2864 suam
1741 2811 2062 2870 charitatem.

481 2890 707 2960 Quando
733 2894 967 2952 indebite
993 2896 1191 2968 aliquid
1223 2900 1483 2969 redditur,
1512 2912 1639 2959 tunc
1663 2904 1894 2960 charitas
1917 2921 2063 2962 com-

480 2987 786 3044 mendatur.
827 2988 963 3055 Quid
1008 3006 1136 3061 ergo
1182 3002 1287 3047 tam
1335 2995 1627 3052 indebitum
1672 3014 1829 3068 quam
1862 3008 1920 3055 ut
1946 3001 2063 3058 sine

478 3090 703 3149 peccato
738 3083 996 3140 Dominus
1040 3087 1159 3156 pius
1206 3102 1303 3157 pro
1348 3102 1503 3146 servo
1532 3092 1696 3163 impio
1724 3096 2063 3151 moreretur?

2169 1876 2237 1926 ita
2273 1888 2369 1942 per
2398 1873 2553 1944 hujus
2582 1876 2840 1945 justitiam
2863 1880 2991 1934 vita.
3030 1880 3097 1935 Et
3128 1900 3215 1952 per
3245 1892 3527 1953 peccatum.
3561 1886 3620 1941 In
3650 1888 3748 1943 hoc

2166 1964 2287 2021 loco
2314 1974 2499 2021 contra
2540 1970 2822 2039 abruptum
2866 1972 3161 2043 Pelagianae
3190 1977 3480 2046 impietatis
3509 1994 3746 2035 errorem

2167 2069 2390 2113 mortem
2416 2061 2594 2115 studet
2623 2064 2902 2120 ostendere
2935 2082 3041 2120 non
3071 2082 3101 2121 a
3128 2067 3239 2123 Deo
3266 2068 3483 2138 factam,
3520 2071 3617 2125 sed
3650 2087 3745 2141 per

2166 2154 2374 2222 culpam
2406 2159 2841 2227 transgressionis
2872 2160 3067 2215 illatam
3101 2179 3114 2217 :
3149 2163 3271 2233 quia
3295 2164 3431 2219 sicut
3460 2180 3557 2233 per
3586 2156 3741 2234 primi

2166 2243 2295 2299 Adae
2328 2254 2600 2314 peccatum
2630 2248 2776 2304 salus
2807 2251 2997 2307 amissa
3038 2261 3139 2318 est,
3173 2255 3245 2308 ita
3288 2268 3385 2323 per
3412 2257 3631 2310 secundi
3654 2257 3745 2325 ju-

2166 2338 2364 2394 stitiam
2407 2350 2651 2411 reparata
2680 2352 2781 2400 est.
2814 2344 2910 2398 Hic
2940 2345 3227 2414 Apostolus
3263 2347 3363 2402 hoc
3408 2349 3637 2403 intendit
3662 2364 3748 2403 as-

2169 2446 2373 2499 serere,
2405 2436 2529 2503 quia
2554 2449 2746 2505 magna
2776 2435 2872 2491 fuit
2900 2437 3028 2492 Adae
3069 2440 3440 2509 transgressio,
3465 2439 3563 2496 sed
3590 2441 3746 2497 ditior

2170 2534 2255 2580 est
2303 2524 2499 2580 Christi
2527 2527 2854 2599 redemptio;
2887 2540 2940 2585 et
2983 2530 3106 2586 inde
3149 2532 3280 2586 dixit
3313 2547 3327 2586 :
3361 2532 3430 2587 Et
3469 2548 3578 2589 non
3609 2536 3744 2591 sicut

2170 2633 2265 2688 per
2288 2634 2449 2674 unum
2472 2620 2740 2677 hominem
2770 2630 3067 2692 peccatum,
3095 2624 3165 2678 ita
3204 2633 3258 2679 et
3280 2624 3503 2681 donum.
3533 2626 3613 2682 Ex
3640 2642 3745 2684 uno

2168 2721 2390 2782 peccato
2417 2712 2509 2769 ille
2537 2714 2715 2770 intulit
2752 2724 2977 2771 mortem
3011 2733 3025 2770 :
3057 2715 3142 2772 hic
3168 2732 3234 2773 ex
3262 2719 3550 2774 multorum
3579 2720 3746 2777 aboli-

2171 2802 2317 2858 tione
2339 2802 2565 2859 reddidit
2588 2804 2772 2861 vitam.
2796 2804 2865 2860 Et
2887 2806 3007 2861 ideo
3028 2806 3147 2876 plus
3168 2810 3442 2876 praevaluit
3460 2810 3672 2880 justitia
3691 2812 3743 2867 in

2167 2893 2504 2961 vivificando,
2537 2911 2695 2966 quam
2723 2905 2996 2967 peccatum
3027 2897 3080 2952 in
3109 2898 3419 2955 occidendo.
3453 2900 3621 2956 Mors.
3650 2903 3741 2957 illa

2166 2985 2235 3041 de
2260 3000 2363 3055 qua
2404 2986 2571 3042 dicit:
2597 2986 2729 3043 Cum
2758 2990 2952 3044 mortui
2980 2990 3168 3046 essetis
3195 2991 3250 3046 in
3280 2992 3532 3062 peccatis,
3558 2995 3741 3051 eonvi-

2165 3076 2399 3133 vilicavit
2427 3093 2521 3134 vos
2545 3077 2778 3134 Christo.
2808 3081 2950 3136 Mors
2978 3096 3010 3136 a
3039 3096 3219 3139 morsu
3257 3085 3522 3154 serpentis
3549 3102 3741 3142 nomen

478 3171 621 3228 Deus
654 3176 709 3229 in
734 3176 899 3233 nobis.
926 3178 1191 3243 Quantum
1217 3194 1315 3237 nos
1342 3180 1527 3253 diligat
1551 3200 1615 3241 ex
1644 3193 1815 3241 morte
1839 3201 1935 3241 sua
1964 3201 2059 3242 co-

2163 3169 2389 3240 accepit.
2415 3170 2485 3225 Et
2524 3171 2619 3226 ita.
2645 3172 2922 3240 Quomodo
2961 3173 3016 3229 in
3057 3174 3166 3229 illo.
3208 3173 3275 3230 In
3314 3193 3485 3233 omnes
3515 3181 3742 3235 homines

475 3270 807 3339 gnoscimus.
842 3272 1098 3340 Quoniam
1135 3291 1250 3329 cum
1292 3277 1462 3332 adhuc
1501 3290 1787 3348 peccatores
1816 3299 2057 3351 essemus,

477 3356 712 3416 Christus
738 3379 831 3434 pro
860 3365 1000 3419 nobis
1028 3375 1257 3423 mortuus
1283 3377 1376 3423 est.
1406 3367 1574 3426 Multo
1600 3372 1755 3442 igitur
1783 3376 1945 3446 magis
1966 3378 2060 3445 ju-

476 3453 686 3524 stiﬁcati
714 3472 848 3511 nunc
874 3458 927 3511 in
951 3462 1196 3531 sanguine
1222 3462 1407 3532 ipsius,
1434 3465 1562 3519 salvi
1600 3467 1811 3521 erimus.
1841 3467 1898 3523 Si
1938 3482 2064 3537 pec-

475 3553 688 3603 catores
710 3556 912 3604 tantum
944 3550 1148 3620 dilexit,
1181 3564 1380 3623 quanto
1405 3554 1576 3626 magis
1592 3556 1703 3626 jam
1730 3573 1863 3628 quos
1886 3560 2061 3629 justos

474 3635 605 3692 fecit
629 3641 928 3696 custodiet?
956 3650 1010 3696 et
1033 3645 1078 3697 si
1107 3658 1205 3712 pro
1246 3648 1516 3702 extraneis
1544 3648 1862 3716 intercessit,
1895 3652 2061 3709 multo

476 3731 650 3800 magis
690 3745 819 3787 suos
844 3732 1021 3801 perire
1059 3749 1164 3789 non
1193 3737 1411 3807 patitur.
1454 3739 1513 3794 Si
1539 3740 1884 3810 semetipsum
1915 3743 2063 3799 dedit

475 3836 577 3893 pro
615 3822 799 3893 impio,
828 3824 1100 3894 quomodo
1123 3841 1221 3883 sua
1262 3832 1454 3899 poterit
1482 3832 1782 3903 denegare?
1807 3835 1920 3891 Non
1947 3838 2059 3907 jam

474 3926 575 3982 per
611 3914 918 3973 animalium
959 3932 1225 3987 cruorem,
1258 3921 1394 3977 sicut
1424 3924 1476 3978 in
1509 3924 1652 3994 lege;
1689 3926 1783 3981 sed
1814 3942 1908 3997 per
1936 3944 2061 3985 san-

476 4008 691 4079 guinem
723 4009 844 4065 Filii
874 4010 968 4066 Dei
1000 4012 1269 4072 debitores
1307 4030 1427 4072 esse
1456 4032 1554 4073 nos
1604 4018 1873 4078 admonet.
1906 4022 1972 4078 Et
2002 4032 2061 4079 ut

474 4099 837 4172 intelligamus
868 4114 1122 4174 quantum
1169 4108 1355 4179 diligat
1383 4122 1649 4182 receptos,
1700 4117 1790 4185 qui
1820 4119 2060 4189 reconci-

474 4193 624 4249 liavit
647 4195 911 4252 inimicos.
955 4198 1030 4251 Ab
1058 4200 1155 4254 ira.
1186 4201 1323 4257 Iram
1349 4203 1557 4272 judicii.
1590 4204 1695 4260 Per
1738 4209 1923 4277 ipsum.
1958 4209 2059 4265 Per

471 4283 648 4354 ipsum
670 4287 1016 4358 salvabimur,
1038 4305 1144 4346 non
1172 4307 1266 4362 per
1295 4308 1425 4349 nos:
1448 4294 1548 4351 hoc
1573 4307 1676 4367 est,
1696 4302 1740 4354 si
1758 4301 2058 4356 membrum

471 4377 589 4447 ejus
612 4378 871 4437 fuerimus
889 4397 903 4437 :
921 4398 1042 4438 cum
1073 4384 1214 4440 enim
1239 4387 1415 4442 omnia
1443 4388 1723 4455 ardebunt,
1750 4392 1923 4446 solum
1947 4406 2060 4447 cor-

470 4486 573 4542 pus
594 4474 886 4531 salvabitur
898 4477 1209 4547 judicantis.
1232 4481 1295 4537 Si
1318 4483 1451 4536 enim
1472 4500 1588 4538 cum
1603 4484 1798 4539 inimici
1815 4502 2056 4541 essemus.

472 4564 679 4619 Inimici
707 4581 920 4622 eramus
945 4580 1069 4625 ante
1094 4571 1291 4627 donum
1316 4576 1500 4644 gratiae
1528 4576 1718 4645 ipsius,
1746 4586 1799 4631 et
1824 4588 1947 4632 ante
1966 4578 2060 4633 ba-

472 4656 653 4726 ptismi
682 4671 1109 4729 sacramentum;
1141 4665 1234 4721 sed
1264 4676 1316 4720 et
1352 4668 1427 4722 illi
1456 4668 1655 4723 inimici
1682 4683 1802 4724 esse
1830 4684 2060 4725 noscun-

471 4754 579 4811 tur,
607 4749 697 4817 qui
738 4760 859 4820 post
897 4751 1220 4823 baptismum
1250 4758 1461 4828 ﬂagitiis
1488 4767 1542 4813 et
1576 4759 1868 4814 sceleribus
1893 4775 1950 4815 se
1979 4761 2059 4815 in-

476 4840 719 4907 volvunt,
739 4858 836 4897 nec
855 4846 1164 4913 poenitentia
1194 4849 1378 4903 volunt
1398 4850 1685 4904 emendare
1703 4865 1936 4917 errores,
1956 4852 2058 4907 sic-

473 4940 531 4985 ut
556 4931 686 4985 dicit
714 4932 945 4989 Jacobus
972 4954 985 4989 :
1015 4938 1261 4993 Amicitia
1284 4939 1441 5009 hujus
1467 4939 1647 4994 mundi
1677 4940 1951 4996 inimicitia
1974 4951 2056 4999 est

470 5023 589 5079 Dei.
623 5025 824 5081 Inimici
842 5043 969 5094 ergo
997 5043 1101 5082 non
1123 5039 1329 5095 natura,
1356 5031 1451 5085 sed
1468 5031 1734 5085 contraria
1759 5032 2050 5091 voluntate.

469 5116 809 5171 Reconciliati
844 5135 1041 5175 sumus.
1070 5120 1205 5186 Quia
1233 5120 1444 5176 alienati
1472 5133 1525 5177 et
1554 5123 1752 5179 inimici
1793 5124 1916 5180 facti
1943 5128 2054 5184 fue-

466 5222 647 5265 ramus
664 5224 760 5278 per
786 5214 1286 5280 transgressionem.
1301 5214 1469 5269 Nemo
1494 5216 1635 5271 enim
1655 5219 2049 5289 reconciliatur,

467 5300 570 5357 nisi
599 5316 663 5356 ex
690 5300 1003 5357 inimicitiis.
1033 5304 1281 5360 inimicos
1304 5316 1478 5362 autem
1510 5324 1608 5365 nos
1634 5310 1788 5379 primi
1816 5314 2049 5379 parentis

468 5394 825 5462 transgressio
855 5394 998 5449 fecit.
1024 5395 1127 5450 Per
1157 5408 1364 5451 mortem
1387 5398 1512 5454 Filii
1531 5404 1641 5473 ejus
1670 5417 1689 5455 :
1708 5402 1868 5456 multo
1892 5403 2051 5473 magis

460 5486 782 5555 reconciliati
821 5488 947 5539 salvi
970 5490 1158 5543 erimus
1196 5490 1249 5543 in
1278 5491 1380 5545 vita
1417 5493 1601 5563 ipsius.
1630 5494 1687 5550 Si
1711 5508 1805 5563 per
1828 5504 2051 5550 mortem

464 5582 667 5639 Christi
694 5579 885 5634 salvati
915 5594 1117 5649 sumus,
1142 5589 1341 5651 quanto
1364 5585 1530 5654 tnagis
1558 5585 1612 5641 in
1634 5585 1738 5641 vita
1764 5583 1928 5655 ipsius
1948 5586 2053 5656 glo-

463 5672 825 5734 rilicabimur,
853 5671 899 5723 si
926 5681 979 5726 et
1004 5673 1167 5727 vitam
1198 5672 1314 5742 ejus
1344 5675 1615 5734 imitemur
1634 5687 1688 5734 et
1718 5686 1974 5745 mortem,
2001 5689 2054 5735 et

454 5767 512 5823 in
535 5765 941 5837 praeceptorum
964 5759 1079 5828 eius
1095 5761 1361 5833 adiutorio
1375 5766 1542 5838 ipsius
1560 5768 1917 5827 studuerimus
1933 5781 2051 5836 per-

2164 3280 2301 3319 mors
2329 3266 2639 3331 pertransiit.
2658 3266 2800 3322 Mors
2824 3275 2930 3321 tam
2955 3268 3150 3324 anima:
3162 3283 3320 3339 quam
3348 3273 3593 3341 corporis
3623 3289 3743 3343 per-

2164 3356 2353 3410 transit
2370 3371 2437 3411 ex
2462 3356 2706 3426 originali
2724 3367 2940 3428 peccato
2962 3359 3085 3414 etin
3103 3359 3391 3431 Abraham,
3415 3369 3468 3417 et
3490 3363 3546 3417 in
3570 3364 3740 3435 Isaac,

2163 3456 2218 3503 et
2243 3449 2294 3502 in
2323 3446 2510 3514 Jacob,
2537 3450 2632 3505 sed
2656 3450 2750 3505 Dei
2777 3459 2902 3505 sunt
2927 3450 3176 3507 viviﬁcati
3215 3453 3386 3523 gratia
3404 3493 3421 3521 ,
3454 3454 3522 3510 de
3548 3456 3742 3525 quibus

2163 3540 2396 3596 dicitur:
2426 3540 2541 3596 Non
2571 3550 2651 3596 est
2674 3542 2812 3599 Deus
2837 3552 3197 3610 mortuorum;
3218 3546 3355 3600 sicut
3374 3554 3428 3601 et
3451 3546 3740 3617 Apostolus

2164 3634 2288 3689 dicit
2314 3635 2474 3689 etiam
2502 3633 2558 3688 in
2586 3648 2680 3690 eos
2700 3636 2790 3706 qui
2812 3650 2919 3691 non
2956 3644 3311 3707 peccaverunt
3337 3653 3351 3691 :
3379 3637 3431 3691 id
3459 3650 3563 3705 est,
3598 3640 3743 3707 capi-

2163 3729 2267 3785 tale
2296 3736 2571 3799 peccatum
2612 3729 2691 3785 sic
2718 3728 2771 3784 in
2815 3730 3059 3786 homines
3098 3730 3424 3800 pertransiit,
3452 3731 3578 3801 quia
3632 3747 3742 3787 non

2161 3820 2331 3876 solum
2364 3820 2452 3876 ille
2473 3828 2712 3875 mortuus
2736 3821 2921 3891 estqui
2953 3830 3311 3892 transgressus
3329 3829 3433 3889 est,
3452 3822 3551 3878 sed
3578 3822 3739 3878 etiam

2164 3913 2238 3969 illi
2260 3914 2351 3984 qui
2378 3928 2443 3967 ex
2471 3914 2950 3984 transgressoribus
2970 3924 3095 3971 sunt
3120 3915 3408 3984 procreati,
3424 3929 3519 3985 per
3540 3924 3741 3970 natura:

2160 4006 2433 4062 vinculum
2478 4015 2725 4063 tenentur
2752 4007 2991 4077 obnoxii,
3021 4007 3076 4063 id
3103 4014 3187 4062 est
3213 4022 3309 4078 per
3335 4022 3523 4063 omnes
3562 4022 3743 4062 ramos

2162 4098 2345 4154 vitium
2366 4114 2521 4154 suum
2544 4099 2693 4154 radix
2719 4108 2967 4171 corrupta
2993 4098 3305 4154 transmisit.
3327 4097 3495 4153 Adam
3522 4098 3739 4166 occidit,

2160 4193 2400 4248 Christus
2444 4191 2748 4248 viviﬁcavit.
2786 4191 2851 4247 In
2893 4209 2991 4265 quo
3019 4208 3192 4247 omnes
3234 4202 3584 4263 peccaverunt.
3614 4190 3740 4247 Sive

2162 4294 2377 4354 peccato
2404 4284 2799 4351 iuobedicutim,
2827 4285 2940 4339 sive
2966 4285 3019 4339 in
3046 4284 3215 4340 Adam
3240 4284 3475 4339 omnium
3507 4297 3737 4353 peccan-

2162 4378 2289 4433 tium
2332 4394 2486 4448 pmna
2518 4386 2921 4448 praemonstrata
2961 4387 3062 4434 est.
3109 4377 3279 4448 Usque
3306 4379 3374 4432 ad
3416 4379 3578 4447 legem
3606 4378 3736 4432 enim

2161 4481 2423 4543 peccatum
2451 4485 2555 4528 erat
2597 4475 2650 4527 in
2681 4476 2887 4527 mundo.
2914 4470 3310 4543 Requirendum
3333 4470 3577 4541 estquod
3617 4485 3741 4539 pec-

2085 4543 2138 4605 Ῑ)
2162 4575 2337 4621 catum
2371 4583 2383 4618 :
2419 4564 2470 4620 id
2494 4575 2596 4633 est,
2629 4565 2757 4621 illud
2786 4567 2952 4620 solum
2977 4575 3250 4636 peccatum
3279 4580 3449 4636 usque
3473 4565 3538 4619 ad
3568 4565 3741 4636 legem

2163 4658 2350 4729 viguit,
2376 4660 2516 4728 quod
2549 4661 2915 4727 praevaricatio
2936 4660 3093 4729 primi
3116 4660 3351 4730 parentis
3373 4658 3594 4714 invexit.
3622 4658 3743 4713 Ces-

2162 4751 2313 4805 sabat
2339 4752 2482 4806 enim
2506 4759 2735 4820 transgrt
2752 4752 2946 4805 ssionis
2966 4751 3214 4806 delictum
3243 4759 3368 4806 ante
3392 4752 3523 4822 legis
3543 4750 3740 4806 adven-

2162 4850 2295 4896 tum.
2328 4842 2385 4897 ln
2428 4844 2599 4912 primo
2626 4843 2822 4897 saeculo
2850 4852 3153 4912 peccatores
3194 4844 3437 4899 libertate
3456 4844 3744 4913 praesentis

2160 4935 2283 4989 vita:
2312 4935 2551 4989 securius
2580 4934 2905 4990 fruebantur.
2935 4935 3059 4988 Erat
3080 4934 3295 5004 quidem
3316 4942 3440 4989 ante
3474 4935 3648 5005 legem
3679 4948 3741 4988 ex

2164 5028 2472 5099 operatione
2499 5037 2796 5099 peccatum,
2828 5027 2921 5083 sed
2946 5042 3050 5082 non
3082 5027 3156 5081 ita
3208 5027 3589 5098 imputabatur,
3622 5027 3739 5097 quia

2158 5125 2265 5194 jam
2297 5138 2432 5194 pene
2476 5124 2778 5178 oblitterata
2822 5123 2991 5175 luerat
3018 5121 3238 5177 scientia
3282 5120 3565 5186 naturalis,
3594 5119 3743 5188 cujus

2162 5216 2461 5272 intellectus
2488 5216 2637 5285 quasi
2664 5224 2903 5269 mortuus
2933 5213 3121 5267 revixit
3144 5228 3211 5267 ex
3237 5211 3375 5281 lege.
3407 5212 3513 5266 Lex
3544 5210 3741 5265 vindex

2162 5309 2366 5380 peccati
2383 5308 2618 5364 advenit.
2641 5307 2917 5361 Peccatum
2933 5316 3097 5359 autent
3116 5321 3218 5359 non
3234 5304 3605 5374 imputabatur,
3626 5317 3740 5356 cum

2163 5403 2246 5456 lea:
2266 5420 2365 5456 non
2386 5410 2531 5457 esset.
2563 5402 2691 5456 Erat
2718 5418 2731 5453 :
2759 5400 2851 5455 sed
2873 5398 3167 5469 agrestibus
3185 5397 3492 5452 hominibus
3512 5410 3619 5451 non
3644 5396 3743 5450 im-

2159 5493 2462 5562 putabatur,
2483 5506 2579 5546 nec
2610 5492 2676 5545 ab
2693 5490 2809 5544 aliis
2837 5489 3153 5544 credebatur
3170 5503 3289 5544 esse
3315 5496 3614 5558 peccatum.
3636 5485 3741 5539 Sed

2156 5585 2380 5651 regnavit
2410 5599 2544 5636 mors
2568 5582 2629 5635 ab
2656 5581 2820 5635 Adam
2842 5596 2999 5648 usque
3022 5579 3091 5633 ad
3120 5579 3354 5650 Moysen.
3378 5578 3435 5633 ld
3461 5587 3565 5643 est,
3597 5590 3739 5631 mors

2156 5690 2221 5730 cx
2247 5676 2487 5745 originali
2512 5674 2651 5728 malo
2679 5674 2896 5728 veniens
2928 5686 3096 5741 uSque
3117 5671 3180 5724 ad
3211 5671 3381 5740 legem
3411 5670 3527 5723 sola
3550 5680 3739 5738 regna-

2155 5769 2251 5825 vit.
2285 5768 2409 5825 ldeo
2433 5769 2595 5824 dixit:
2630 5767 2912 5839 Regnavit,
2940 5767 3066 5838 quia
3096 5775 3260 5823 totum
3292 5763 3551 5822 mundum
3579 5776 3741 5834 gene-
