4004 6354
192 310 327 367 441

1078 310 1147 369 IN
1183 274 1573 371 Eptsroutn
1614 310 1708 368 an
1749 303 2072 364 ROMANOS
2110 305 2626 368 COMMENTABIA.

3385 312 3494 371 ΗΞ

192 426 409 482 raliter
446 431 819 498 occupaverat.
868 424 992 482 Alia
1029 438 1159 481 vero
1209 432 1427 494 peccata
1474 434 1807 494 nequaquam
1835 422 1886 480 Δ
1912 419 2033 475 loco
2061 422 2281 479 omnino
2307 423 2545 480 cavenda
2568 431 2649 480 est
2678 422 2861 495 opinio
2882 436 2999 495 quae
3025 423 3347 482 dicit:Sicut
3368 441 3492 483 caro

193 530 448 586 regnare
489 515 826 586 videbantur,
857 516 981 585 quia
1021 529 1127 570 non
1158 529 1252 584 per
1280 515 1561 569 universos
1588 525 1806 582 genera-

195 605 348 662 liter
377 607 635 677 regnabat
664 607 933 677 iniquitas.
978 605 1245 663 Naturalis
1287 604 1431 659 enim
1482 601 1809 673 aliquantula

193 698 430 767 iustitia
456 697 667 768 vigebat
698 697 752 752 in
793 696 1059 769 plurimis,
1099 697 1242 754 sicut
1279 697 1332 751 in
1361 695 1545 750 multis
1573 694 1811 765 philoso-

199 787 345 856 phis
376 804 390 840 :
423 798 478 843 et
524 797 717 843 caetera
747 789 941 844 delicta
970 790 1212 859 quamvis
1260 803 1327 844 ex
1354 786 1539 843 vitiata
1578 794 1764 841 natura
1788 828 1803 855 ,

200 888 401 936 tamen
431 881 727 937 voluntaria
751 890 920 937 erant.
950 882 1204 937 Secutum
1228 889 1313 937 est
1336 880 1479 935 aliud
1508 895 1724 945 novum,
1753 878 1809 934 id

198 980 304 1025 est
354 972 807 1041 praevaricationis
846 981 1152 1042 contempta
1192 971 1310 1041 lege
1353 970 1625 1025 delictum.
1667 969 1809 1041 Ergo

199 1059 478 1131 obligatio
502 1062 613 1118 sola
649 1063 807 1133 primi
833 1062 1066 1118 hominis
1088 1077 1258 1132 usque
1278 1061 1346 1117 ad
1368 1061 1587 1133 Moysen
1630 1076 1723 1131 per
1750 1076 1810 1117 se

200 1163 448 1209 mortem
477 1166 691 1225 operata
723 1156 985 1226 regnavit.
1010 1156 1057 1212 A
1079 1155 1211 1227 legis
1239 1164 1419 1211 autem
1451 1168 1693 1225 tempore
1718 1169 1813 1225 ge-

152 1232 167 1331 ξ
202 1260 325 1301 nus
355 1247 499 1302 aliud
526 1248 837 1304 delictorum
867 1247 923 1302 in
950 1257 1157 1304 reatum
1186 1248 1445 1319 neglecue
1472 1247 1601 1317 legis
1630 1261 1812 1302 acces-

204 1335 317 1401 sit,
347 1337 487 1405 quod
522 1347 647 1393 ante
669 1339 783 1408 ejus
810 1339 1293 1409 promulgationem
1327 1354 1433 1394 non
1462 1346 1673 1408 poterat
1702 1340 1809 1393 im-

206 1427 419 1494 putari.
444 1429 522 1485 Ac
564 1429 642 1484 sic
668 1428 1063 1485 introeuntibus
1105 1432 1257 1486 novis
1286 1431 1567 1500 praeceptis
1610 1430 1809 1499 iniqui-

206 1526 308 1572 tas
338 1519 687 1591 multiplicata
726 1530 827 1577 est.
858 1521 972 1578 Lex
997 1523 1138 1578 enim
1165 1538 1271 1578 non
1300 1530 1357 1577 ut
1385 1522 1596 1577 tolleret
1624 1536 1811 1591 pecca-

207 1617 359 1679 tum,
390 1611 485 1666 sed
513 1621 570 1667 ut
598 1612 1012 1681 demonstraret,
1044 1614 1128 1670 vel
1152 1612 1439 1685 judicaret,
1469 1612 1683 1669 advenit
1713 1630 1725 1665 :
1759 1621 1812 1668 et

208 1700 351 1757 ideo
380 1702 467 1759 hic
492 1703 872 1759 abundantiam
900 1704 1083 1775 gratia:
1109 1705 1353 1775 Apostoli
1392 1706 1630 1761 doctrina
1656 1720 1807 1762 com-

202 1795 456 1861 mendat,
488 1796 611 1866 quia
658 1809 765 1850 non
793 1802 995 1851 tantum
1022 1796 1153 1851 Adae
1174 1796 1431 1863 debitum,
1463 1796 1603 1867 quod
1632 1797 1805 1851 solum

202 1900 393 1957 usque
424 1888 492 1941 ad
519 1888 713 1957 legem,
741 1888 886 1944 velut
916 1889 1191 1960 tyrannica
1221 1889 1584 1945 dominatione
1610 1904 1805 1960 regna-

202 1987 405 2045 verat;
439 1978 533 2034 sed
563 1979 723 2034 etiam
751 1980 1058 2036 innumeras
1086 1980 1319 2036 oll'ensas
1352 1980 1807 2051 praevaricationis

201 2077 273 2125 et
298 2071 543 2137 reprobae
564 2072 986 2127 conversationis
1012 2071 1389 2142 Redemptoris
1415 2072 1622 2127 bonitas
1647 2070 1805 2127 redo-

204 2161 388 2215 navit.
423 2160 712 2231 Propterea
728 2162 859 2218 dixit
888 2180 902 2217 :
930 2162 1062 2218 Nam
1083 2162 1342 2233 judicium
1370 2164 1585 2233 quidem
1614 2178 1681 2220 ex
1702 2178 1808 2220 uno

202 2249 272 2304 in
298 2250 817 2310 condemnationem.
834 2253 987 2321 Quod
1009 2263 1188 2310 autem
1209 2255 1368 2310 dicit:
1391 2271 1558 2325 usque
1573 2256 1637 2310 ad
1654 2256 1805 2327 Moy-

202 2358 336 2408 sen,
366 2344 418 2398 id
446 2354 529 2400 est
554 2360 721 2416 usque
746 2345 814 2401 ad
843 2347 999 2402 ﬁnem
1023 2347 1160 2418 legis
1181 2357 1234 2402 et
1255 2348 1463 2403 initium
1494 2350 1677 2418 gratiae
1708 2350 1807 2405 de-

202 2434 386 2490 bitum
408 2437 649 2492 naturale
674 2438 953 2508 regnavit:
977 2440 1115 2495 sicut
1144 2439 1394 2507 dicimus,
1427 2441 1574 2496 verbi
1602 2442 1805 2512 gratia:

208 2528 456 2584 Fuerunt
482 2529 659 2585 Hunni
687 2544 856 2601 usque
881 2530 949 2586 ad
972 2531 1217 2587 Attilam.
1247 2531 1364 2588 Non
1405 2535 1589 2603 utique
1612 2534 1805 2604 princi-

207 2622 363 2691 pium
386 2622 536 2691 regni
562 2622 701 2692 ejus,
730 2622 829 2679 sed
856 2622 1014 2680 ﬁnem
1042 2623 1385 2695 designamus
1416 2642 1431 2680 :
1460 2625 1539 2681 sic
1558 2634 1614 2681 et
1641 2640 1808 2698 usque

208 2712 282 2769 ad
306 2714 549 2785 Moysen,
575 2714 631 2771 id
653 2723 737 2771 est
761 2730 931 2787 usque
952 2716 1019 2772 ad
1045 2717 1208 2773 ﬁnem
1235 2717 1389 2787 legis,
1412 2726 1466 2773 et
1490 2718 1806 2789 principium

210 2806 427 2877 gratiae.
460 2808 684 2879 Reliqua
709 2808 926 2875 delicta,
951 2825 1070 2881 qua:
1096 2825 1203 2866 non
1232 2810 1666 2881 intelligebantur
1686 2826 1808 2883 pec-

211 2906 338 2952 cata
361 2912 481 2955 esse
506 2914 673 2971 usque
697 2900 765 2956 ad
787 2901 1106 2972 principium
1136 2902 1289 2973 legis,
1308 2917 1587 2974 quousque
1602 2902 1809 2961 diceret

208 2991 299 3047 lex
338 3008 351 3045 :
380 2991 495 3047 Non
526 2995 874 3063 concupisces
896 3033 912 3061 ,
946 3009 1040 3065 per
1088 2996 1262 3066 legem
1311 2997 1639 3053 revixerunt.
1674 2997 1806 3054 Nam

207 3085 481 3154 originale
505 3085 766 3156 hodieque
796 3101 962 3158 usque
1001 3087 1069 3143 ad
1106 3088 1433 3158 baptismum
1460 3099 1667 3161 regnat,
1710 3091 1805 3146 sed

206 3174 419 3231 fenoris
460 3176 543 3232 sui
570 3175 801 3246 perdidit
830 3191 1006 3245 usum,
1038 3188 1317 3248 postquam
1346 3176 1545 3234 Christi
1588 3181 1807 3249 sanguis

209 3266 632 3337 chirographum
683 3268 943 3338 originale
969 3267 1183 3323 delevit.
1242 3270 1347 3325 Sed
1376 3269 1516 3324 dicet
1566 3272 1755 3341 aliquis
1790 3289 1802 3323 :

208 3358 399 3426 Quare
427 3359 602 3414 adhuc
642 3359 696 3414 in
727 3360 911 3415 multis
938 3359 1189 3430 gentibus
1220 3370 1405 3431 regnat
1445 3361 1664 3431 originis
1696 3377 1809 3417 ma-

208 3450 369 3506 lum?
399 3450 494 3506 Cui
537 3451 831 3521 respondet
862 3469 877 3505 :
910 3451 1060 3507 Tunc
1104 3466 1231 3507 vere
1273 3453 1437 3521 pestis
1485 3453 1590 3508 late
1618 3453 1808 3510 dill‘usa

211 3543 499 3611 regnabat,
530 3543 745 3613 quando
773 3542 1012 3598 medicus
1043 3541 1250 3609 deerat,
1274 3541 1488 3613 quando
1513 3543 1809 3599 mortalitas

212 3634 485 3705 generalis
513 3649 699 3690 omnes
727 3634 991 3712 vastabat.
1022 3632 1125 3689 Ubi
1163 3647 1292 3688 vero
1333 3643 1539 3704 portam
1575 3632 1808 3703 paradisi

210 3726 469 3783 remissio
497 3726 565 3781 de
593 3726 744 3781 caelis
778 3726 942 3781 missa
972 3724 1241 3795 patefacit,
1274 3740 1418 3780 mors
1450 3724 1807 3797 perdiditij-

211 3824 467 3873 testatem
500 3831 518 3874 :
547 3829 610 3871 ac
647 3817 725 3871 sic
753 3830 859 3871 non
900 3826 1108 3886 regnat,
1143 3816 1266 3885 quia
1305 3830 1528 3887 regnum
1565 3816 1682 3887 ejus
1710 3802 1807 3871 de;

214 3919 482 3966 structum
505 3917 588 3965 est
608 3926 703 3980 per
729 3911 952 3982 gratiam
975 3910 1195 3965 Christi.
1221 3910 1394 3965 Etiam
1414 3912 1468 3965 in
1491 3927 1574 3965 eos
1599 3912 1685 3982 qui
1706 3927 1810 3966 non

212 4010 569 4073 peccaverunt,
600 4002 655 4076 in
681 4003 1065 4056 similitudinem
1092 4003 1525 4071 praevaricationis
1551 4003 1696 4069 Adae,
1724 4003 1811 4072 qui

215 4104 293 4150 est
332 4096 500 4164 [arma
529 4096 714 4165 futuri.
757 4095 950 4150 Forma
988 4094 1193 4161 futuri,
1241 4093 1414 4148 forma
1442 4108 1472 4148 e
1501 4095 1806 4161 contrario;

215 4187 489 4257 quomodo
528 4185 619 4242 ille
659 4186 901 4256 peccati,
948 4184 1021 4240 ita
1061 4185 1149 4240 hic
1184 4184 1410 4255 justitiaa
1443 4201 1457 4237 :
1491 4184 1605 4239 sive
1634 4185 1725 4240 ille
1753 4185 1809 4239 in

214 4278 395 4333 anima
414 4278 645 4345 vivente,
666 4277 767 4333 iste
792 4278 845 4330 in
869 4276 1060 4346 spiritu
1076 4275 1397 4331 viviﬁcante.
1422 4274 1621 4330 Christi
1643 4276 1809 4329 forma

216 4370 393 4425 Adam
422 4369 524 4425 fuit
552 4385 567 4421 :
597 4368 719 4454 quia
749 4368 886 4422 sicut
922 4367 1093 4421 Adam
1128 4367 1246 4421 sine
1271 4365 1596 4420 commercio
1624 4365 1811 4431 conju-

215 4461 328 4533 gali
357 4460 454 4515 Dei
481 4450 727 4513 manibus
755 4469 835 4511 est
878 4456 1072 4522 factus,
1118 4456 1189 4510 ita
1233 4466 1287 4510 et
1325 4450 1572 4509 Christus
1602 4469 1667 4509 ex
1696 4455 1810 4509 vir-

218 4555 367 4623 gine,
393 4550 502 4604 Deo
522 4556 792 4617 operante,
824 4547 1105 4616 processit.
1130 4546 1236 4602 Sed
1258 4563 1361 4600 non
1387 4546 1517 4599 sicut
1544 4547 1806 4616 delictum,

221 4643 297 4695 ita
324 4647 373 4693 et
396 4638 606 4692 donum.
637 4636 699 4694 Si
721 4638 854 4691 enim
882 4638 1035 4691 unius
1061 4638 1245 4693 delicto
1273 4637 1423 4691 multi
1451 4640 1637 4692 mortui
1657 4649 1811 4696 sunt:

221 4732 388 4786 multo
418 4730 581 4800 magis
607 4731 776 4801 gratia
806 4728 924 4798 Dei,
953 4738 1001 4784 et
1040 4730 1233 4784 donum
1261 4730 1312 4785 in
1338 4730 1506 4803 gratia
1534 4732 1684 4785 unius
1725 4733 1811 4787 Ito-

222 4824 373 4879 minis
393 4820 522 4877 Jesu
542 4821 729 4877 Christi
755 4822 808 4876 in
833 4823 1005 4893 plures
1028 4823 1322 4878 abundavit.
1346 4821 1415 4877 Et
1441 4839 1541 4877 non
1566 4824 1695 4878 sicut
1719 4841 1809 4893 per

223 4931 383 4969 unum
408 4922 693 4986 peccatum,
723 4914 797 4967 ita
821 4922 869 4967 et
899 4914 1109 4969 donum.
1140 4915 1197 4970 ld
1235 4925 1337 4985 est,
1370 4916 1489 4986 plus
1531 4917 1809 4986 praevaluit

224 5005 425 5077 iustitia
455 5004 508 5060 in
536 5004 875 5071 viviﬁcando,
906 5019 1062 5075 quam
1094 5016 1368 5074 peccatum
1397 5006 1451 5060 in
1477 5007 1804 5063 occidendo:

225 5099 343 5169 quia
373 5097 503 5153 Adae
530 5106 804 5168 peccatum
837 5106 893 5154 et
919 5112 978 5153 se
1003 5106 1057 5152 et
1086 5113 1210 5153 suos
1238 5109 1481 5167 posteros
1505 5101 1802 5163 interfecit:

225 5188 470 5244 Christus
507 5199 685 5245 autem
712 5196 767 5244 et
799 5203 933 5258 quos
962 5189 1017 5243 in
1058 5202 1284 5259 corpore
1316 5190 1537 5259 invenit,
1566 5202 1621 5248 et
1652 5210 1804 5250 suum

227 5281 496 5337 hominem
522 5324 538 5350 ,
583 5290 636 5338 et
682 5292 926 5352 posteros
955 5281 1201 5337 salvavit.
1234 5281 1340 5338 Sed
1372 5283 1508 5339 forte
1552 5285 1680 5341 dicit
1711 5288 1808 5342 ali-

227 5372 347 5441 quis
378 5388 393 5425 :
424 5371 585 5441 Caro,
608 5388 725 5442 quae
754 5388 819 5429 ex
844 5383 1237 5444 transgressore
1265 5374 1429 5443 venit,
1467 5375 1611 5446 juste
1646 5380 1809 5435 trahit

227 5467 484 5536 originale
521 5476 795 5537 peccatum
821 5485 835 5534 ;
868 5469 1042 5521 anima
1074 5482 1202 5523 vero
1225 5509 1241 5535 ,
1272 5484 1391 5539 qua:
1431 5470 1683 5528 innocens
1713 5488 1807 5527 na-

230 5558 412 5624 scitur,
441 5558 583 5612 unde
609 5557 769 5611 trahit
795 5558 1051 5627 originale
1077 5570 1378 5628 peccatum,
1422 5568 1479 5614 ut
1508 5562 1554 5615 si
1581 5577 1687 5617 non
1715 5562 1808 5618 ba-

231 5651 457 5719 ptizatus
481 5649 656 5705 infans
683 5650 961 5716 moriatur,
994 5650 1045 5705 in
1071 5659 1329 5705 internum
1356 5650 1671 5707 damnetur?
1693 5655 1807 5710 Au-

237 5743 349 5797 diat
372 5751 427 5797 et
450 5752 699 5813 agnoscat
728 5744 849 5812 quia
876 5742 1043 5813 magis
1067 5743 1244 5797 anima
1286 5744 1515 5814 primum
1553 5746 1607 5800 in
1637 5746 1808 5801 Adam

239 5851 337 5904 pro
358 5837 593 5908 appetitu
607 5835 905 5895 divinitatis
958 5850 1105 5893 'uam
1131 5851 1260 5896 caro
1284 5838 1543 5908 peccavit.
1561 5838 1668 5898 Isto
1683 5854 1827 5919 vero,

1837 4513 1891 4573 D

1910 525 1978 566 ex
2004 527 2169 570 carne
2182 514 2333 582 Adsi,
2361 517 2430 571 ita
2451 517 2629 572 anima
2654 525 2839 572 nostra
2860 531 2927 572 ex
2943 517 3121 573 anima
3136 517 3267 574 Adai
3287 522 3490 575 occulta

1910 600 2008 657 Dei
2040 606 2350 672 operatione
2378 616 2611 664 creatur.

1981 693 2132 750 Sicut
2158 696 2371 765 quidam
2400 698 2535 754 dixit
2568 717 2581 753 :
2611 698 2753 768 Lege
2796 698 2980 755 latenti
3007 698 3193 756 fundet
3231 712 3366 771 opus
3396 714 3493 754 na-

1912 794 2028 842 tura
2055 801 2230 853 suum,
2262 804 2381 858 qua:
2420 792 2524 846 nisi
2556 791 2645 846 hic
2675 791 2833 847 fuerit
2871 792 3093 847 liberata
3123 806 3218 863 per
3245 793 3492 863 gratiam,

1909 887 2169 948 perpetua
2211 894 2365 949 poena
2398 882 2449 936 in
2481 890 2740 937 aeternum
2769 883 3127 939 damnabitur.
3180 882 3322 937 Nam
3340 884 3494 954 judi-

1912 971 2065 1025 cium.
2101 970 2427 1028 Subauditur
2451 976 2648 1028 mortis.
2681 973 2764 1029 Ex
2792 991 2891 1028 uno
2922 976 2975 1029 in
3002 975 3491 1029 condemnationem.

1911 1059 2261 1131 Subauditur,
2281 1073 2518 1133 peccante
2544 1065 2659 1120 sive
2687 1076 2892 1136 peccato
2922 1067 3163 1136 primum.
3186 1064 3369 1120 Gratia
3397 1082 3496 1119 au-

1914 1160 2015 1206 tem
2055 1168 2119 1207 ex
2156 1152 2331 1207 multis
2362 1154 2560 1208 delictis
2588 1155 2642 1208 in
2663 1156 3103 1226 justiﬁcationem.
3135 1156 3212 1212 Ac
3252 1157 3297 1211 si
3328 1157 3499 1225 prima
3578 1142 3583 1145 1

1914 1242 2170 1311 obligatio
2184 1245 2384 1299 veteris
2415 1245 2634 1300 oﬂ‘ensae
2657 1262 2825 1313 usque
2847 1248 2913 1302 ad
2931 1247 3198 1303 Christum
3224 1248 3496 1302 dominata

1913 1341 2018 1387 est.
2046 1332 2166 1388 Alia
2194 1349 2324 1390 vero
2351 1335 2545 1390 delicta
2585 1346 2710 1391 ante
2742 1337 3082 1393 interdictum
3119 1338 3249 1407 legis
3275 1354 3382 1393 non
3411 1340 3495 1394 vi-

1914 1422 2177 1479 debantur
2217 1425 2304 1480 vel
2334 1441 2440 1481 non
2485 1426 2924 1497 intelligebantur
2965 1442 3087 1483 esse
3136 1437 3238 1482 tam
3270 1430 3493 1498 gravia:

1914 1515 2208 1573 adveniens
2234 1533 2361 1589 ergo
2385 1520 2578 1589 gratia,
2612 1535 2717 1575 non
2744 1521 2916 1575 solum
2940 1520 3199 1591 originale
3233 1521 3493 1591 debitum,

1916 1610 2013 1664 sed
2056 1618 2111 1664 et
2143 1612 2350 1667 actuale
2394 1612 2610 1667 donavit
2655 1626 2750 1681 per
2792 1612 3138 1682 baptismum.
3171 1611 3240 1666 Et
3268 1612 3389 1667 ideo
3432 1628 3500 1667 ex

1924 1690 2106 1759 multis
2131 1704 2338 1759 delictis
2361 1704 2688 1775 justiticavit.
2718 1706 2778 1762 Si
2807 1708 2939 1761 enim
2964 1709 3111 1762 unius
3137 1707 3323 1761 delicto
3362 1723 3497 1761 mors

1912 1797 2142 1867 regnavit
2169 1812 2259 1865 per
2286 1813 2465 1851 unum.
2494 1797 2549 1851 ld
2578 1806 2661 1853 est
2685 1813 2781 1869 per
2821 1799 2949 1855 Adae
2990 1801 3492 1870 transgressionem.

1910 1885 1965 1939 Μ
1974 1887 2079 1939 ulto
2108 1888 2273 1957 magis
2298 1888 2664 1942 abundantiam
2692 1891 2888 1959 gratim.
2910 1891 3076 1961 Major
3103 1892 3496 1962 estredemptio

1911 1977 2205 2033 Salvatoris
2223 1994 2381 2048 quam
2400 1979 2627 2048 perditio
2646 1982 3079 2050 transgressoris:
3106 1985 3226 2052 quia
3247 1999 3339 2050 per
3354 1982 3506 2040 Chri'

1911 2078 2055 2124 stum
2083 2071 2260 2124 omnia
2291 2080 2507 2141 peccata
2533 2070 2752 2126 dimissa
2782 2081 2921 2138 sunt,
2942 2088 3045 2127 non
3070 2074 3239 2128 solum
3265 2076 3503 2145 origina-

1912 2162 2005 2231 lia,
2030 2180 2216 2220 verum
2248 2166 2410 2221 etiam
2437 2175 2487 2221 et
2517 2166 2763 2221 actualia.
2793 2164 2861 2219 Et
2885 2165 3195 2232 donationis,
3223 2177 3269 2219 et
3286 2168 3502 2233 justitiat

1910 2256 2215 2322 accipientes
2256 2258 2309 2311 in
2334 2258 2487 2311 vitam
2512 2256 2793 2328 regnabunt
2818 2273 2907 2327 per
2948 2274 3107 2310 unum
3140 2255 3319 2311 Jesum
3349 2257 3503 2312 Chri-

1911 2357 2039 2404 tum.
2072 2349 2200 2417 Quia
2240 2360 2291 2404 et
2320 2350 2537 2418 utjuste
2569 2349 2832 2416 vivamus,
2867 2358 2918 2403 ct
2942 2357 2999 2403 ut
3020 2363 3140 2403 cum
3165 2350 3281 2419 ipso
3305 2365 3497 2418 regne-

1912 2456 2053 2511 mus,
2084 2442 2320 2496 muneris
2349 2441 2517 2511 ipsius
2542 2440 2787 2511 largitate
2810 2439 3069 2494 donatum
3108 2449 3209 2494 est.
3242 2440 3501 2495 Donatio-

1912 2547 2010 2589 nes
2033 2532 2279 2589 audimus
2305 2549 2317 2585 :
2342 2531 2408 2587 de
2435 2534 2633 2588 nostris
2656 2530 2864 2587 meritis
2891 2539 3179 2586 taceamus.
3208 2530 3379 2603 Igitur
3404 2532 3505 2586 sic-

1910 2634 1967 2681 ut
1996 2642 2087 2696 per
2119 2626 2272 2680 unius
2299 2624 2536 2679 delictum
2562 2625 2616 2678 in
2652 2638 2824 2677 omnes
2861 2622 3089 2676 homines
3118 2623 3170 2676 in
3194 2624 3502 2678 condemna-

1910 2719 2119 2785 tionem,
2151 2718 2225 2772 sic
2249 2726 2296 2773 et
2333 2734 2422 2787 per
2448 2717 2601 2771 unius
2618 2715 2879 2788 justitiam
2907 2716 2961 2769 in
2987 2729 3159 2768 omnes
3186 2714 3413 2769 homines
3448 2715 3502 2770 iis

1901 2812 2322 2884 justiﬁcationem
2367 2811 2502 2864 uiue.
2542 2807 2686 2863 Mors
2732 2807 3012 2877 regnavit,
3052 2806 3496 2862 subaudiendum.

1911 2902 2013 2970 Qui
2058 2917 2186 2973 ergo
2231 2916 2299 2957 ex
2328 2900 2429 2956 hac
2472 2898 2921 2956 condemnatione
2952 2898 3230 2966 liberatur,
3271 2899 3501 2969 gratiam

1910 2994 2128 3064 diligat;
2162 2994 2250 3064 qui
2282 3008 2390 3049 non
2439 2992 2723 3058 liberatur,
2751 2991 2993 3048 debitum
3023 3001 3299 3063 agnoscat.
3346 2992 3403 3048 Si
3446 2992 3501 3048 in

1912 3084 2236 3141 remittendo
2266 3085 2447 3139 debito
2496 3084 2736 3150 bonitas,
2780 3083 2835 3138 in
2875 3084 3138 3153 exigendo
3168 3084 3390 3153 aequitas
3420 3083 3505 3137 in-

1915 3176 2170 3245 telligitur
2201 3192 2215 3230 :
2247 3189 2510 3244 nusquam
2540 3174 2682 3229 enim
2721 3188 2843 3229 esse
2885 3174 3025 3243 apud
3050 3174 3216 3229 Deum
3248 3173 3501 3242 iniquitas

1912 3269 2203 3324 invenitur.
2233 3268 2381 3322 Sicut
2410 3269 2545 3322 enim
2576 3283 2664 3336 per
2690 3265 3084 3320 inobedientiam
3109 3266 3262 3318 unius
3281 3263 3504 3319 hominis

1911 3368 2201 3432 peccatores
2223 3357 2484 3412 constituti
2513 3367 2630 3411 sunt
2660 3356 2829 3422 multi,
2854 3357 3013 3436 itawet
3040 3372 3131 3426 per
3154 3355 3305 3410 unius
3330 3355 3505 3410 obedi-

1912 3453 2103 3505 tionem
2132 3452 2267 3518 justi
2307 3449 2685 3505 constituuntur
2713 3449 2881 3503 multi.
2927 3434 3077 3505 Sicut
3113 3446 3356 3518 exemplo
3382 3447 3501 3504 ino-

1910 3543 2200 3600 bedicntiae
2227 3541 2358 3596 Adae
2383 3548 2737 3611 peccaverunt
2767 3539 2940 3606 multi,
2972 3540 3046 3593 ita
3073 3547 3128 3595 et
3147 3536 3345 3593 Christi
3371 3537 3504 3595 obe-

1913 3636 2116 3692 ditione
2141 3634 2502 3705 justiﬁcantur
2526 3634 2699 3689 multi.
2724 3633 2938 3689 Grande
2961 3632 3161 3688 crimen
3190 3632 3504 3689 inobedien—

1915 3728 2002 3782 tiae
2020 3769 2035 3795 ,
2063 3741 2219 3797 quam
2243 3725 2332 3794 qui
2361 3725 2604 3779 habuerit
2626 3721 2981 3789 Christianus,
3001 3722 3353 3793 quodcunque
3374 3721 3503 3778 boni

1912 3823 2093 3879 fecerit
2129 3828 2372 3877 evacuat.
2401 3819 2798 3883 Obedientiam,
2830 3818 3021 3888 inquit,
3056 3817 3197 3871 malo
3226 3830 3383 3886 quam
3411 3829 3502 3869 sa-

1911 3916 2171 3973 criﬁcium
2184 3956 2196 3970 .
2218 3914 2326 3969 Lex
2342 3923 2510 3967 autem
2529 3912 2851 3978 subintrarit,
2868 3920 2923 3962 ut
2942 3910 3223 3963 abundaret
3239 3909 3499 3965 delictum.

1914 4007 1995 4065 Ne
2042 4007 2285 4062 dicerent
2314 4005 2469 4060 nobis
2504 4020 2517 4058 :
2553 4003 2660 4058 Lex
2708 4010 2922 4071 peccata
2954 3986 3153 4054 dimisit
3186 4016 3199 4053 :
3232 3997 3346 4055 Non
3370 4040 3386 4065 ,
3420 3999 3504 4054 in-

1912 4100 2045 4171 quit,
2074 4098 2220 4154 venit
2246 4098 2541 4165 dimittere,
2566 4096 2661 4151 sed
2684 4103 2987 4150 monstrare
3011 4109 3024 4146 :
3049 4108 3151 4162 qua
3172 4101 3499 4161 contempta,

1914 4191 2133 4259 incmpit
2168 4189 2445 4244 abundare
2467 4187 2718 4242 delictum
2747 4201 2843 4255 per
2881 4186 3158 4240 scientiam
3193 4199 3205 4234 :
3237 4184 3389 4253 quasi
3416 4184 3503 4237 di-

1912 4290 2062 4337 ceret
2095 4298 2110 4335 :
2145 4281 2213 4335 Ut
2235 4280 2416 4346 video,
2443 4280 2527 4333 lex
2553 4285 2772 4347 peccata
2800 4290 2905 4329 non
2936 4275 3145 4337 minuit,
3172 4273 3263 4326 sed
3284 4274 3501 4340 adjecit,

1914 4388 2024 4428 non
2054 4380 2231 4425 tamen
2257 4384 2353 4425 suo
2374 4370 2529 4436 vitio,
2558 4368 2652 4423 sed
2679 4367 2914 4421 illorum.
2940 4364 3073 4431 Lex,
3101 4363 3291 4431 inquit,
3314 4363 3501 4419 subin-

1918 4464 2096 4529 travit,
2130 4470 2188 4517 ut
2227 4460 2521 4515 abundaret
2559 4460 2859 4531 delictum:
2894 4456 3036 4527 quod
3075 4455 3503 4525 supervenientis

1921 4555 2105 4627 gratiae
2133 4554 2377 4622 largitate
2401 4563 2676 4608 vacuatum
2708 4558 2811 4606 est.
2838 4548 3032 4621 Aperte
3057 4563 3185 4620 ergo
3207 4565 3273 4605 ex
3304 4549 3403 4605 hoc
3429 4560 3504 4606 te-

1920 4647 2174 4703 stimonio
2197 4644 2547 4710 advertimus,
2570 4642 2885 4711 Apostolum
2915 4641 2981 4696 de
3011 4641 3215 4696 duobus
3239 4642 3379 4713 loqui
3409 4658 3502 4713 ge-

1915 4744 2133 4799 neribus
2158 4748 2517 4811 peccatorum,
2546 4752 2664 4808 quae
2692 4736 2775 4791 vel
2806 4751 2871 4791 ex
2901 4734 3129 4790 naturali
3162 4734 3294 4805 legis
3326 4745 3500 4792 traus-
3546 4803 3551 4811 .

1917 4834 2192 4906 gressione
2226 4829 2528 4895 veniebant,
2551 4828 2640 4883 ubi
2670 4842 2882 4883 causam
2906 4826 3159 4897 explicuit
3179 4827 3498 4893 naturalem,

1920 4928 2139 4997 legalem
2182 4925 2447 4990 subdidit,
2480 4923 2666 4977 dicens
2704 4938 2715 4974 :
2750 4921 2850 4977 Ubi
2879 4920 3168 4974 abundavit
3200 4928 3497 4989 peccatum,
3548 4922 3549 4925 “

1918 5018 2372 5090 superabundavit
2392 5017 2579 5088 gratia.
2610 5014 2706 5070 Ubi
2734 5024 2900 5068 autem
2926 5011 3198 5066 abundavit
3220 5021 3485 5082 peccatum

1917 5112 2084 5168 Toxus
2110 5111 2197 5166 hic
2225 5123 2410 5165 sensus
2434 5118 2544 5164 est:
2568 5108 2730 5162 Vetus
2756 5105 2924 5161 Adam
2948 5119 3044 5175 per
3064 5118 3225 5159 unum
3246 5102 3498 5157 delictum

1916 5204 2097 5261 intulit
2122 5212 2384 5269 mortem;
2418 5216 2587 5257 novus
2622 5199 2792 5256 Adam
2818 5214 2884 5254 ex
2913 5195 3378 5253 innumerabilium
3407 5194 3497 5249 de~

1918 5301 2165 5356 lictorum
2211 5298 2536 5367 indulgentia
2567 5296 2783 5351 donavit
2827 5295 3076 5351 salutem.
3110 5293 3209 5348 Ubi
3237 5336 3251 5361 ,
3284 5292 3496 5363 inquit,

1916 5390 2205 5448 abundavit
2230 5400 2507 5460 peccatum
2527 5404 2542 5444 :
2566 5388 2688 5458 quia
2716 5396 2934 5457 accepta
2960 5388 3075 5457 lege
3100 5394 3374 5455 peccatum
3392 5400 3497 5442 non

1918 5498 2038 5538 cum
2071 5482 2389 5553 ignorantia,
2419 5480 2513 5536 sed
2555 5495 2677 5535 cum
2718 5480 2941 5536 scientia
2970 5486 3324 5548 perpetratur.
3373 5478 3497 5536 Ideo

1916 5573 2101 5643 incipit
2128 5573 2400 5628 abundare
2427 5571 2700 5629 delictum.
2734 5572 3179 5641 Superabundavit
3205 5574 3392 5646 gratia.
3429 5573 3495 5629 Ut

1914 5664 2046 5719 sicut
2064 5664 2288 5732 regnauit
2315 5672 2577 5732 peccatum
2604 5664 2656 5716 in
2672 5672 2907 5718 mortem.
2931 5664 3206 5733 Quomodo
3225 5664 3352 5719 dicit
3373 5662 3485 5719 Sal-

1916 5764 2067 5808 vator
2097 5769 2111 5808 :
2144 5754 2240 5810 Cui
2281 5755 2400 5824 plus
2431 5752 2735 5823 dimittitur,
2780 5755 2898 5826 plus
2938 5758 3127 5828 diligit.
3163 5756 3494 5811 Manilestata

1918 5852 2002 5901 est
2015 5844 2281 5915 quantitas
2307 5845 2531 5916 peccati,
2551 5853 2611 5901 ut.
2630 5847 2829 5906 scirent
2853 5851 3269 5921 magnitudinem
3286 5848 3489 5914 gratiae,
