4004 6354
488 314 597 371 ηδ

1591 310 1891 369 PRIMASII
1936 305 2390 367 ADRUMETANI
2433 303 2648 364 EPlSC.

3677 311 3799 368 4M

489 446 542 495 et
582 433 868 493 redderent
899 432 1318 505 magnitudinem
1370 428 1680 498 charitatis,
1714 437 1768 484 et
1809 444 1874 484 ex
1905 427 2076 483 indul-
2101 427 2152 488 Α
2181 424 2341 479 ritum
2373 439 2550 479 suum.
2584 424 2799 480 Plenius
2836 423 3217 494 requirendum
3246 432 3328 481 est
3367 425 3492 497 quid
3539 427 3793 496 intelligi

492 530 666 603 gentia
695 527 1028 584 remissionis
1045 534 1310 580 cresceret
1339 522 1573 577 debitum
1606 521 1898 576 charitatis.
1923 519 2006 572 Ila
2026 528 2076 573 et

492 627 657 697 gratia
682 632 853 695 regnet
881 639 970 692 per
982 621 1238 694 justitiam
1261 619 1314 672 in
1343 621 1496 672 vitam
1523 627 1760 671 aternam
1783 632 1872 685 per
1897 614 2075 669 Iesum

492 719 750 775 Christum
791 717 1065 771 Dominum
1096 723 1342 767 nostrum.
1387 711 1790 767 Manifestantur
1820 710 2076 766 bencﬁcia

492 813 616 865 dum
663 807 964 864 econtrario
1013 805 1348 874 indignorum
1396 803 1602 857 meritis
1650 813 2071 871 comparantur:

492 920 638 959 mors
659 904 802 958 enim
833 916 926 970 per
950 899 1120 955 Adam
1145 898 1404 967 regnavit,
1436 897 1543 951 vita
1567 912 1663 966 per
1690 896 1984 950 Christum.
2009 894 2078 950 Ut

490 997 627 1051 sicut
651 993 1020 1048 conﬁrmatum
1045 1003 1127 1043 est.
1155 1005 1373 1058 regnum
1405 989 1605 1057 peccati
1638 1002 1732 1057 per
1759 987 1925 1056 legem
1950 1001 2076 1039 con-

492 1096 764 1155 temptam,
799 1101 916 1155 qum
947 1083 1166 1138 abstulit
1194 1084 1594 1137 excusationem
1635 1079 1969 1149 ignorantite,
2006 1080 2077 1134 ita

493 1190 547 1235 et
575 1194 794 1248 regnum
827 1178 1007 1248 gratiae
1035 1176 1382 1232 conﬁrmetur
1418 1190 1510 1244 per
1537 1175 1822 1229 multorum
1853 1171 2078 1228 remissa

491 1285 851 1343 peccatorum.

560 1366 688 1419 Car.
730 1381 800 1418 vt.
843 1393 913 1404 -—
957 1362 1095 1430 Quid
1131 1377 1249 1433 ergo
1275 1361 1538 1415 dicemus?
1568 1358 1988 1412 Permanebimus
2024 1359 2078 1411 in

491 1465 721 1529 peccato,
764 1465 817 1508 ut
854 1455 1019 1527 gratia
1048 1453 1310 1506 abundet?
1351 1452 1567 1505 illorum
1612 1449 1698 1502 hic
1727 1447 1953 1503 infertur
1987 1449 2080 1501 oh-

488 1547 671 1620 jectio,
697 1546 787 1617 qui
814 1544 985 1599 adhuc
1011 1559 1196 1614 parum
1219 1541 1576 1608 intelligi-otes
1599 1539 1778 1593 dicere
1801 1546 2075 1608 poterant:

493 1643 546 1697 Si
576 1641 744 1713 gratia
776 1647 983 1694 crescet
1011 1637 1061 1689 in
1089 1635 1452 1706 magnitudine
1482 1632 1832 1695 delictorum,
1858 1646 2080 1701 peccare

495 1733 775 1800 debemus,
807 1740 862 1784 ut
881 1733 1046 1800 gratia
1072 1729 1326 1797 abundet,
1355 1736 1410 1780 ut
1438 1726 1602 1793 possit
1629 1726 1794 1792 magis
1820 1741 1881 1778 ac
1910 1725 2079 1795 magis

2181 517 2396 584 debeat,
2445 518 2498 572 in
2551 530 2724 573 morte
2770 518 2936 588 ipsius
2982 517 3232 587 baptizati
3278 533 3482 574 sumus.
3516 518 3794 590 Pra‘cipit

2180 613 2470 684 Apostolus
2503 623 2558 666 ut
2591 613 2713 682 quia
2761 621 2981 683 propter
3010 627 3108 666 nos
3145 611 3392 667 Christus
3433 614 3660 667 cruciﬁx
3675 629 3746 667 us
3770 656 3788 682 ,

2180 710 2423 757 mortuus
2455 712 2508 757 et
2537 702 2778 770 sepultus
2812 710 2928 768 est,
2963 710 3017 756 et
3046 704 3378 770 resurrexit,
3416 718 3514 757 nos
3555 719 3793 774 quoque

2182 796 2244 848 ad
2269 794 2533 865 passionis
2565 809 2676 848 sua:
2701 794 3105 849 similitudinem
3130 793 3428 850 voluntates
3469 805 3525 850 et
3563 795 3791 864 cupidi-

2182 898 2317 944 tates
2344 899 2554 943 nostras
2576 890 2975 958 crucillgamus,
3001 898 3052 943 et
3075 888 3126 941 in
3150 888 3488 957 baptismatis
3509 890 3788 958 mysterio

2183 982 2394 1050 mortis,
2447 983 2692 1050 sepuliur
2713 999 2740 1035 υ
2769 996 2830 1036 ac
2872 981 3286 1037 resurrectionis
3313 980 3429 1050 ejus
3457 981 3786 1050 exemplum

2184 1077 2472 1143 imitemur,
2525 1088 2582 1132 ut
2635 1077 2679 1130 si
2726 1079 3033 1147 passionum
3086 1077 3216 1131 socii
3273 1076 3554 1141 fuerimus,
3602 1078 3784 1130 simus

2181 1169 2342 1226 etiam
2390 1171 2838 1226 consolationum.
2896 1172 3004 1228 Sed
3059 1172 3439 1243 requirendum
3497 1174 3786 1243 quomodo

2182 1266 2349 1335 possit
2381 1266 2430 1318 in
2463 1266 2570 1320 vita
2619 1266 2823 1335 positus
2855 1265 3031 1333 mori,
3065 1275 3119 1321 et
3149 1266 3384 1320 nondum
3418 1277 3663 1321 mortuus
3696 1280 3788 1322 se-

2185 1358 2372 1426 peliri;
2402 1367 2456 1413 et
2492 1358 2725 1413 nondum
2758 1360 3021 1428 sepultus,
3073 1359 3342 1430 quomodo
3390 1359 3569 1413 valeat
3604 1359 3786 1414 susci-

2187 1451 2305 1504 tari.
2358 1451 2469 1504 lloc
2501 1451 2683 1522 utique
2719 1452 2880 1506 modo
2909 1453 3032 1505 dum
3063 1451 3129 1506 de
3161 1452 3282 1505 ﬁliis
3325 1452 3646 1522 perditionis
3688 1453 3786 1508 ﬁlii

2183 1543 2490 1614 adoptionis
2509 1544 2795 1609 efﬁcimur,
2821 1544 2985 1612 priori
3010 1552 3216 1597 natura:
3239 1545 3474 1598 secunda
3496 1545 3784 1599 nativitate

2187 1639 2592 1707 praemoritnur;
2627 1645 2683 1692 et
2713 1637 2841 1691 dum
2891 1637 2990 1690 sub
3040 1648 3266 1704 cognato
3314 1645 3473 1690 terra:
3503 1637 3782 1691 elemento

2185 1729 2584 1800 submergimur
2609 1770 2624 1796 ,
2670 1729 2991 1800 sepelimur;
3032 1729 3156 1783 dum
3190 1744 3218 1783 c
3249 1730 3368 1784 sinu
3402 1729 3566 1784 l’untis
3595 1744 3784 1784 assur-

498 1825 862 1880 muniﬁcentia
906 1822 1022 1890 ejus
1069 1821 1122 1874 in
1169 1819 1540 1888 peccatoribus
1586 1817 1879 1872 abundare.
1915 1818 2076 1872 Absit.
2110 1822 2159 1882 B
2187 1821 2382 1890 gimus,
2411 1822 2737 1875 suscitantur
2771 1840 2781 1874 :
2815 1830 2869 1876 et
2897 1836 2966 1876 ex
2995 1821 3096 1875 huc
3119 1823 3408 1875 maximum
3435 1822 3780 1890 baptismatis

497 1919 670 1973 Absit.
703 1917 781 1970 illi
813 1925 915 1969 tam
942 1914 1187 1983 imperite
1215 1913 1526 1982 loquuntur,
1565 1910 1652 1980 qui
1678 1910 1849 1962 adhuc
1880 1909 2078 1964 inﬁrmi

498 2009 860 2064 inveniuntur.
881 2006 986 2060 Nos
1009 2020 1137 2060 vero
1167 2004 1564 2073 persuasionem
1593 2001 1748 2070 hujus
1768 2002 2082 2072 ignorantiae

496 2115 828 2172 respuamus,
861 2101 950 2170 qui
970 2101 1077 2169 jam
1113 2097 1309 2151 mortui
1336 2112 1519 2151 sumus
1548 2106 1787 2164 peccato,
1817 2109 1866 2148 ut
1894 2096 2080 2164 gratite

495 2196 818 2251 viveremus.
865 2193 965 2259 Qui
1006 2193 1150 2248 enim
1181 2189 1380 2244 mortui
1430 2204 1614 2244 sumus
1657 2199 1876 2258 peccato
1901 2232 1914 2253 ,
1949 2205 2080 2257 quo-

497 2287 658 2340 modo
691 2287 868 2340 adhuc
899 2284 1142 2339 vivemus
1173 2283 1227 2337 in
1257 2283 1386 2336 illo?
1423 2281 1548 2335 Vult
1579 2291 1682 2333 tam
1720 2276 1929 2334 ﬁrmum
1961 2295 2080 2335 esse

497 2380 846 2449 baptizatum,
871 2385 1084 2446 tamque
1109 2374 1426 2446 perlectum,
1451 2375 1598 2443 quasi
1627 2372 1714 2440 qui
1739 2373 1800 2424 ad
1831 2373 2081 2440 capitalia

500 2471 886 2528 committenda
918 2480 1129 2525 mortuo
1159 2467 1554 2540 quodammodo
1601 2473 1945 2534 comparetur
1979 2482 1992 2518 :
2027 2473 2084 2519 ut

497 2563 606 2632 jam
656 2577 876 2631 peccare
909 2577 1012 2615 non
1041 2559 1274 2624 debeat,
1310 2559 1360 2611 id
1392 2567 1492 2622 est,
1541 2557 1745 2612 crimen
1775 2556 2078 2610 admittere.

502 2658 580 2712 An
606 2657 851 2728 ignoratis
871 2656 990 2726 quia
1017 2655 1303 2725 quicunque
1329 2651 1569 2722 baptizati
1604 2665 1776 2702 sumus
1800 2649 1850 2701 in
1877 2647 2083 2703 Christo

502 2753 647 2807 Jesu.
696 2754 803 2806 Aut
833 2749 1075 2818 nunquid
1108 2758 1502 2802 sacramentum
1545 2745 1712 2816 ipsius
1745 2745 2084 2815 baptismatis

503 2844 802 2916 ignoratis?
852 2843 903 2896 ln
947 2841 1240 2910 Scripturis
1290 2839 1664 2907 baptismatum
1717 2847 1843 2893 sunt
1885 2849 2084 2906 genera

504 2939 604 2992 tria
638 2955 651 2989 :
683 2950 852 3006 aqute,
884 2943 943 2989 ut
973 2933 1242 2997 Joannes;
1275 2930 1530 3000 Spiritus,
1563 2930 1652 2996 qui
1681 2938 1735 2984 et
1765 2930 1916 2998 ignis,
1950 2936 2006 2981 ut
2029 2928 2082 2981 in

504 3029 723 3085 Actibus
777 3028 1164 3098 apostolorum.
1226 3022 1510 3078 Descendit
1575 3022 1805 3089 Spiritus
1867 3029 2083 3075 sanctus
2147 3015 2149 3018 ⁴

504 3121 653 3192 quasi
685 3121 842 3190 ignis,
876 3119 944 3175 de
979 3117 1131 3188 cujus
1162 3115 1362 3170 deitate
1405 3115 1512 3168 alio
1553 3114 1670 3168 loco
1698 3114 2027 3168 demonstrat
2066 3130 2078 3166 :

2187 1924 2580 1966 sacramentum
2616 1922 2718 1968 est.
2767 1913 2832 1967 Et
2863 1913 2986 1968 ideo
3026 1913 3196 1966 dixit:
3230 1913 3543 1983 (Ξοηεμρυιιί
3591 1928 3782 1968 sumus

2185 2022 2305 2062 cum
2324 2007 2412 2060 illo
2431 2021 2526 2076 per
2547 2006 2871 2077 baptismum
2893 2007 2946 2060 in
2971 2015 3220 2060 mortem.
3239 2006 3302 2060 Et
3322 2007 3374 2059 in
3393 2006 3778 2076 consequenti:

2194 2100 2269 2167 Si,
2307 2100 2497 2168 inquit,
2523 2100 2715 2152 mortui
2749 2114 2933 2154 sumus
2960 2115 3080 2153 cum
3101 2099 3335 2164 Christo,
3363 2099 3636 2154 credimus
3658 2101 3781 2170 quia

2190 2194 2348 2247 simul
2384 2194 2544 2247 etiam
2579 2193 2811 2246 vivimus
2851 2208 2971 2247 cum
3002 2193 3237 2247 Christo.
3273 2193 3669 2247 Elaboraudum
3702 2204 3783 2248 est

2189 2287 2367 2356 itaque
2395 2295 2455 2340 ut
2486 2286 2618 2339 nihil
2653 2286 2719 2339 de
2749 2285 2999 2341 sordibus
3026 2287 3225 2340 veteris
3259 2287 3490 2340 hominis
3518 2300 3784 2355 agnosca-

2188 2387 2274 2431 tur
2310 2377 2361 2430 in
2389 2377 2560 2430 nobis.
2595 2375 2746 2430 Unde
2778 2376 2822 2430 si
2853 2379 2975 2448 quis
3002 2387 3241 2432 nostrum
3273 2377 3412 2431 forte
3444 2378 3784 2446 prtevenitur

2189 2471 2332 2524 dono
2364 2471 2569 2524 Domini
2598 2486 2692 2540 per
2722 2471 3088 2540 paenitentiam
3118 2471 3370 2526 diluatur.
3407 2471 3464 2525 Si
3501 2487 3632 2540 ergo
3659 2471 3784 2527 {ue-

2188 2563 2361 2618 rimus
2392 2563 2547 2629 novi,
2578 2571 2634 2617 et.
2677 2565 2941 2618 immutati
2974 2563 3025 2617 in
3051 2565 3497 2629 conversatione,
3530 2564 3786 2618 similiter

2189 2655 2311 2708 novi
2355 2663 2408 2708 et
2449 2655 2714 2708 immutati
2745 2652 3041 2709 efﬁciamur
3071 2656 3124 2708 in
3155 2657 3348 2726 gloria.
3376 2655 3626 2711 Scientcs
3655 2655 3786 2725 quia

2193 2757 2345 2801 vetus
2377 2749 2538 2800 homo
2561 2755 2743 2802 noster
2774 2747 2932 2801 simul
2965 2748 3248 2803 cruciﬁxus
3279 2758 3381 2804 est.
3416 2747 3588 2802 Vetus
3620 2748 3787 2803 homo

2190 2839 2386 2895 dicitur
2409 2840 2494 2910 qui
2517 2847 2756 2894 veterem
2778 2849 2830 2894 et
2859 2849 3129 2895 terrenum
3157 2840 3322 2893 Adam
3347 2847 3440 2892 aut
3461 2839 3786 2907 deposuisse

2189 2933 2424 2987 nondum
2452 2932 2683 3000 videtur,
2711 2943 2800 2986 aut
2824 2933 3092 2997 eumdem,
3121 2934 3172 2986 in
3197 2949 3407 2988 caenum
3434 2934 3632 3002 prioris
3652 2933 3789 2987 vim

2191 3027 2466 3092 relapsus,
2503 3025 2764 3080 imitatur.
2800 3025 2954 3081 Sicut
2999 3034 3174 3080 autem
3224 3026 3532 3095 redemptor
3575 3025 3672 3080 ille
3705 3026 3788 3078 in-

2191 3118 2405 3172 noxium
2437 3133 2632 3188 corpus
2674 3119 2950 3188 appendit,
2985 3119 3055 3173 ita
3088 3133 3185 3172 nos
3217 3120 3434 3174 noxium
3467 3117 3782 3186 suSpendao

507 3214 669 3278 Deus,
725 3212 919 3282 inquit,
954 3218 1139 3264 noster
1181 3209 1321 3279 ignis
1351 3222 1674 3261 consumens
1704 3215 1807 3261 est.
1839 3205 2079 3260 Tertium
2111 3199 2157 3264 C
2188 3228 2307 3268 mus
2335 3227 2363 3266 a
2389 3211 2550 3266 vitiis.
2583 3211 2639 3266 In
2669 3227 2772 3282 quo
2819 3211 3075 3284 mysterio
3102 3213 3279 3267 crucis
3309 3213 3515 3282 Moyses
3555 3225 3788 3282 serpen-

502 3319 671 3376 genus
699 3313 779 3359 est
805 3302 1053 3371 baptismi
1085 3300 1139 3354 in
1171 3299 1452 3369 sanguine,
1487 3313 1591 3368 quo
1620 3308 1882 3368 martyres
1912 3296 2085 3366 bapti-

503 3407 713 3452 zantur.
743 3395 895 3452 Unde
921 3395 1036 3463 ipse
1068 3393 1327 3448 Dominus
1362 3393 1472 3464 jam
1511 3391 1808 3460 baptizatus
1833 3390 1884 3445 in
1921 3391 2086 3443 Evan-

504 3488 643 3558 gelio
687 3493 1013 3554 protestatur
1045 3503 1055 3536 :
1086 3467 1374 3554 Baptismo'
1414 3482 1586 3535 habeo
1633 3480 1891 3550 baptizari
1943 3479 2085 3550 quod

503 3595 600 3635 vos
631 3580 870 3634 nescitis.
909 3579 1056 3633 Sicut
1099 3577 1150 3630 in
1189 3575 1409 3631 Joannis
1440 3573 1668 3642 apostoli
1698 3574 1926 3644 epistola
1957 3574 2088 3646 legi-

505 3686 626 3724 mus
655 3687 668 3724 :
705 3671 831 3722 Tria
865 3678 990 3723 sunt
1013 3682 1130 3736 qum
1164 3667 1449 3737 perhibent
1477 3665 1840 3720 testimonium
1879 3684 1890 3719 :
1926 3681 2084 3737 aqua,

504 3761 741 3831 sanguis,
795 3760 1053 3829 Spiritus.
1098 3759 1276 3813 Unum
1309 3759 1358 3813 in
1395 3759 1732 3822 ministerio,
1767 3774 1869 3813 non
1901 3760 1953 3813 in
1989 3777 2084 3812 ua-

506 3862 645 3907 tura.
667 3853 816 3923 Aqua
839 3867 932 3923 per
953 3852 1176 3921 ﬁguram
1201 3851 1349 3906 testis
1363 3849 1746 3906 estdominicte
1759 3851 2082 3920 sepulturae;

506 3945 720 4013 sanguis
749 3944 900 3999 testis
929 3952 1012 3998 est
1039 3943 1256 4007 mortis;
1287 3942 1517 4012 Spiritus
1551 3943 1700 3997 testis
1727 3951 1813 3998 est
1841 3957 2088 3998 resurre-

507 4035 698 4090 ctionis
728 4053 740 4089 :
771 4036 893 4106 quia
915 4035 1146 4104 Spiritus
1171 4043 1354 4089 auctor
1376 4045 1454 4088 est
1478 4033 1620 4089 vitae.
1652 4032 1716 4087 In
1742 4046 1901 4088 morte
1925 4036 2087 4102 ipsius

507 4128 752 4198 baptizatj
780 4144 971 4180 sumus.
1005 4125 1060 4180 lu
1088 4136 1260 4180 morte
1288 4125 1485 4180 Christi
1519 4126 1887 4195 baptizamur,
1932 4134 1988 4178 ut
2028 4128 2079 4180 in

510 4222 674 4292 ipsius
723 4228 896 4274 morte
948 4219 1270 4284 credentes,
1314 4218 1468 4288 quasi
1519 4217 1715 4270 mortui
1757 4218 2080 4270 viveremus.

505 4316 711 4384 Quippe
742 4314 933 4383 quibus
965 4312 1096 4366 nihil
1124 4319 1268 4366 esset
1287 4326 1407 4365 cum
1433 4311 1535 4364 hoc
1559 4308 1755 4362 mundo
1779 4322 2080 4364 commune.

506 4409 573 4464 Et
600 4408 792 4480 quibus
821 4415 963 4462 totus
995 4405 1225 4460 mundus
1257 4413 1372 4458 erat
1405 4403 1643 4457 auctoris
1681 4402 1928 4471 exemplo
1969 4415 2086 4455 mo-

503 4503 722 4567 riturus,
761 4503 899 4556 sicut
927 4501 1075 4555 multi
1107 4499 1277 4554 sancti
1325 4497 1409 4552 vel
1437 4497 1681 4551 fecerunt
1719 4493 1800 4549 vel
1835 4495 2032 4550 iaciunt
2067 4512 2078 4546 :

2191 3313 2296 3359 tem
2319 3319 2517 3360 {ereum
2537 3304 2590 3359 in
2607 3305 2770 3359 dorso
2793 3305 2822 3334 ⁸
2845 3303 3145 3374 suspendit,
3169 3313 3225 3358 ut
3249 3302 3559 3359 destruatur
3583 3317 3789 3373 corpus

2189 3399 2415 3466 peccati.
2447 3397 2559 3452 lloc
2593 3407 2697 3464 est,
2735 3405 2791 3451 ut
2821 3412 2926 3451 non
2970 3412 3032 3451 ex
3066 3406 3239 3466 parte,
3272 3397 3365 3452 sed
3397 3411 3554 3451 omne
3584 3397 3780 3452 vitium

2189 3489 2516 3546 destruatur.
2552 3491 2849 3563 Consepulti
2877 3492 3009 3544 enim
3036 3507 3211 3545 sumus
3239 3508 3352 3544 cum
3376 3491 3463 3545 illo
3495 3505 3585 3560 per
3612 3492 3788 3560 bapti-

2187 3601 2354 3639 smum
2380 3585 2432 3638 in
2462 3594 2691 3639 mortem.
2726 3585 2780 3638 lu
2806 3584 3052 3654 exemplo
3083 3583 3282 3639 Christi
3313 3584 3376 3638 ad
3408 3599 3528 3638 eum
3561 3585 3786 3639 imitan-

2190 3676 2317 3738 dum
2359 3677 2755 3748 consepelimur
2787 3678 2840 3731 in
2867 3677 3154 3746 baptismo,
3188 3685 3245 3731 ut
3277 3675 3472 3732 mortui
3500 3677 3784 3733 veteribus

2190 3769 2508 3832 criminibus
2538 3769 2908 3825 renuntiemus
2935 3769 3152 3824 diabolo
3187 3779 3241 3824 et
3268 3771 3478 3840 pompis
3508 3768 3646 3840 ejus.
3672 3771 3786 3825 Os-

2190 3861 2361 3916 tendit
2385 3874 2482 3914 nos
2512 3861 2582 3914 ita
2617 3859 2878 3930 baptizari
2908 3870 2964 3915 ut
2990 3861 3417 3932 consepeliamur
3440 3861 3672 3915 Christo.
3713 3861 3786 3916 Ut

2189 3953 2442 4020 quomodo
2458 3951 2677 4004 surrexit
2700 3948 2931 4003 Christus
2955 3968 2984 4004 a
3007 3951 3216 4004 mortuis
3238 3967 3326 4019 per
3343 3950 3560 4018 gloriam
3579 3949 3782 4006 Patris.

2190 4045 2261 4101 Ut
2291 4045 2560 4116 quomodo
2589 4043 2921 4116 gloriﬁcatur
2967 4043 3126 4098 Pater
3173 4058 3270 4114 per
3319 4043 3784 4099 resurrectionem

2189 4135 2330 4202 Filii,
2386 4137 2457 4190 ita
2510 4143 2563 4190 et
2610 4152 2702 4207 per
2757 4135 3181 4192 conversationis
3239 4143 3435 4190 nostra:
3487 4139 3786 4194 novitatem

2189 4226 2535 4297 gloriﬁcatur.
2570 4225 2655 4280 Ita
2699 4239 2748 4284 et
2793 4245 2886 4285 nos
2934 4228 2987 4281 in
3038 4229 3261 4282 novitate
3291 4230 3405 4283 vita:
3434 4230 3783 4286 ambulemus.

2188 4319 2440 4376 Ostendit
2487 4319 2759 4390 quomodo
2801 4321 3039 4377 viventes
3079 4322 3274 4375 mortui
3317 4336 3437 4377 esse
3485 4325 3785 4395 possimus,

2191 4428 2289 4470 nec
2318 4413 2514 4484 aliquid
2544 4412 2684 4470 velle
2713 4423 2803 4468 aut
2833 4429 3030 4483 cupere
3062 4413 3373 4482 debeamus,
3412 4415 3553 4485 quod
3585 4416 3786 4472 volunt

2189 4515 2281 4558 aut
2311 4509 2532 4574 cupiunt
2563 4504 2598 4560 ii
2625 4503 2717 4576 qui
2744 4505 2866 4560 novi
2896 4513 3178 4568 nomsuttt.
3201 4505 3261 4560 Si
3283 4505 3419 4558 enim
3442 4505 3786 4576 complantati

505 4596 624 4668 quia
657 4595 901 4650 Christus
931 4608 1027 4662 pro
1048 4590 1297 4644 omnibus
1331 4598 1576 4642 mortuus
1606 4598 1706 4642 est.
1734 4587 1873 4656 Ergo
1896 4603 2080 4642 omnes

2189 4598 2312 4668 facti
2344 4613 2520 4652 sumus
2551 4597 2880 4650 similitudini
2908 4597 3084 4651 mortis
3121 4600 3264 4670 ejus,
3292 4598 3518 4652 simulet
3546 4614 3786 4654 resurre-

505 4687 696 4742 tnortui
727 4693 870 4750 sunt,
905 4691 960 4735 ut
989 4691 1041 4734 et
1072 4684 1158 4749 qui
1192 4680 1380 4733 vivunt
1419 4679 1530 4748 jam
1572 4695 1677 4733 non
1724 4678 1826 4732 sibi
1874 4681 2074 4745 vivant,

505 4783 598 4838 sed
619 4782 669 4836 ei
698 4781 786 4848 qui
816 4791 912 4846 pro
939 4777 1041 4831 illis
1073 4787 1314 4830 mortuus
1341 4783 1441 4831 est.
1477 4775 1607 4830 Vivo
1635 4784 1811 4829 autem
1843 4791 1946 4830 non
1972 4778 2081 4846 jam

505 4890 635 4945 ego:
663 4874 791 4927 vivit
817 4887 942 4926 vero
972 4872 1132 4925 inme
1154 4869 1415 4925 Christus.
1441 4870 1526 4938 Et,
1557 4869 1685 4925 Mihi
1709 4871 1940 4926 mundus
1961 4887 2082 4926 cru-

505 4971 690 5026 ciﬁxus
715 4977 816 5039 est,
841 4977 892 5024 et
916 4983 1014 5038 ego
1042 4965 1258 5020 mundo.
1288 4964 1429 5020 Fieri
1451 4965 1592 5020 enim
1617 4979 1722 5020 non
1755 4974 1950 5033 potest,
1978 4966 2083 5022 nisi

505 5075 562 5120 ut
611 5072 821 5119 mortuo
872 5063 1063 5132 capite,
1118 5060 1296 5115 on’inia
1349 5059 1586 5114 membra
1635 5061 2076 5116 commoriantur.

503 5163 673 5231 Caput
699 5159 840 5214 enim
873 5173 969 5228 pro
1000 5155 1250 5210 omnibus
1302 5153 1557 5208 membris
1603 5153 1818 5223 pertulit
1863 5170 2072 5223 pmnas,

505 5266 560 5311 ut
584 5253 762 5310 omnia
791 5254 841 5307 in
867 5267 986 5308 eum
1020 5249 1260 5306 membra
1295 5256 1651 5311 morerentur,
1681 5257 1732 5300 et
1759 5247 1825 5300 ita
1857 5256 2077 5316 peccato

505 5359 710 5407 mortua
740 5348 981 5403 viverent
1029 5345 1158 5399 Deo.
1196 5341 1475 5410 Quomodo
1504 5341 1643 5393 enim
1686 5348 1926 5393 mortuus
1957 5354 2076 5408 pec-

501 5458 624 5499 care
656 5458 756 5495 non
788 5449 992 5509 potest,
1026 5438 1094 5491 ita
1123 5447 1174 5490 et
1201 5451 1314 5501 nos,
1349 5437 1435 5504 qui
1470 5433 1682 5488 (.hristo
1713 5449 1895 5487 sumus
1926 5449 2074 5486 com-

505 5536 721 5599 mortui,
751 5532 1005 5602 implicari
1041 5531 1269 5600 peccatis
1313 5528 1628 5597 capitalibus
1659 5544 1761 5581 non
1796 5527 2072 5582 debemus.

504 5631 603 5697 Qui
631 5627 917 5682 cruciﬁxus
938 5634 1038 5690 est,
1074 5624 1205 5680 nihil
1236 5623 1377 5677 aliud
1409 5621 1551 5686 facit,
1586 5621 1687 5675 nisi
1713 5620 1854 5690 quod
1885 5619 2072 5674 horam

503 5719 690 5778 mortis
718 5727 1010 5788 exspectat,
1034 5718 1161 5772 etin
1188 5732 1378 5771 manus
1409 5715 1582 5769 Patris
1606 5713 1947 5770 commendat
1969 5714 2078 5786 spi-

575 5840 604 5874 t‘
637 5837 793 5893 Forte
821 5832 1102 5905 legendum
1132 5849 1186 5887 ut
1205 5833 1424 5888 deserto.
1454 5829 1608 5890 Eutr.

2191 4691 2372 4744 ctionis
2397 4691 2605 4743 erimus.
2640 4690 2695 4744 Si
2725 4691 3022 4761 consepulti
3051 4705 3255 4754 sumus,
3284 4701 3338 4746 et
3364 4692 3785 4747 resurrectionis

2189 4783 2389 4836 erimus
2438 4781 2747 4852 participes.
2794 4782 2850 4838 Si
2898 4783 3241 4853 complantati
3275 4799 3378 4837 non
3409 4797 3632 4850 sumus,
3677 4799 3785 4840 nec

2187 4887 2632 4944 conresurgemus
2663 4892 2674 4929 :
2705 4884 2760 4931 et
2799 4874 2843 4930 si
2878 4873 3134 4931 fuerimus
3178 4876 3299 4930 novi
3329 4877 3380 4932 in
3413 4876 3544 4944 vita,
3577 4878 3784 4931 erimus

2188 4969 2457 5038 ingloria.
2511 4970 2563 5024 Si
2616 4969 3023 5026 similitudinem
3076 4971 3266 5025 mortis
3320 4969 3686 5038 habuerimus,
3726 4984 3782 5026 et

2187 5061 2601 5118 resurrectionis
2634 5062 2972 5118 habebimus.
3028 5059 3143 5114 Hoc
3194 5063 3430 5132 scientes,
3482 5063 3606 5133 quia
3636 5071 3778 5116 retu:

2187 5157 2338 5210 homo
2381 5166 2548 5211 noster
2571 5158 2723 5213 simul
2753 5156 3033 5225 cruciﬁxus
3055 5165 3150 5211 est.
3181 5155 3282 5221 Qui
3330 5163 3569 5210 veterem
3601 5155 3776 5209 homi-

2188 5263 2310 5304 nem
2360 5257 2415 5302 et
2461 5257 2732 5304 terrenum
2781 5246 3041 5304 imitando
3080 5247 3392 5326 peccabant.
3441 5246 3573 5302 Nam
3623 5261 3778 5302 vetus

2187 5342 2348 5398 homo
2381 5344 2547 5400 Adam
2593 5342 2929 5414 intelligitur,
2979 5341 3118 5398 sicut
3167 5357 3337 5398 novus
3383 5342 3654 5398 Christus.
3706 5344 3776 5398 Lit

2187 5435 2481 5490 destruatur
2521 5454 2704 5508 corpus
2755 5437 2968 5507 peccati.
3014 5435 3188 5494 Unum
3235 5436 3418 5490 vitium
3471 5436 3772 5492 membrum

2187 5540 2269 5584 est
2315 5531 2568 5599 peccati:
2613 5545 2807 5600 corpus
2854 5546 2983 5587 vero
3039 5531 3366 5586 universitas
3415 5531 3770 5596 delictorum,

2185 5637 2411 5694 quorum
2467 5625 2788 5695 principium
2849 5624 3111 5696 originale
3168 5632 3468 5693 peccatum.
3529 5622 3768 5679 Christus

2194 5727 2372 5772 autem
2405 5730 2512 5774 non
2542 5733 2609 5791 ex
2631 5724 2803 5787 parte,
2826 5715 2922 5774 sed
2944 5717 3153 5790 integer
3169 5723 3252 5774 est
3271 5715 3582 5788 cruciﬁxus,
3598 5723 3653 5776 ut
3673 5729 3768 5771 nos
