4004 6354
148 360 257 416 ι4ῖῑ

1025 349 1085 405 ΙΝ
1127 346 1506 405 Ei‘lSTOLAM
1546 349 1635 402 AD
1675 343 1997 403 ROMANOS
2034 334 2561 400 COMMENTARIA.

3318 319 3422 380 446

149 497 215 536 ex
245 486 357 534 toto
381 475 674 531 moriamur
705 478 926 542 peccato
953 509 966 534 ,
1013 475 1066 521 et
1095 467 1329 521 vivamus
1354 463 1502 529 Deo;
1535 463 1650 516 sive
1681 467 1738 514 ut
1763 462 1820 522 Α
1848 459 1964 512 Non
1996 456 2365 525 concupisces.
2392 450 2496 507 Sed
2526 464 2688 520 neque
2712 444 2989 503 exitibeatis
3013 443 3240 499 membra
3262 452 3428 497 vestra

149 588 348 640 corpus
376 578 618 623 nostrum
644 564 950 618 destruatur
973 577 1000 614 a
1025 561 1287 614 servitute
1315 555 1538 627 peccati,
1565 561 1616 608 et
1648 552 1739 605 ﬁat

144 665 374 735 justitia:
405 659 768 726 mancipium,
820 655 958 726 quod
1008 653 1385 709 solebat'esse
1433 647 1634 702 delicti.
1672 645 1740 699 Ut

149 758 293 811 ultra
343 771 444 808 non
487 753 771 807 serviamus
801 759 1023 819 peccato.
1060 745 1244 801 Omnis
1291 744 1429 798 enim
1480 741 1569 811 qui
1619 739 1743 793 facit

149 859 457 919 peccatum,
487 859 678 900 servus
707 852 791 898 est
823 841 1047 912 peccati.
1086 839 1186 904 Qui
1218 839 1346 892 enim
1382 847 1610 887 moratus
1666 842 1742 887 est

144 941 477 1013 justiﬁcatus
525 948 598 994 est
649 954 680 989 a
730 944 958 1006 peccato.
1012 934 1121 986 lloc
1173 942 1274 996 est,
1310 929 1570 983 alienatus
1602 933 1742 979 esta

154 1044 400 1103 peccato,
444 1030 555 1100 jam
608 1046 711 1083 non
756 1036 930 1098 potest
960 1040 1180 1094 peccare
1214 1041 1226 1076 :
1260 1021 1544 1078 crucifixus
1575 1021 1738 1080 enim,

152 1124 406 1178 omnibus
446 1122 702 1176 membris
755 1119 942 1173 dolore
985 1115 1260 1186 occupatis
1288 1156 1303 1180 ,
1361 1127 1585 1183 peccare
1635 1128 1742 1166 non

155 1224 370 1284 potest;
425 1213 519 1269 sed
567 1210 1019 1280 concupiscentiis
1063 1219 1116 1263 et
1160 1207 1498 1278 passionibus
1527 1214 1745 1259 contra-

153 1307 307 1362 dicit.
343 1306 403 1361 Si
448 1315 615 1359 autem
657 1303 843 1358 mortui
886 1318 1060 1356 sumus
1089 1317 1203 1354 cum
1231 1298 1457 1364 Clu-isto,
1493 1282 1742 1350 credimus

155 1399 281 1467 quia
309 1397 462 1452 simul
505 1399 658 1452 etiam
685 1398 903 1451 vivemus
943 1411 1058 1448 cum
1097 1392 1319 1447 Christo.
1350 1391 1499 1445 Sicut
1530 1398 1584 1443 et
1615 1387 1744 1442 alibi

159 1492 294 1546 dicit
327 1509 340 1544 ί
373 1489 431 1546 Si
459 1490 777 1546 connnortui
804 1503 1011 1552 sumus,
1034 1497 1084 1541 et
1117 1484 1488 1539 convivemus.
1517 1479 1745 1534 Scicntcs

156 1586 297 1652 quod
319 1582 552 1638 Christus
579 1597 789 1652 surgens
816 1597 845 1632 a
875 1578 1109 1644 mortuis,
1125 1579 1240 1648 jam
1265 1591 1364 1627 non
1395 1574 1630 1626 moritur.
1661 1570 1748 1625 Sic

159 1682 213 1728 et
256 1688 374 1738 nos,
408 1672 451 1727 si
480 1671 676 1726 mortui
709 1670 966 1723 fuerimus
993 1667 1159 1729 vitiis,
1193 1673 1420 1718 mortem
1455 1661 1745 1716 secundam

159 1781 266 1820 non
300 1765 624 1819 timebimus.
661 1765 767 1816 Aut
808 1770 953 1816 certe
996 1761 1065 1812 ita
1101 1774 1113 1810 :
1148 1757 1285 1810 sicut
1311 1753 1420 1824 jam
1469 1768 1564 1822 pro
1597 1751 1748 1806 vobis

159 1872 266 1910 non
315 1864 508 1924 potest,
541 1853 583 1907 Si
618 1851 908 1906 criminose
953 1847 1234 1912 vixeritis,
1266 1844 1507 1899 Citl‘iSlUS
1554 1844 1748 1898 iterum
1780 1854 1829 1913 B
1857 1866 1957 1902 non
2007 1845 2380 1901 dominabitur.
2439 1843 2554 1898 Non
2602 1855 2696 1897 vos
2743 1842 2920 1894 vincat
2968 1848 3242 1908 peccatum

1853 1942 1998 1996 enim
2031 1940 2163 1994 estis
2195 1936 2421 2008 parvuli,
2477 1934 2574 1989 sed
2626 1933 2880 2002 perfecti;
2929 1932 3080 2001 quasi
3125 1931 3444 2000 pzedagogus
3525 1914 3545 1927 ’

155 1947 420 2016 cruciligi,
455 1945 527 2000 ita
570 1953 623 1999 et
673 1957 768 2000 vos
818 1957 924 1995 non
970 1938 1194 2008 potestis
1223 1938 1415 1992 iterum
1465 1934 1744 2000 baptizari,

157 2043 302 2095 sicut
343 2041 468 2094 alibi
499 2038 628 2093 dicit
663 2053 678 2091 :
708 2034 1042 2105 lmpossibile
1086 2041 1169 2087 est
1197 2047 1290 2086 eos
1315 2031 1403 2098 qui
1432 2031 1598 2084 semel
1625 2037 1750 2084 sunt

159 2131 473 2198 illuminati,
503 2140 555 2184 et
575 2128 864 2199 participes
891 2136 1015 2181 sunt
1037 2126 1237 2194 clieeti,
1275 2124 1522 2178 renovari
1555 2136 1748 2176 rursus

157 2223 230 2276 ad
281 2222 672 2292 paenitentiam,
718 2235 906 2275 rursus
955 2218 1329 2288 cruciﬁgentes
1370 2218 1422 2270 in
1461 2231 1520 2271 se
1557 2215 1748 2268 Filium

162 2316 296 2382 Dei;
329 2316 520 2385 quibus
553 2331 658 2370 non
688 2315 1082 2385 pmnitentiam,
1113 2311 1206 2366 sed
1237 2310 1660 2378 innovationem,
1697 2307 1750 2362 id

159 2419 245 2466 est
271 2409 609 2464 iterationem
640 2407 973 2478 baptismatis
1001 2405 1294 2460 interdicit.
1322 2404 1464 2458 Mors
1495 2403 1572 2456 illi
1613 2402 1753 2456 ultra

158 2519 263 2557 non
310 2501 678 2556 dominabitur.
737 2500 792 2556 Si
841 2500 978 2554 ultra
1036 2516 1142 2554 non
1190 2497 1572 2563 dominabitur,
1624 2511 1752 2566 ergo

151 2595 267 2667 jam
311 2594 581 2650 dominata
613 2605 716 2661 est,
750 2601 935 2648 contra
961 2592 1286 2646 Maniehzeos
1314 2631 1327 2656 ,
1380 2590 1502 2660 quia
1553 2595 1750 2659 negant

157 2685 431 2742 Christum
464 2699 644 2740 veram
676 2698 890 2738 carnem
934 2681 1205 2744 habuisse.
1240 2680 1389 2744 Quod
1440 2680 1572 2734 enim
1614 2693 1753 2730 mor-

157 2787 278 2832 tuus
321 2787 396 2834 est
436 2787 662 2848 peccato.
695 2776 822 2830 Sive
854 2775 993 2846 quod
1027 2788 1121 2844 pro
1163 2781 1380 2842 peccato
1408 2769 1623 2841 generis
1653 2770 1750 2822 hu-

158 2871 332 2940 mani,
364 2871 482 2928 sive
504 2870 644 2941 quod
675 2869 833 2925 morti
864 2867 991 2938 ipsi,
1026 2881 1145 2936 quae
1174 2866 1227 2919 in
1262 2880 1382 2920 eum
1407 2864 1544 2918 ultra
1572 2863 1749 2919 loeum

158 2980 271 3021 non
292 2964 522 3034 potuerit
549 2961 769 3029 habere,
800 2961 871 3014 sit
897 2967 1158 3014 mortuus.
1205 2956 1443 3011 Mortuus
1473 2962 1546 3008 est
1570 2953 1747 3008 semel.

159 3056 218 3112 id
248 3066 332 3111 est
361 3058 500 3111 sicut
529 3061 692 3124 caput
738 3062 976 3108 vestrum
1008 3049 1178 3106 semel
1221 3058 1307 3104 est
1348 3059 1640 3112 mortuum,
1671 3046 1750 3100 sic

156 3159 215 3206 et
238 3164 332 3206 vos
355 3148 596 3205 membra
619 3147 761 3202 illius
783 3145 982 3213 eliecti,
1017 3143 1138 3198 vitae
1165 3143 1282 3212 ejus
1303 3143 1549 3211 exempla
1573 3149 1749 3196 secta-

1845 569 1990 606 arma
2013 550 2300 620 iniquitatis
2341 554 2566 618 peccato.
2599 539 3026 612 Unumquodque
3056 538 3354 594 membrum
3379 537 3426 592 si

1845 644 2076 700 ofﬁcium
2111 656 2264 694 suum
2295 641 2345 691 in
2389 637 2556 691 malos
2597 648 2728 689 usus
2757 629 3113 694 converterit,
3144 641 3293 684 arma
3327 625 3429 682 iui-

1845 736 2064 804 qnitatis
2092 733 2325 787 ettlcitur
2353 735 2414 780 ad
2447 728 2710 798 justitiam
2737 722 3145 794 expugnandam
3173 736 3188 775 :
3225 719 3270 774 si
3315 732 3429 772 ma-

1846 845 1946 886 nus
1985 827 2049 882 ad
2096 827 2320 890 furtum,
2353 825 2529 893 lingua
2571 821 2636 874 ad
2671 819 3012 873 mendacium
3058 814 3142 868 vel
3173 810 3429 880 blasphe-

1847 921 2036 985 miam;
2059 917 2105 971 si
2129 917 2313 970 oculos
2334 914 2785 982 concupiscentia:
2812 911 3011 967 serviat
3033 909 3097 962 ad
3117 905 3426 976 pudicitiam

1846 1010 2277 1082 expug::aridan'i,
2321 1018 2375 1062 et
2401 1016 2613 1060 caetera.
2650 1004 2754 1059 Sed
2795 1003 3023 1058 exhibete
3060 1015 3146 1054 vos
3189 998 3432 1053 Deotau-

1847 1124 1998 1178 quam
2029 1123 2092 1161 ea:
2123 1104 2336 1158 mortuis
2378 1104 2614 1156 viventes.
2665 1100 2938 1169 Tanquam
2966 1100 3074 1167 jam
3109 1106 3427 1150 resurrexe-

1830 1203 1965 1256 .ritis
1990 1218 2003 1254 :
2032 1206 2152 1267 post
2179 1196 2627 1252 resurrectionem
2650 1204 2828 1248 autem
2860 1207 2964 1246 non
2989 1190 3275 1246 carnaliter
3296 1185 3434 1242 vivi-

1851 1305 1956 1356 tur,
1983 1308 2080 1346 nec
2100 1300 2366 1360 peccatur.
2393 1287 2457 1339 Et
2477 1286 2704 1340 membra
2724 1295 2887 1338 vestra
2909 1300 3052 1336 arma
3061 1282 3280 1353 justitiw
3305 1279 3434 1332 Deo.

1850 1383 1918 1440 Ut
1965 1383 2152 1438 oculus
2202 1381 2291 1451 qui
2341 1388 2462 1433 ante
2513 1377 2730 1431 videbat
2776 1375 2844 1428 ad
2893 1373 3260 1443 peccandum,
3294 1383 3436 1424 nunc

1849 1481 2020 1534 videat
2052 1479 2115 1532 ad
2149 1478 2274 1532 boni
2301 1475 2480 1544 operis
2523 1471 2911 1533 ministerium;
2945 1469 3033 1536 qui
3066 1477 3191 1519 ante
3220 1462 3438 1517 videbat

1851 1573 1916 1626 ad
1964 1568 2395 1638 cxspoliandum,
2450 1580 2590 1620 llllllc
2634 1564 2810 1617 videat
2847 1561 2914 1614 ad
2953 1557 3284 1614 vestiendum
3317 1573 3329 1608 :
3359 1556 3439 1609 sic

1852 1665 2013 1719 etiam
2045 1663 2110 1715 de
2151 1661 2370 1729 reliquis
2400 1656 2655 1712 membris
2685 1657 2939 1719 adverte,
2971 1663 3028 1706 ut
3058 1654 3126 1706 de
3157 1650 3442 1719 iniquitate

1854 1757 1919 1812 ad
1953 1753 2373 1810 misericordiam
2402 1759 2816 1805 commutentur.
2844 1748 3120 1803 Peccatum
3142 1746 3276 1800 enim
3298 1744 3441 1796 nobis

3289 1855 3302 1887 :
3335 1850 3444 1890 non

1855 2047 2028 2102 puero
2059 2031 2204 2084 dicat
2233 2047 2245 2083 :
2279 2028 2398 2083 Noli
2432 2026 2611 2082 facere
2638 2026 2825 2080 vitium
2852 2025 3133 2086 sermonis,
3167 2038 3275 2076 non
3298 2022 3443 2076 enim

1853 2125 2027 2181 adhuc
2057 2123 2208 2177 audis
2235 2119 2670 2192 grammaticum,
2706 2116 2799 2172 sed
2831 2123 3127 2171 oratorem.
3173 2114 3298 2170 Sive
3332 2129 3440 2168 non

1854 2219 2238 2285 dominabitur,
2268 2230 2375 2268 non
2408 2213 2566 2267 habet
2589 2210 2878 2266 dominari.
2916 2208 3034 2261 Non
3062 2209 3196 2261 enim
3219 2206 3310 2261 sub
3336 2206 3446 2277 lege

1852 2313 1992 2376 estis,
2025 2310 2113 2363 sed
2144 2307 2234 2360 sub
2257 2305 2444 2375 gratia.
2483 2304 2537 2358 ld
2566 2312 2668 2368 est,
2694 2303 2794 2357 sub
2816 2300 3188 2356 benevolentia
3216 2291 3447 2354 Redem-

1854 2405 2041 2474 ptoris,
2068 2400 2156 2471 qui
2186 2396 2455 2470 pugnandi
2477 2405 2635 2466 atque
2663 2393 2914 2449 vincendi
2944 2402 3236 2448 etconatus
3264 2391 3437 2456 dedit,

1853 2506 1908 2553 et
1937 2497 2236 2553 doetrinam
2271 2496 2535 2563 prazbuit;
2565 2494 2660 2550 sed
2691 2502 2746 2550 et
2776 2491 3081 2562 exemplum
3113 2489 3358 2557 insuper,
3383 2497 3438 2541 et

1855 2592 2105 2645 virtutem
2140 2604 2234 2659 per
2265 2586 2688 2643 consolationem
2718 2585 2948 2653 Spiritus
2981 2581 3150 2636 sancti
3200 2579 3440 2643 donavit,

1856 2702 1953 2757 per
1995 2700 2154 2754 quam
2211 2683 2506 2738 liberamur
2547 2695 2574 2734 a
2631 2678 3000 2734 dominatione
3049 2674 3272 2745 peccati.
3311 2671 3450 2738 Quid

1857 2793 1977 2847 ergo
2008 2777 2031 2829 ?
2058 2773 2374 2844 peccabimus
2404 2773 2526 2843 quia
2556 2787 2657 2825 non
2696 2787 2872 2825 sumus
2901 2768 2994 2822 sub
3029 2768 3174 2838 lege?
3201 2765 3302 2833 Qui
3349 2763 3450 2818 sub

1857 2869 1975 2939 lege
2007 2876 2088 2923 est
2131 2868 2395 2938 premitur
2424 2881 2451 2919 a
2482 2867 2626 2935 lege,
2675 2864 2800 2920 dum
2853 2879 2956 2917 non
3005 2861 3189 2931 implet
3235 2861 3446 2930 legem;

1855 2978 1960 3016 non
1987 2961 2186 3017 estsub
2209 2961 2345 3030 lege,
2377 2960 2469 3015 sed
2495 2975 2616 3015 cum
2637 2959 2776 3028 lege.
2807 2957 2914 3012 Sed
2934 2956 3026 3011 sub
3049 2954 3255 3028 gratia?
3284 2953 3447 3008 Absit.

1856 3055 1935 3109 An
1976 3057 2177 3109 nescitis
2212 3054 2454 3123 quoniam
2485 3053 2568 3107 cui
2597 3051 2844 3108 exhibetis
2887 3067 2972 3103 vos
3003 3065 3178 3103 servos
3220 3047 3287 3099 ad
3329 3049 3450 3099 obe-

1857 3151 2118 3215 dientium,
2150 3149 2281 3202 servi
2309 3152 2430 3202 estis
2456 3150 2567 3217 ejus
2611 3148 2694 3199 cui.
2735 3144 2976 3199 obedistis
2997 3184 3010 3208 ,
3041 3143 3144 3196 sive
3172 3141 3364 3211 peccati
3383 3137 3450 3191 ad

159 3244 314 3309 mini:
344 3252 398 3298 ιιι
427 3240 560 3297 nihil
590 3239 747 3295 mor“
771 3238 992 3292 “Herius
1018 3236 1288 3298 debeatis»
1326 3233 1428 3288 hoc
1456 3242 1570 3301 εει,
1606 3243 1665 3288 ιη
1695 3235 1748 3288 in
1780 3237 1826 3300 C
1855 3252 2089 3307 mortem,
2121 3243 2224 3295 sive
2252 3239 2556 3294 obeditionis
2605 3238 2674 3290 ad
2693 3235 2994 3308 justitiam?
3035 3233 3112 3288 Ne
3152 3229 3350 3285 indocti
3393 3238 3450 3282 et

161 3337 315 3392 vobis
335 3336 509 3390 locum
529 3347 674 3388 mors
693 3329 926 3386 secunda
953 3343 1059 3382 non
1077 3327 1289 3380 habeat.
1317 3326 1447 3378 Nam
1467 3327 1555 3395 qui
1580 3324 1754 3380 credit

159 3422 488 3499 baptismum
513 3439 673 3497 posse
700 3423 918 3489 iterare,
961 3419 1132 3474 credit
1159 3417 1430 3472 Christum
1464 3431 1619 3486 posse
1650 3419 1753 3471 ite-

161 3540 284 3581 rum
333 3521 591 3592 cruciligi.
643 3519 795 3586 Quod
824 3526 990 3571 autem
1033 3516 1171 3581 vivit,
1205 3514 1324 3568 vivit
1355 3515 1479 3568 Deo.
1529 3513 1671 3569 Vivit
1699 3514 1752 3568 in

164 3617 386 3683 deitate,
417 3617 531 3682 ipse
572 3613 733 3668 homo
765 3613 922 3666 Deus.
975 3607 1062 3663 Ita
1103 3615 1149 3662 et
1192 3624 1278 3661 vos
1318 3607 1604 3661 existimate
1640 3622 1750 3662 vos.

166 3712 329 3780 Quasi
371 3709 463 3763 lilii
502 3707 585 3764 vel
624 3706 867 3762 membra
894 3705 1009 3776 ejus
1040 3719 1136 3759 vos
1180 3702 1481 3771 intelligite.
1515 3701 1752 3756 Mortuos

165 3803 371 3874 quidem
417 3817 522 3856 esse
570 3807 796 3869 peccato.
853 3797 1002 3851 Sicut
1051 3795 1285 3849 imitator
1333 3793 1452 3863 ejus
1495 3793 1748 3848 dicebat:

170 3897 305 3953 Vivo
330 3907 506 3952 autem
531 3895 642 3965 jam
673 3911 778 3949 non
824 3909 946 3962 ego,
979 3892 1110 3948 vivit
1133 3907 1261 3947 vero
1297 3890 1350 3946 in
1377 3907 1462 3946 me
1483 3891 1750 3946 Christus.

182 3989 415 4045 Viventes
452 3999 644 4043 autem.
694 3987 807 4041 Hoc
838 3996 919 4041 est
945 4027 958 4052 ,
1007 3984 1122 4055 ejus
1156 3987 1318 4039 vitam
1351 3993 1657 4054 sequentes,
1703 3985 1753 4039 in

166 4087 322 4142 nobis
362 4085 596 4140 nondum
627 4082 851 4138 vivimus
876 4122 890 4148 ,
923 4080 1017 4136 sed
1045 4080 1156 4148 jam
1189 4079 1239 4132 in
1271 4077 1485 4133 Christo
1524 4078 1755 4132 vivimus

165 4194 378 4236 omnes.
409 4178 598 4234 illortui
621 4175 761 4233 enim
787 4189 991 4242 sumus,
1019 4179 1076 4227 et
1101 4172 1205 4226 vita
1230 4179 1411 4225 nostra
1441 4170 1754 4224 abscondita

164 4282 250 4330 est
281 4287 400 4326 cum
447 4270 660 4324 Christo
705 4268 756 4322 in
807 4266 933 4320 Deo.
990 4263 1097 4317 Deo
1141 4265 1193 4316 in
1240 4264 1440 4316 Christo
1486 4259 1633 4315 Jesu.
1665 4260 1758 4315 llle

165 4375 347 4420 autem
383 4363 510 4418 vivit
555 4362 696 4422 Deo,
745 4360 832 4426 qui
882 4354 1082 4408 Christi
1130 4354 1357 4421 vestigia
1407 4352 1753 4416 humilitate,

164 4455 636 4516 sanctiﬁcatione,
693 4452 891 4519 pietate
941 4454 1194 4499 sectatur.
1251 4444 1373 4495 Non
1425 4459 1544 4513 ergo
1586 4452 1758 4512 regnet

168 4556 441 4622 peccatum
468 4546 520 4597 in
543 4553 706 4597 vestro
733 4538 938 4592 mortali
964 4552 1194 4605 corpore,
1217 4546 1271 4587 ut
1301 4533 1544 4587 obcdiatis
1566 4550 1754 4586 concu-

1860 3336 1911 3390 in
1948 3334 2054 3388 lide
2080 3332 2242 3387 rudes
2271 3329 2575 3400 objiccrent
2609 3345 2622 3383 :
2663 3329 2803 3399 Ergo
2833 3336 3077 3382 cessante
3101 3323 3338 3378 vindicta
3369 3321 3445 3376 le-

1856 3429 1957 3498 gis,
1991 3427 2208 3496 impune
2236 3422 2598 3493 peccabimus.
2635 3421 2810 3476 Absit.
2842 3419 3023 3475 Gratia
3048 3433 3166 3489 qua:
3195 3425 3250 3471 et
3279 3415 3450 3469 dona-

1857 3521 1932 3575 vit
1960 3517 2231 3589 quomodo
2254 3517 2554 3582 vincamus,
2575 3529 2682 3569 non
2702 3513 2814 3568 vult
2831 3526 2928 3566 nos
2949 3509 3166 3566 omnino
3187 3522 3442 3579 peccare:

1856 3593 1926 3669 sf
1945 3612 2224 3667 volueritis
2272 3623 2520 3680 peccare,
2569 3606 2934 3662 dominabitur
2979 3603 3128 3658 vobis
3158 3603 3290 3671 legis
3320 3615 3448 3655 sen-

1857 3705 2044 3769 tentia,
2093 3718 2211 3774 qum
2243 3701 2477 3756 vindicat
2509 3700 2559 3753 in
2595 3707 2901 3766 peccantes.
2933 3696 2986 3750 Si
3019 3703 3196 3748 autem
3228 3691 3450 3761 justitiae

1857 3796 2157 3851 servicritis
2177 3837 2193 3860 ,
2237 3807 2342 3848 non
2385 3793 2517 3847 estis
2545 3790 2645 3846 sub
2672 3789 2789 3858 lege
2809 3830 2824 3855 ,
2861 3787 2957 3842 sed
2981 3787 3080 3841 sub
3108 3786 3304 3856 gratia.
3334 3785 3450 3839 Non

1857 3892 2020 3957 enim,
2053 3889 2247 3959 inquit,
2277 3885 2500 3958 potestis
2523 3885 2732 3940 duobus
2753 3882 2977 3937 servire.
3006 3880 3104 3934 llic
3132 3879 3271 3950 quod
3295 3878 3449 3941 dixit,

1858 3983 2224 4056 peecabimus,
2252 3980 2546 4036 criminalia
2578 3988 2628 4032 et
2657 3973 2906 4046 capitalia
2941 3980 3154 4042 peccata
3186 3970 3450 4039 intelliga-

1860 4091 1997 4142 mus,
2031 4090 2134 4128 non
2171 4073 2393 4130 minuta,
2426 4071 2539 4124 sine
2569 4069 2763 4138 quibus
2811 4080 2930 4120 esse
2978 4080 3083 4118 non
3135 4075 3445 4130 possumus.

1861 4169 1972 4221 lloc
2008 4173 2062 4218 et
2096 4163 2293 4231 ubique
2326 4160 2595 4228 intellige,
2655 4158 2743 4211 ubi
2798 4155 3145 4225 prohibemur
3199 4168 3448 4219 peccare;

1861 4262 1984 4332 quia
2035 4267 2088 4314 et
2129 4259 2196 4312 de
2251 4257 2380 4325 ipsis
2437 4253 2669 4323 peccatis
2725 4251 3084 4318 loquebatur,
3136 4261 3254 4311 quae
3283 4254 3337 4296 et
3366 4244 3452 4295 lex

1861 4355 2118 4410 damnare
2143 4356 2519 4410 consueverat,
2553 4341 2845 4397 secundum
2871 4340 2996 4392 illud
3027 4354 3042 4389 :
3070 4337 3122 4388 Si
3157 4336 3454 4387 dixerimus

1865 4445 1986 4516 quia
2025 4449 2301 4513 peccatum
2333 4451 2438 4490 non
2471 4436 2751 4497 habemus,
2776 4440 2882 4485 etc.
2909 4428 3114 4490 Gratias
3137 4438 3310 4480 autem
3344 4423 3452 4478 Dee

1863 4535 2000 4608 quod
2037 4533 2207 4604 fuistis
2252 4529 2380 4585 servi
2409 4526 2625 4599 peccati.
2660 4523 2872 4578 Gratias
2903 4521 3013 4575 Deo
3036 4563 3050 4587 ,
3087 4518 3208 4588 quia
3241 4517 3410 4572 fuistis
3435 4557 3452 4583 ,

168 4638 434 4713 pisccutiis
480 4637 610 4704 ejus.
659 4630 904 4686 Ostendit
932 4629 1203 4701 quomodo
1236 4636 1442 4696 regnet.
1485 4626 1576 4681 Ille
1614 4627 1756 4680 cnim
1788 4614 1842 4676 D
1865 4630 1957 4686 sed
2003 4630 2120 4697 ipso
2152 4626 2414 4680 libcrantc
2445 4631 2499 4676 et
2531 4618 2816 4689 adjuvante
2847 4618 2955 4682 jam
2985 4630 3085 4668 non
3119 4614 3247 4666 estis
3283 4628 3294 4664 :
3329 4611 3450 4680 quia

168 4739 382 4804 regnat,
426 4728 509 4783 cui
556 4741 745 4781 omnes
795 4724 1072 4778 obediunt.
1117 4720 1395 4788 Quomodo
1428 4719 1478 4772 in
1524 4733 1755 4787 corpore

170 4830 448 4899 peccatum
478 4829 667 4890 regnet
698 4816 983 4887 exposuit,
1020 4814 1069 4867 id
1100 4821 1210 4877 est,
1243 4814 1284 4866 si
1324 4814 1521 4866 vitiatze
1553 4822 1756 4865 naturae

172 4921 503 4993 praebeamus
532 4913 890 4970 obedientiam
919 4919 973 4964 et
993 4909 1411 4963 consentiamus.
1438 4905 1552 4960 Non
1579 4906 1713 4959 dixit
1742 4923 1754 4959 :

177 5016 292 5071 Non
334 5014 432 5078 sit,
461 5011 581 5082 quia
609 5009 720 5079 jam
752 5007 825 5061 ibi
855 5013 966 5068 est;
1001 5004 1093 5057 sed
1127 5020 1139 5057 :
1176 5001 1290 5055 Non
1321 5010 1534 5070 regnet,
1570 5000 1619 5055 id
1651 5011 1755 5066 est,

176 5123 280 5164 non
314 5108 406 5160 liat
447 5102 588 5174 quod
627 5101 800 5172 jubet.
851 5096 1030 5167 Surgit
1058 5097 1136 5149 ira
1169 5113 1182 5148 :
1217 5095 1323 5147 noli
1355 5094 1483 5147 dare
1516 5093 1607 5147 irae
1655 5093 1756 5146 lin-

177 5218 329 5274 guam
355 5199 420 5255 ad
446 5195 894 5258 maledicendum,
927 5206 1033 5246 non
1077 5203 1292 5244 manum
1321 5187 1387 5240 ad
1428 5185 1753 5252 feriendum,

180 5313 283 5352 non
315 5295 553 5351 membra
581 5289 790 5346 libidini
821 5307 833 5341 :
862 5303 979 5357 quin
1011 5299 1116 5339 non
1146 5289 1412 5349 surgeret,
1445 5280 1545 5334 nisi
1572 5294 1756 5348 pecca-

183 5401 288 5445 tum
321 5401 460 5444 esset
495 5389 546 5442 in
581 5384 838 5441 membris
868 5381 1085 5437 nostris.
1129 5379 1273 5433 inest
1302 5376 1515 5446 quidem
1568 5389 1758 5443 pecea-

184 5493 286 5535 tum
319 5483 367 5534 in
397 5479 682 5539 membris;
717 5477 808 5529 scd
840 5491 944 5528 non
979 5480 1181 5542 regnat,
1231 5471 1275 5524 si
1327 5485 1431 5522 non
1475 5465 1760 5520 obediatur

186 5575 460 5628 desideriis
483 5574 620 5643 ejus.
654 5571 720 5626 Et
753 5571 872 5624 ideo
903 5569 1028 5625 dum
1061 5565 1200 5635 quod
1234 5581 1337 5619 non
1377 5562 1510 5628 vult,
1543 5560 1670 5629 agit,
1707 5559 1754 5612 id

188 5677 285 5734 est,
334 5683 438 5722 non
481 5665 592 5720 vult
635 5661 1038 5731 concupiscere,
1087 5657 1441 5726 concupiscit,
1495 5651 1766 5708 consentit

158 5762 306 5831 .legi,
338 5761 589 5832 quoniam
622 5758 758 5814 bona
786 5764 867 5812 est
904 5774 914 5807 :
951 5751 1223 5808 hoc-enim
1250 5750 1359 5804 vult
1385 5759 1436 5805 et
1468 5748 1584 5816 ipse
1614 5745 1754 5814 quod

191 5853 294 5920 lex,
333 5852 456 5925 quia
477 5851 590 5909 vult
617 5849 730 5920 ipso
763 5863 866 5904 non
899 5843 1300 5915 concupiscere,
1342 5847 1398 5897 et
1444 5840 1529 5895 lex
1587 5837 1718 5893 dixit
1749 5851 1765 5891 :

1864 4721 2116 4786 obeditis,
2141 4719 2261 4789 quia
2288 4713 2537 4770 resistitis
2561 4710 2805 4780 adjutore
2835 4708 2960 4761 Deo.
2990 4705 3243 4759 Obedistis
3262 4712 3450 4756 autent.

1866 4814 1934 4869 Ut
1965 4812 2105 4867 dono
2136 4819 2190 4865 et
2219 4807 2466 4876 exemplo
2512 4802 2715 4858 Christi
2747 4800 2962 4863 vivatis,
3012 4799 3100 4870 qni
3135 4812 3238 4850 non
3280 4797 3453 4849 solum

1867 4915 2114 4976 pet-cata,
2170 4902 2262 4956 sed
2314 4897 2625 4955 occasiones
2655 4894 2864 4948 auferre
2893 4891 3114 4944 donavit
3159 4896 3213 4940 et
3263 4886 3448 4940 docuit

1866 4999 2203 5053 delictorum.
2234 4993 2559 5056 lmitatores,
2607 4989 2776 5056 inquit
2803 5029 2816 5052 ,
2853 4987 2955 5039 mei
3000 4991 3207 5049 estote,
3237 4983 3372 5036 sicut
3403 4990 3457 5034 et

1867 5103 1965 5158 ego
1987 5086 2183 5141 Christi
2208 5099 2273 5138 ex
2296 5082 2479 5146 conlo,
2504 5095 2564 5134 cv
2594 5079 2716 5132 ﬁde.
2745 5077 2808 5130 In
2831 5091 2940 5130 eam
2971 5078 3190 5144 formam
3209 5073 3455 5124 doctrinae

1865 5183 1920 5234 in
1952 5196 2051 5252 qua
2080 5177 2257 5231 traditi
2299 5178 2439 5230 estis.
2488 5174 2616 5228 Novi
2652 5167 3001 5224 'I‘estamenti.
3034 5165 3258 5220 Liberati
3289 5175 3456 5215 uu'em

1868 5289 1899 5325 α
1928 5281 2154 5340 peccato.
2187 5267 2364 5323 Liberi
2405 5266 2550 5319 facti.
2595 5265 2741 5318 Servi
2771 5261 2897 5331 farti
2927 5258 3046 5312 estis
3077 5254 3318 5330 justitim.
3352 5254 3455 5308 Per

1868 5363 2091 5435 gratiam
2126 5360 2237 5414 Dei.
2279 5357 2571 5412 llumrmuin
2603 5355 2737 5407 dico.
2772 5352 2903 5420 Quia
2947 5363 3050 5402 noa
3095 5346 3316 5416 potestis
3361 5343 3453 5396 ad-

1869 5455 1974 5508 huc
2018 5453 2205 5506 audire
2253 5451 2512 5505 divinum.
2554 5447 2681 5503 Sive
2722 5444 2836 5497 sic:
2877 5439 3205 5495 humanitate
3237 5437 3452 5506 dignum

1872 5546 2125 5616 estquod
2170 5545 2311 5608 dico,
2341 5543 2480 5612 quod
2513 5540 2674 5594 etiam
2718 5534 2856 5606 apud
2899 5533 3146 5587 homines
3191 5531 3451 5584 rationem

1874 5641 2054 5704 habet,
2111 5637 2346 5692 ctiacile
2378 5633 2603 5700 intelligi
2639 5638 2833 5698 potest.
2886 5626 2995 5680 lloc
3044 5632 3128 5680 est
3184 5641 3197 5677 :
3257 5623 3453 5692 Majora

1875 5734 2087 5806 quidem
2121 5732 2335 5802 exigere
2384 5743 2412 5781 a
2441 5726 2592 5781 vobis
2627 5735 2719 5792 pro
2750 5721 2943 5775 divinrc
2974 5717 3247 5774 servitutis
3297 5717 3456 5772 retri-

1879 5826 2099 5886 butione
2147 5823 2437 5885 deberem;
2467 5818 2559 5875 sed
2593 5813 3031 5872 condescendens
3065 5822 3120 5868 et
3149 5821 3454 5869 temperans
