4004 6354
542 340 645 395 447

1652 319 1956 381 PRIMASII
1993 309 2447 375 ADRUMETANI
2484 306 2698 367 IPlSC.

3712 301 3841 355 448

543 453 838 517 infirmitati
862 459 1085 525 vestrae,
1112 451 1347 508 humana
1369 455 1432 505 'et
1458 444 1730 518 possibilia
1762 443 1996 515 praedico
2023 448 2121 495 at—
2150 438 2201 499 A
2226 440 2483 525 peccato;
2514 445 2578 525 ex
2604 442 2707 498 qua
2735 433 2888 525 parte
2931 416 3569 525 adhucﬂservi‘t‘nus‘legi,
3601 417 3839 517 peccati

542 567 649 625 que
673 548 973 622 persuadeo
1007 564 1022 602 :
1054 552 1113 601 ut
1139 544 1275 599 sicut
1301 538 1535 612 prompti
1558 538 1741 595 fuistis
1766 536 1835 592 ad
1865 533 2122 591 sectanda

543 645 706 702 noxia
730 650 890 714 atque
919 638 1209 704 contraria,
1243 634 1316 689 ita
1362 634 1570 690 alacres
1616 630 1737 687 sitis
1784 631 1852 685 ad
1901 644 1964 686 ea
2004 642 2124 697 quae

545 737 695 793 utilia
723 743 779 792 et
807 732 964 788 saluti
995 730 1162 786 amica
1204 736 1328 782 sunt
1372 724 1694 797 peragenda.
1728 722 1950 794 Propter
1975 720 2125 789 inﬁr-

549 830 775 883 mitatem
804 824 971 879 carnis
996 830 1191 875 vestrae.
1228 819 1435 888 Corpus
1463 816 1606 888 quod
1643 814 2006 881 corrumpitur
2034 827 2125 883 ag-

548 927 735 992 gravat
772 917 1037 982 animam,
1070 912 1191 982 quia
1227 909 1484 981 quidquid
1516 909 1695 963 anima
1730 906 2018 962 carnaliter
2046 904 2125 960 fe-

548 1012 705 1076 cerit,
724 1008 871 1065 carni
889 1008 1174 1076 deputatur
1191 1020 1206 1070 ;
1223 1014 1277 1060 et
1294 1002 1510 1073 quando
1531 1000 1709 1055 anima
1731 998 1971 1055 ctelestia
1992 996 2122 1068 agit,

548 1111 691 1160 totus
717 1102 878 1155 homo
904 1097 1159 1167 spiritalis
1193 1104 1296 1152 est.
1327 1094 1575 1149 Carualis
1613 1093 1659 1147 si
1685 1092 1915 1147 vincitur
1940 1105 1971 1144 a
1997 1104 2127 1144 con-

549 1192 930 1265 cupiscentiis;
960 1191 1250 1261 Spiritalis,
1296 1203 1419 1243 cum
1446 1188 1589 1242 dono
1616 1187 1710 1241 Dei
1736 1185 1904 1241 vincit
1930 1199 2129 1239 concu-

548 1284 857 1357 piscentiae.
889 1282 1037 1338 Sicut
1074 1282 1209 1336 enim
1241 1280 1538 1335 exhibuistis
1576 1280 1801 1332 membra
1832 1284 1996 1331 vestra
2024 1292 2130 1331 ser-

546 1379 676 1444 vire,
733 1377 806 1431 ita
861 1389 1004 1430 nunc
1056 1373 1331 1427 voluntate
1378 1379 1577 1425 mutata
1629 1369 1977 1425 exhibeamus
2029 1382 2131 1422 nos

550 1468 754 1525 servire
770 1465 1027 1537 justitite,
1056 1477 1163 1518 non
1188 1462 1326 1518 sicut
1355 1460 1655 1525 Manichmi,
1689 1460 1776 1529 qui
1810 1459 1994 1514 dicunt
2027 1472 2128 1513 na-

553 1572 725 1617 turam
753 1558 997 1628 corporis
1024 1556 1097 1610 ita
1137 1557 1191 1609 in
1238 1567 1298 1608 se
1342 1567 1436 1623 per
1465 1552 1829 1607 conditionem
1868 1551 2131 1605 insertum

554 1655 755 1709 habere
786 1658 1091 1720 peccatum,
1128 1656 1187 1703 ut
1213 1646 1343 1701 illud
1385 1661 1639 1715 superare
1668 1660 1774 1699 non
1805 1647 2007 1715 possit;
2038 1643 2135 1699 sed

557 1761 654 1816 per
674 1744 901 1817 gratiam
922 1741 1163 1798 renovati
1185 1756 1292 1794 non
1319 1738 1667 1793 exhibeamus
1692 1737 1931 1792 membra
1954 1746 2135 1792 nostra

556 1840 623 1894 ad
654 1839 851 1892 malum
882 1853 896 1890 :
930 1849 1053 1890 nam
1084 1848 1190 1887 non
1221 1842 1301 1887 est
1328 1846 1397 1886 ex

557 1931 858 1986 voluntates
884 1942 1016 1997 quas
1038 1934 1247 1980 mutare
1272 1924 1544 1993 jubemur,
1571 1938 1689 1994 quae
1715 1937 1809 1993 per
1836 1931 2137 1993 transgres-

557 2023 697 2078 soris
738 2028 945 2075 reatum
996 2019 1125 2073 vitio
1168 2028 1375 2072 naturae
1429 2018 1608 2073 inesse
1658 2027 1979 2085 noscuntur,
2030 2032 2137 2073 non

555 2111 879 2168 conditione.
913 2108 1267 2163 lmmunditite
1318 2117 1365 2163 et
1415 2108 1697 2176 iniquitati.
1737 2107 1988 2163 Luxuriae
2025 2108 2140 2163 sive

554 2202 892 2262 idololatrias.
924 2200 1005 2254 Ad
1032 2201 1373 2269 iniquitatem.
1427 2199 1509 2254 Ad
1560 2200 1894 2269 iniquitatem
1937 2198 2139 2255 facien-

554 2295 698 2353 dam.
728 2294 815 2346 lta
841 2308 976 2346 nunc
1005 2290 1234 2346 exhibete
1257 2290 1480 2345 membra
1508 2300 1671 2344 vestra
1697 2292 1884 2344 servire
1901 2291 2138 2362 justitite.

559 2387 627 2445 Ut
646 2385 914 2458 quomodo
934 2383 1156 2453 perfecti
1181 2382 1356 2438 fuistis
1385 2383 1441 2438 in
1463 2382 1625 2449 malo,
1654 2397 1721 2437 ex
1748 2382 1993 2452 originali
2016 2396 2141 2453 pec-

558 2490 703 2548 cato,
722 2483 793 2537 ita
818 2481 1038 2552 perfecti
1065 2481 1183 2536 sitis
1204 2479 1261 2535 in
1277 2480 1441 2547 bono,
1457 2479 1641 2551 gratiae
1668 2479 1844 2545 dono;
1873 2489 1932 2534 ut
1951 2493 2141 2535 manus

565 2589 685 2647 quae
714 2581 871 2629 antea
916 2572 1185 2643 rapiebat,
1215 2572 1377 2628 modo
1406 2573 1646 2643 porrigat
1680 2570 2137 2636 misericordiam;

560 2677 615 2724 et
647 2667 811 2738 pedes
853 2667 942 2737 qui
992 2674 1148 2722 antea
1196 2666 1263 2721 ad
1309 2667 1506 2721 malum
1532 2666 1837 2731 currebant,
1886 2664 2047 2720 modo
2073 2662 2142 2718 ad

557 2759 853 2815 visitandos
887 2758 1132 2815 inﬁrmos
1157 2799 1173 2826 ,
1215 2766 1270 2815 et
1300 2758 1355 2814 in
1383 2773 1654 2815 carcerem
1685 2759 1750 2814 ad
1780 2773 1916 2827 opus
1942 2758 2140 2815 bonum

559 2860 805 2919 currant;
838 2850 981 2907 oculi
1027 2851 1118 2921 qui
1167 2858 1325 2906 antea
1369 2849 1623 2905 videbant
1667 2850 1734 2903 ad
1761 2849 2144 2918 concupiscen-

560 2944 713 3010 dum,
744 2943 812 2999 ad
836 2942 1214 3009 invadendum,
1244 2941 1461 2999 videant
1482 2940 1645 2997 modo
1664 2940 1730 2996 ad
1753 2940 2142 3009 miserandum,

563 3036 632 3093 ad
661 3035 1015 3107 largiendum.
1064 3036 1205 3091 Ecce
1247 3035 1326 3091 sic
1373 3042 1644 3089 mutentur
1672 3032 1911 3089 membra
1938 3042 2143 3089 nostra.

563 3128 633 3186 In
674 3129 1149 3199 sanctiﬁcationem.
1201 3126 1272 3183 Ut
1318 3126 1592 3197 recipiatis
1641 3125 2142 3194 sanctiﬁcationem,

2229 498 2405 579 adhuc
2432 522 2574 578 servi
2604 533 2813 575 sumus.
2843 517 2910 573 Et
2936 517 3061 573 ideo
3086 514 3222 570 dixit
3245 530 3259 565 :
3282 498 3636 567 Condelector
3666 507 3836 562 enim

2230 616 2333 685 legi
2368 614 2460 669 Dei
2488 611 2781 668 secundum
2811 609 3123 663 interiorem
3152 605 3448 660 hominem.
3498 601 3641 656 Ecce
3671 598 3841 655 unde

2229 708 2409 772 liberi,
2458 705 2599 760 unde
2626 702 3068 759 condelectamur
3095 701 3201 770 legi
3232 697 3360 753 Dei?
3385 695 3630 752 Libertas
3670 694 3837 749 enim

2229 798 2461 855 delectat
2488 814 2499 849 :
2532 811 2655 850 nam
2678 792 2912 864 quandiu
2937 791 3128 846 timore
3155 789 3288 844 facis
3312 788 3452 858 quod
3476 786 3684 857 justum
3711 791 3830 849 est,

2230 906 2340 946 non
2375 890 2516 944 Deus
2567 897 2617 941 te
2647 886 2900 941 delectat.
2947 883 3217 954 Stipendia
3256 882 3387 935 enim
3434 880 3628 951 peccati
3656 894 3835 931 mors.

2230 980 2613 1039 Remuneratio
2642 977 2839 1032 dicitur
2862 975 3210 1043 stipendium.
3235 973 3424 1028 Merito
3455 984 3588 1040 ergo
3618 970 3838 1041 stipen-

2231 1078 2398 1143 dium,
2426 1075 2547 1144 quia
2578 1071 2797 1127 malitiae
2818 1070 3099 1126 diabolica:
3130 1082 3275 1123 mors
3298 1077 3517 1132 aeterna,
3556 1072 3831 1133 tanquam

2231 1169 2471 1225 debitum
2512 1166 2774 1221 redditur.
2819 1163 2919 1229 Qui
2959 1162 3152 1217 militat
3210 1167 3465 1230 peccato,
3512 1157 3834 1214 mercedem

2232 1261 2427 1330 accipit
2471 1269 2722 1313 mortem.
2773 1254 2955 1309 Gratia
2984 1264 3153 1307 autem
3201 1252 3299 1305 Dei
3345 1252 3446 1304 vita
3497 1261 3717 1309 teterna,
3778 1249 3836 1300 in

2235 1350 2438 1404 Christo
2486 1347 2614 1402 Jesu
2664 1347 2881 1401 Domino
2919 1354 3114 1400 nostra.
3166 1343 3348 1399 Gratia
3392 1341 3495 1396 sub
3534 1356 3640 1409 qua
3671 1342 3832 1395 estis.

2237 1443 2516 1512 Simulque
2559 1442 2854 1497 notandum
2878 1440 2999 1509 quia
3019 1454 3125 1492 non
3143 1437 3277 1492 dixit
3298 1436 3559 1505 stipendia
3576 1435 3832 1503 justitiae,

2238 1534 2357 1602 quia
2390 1548 2497 1586 non
2540 1530 2685 1586 illam
2736 1531 3000 1585 habemus
3047 1544 3113 1583 ex
3162 1527 3338 1582 nobis.
3387 1526 3527 1595 Ergo
3580 1526 3835 1594 quamvis

2237 1632 2421 1679 nostra
2449 1639 2554 1677 non
2586 1623 2677 1690 sit,
2706 1623 2800 1677 sed
2841 1622 3044 1690 gratiae,
3082 1630 3257 1675 tamen
3302 1618 3569 1672 custodita
3604 1617 3699 1670 Dei
3732 1616 3833 1669 ad-

2234 1715 2436 1785 jutorio
2464 1714 2625 1768 vitam
2650 1714 2738 1768 dat
2764 1723 3046 1781 aeternam,
3082 1719 3346 1766 transacta
3381 1711 3490 1763 vita
3517 1708 3829 1777 temporali.

1441 1844 1501 1886 se
1530 1845 1727 1901 corpus
1764 1830 1961 1884 malum
1991 1871 2007 1899 ,
2039 1829 2136 1886 sed
2165 1837 2214 1900 B
2310 1808 2439 1864 CAP.
2472 1822 2561 1863 vn.
2604 1836 2677 1847 -—-
2714 1808 2794 1860 An
2824 1808 3092 1877 ignoratis,
3139 1805 3357 1874 fratres,
3390 1804 3665 1857 scientibus
3695 1804 3834 1854 enim

2242 1903 2401 1972 legem
2431 1902 2630 1972 loquor.
2667 1901 2803 1956 Hinc
2835 1901 3022 1969 incipit
3061 1897 3439 1952 difficultatem
3479 1896 3617 1966 legis
3648 1906 3832 1949 osten-

2240 1993 2387 2061 dere,
2415 2004 2471 2047 ut
2493 1994 2614 2049 illos
2643 1993 2883 2048 hortetur
2907 1993 3023 2047 sine
3052 1991 3243 2045 timore
3273 1989 3373 2044 sub
3401 1990 3575 2057 gratia
3604 1988 3828 2043 vivere:

2241 2087 2366 2157 quia
2400 2086 2559 2140 modo
2590 2093 2711 2140 actu
2757 2093 3038 2148 cessante,
3088 2084 3173 2137 lex
3217 2080 3372 2135 nobis
3404 2094 3509 2133 non
3549 2080 3706 2144 vivit,
3739 2078 3829 2133 sed

2241 2178 2373 2244 sibi;
2416 2187 2470 2232 et
2506 2176 2638 2231 vivit
2667 2178 2719 2231 in
2752 2176 2902 2231 Novo
2942 2175 3290 2229 Testamento
3312 2213 3327 2238 ,
3363 2186 3457 2240 per
3484 2169 3629 2241 quod
3660 2172 3832 2223 refor-

2242 2281 2439 2326 matur.
2476 2271 2610 2335 Quia
2640 2270 2722 2323 lea:
2758 2271 2811 2323 in
2840 2269 3041 2321 homine
3071 2267 3361 2320 dominatur
3386 2273 3579 2331 quanto
3610 2273 3833 2329 tempore

2240 2365 2379 2420 vivit.
2408 2364 2546 2417 Nam
2568 2379 2680 2433 qute
2704 2379 2796 2417 suo
2814 2363 2919 2416 viro
2941 2370 3013 2415 est
3038 2360 3240 2423 mulier,
3264 2358 3455 2411 vivente
3479 2356 3586 2408 viro
3616 2353 3835 2424 alligata

2242 2466 2315 2511 est
2346 2455 2470 2526 legi.
2498 2456 2559 2509 Si
2589 2463 2760 2508 autem
2788 2464 3017 2507 mortuus
3050 2452 3205 2522 fuerit
3230 2451 3335 2519 vir,
3364 2449 3533 2501 soluta
3569 2454 3641 2499 est
3658 2463 3691 2498 α
3720 2446 3835 2514 lege

2243 2547 2358 2600 viri.
2394 2544 2864 2615 Comparationem
2907 2542 3110 2598 inducit
3148 2558 3161 2594 :
3195 2538 3501 2594 mandatum
3535 2536 3670 2605 legis
3702 2536 3834 2591 dicit

2245 2638 2419 2691 virum
2458 2654 2470 2688 :
2502 2636 2712 2707 plebem
2742 2643 2948 2699 autem,
2985 2630 3068 2687 vel
3108 2631 3376 2696 animam,
3419 2626 3706 2683 mulierem
3729 2667 3743 2691 ,
3780 2633 3834 2679 ut

2244 2729 2497 2787 ostendat
2540 2729 2747 2800 legem,
2794 2742 2913 2797 quae
2955 2726 3088 2780 iram
3136 2731 3422 2793 Operatur,
3460 2722 3578 2775 sine
3614 2718 3831 2787 effectu,

2245 2822 2399 2892 quasi
2423 2830 2711 2886 mortuam,
2740 2818 2899 2874 nobis
2918 2818 3026 2886 jam
3053 2813 3415 2878 mortiﬁcatis,
3433 2809 3700 2880 impedire
3726 2822 3835 2862 non

2246 2927 2407 2986 posse
2434 2914 2718 2984 quominus
2766 2896 2881 2980 ejus
2928 2923 3047 2963 esse
3079 2907 3368 2978 possimus,
3416 2903 3505 2975 qui
3548 2918 3580 2957 a
3606 2900 3837 2956 mortuis

2246 3004 2543 3060 resurrexit
2578 3020 2592 3056 :
2639 3017 2761 3072 qua:
2794 3001 2986 3056 merito
3030 2998 3183 3054 nobis
3224 2997 3449 3061 viveret,
3492 2995 3533 3048 si
3562 2993 3838 3048 inveniret

2248 3098 2389 3169 quod
2419 3097 2629 3168 puniret
2661 3097 2712 3151 in
2752 3094 2929 3149 nobis.
2961 3092 3171 3148 Tandiu
3216 3091 3359 3146 enim
3401 3088 3525 3142 dicit
3560 3098 3689 3141 esse
3742 3083 3840 3139 sub

563 3177 632 3186 -.-
1211 3177 1271 3183 --
1319 3177 1589 3197 ---τ---η
1641 3177 2142 3194 -_----__-_---_-_-,

557 3227 673 3283 sive
698 3225 1042 3295 possideatis.
1076 3222 1205 3278 Cum
1232 3222 1369 3277 enim
1398 3221 1529 3275 servi
1559 3221 1733 3275 essetis
1759 3220 1973 3291 peccati,
2000 3219 2145 3276 liberi
2172 3221 2219 3285 C
2250 3189 2368 3260 lege
2404 3185 2967 3295 homif‘emjﬂqualidi“
2998 3182 3131 3238 Vim
3159 3182 3211 3236 in
3246 3187 3488 3295 “Eccam
3518 3177 3630 3283 βπ
3655 3185 3840 3295 “rem

565 3318 736 3390 fuistis
769 3316 1010 3390 justitiaz.
1045 3314 1157 3371 Hoc
1185 3323 1287 3382 est,
1341 3315 1396 3370 in
1442 3313 1594 3369 nullo
1637 3314 1878 3369 serviStis
1903 3312 2143 3384 justitite.

562 3410 641 3466 Ita
687 3418 743 3466 et
788 3424 933 3465 nunc
975 3408 1130 3464 liberi
1180 3416 1354 3465 estote
1386 3421 1418 3461 a
1458 3414 1679 3476 peccato
1704 3446 1720 3474 ,
1748 3415 1809 3462 ut
1835 3406 1889 3460 in
1920 3406 2069 3461 nullo
2096 3407 2149 3461 ei

565 3502 836 3561 serviatis.
888 3502 1031 3557 Ecce
1076 3500 1435 3557 ostenduntur
1462 3500 1624 3556 etiam
1657 3508 1878 3567 peccato
1926 3499 2149 3554 minime

567 3597 823 3667 potuisse,
852 3595 955 3649 nisi
980 3593 1084 3648 alia
1110 3592 1358 3649 libertate
1379 3589 1604 3647 servire.
1628 3589 1808 3646 Liberi
1836 3604 1966 3660 ergo
1992 3604 2024 3646 a
2041 3590 2152 3663 jn-

571 3687 687 3742 titia
714 3702 820 3741 non
850 3692 975 3740 sunt
998 3726 1014 3750 ,
1060 3684 1164 3739 nisi
1200 3684 1424 3739 arbitrio
1451 3682 1762 3738 voluntatis.
1794 3682 2029 3739 Liberati
2055 3700 2151 3739 au-

571 3786 678 3833 tem
708 3792 739 3832 a
768 3784 985 3846 peccato
1013 3791 1121 3830 non
1148 3775 1302 3842 ﬁunt,
1326 3774 1428 3829 nisi
1450 3774 1619 3845 gratia
1646 3773 1963 3830 Salvatoris.
1994 3774 2152 3831 Libe-

570 3883 664 3925 ros
692 3868 827 3923 dixit
851 3866 1078 3938 justitiae
1101 3912 1116 3936 ,
1167 3881 1272 3923 non
1317 3866 1613 3932 liberatos;
1645 3881 1674 3920 a
1704 3875 1926 3936 peccato
1970 3875 2150 3923 autem

571 3974 677 4014 non
709 3959 927 4029 liberos,
971 3973 1039 4013 ne
1082 3958 1186 4013 sibi
1216 3959 1319 4013 hoc
1347 3958 1686 4027 tribuerent,
1718 3959 1813 4015 scd
1845 3959 2099 4016 liberatos
2132 3977 2146 4016 :

570 4051 623 4107 id
660 4060 761 4119 est,
817 4052 859 4105 si
919 4064 1013 4105 vos
1062 4050 1230 4105 Filius
1279 4049 1621 4118 liberaverit,
1676 4058 1805 4106 tunc
1834 4067 1961 4108 vere
1990 4051 2151 4109 liberi

568 4141 737 4196 eritis.
774 4140 933 4206 Quem
973 4157 1090 4211 ergo
1126 4142 1351 4211 fructum
1379 4142 1627 4197 habuistis
1671 4150 1828 4215 tunc,
1876 4144 1931 4197 in
1974 4145 2156 4214 quibus

572 4251 707 4305 nunc
746 4233 1087 4289 erubescitis?
1133 4233 1355 4299 Qualem
1397 4234 1628 4289 fructum
1674 4234 1729 4290 in
1773 4236 1984 4291 actione
2012 4236 2153 4291 illius

570 4326 855 4392 habuistis,
875 4326 928 4382 in
945 4325 1099 4397 cujus
1115 4325 1278 4382 etiam
1303 4326 1675 4382 recordatione
1697 4328 2016 4383 verecundia
2034 4326 2153 4383 est?

568 4419 883 4491 Quicunque
912 4435 972 4476 se
1002 4421 1313 4491 cognoverit
1341 4419 1566 4489 bonum,
1599 4422 1869 4478 erubescit
1897 4437 1957 4479 se
1989 4421 2154 4479 fuisse

572 4514 790 4566 malum.
842 4512 912 4566 Et
957 4512 1263 4583 quicunque
1305 4528 1365 4567 se
1405 4512 1678 4569 erubescit
1707 4514 1907 4569 bonum
1932 4555 1948 4582 ,
1982 4514 2155 4570 malus

2253 3295 2530 3357 peccatum
2560 3281 2964 3352 intelligendum
3016 3285 3117 3343 est,
3165 3275 3304 3345 quod
3335 3273 3559 3328 accessit
3586 3286 3651 3326 ex
3702 3270 3837 3340 lege.

2250 3376 2352 3432 Ubi
2401 3377 2544 3431 enim
2596 3389 2704 3429 non
2731 3382 2813 3427 est
2839 3372 3007 3439 gratia
3036 3368 3365 3433 liberatoris,
3395 3375 3549 3436 auget
3580 3361 3841 3433 peccandi

2251 3467 2580 3523 desiderium
2611 3465 2903 3536 prohibitio
2935 3470 3294 3534 peccatorum.
3325 3458 3496 3529 Igitur
3517 3458 3713 3510 vivente
3739 3456 3841 3508 viro

2253 3568 2513 3623 vocabitur
2545 3567 2783 3621 adultera
2828 3565 2873 3619 si
2919 3565 3074 3634 fuerit
3118 3577 3235 3615 cum
3270 3559 3375 3613 alio
3419 3557 3636 3611 viro:si
3674 3564 3843 3609 autem

2254 3670 2483 3716 mortuus
2514 3660 2664 3729 fuerit
2695 3658 2769 3711 vir
2800 3660 2930 3727 eius,
2965 3656 3176 3710 liberata
3203 3661 3277 3707 est
3307 3670 3338 3706 a
3364 3651 3473 3721 lege
3496 3689 3513 3717 ,
3549 3658 3603 3701 ut
3643 3665 3756 3701 non
3786 3647 3843 3699 sit

2252 3762 2524 3826 adultera,
2558 3760 2603 3813 si
2648 3758 2801 3827 fuerit
2833 3772 2947 3810 cum
2976 3756 3078 3809 alio
3109 3755 3238 3808 viro.
3279 3749 3521 3820 Quandiu
3563 3750 3702 3803 vivit
3744 3750 3841 3815 vir,

2255 3854 2440 3910 tandiu
2470 3852 2520 3908 ci
2551 3850 2843 3907 secundum
2882 3848 2998 3917 ejus
3028 3860 3247 3903 necesse
3281 3853 3363 3900 est
3390 3844 3572 3899 vivere
3594 3839 3844 3895 volunta-

2255 3963 2385 4015 tem.
2419 3947 2477 4003 Si
2506 3956 2687 4001 autem
2736 3942 3018 3999 dormierit
3063 3943 3163 4006 vir,
3200 3948 3254 3995 et
3301 3937 3497 3993 mulier
3544 3936 3633 3989 alii
3682 3934 3844 3989 fuerit

2251 4037 2438 4102 juncta
2458 4041 2594 4107 viro,
2614 4038 2724 4109 jam
2750 4052 2857 4092 non
2880 4035 2928 4090 ei
2958 4034 3249 4089 secundum
3278 4031 3470 4101 prioris
3488 4028 3589 4083 viri
3613 4042 3847 4082 consue-

2255 4136 2493 4192 tudinem
2519 4144 2603 4189 est
2622 4131 2929 4188 vivendum.
2958 4128 3137 4198 Itaque
3156 4128 3339 4198 fratres
3365 4125 3460 4177 mei
3484 4132 3529 4177 et
3550 4139 3637 4176 vos
3668 4121 3848 4176 morti.

2257 4228 2398 4299 ficati
2427 4228 2544 4282 estis
2567 4227 2690 4297 legi.
2720 4224 2873 4278 Juxta
2890 4236 3086 4292 corpus
3104 4219 3274 4274 noluit
3294 4220 3502 4287 dicere,
3527 4214 3852 4269 mortiﬁcata

2257 4328 2342 4375 est
2367 4318 2518 4374 vobis
2548 4317 2653 4381 lex;
2683 4315 2777 4370 sed
2802 4314 3013 4384 reliquit
3054 4310 3373 4375 intellectui,
3419 4308 3556 4362 sicut
3586 4312 3635 4359 in
3662 4308 3852 4361 multis

2258 4412 2414 4467 locis.
2441 4410 2603 4466 Juxta
2631 4406 3088 4477 comparationem
3111 4404 3295 4459 debuit
3322 4403 3527 4466 dicere,
3550 4400 3728 4468 magis
3755 4400 3853 4453 illis

2259 4503 2431 4574 legem
2462 4511 2727 4557 mortuam
2757 4512 2916 4569 quam
2950 4497 3097 4566 ipsos
3128 4484 3259 4567 legi,
3284 4493 3379 4549 sed
3407 4491 3549 4561 quod
3592 4495 3742 4545 inter
3770 4490 3853 4544 Ju-

572 4610 657 4656 est
687 4641 703 4666 ,
746 4602 867 4670 quia
898 4616 996 4657 nec
1023 4602 1076 4657 in
1107 4582 1359 4673 praesenti
1401 4603 1632 4659 fructum
1664 4604 1848 4672 habet,
1889 4612 1945 4660 et
1991 4604 2151 4660 ﬁnem
2184 4626 2237 4686 D
2264 4595 2408 4650 daeos
2432 4594 2610 4649 dicere
2636 4592 2811 4647 adhuc
2843 4589 3183 4644 intractabile
3210 4586 3520 4652 videbatur,
3552 4582 3851 4637 intellectui

576 4702 826 4746 mortem.
856 4691 997 4746 Nam
1036 4695 1153 4762 ﬁnis
1185 4696 1392 4749 illorum
1413 4736 1428 4761 ,
1466 4696 1728 4750 malorum
1762 4696 1988 4762 scilicet,
2021 4712 2156 4751 mors

578 4793 669 4840 est.
702 4786 866 4840 Pmna
898 4795 1172 4855 perpetua.
1208 4786 1365 4841 Nunc
1393 4803 1507 4841 vero
1540 4787 1739 4849 liberati
1761 4803 1791 4840 a
1813 4796 2036 4857 peccato.
2061 4789 2155 4843 At-

582 4877 739 4931 tende
768 4878 888 4945 quia
920 4877 1123 4933 liberati
1150 4878 1306 4946 dixit,
1352 4886 1410 4933 ut
1438 4893 1546 4934 non
1575 4877 1765 4945 nobis,
1807 4879 1900 4935 sed
1930 4880 2040 4936 Deo
2065 4880 2157 4936 de-

577 4985 695 5025 mus
717 4970 958 5039 gloriam.
984 4970 1132 5026 Servi
1169 4981 1339 5026 autem
1369 4972 1493 5041 [acti
1523 4969 1632 5023 Deo
1652 5011 1668 5036 ,
1714 4970 1905 5026 habetis
1934 4972 2159 5041 fructum

578 5073 799 5119 vestrum
819 5065 871 5117 in
893 5064 1363 5134 sanctiﬁcationem,
1392 5063 1546 5131 ﬁnem
1571 5078 1687 5117 vero
1708 5064 1863 5118 vitam
1888 5073 2154 5119 aeternam.

574 5158 631 5211 In
680 5157 775 5212 Dei
804 5156 1026 5212 servitio
1066 5168 1385 5226 permanere
1412 5194 1426 5219 ,
1460 5155 1562 5209 hoc
1609 5155 1785 5227 ipsum
1809 5155 1921 5225 jam
1952 5156 2158 5211 fructus

577 5254 661 5302 est
690 5247 828 5315 quod
862 5247 1069 5313 vivitis,
1100 5243 1415 5300 sanctiﬁcati
1446 5259 1540 5313 per
1576 5246 1923 5316 baptismum.
1959 5246 2161 5304 Servus

576 5347 755 5392 autem
799 5337 893 5393 Dei
922 5336 1094 5392 vicem
1137 5336 1369 5390 inimicis
1412 5350 1517 5391 non
1549 5336 1726 5393 reddit
1753 5338 1895 5393 sicut
1937 5337 2159 5409 Joseph,

581 5430 669 5499 qui
701 5431 834 5484 dixit
862 5429 1114 5485 fratribus
1146 5448 1158 5482 :
1187 5428 1361 5483 Nolite
1393 5428 1607 5497 timere,
1653 5444 1843 5486 servus
1885 5431 2031 5487 enim
2063 5433 2159 5488 Dei

583 5538 684 5593 ego
724 5540 864 5578 sum.
910 5524 1002 5580 Dei
1033 5532 1211 5579 autem
1243 5523 1384 5579 servi
1416 5524 1471 5578 in
1514 5526 1767 5595 praesenti
1806 5524 2041 5581 fructum
2070 5526 2165 5581 ha-

587 5618 712 5671 bent
739 5618 937 5673 donum
961 5619 1194 5690 Spiritus
1217 5619 1413 5686 sancti,
1439 5628 1493 5674 et
1513 5619 1674 5675 ﬁnem
1701 5619 1863 5675 vitam
1882 5630 2161 5689 aeternam,

586 5711 699 5765 sive
728 5713 1202 5769 sanctiﬁcationem
1238 5716 1390 5770 bona:
1421 5714 1566 5769 vitze.
1614 5715 1757 5784 Ergo
1806 5714 1862 5769 in
1906 5714 2007 5768 ista
2054 5714 2167 5769 vita

586 5804 762 5873 adhuc
787 5820 852 5862 ex
897 5820 1000 5877 qua
1028 5815 1184 5877 parte
1213 5809 1356 5867 servi
1403 5821 1590 5867 sumus
1634 5807 1766 5877 Deo,
1798 5807 1957 5866 liberi
1981 5821 2167 5867 sumus

2264 4686 2633 4754 derelinquit:
2683 4684 2814 4738 satis
2852 4681 3128 4737 evidenter
3175 4678 3497 4743 ostendens,
3543 4676 3721 4745 legem
3754 4688 3855 4728 non

2266 4780 2503 4849 potuisse
2531 4777 2776 4842 auferre,
2809 4775 2903 4831 sed
2934 4776 3111 4844 potius
3142 4775 3355 4829 auxisse
3386 4780 3689 4842 peccatum,
3718 4768 3856 4841 quod

2266 4874 2439 4929 aufert
2459 4873 2664 4943 gratia:
2695 4870 2947 4941 quoniam
2979 4869 3063 4925 lex
3083 4868 3274 4938 jubere
3296 4865 3463 4933 novit,
3497 4865 3586 4917 cui
3611 4877 3857 4917 succum-

2270 4966 2349 5020 bit
2378 4965 2684 5034 inﬁrmitas,
2714 4978 2821 5017 non
2852 4962 3059 5031 juvare,
3094 4959 3235 5029 quod
3266 4958 3389 5011 facit
3414 4957 3589 5025 gratia
3632 4956 3859 5012 Christi.

2266 5056 2349 5111 Ab
2382 5055 2483 5111 hoc
2514 5055 2653 5119 loco,
2686 5063 2739 5108 et
2763 5062 2871 5107 tota
2901 5052 3003 5107 ista
3032 5052 3281 5118 lectione,
3318 5063 3523 5119 usque:
3560 5048 3696 5114 Quis
3729 5049 3857 5102 libe-

2265 5148 2407 5205 rabit
2436 5162 2523 5202 me
2553 5146 2619 5202 de
2664 5160 2892 5216 corpore
2933 5144 3121 5199 mortis
3168 5142 3361 5213 hujus,
3399 5141 3543 5195 videt
3572 5139 3861 5210 Apostolus

2268 5239 2703 5308 transﬁguratum
2727 5251 2847 5291 esse
2868 5237 2922 5290 in
2951 5250 3009 5290 se
3034 5234 3309 5289 hominem
3334 5233 3435 5287 sub
3461 5232 3579 5301 lege
3604 5231 3857 5299 positum,

2264 5332 2416 5403 cujus
2446 5331 2624 5387 verbis
2656 5345 2721 5384 ex
2751 5343 2981 5399 persona
3010 5343 3104 5383 sua
3132 5328 3391 5397 loquitur,
3426 5336 3478 5381 et
3505 5327 3591 5395 qui
3617 5325 3861 5379 dixerat:

2267 5434 2521 5489 Evacuati
2554 5446 2739 5487 sumus
2766 5445 2794 5484 a
2826 5431 2940 5501 lege
2988 5429 3197 5495 mortis,
3228 5427 3283 5482 in
3325 5442 3428 5497 qua
3460 5425 3858 5487 detinebamur,

2268 5528 2338 5584 ita
2370 5536 2427 5583 ut
2454 5526 2748 5582 serviamus
2773 5526 2827 5579 in
2859 5525 3096 5579 novitate
3118 5523 3340 5592 Spiritus
3360 5563 3374 5587 ,
3422 5529 3473 5575 et
3502 5535 3608 5574 non
3636 5520 3687 5573 in
3714 5527 3865 5573 vctu-

2268 5630 2408 5677 state
2438 5620 2656 5675 litterae.
2687 5619 2795 5675 Per
2825 5618 2940 5673 haec
2962 5617 3125 5673 verba
3152 5616 3360 5671 videtur
3382 5616 3551 5684 legem
3580 5614 3866 5684 reprelien-

2270 5714 2432 5781 disse,
2463 5713 2558 5768 sed
2590 5728 2694 5768 non
2728 5713 2798 5767 ita
2842 5722 2944 5778 est,
2988 5711 3115 5780 quia
3144 5710 3410 5779 subjecit:
3446 5709 3553 5762 Lex
3586 5716 3863 5776 peccatum

2271 5810 2391 5867 est?
2421 5808 2616 5871 Absit.
2668 5818 2721 5865 et
2761 5809 2983 5878 reliqua.
3018 5805 3303 5879 Htecvero
3352 5803 3591 5861 auricula
3636 5813 3717 5858 est
3757 5814 3865 5857 non
