4004 6354
140 448 252 501 449

990 442 1057 500 ΙΝ
1096 439 1477 501 ΕΡΙΞΤΟΕΑΜ
1515 444 1606 502 AD
1645 439 1977 500 ROMANOS
2013 441 2532 502 COMMENTARIA.

3310 449 3414 506 ‘50

140 562 398 619 mendax.
425 560 692 617 Crucifixa
724 572 907 628 carne,
944 574 1039 631 per
1077 576 1235 632 quam
1284 561 1440 617 nobis
1485 560 1731 616 domina-
1767 557 1810 619 Α
1838 564 2043 612 tantum
2076 567 2133 612 ut
2159 558 2641 625 demonstraretur,
2687 558 2765 613 ut'
2795 556 2917 628 quia
2965 564 3242 629 peccatum
3289 559 3412 617 sine

140 660 301 715 batur
352 655 655 713 damnando
694 664 1005 724 peccatum,
1052 654 1163 724 jam
1193 663 1373 711 actum
1404 670 1510 709 non
1543 654 1727 712 habet.

142 754 286 807 Ante
314 757 467 805 erant
494 747 791 802 imitatores
815 747 982 819 Moysi
1014 764 1029 802 :
1061 762 1203 803 nunc
1233 763 1360 803 vero
1393 747 1627 810 Christi;
1653 746 1731 801 sic

141 845 351 900 dictum
373 851 455 898 est
478 859 490 896 :
516 841 710 895 Mortui
740 842 868 896 estis
895 840 1020 911 legi,
1052 854 1115 896 ac
1146 841 1191 895 si
1220 840 1511 908 diceretur,
1539 839 1732 894 Mortui

143 938 278 991 estis
299 934 560 1005 supplicio
583 934 736 1003 legis.
764 932 872 988 Cur
916 934 1113 988 mortui
1144 948 1328 991 sumus
1358 933 1461 1004 legi
1494 948 1587 1001 per
1612 947 1734 989 corv

144 1044 249 1098 pus
272 1026 490 1087 Christi,
524 1026 569 1080 si
599 1025 737 1079 bona
768 1033 850 1080 est
878 1024 996 1079 lex?
1026 1023 1160 1092 Quia
1191 1024 1389 1079 mortui
1418 1037 1604 1079 sumus
1630 1020 1735 1092 legi

146 1118 448 1174 dominanti
474 1134 487 1171 :
522 1116 731 1172 liberati
758 1115 825 1170 ab
854 1130 920 1171 eo
961 1115 1155 1171 ellectu
1180 1132 1339 1187 quem
1369 1116 1457 1171 lex
1497 1115 1650 1185 punit
1680 1120 1736 1169 et

146 1214 390 1267 damnat.
417 1210 673 1266 Usitatius
693 1209 837 1264 enim
866 1216 1083 1263 vocatur
1110 1208 1220 1279 lex,
1262 1207 1476 1279 quando
1502 1207 1735 1263 minatur

147 1314 206 1361 et
238 1314 425 1371 terret,
450 1319 511 1359 ac
542 1302 791 1358 vindicat.
819 1302 1000 1372 Itaque
1021 1301 1160 1358 idem
1189 1310 1512 1371 praeceptum
1544 1301 1736 1357 timen-

150 1396 296 1451 tibus
316 1397 398 1450 lex
419 1404 521 1461 est,
541 1394 842 1449 amantibus
862 1394 1031 1464 gratia
1049 1402 1152 1448 est.
1172 1393 1276 1448 Per
1295 1407 1490 1463 corpus
1515 1392 1734 1459 Christi,

148 1486 561 1543 commoriendo
615 1484 858 1552 Christo,
911 1486 1000 1556 qui
1056 1484 1329 1540 damnavit
1355 1493 1628 1556 peccatum
1680 1484 1735 1539 in

148 1594 336 1634 carne.
371 1578 437 1633 Ut
465 1580 576 1633 sitis
600 1576 812 1631 alterius
840 1580 929 1647 qui
955 1594 1017 1631 ea:
1045 1580 1261 1631 mortuis
1282 1579 1576 1632 resurrexit.
1602 1577 1740 1633 Sub-

148 1671 475 1725 audiendum
510 1670 736 1725 alterius
765 1670 886 1724 viri.
921 1668 988 1724 Ut
1015 1670 1338 1737 fructiﬁcetis
1366 1668 1496 1723 Deo.
1532 1668 1741 1724 Fructi-

149 1762 283 1820 ﬁcat
309 1765 460 1833 cujus
490 1765 740 1834 exemplo
772 1765 997 1834 populus
1029 1764 1124 1818 Dei
1156 1764 1371 1830 crescit,
1403 1763 1539 1817 sicut
1569 1762 1698 1817 dicit
1724 1780 1736 1815 :

151 1856 224 1912 Ut
268 1859 497 1929 aliquem
544 1858 771 1913 fructum
823 1857 1114 1914 habeamus
1159 1858 1213 1913 in
1254 1858 1429 1915 vobis.
1458 1858 1586 1912 Cum
1606 1858 1740 1913 enim

1836 647 2008 717 gratia
2041 647 2135 703 Dei
2166 648 2305 704 vinci
2338 664 2445 704 non
2470 656 2675 719 potest,
2721 648 2840 720 ipsa
2886 637 3066 706 reatus
3112 648 3417 705 sollicitudo

1838 746 1993 807 cogat
2035 737 2102 791 ad
2130 741 2356 809 gratiam
2394 739 2699 796 convolare.
2742 738 2847 796 Sed
2888 750 3160 810 peccatum
3190 755 3298 796 non
3327 755 3417 799 co-

1841 826 2018 895 gnovi,
2031 828 2134 882 nisi
2154 843 2248 898 per
2269 830 2463 901 legem.
2482 829 2622 885 Nam
2634 832 3095 903 concupiscentiam
3108 833 3411 899 nesciebam,

1836 919 1935 973 nisi
1964 919 2049 973 tea:
2085 919 2319 976 diceret:
2346 921 2470 977 Non
2511 924 2855 995 concupisces.
2887 923 3016 979 Hinc
3064 924 3249 993 incipit
3275 926 3419 993 Apo-

1838 1011 2009 1069 stolus
2038 1012 2193 1083 quasi
2225 1013 2293 1069 de
2321 1029 2379 1069 se
2405 1015 2587 1072 dicere
2606 1057 2623 1083 ,
2651 1025 2703 1071 et
2733 1016 2801 1073 de
2828 1031 2889 1073 se
2913 1016 3041 1072 dare
3067 1017 3376 1086 exemplum
3396 1057 3414 1086 ,
3486 1028 3491 1031 '

1838 1103 1931 1175 qui
1951 1104 2052 1159 sub
2076 1103 2192 1174 lege
2212 1105 2443 1175 vixerat,
2462 1121 2580 1177 qua:
2601 1122 2698 1177 per
2716 1122 2775 1164 se
2797 1124 2904 1164 non
2920 1109 3110 1177 salvat,
3123 1108 3217 1165 sed
3238 1117 3421 1164 osten-

1839 1195 1932 1252 dat
1960 1207 2272 1266 peccatum;
2303 1213 2425 1253 nam
2465 1214 2567 1254 nec
2612 1199 2767 1268 tollit,
2798 1216 2898 1258 nec
2932 1201 3210 1272 justificat,
3240 1202 3334 1258 sed
3362 1201 3419 1257 in

1838 1290 2326 1360 transgressoribus
2354 1290 2609 1346 vindicat.
2649 1291 2765 1347 Non
2819 1294 2933 1362 ait,
2983 1302 3259 1363 peccatum
3310 1308 3419 1349 non

1841 1381 1968 1450 feci,
1998 1383 2099 1439 nisi
2127 1399 2222 1454 per
2252 1385 2458 1456 legem;
2482 1386 2597 1455 sed,
2628 1395 2903 1456 peccatum
2923 1403 3027 1444 non
3046 1389 3291 1458 cognovi,
3314 1387 3421 1443 nisi

1840 1488 1941 1544 per
1970 1475 2167 1547 legem,
2191 1492 2309 1546 quae
2333 1478 2571 1533 ostendit
2598 1486 2873 1547 peccatum
2900 1493 3022 1536 esse
3041 1481 3425 1551 concupiscen-

1842 1566 1974 1620 tiam
2002 1583 2015 1620 :
2047 1566 2188 1637 quod
2219 1582 2321 1637 ego
2349 1569 2657 1625 nesciebam
2686 1585 2806 1627 esse
2830 1580 3130 1641 peccatum.
3162 1572 3425 1642 Concupi-

1841 1657 2124 1724 scentiam,
2157 1659 2358 1728 inquit,
2408 1661 2733 1718 nesciebam.
2762 1663 2881 1718 Non
2908 1664 3082 1719 dixit:
3112 1662 3229 1718 Non
3260 1663 3426 1719 habe-

1842 1746 1991 1818 bam,
2007 1754 2100 1803 aut
2120 1763 2227 1805 non
2250 1750 2536 1820 faciebam,
2552 1752 2645 1808 sed
2664 1753 2963 1809 nesciebam
2987 1768 3106 1811 esse
3125 1765 3422 1825 peccatum.

1845 1836 1998 1894 Unde
2042 1849 2266 1910 apparet
2303 1842 2795 1912 concupiscentiam
2836 1860 2933 1914 per
2960 1846 3133 1918 legem
3163 1862 3270 1903 non
3296 1846 3429 1903 insi-

148 1969 377 2008 essemus
402 1959 454 2007 in
501 1970 672 2008 carne.
702 1954 832 2008 Cum
873 1968 1114 2009 essemus
1144 1954 1195 2008 in
1226 1953 1424 2009 carnali
1450 1967 1738 2009 conversa-
1769 1940 1819 2003 B
1846 1936 1985 1998 iam:
2017 1929 2116 1987 ⁸θά
2162 1931 2583 1987 ἀθωοηδῑτθιθῐη
2604 1972 2621 2001 ν
2651 1948 2772 2004 (illi!3
2816 1934 2974 1991 ἀθεεὶ
3027 1935 3152 2007 (μιῙά
3201 1935 3429 2007 (illisque

149 2045 337 2111 tione,
364 2047 545 2115 passio
565 2046 1011 2115 concupiscentiae
1038 2046 1360 2115 cperabatur
1390 2045 1445 2100 in
1485 2044 1654 2100 oculis
1688 2050 1743 2099 et

150 2137 371 2191 caeteris
389 2137 662 2205 membris,
681 2152 801 2207 qute
824 2146 1002 2193 tamen
1020 2152 1116 2207 per
1134 2138 1302 2209 legem
1320 2136 1743 2193 ostendebantur

150 2240 281 2281 esse
309 2236 541 2295 peccata,
564 2235 623 2281 ut
641 2227 1023 2283 fructificarent
1043 2228 1200 2286 morti
1223 2230 1449 2298 peccati.
1476 2228 1531 2284 in
1548 2243 1742 2297 carne,

156 2319 375 2388 inquit:
407 2320 460 2373 id
504 2328 586 2374 est
619 2320 920 2374 carnalibus
952 2320 1232 2376 desideriis
1261 2323 1503 2378 obstricti
1536 2332 1745 2379 tenere-

152 2426 297 2465 mur.
328 2409 600 2466 Passiones
627 2423 972 2485 peccatorum,
999 2432 1112 2486 qua:
1134 2434 1223 2486 per
1245 2417 1405 2489 legem
1433 2426 1598 2485 erant,
1624 2434 1745 2488 ope-

154 2505 403 2558 rabamur
438 2506 492 2558 in
534 2508 768 2562 membris
814 2501 1023 2566 nostris.
1048 2510 1097 2566 Is
1126 2512 1465 2580 passionibtts
1494 2513 1742 2579 moritur,

156 2598 247 2666 qui
266 2597 372 2665 jam
396 2606 573 2655 mente
592 2602 757 2655 servit
777 2601 876 2673 legi
899 2602 997 2657 Dei
1020 2645 1035 2671 ,
1058 2604 1299 2673 quamvis
1320 2606 1596 2674 passiones
1613 2606 1743 2675 ipsa

159 2690 391 2745 necdum
420 2703 642 2748 mortuae
670 2696 797 2750 sint.
832 2699 1054 2752 Auctam
1078 2698 1206 2754 dicit
1233 2700 1743 2770 concupiscentiam,

159 2794 285 2836 cum
334 2783 421 2838 lex
468 2784 732 2853 prohibet.
780 2790 1133 2858 Augmentum
1182 2793 1633 2861 concupiscentim
1678 2793 1746 2848 de

162 2871 485 2931 inhibitione
504 2916 519 2942 ,
548 2884 603 2930 et
624 2887 828 2932 reatum
861 2894 1031 2947 paenae
1053 2880 1121 2936 de
1149 2882 1610 2951 prtevaricatione.
1634 2882 1746 2938 Hoc

167 2970 270 3027 est,
296 2965 424 3033 quia
452 2980 545 3033 per
571 2967 768 3022 bonum
798 2980 1073 3038 operatum
1095 2979 1178 3027 est
1207 2982 1454 3029 mortem.
1483 2972 1551 3028 Ut
1565 2974 1749 3044 fructi-

163 3054 381 3123 ﬁcarent
413 3060 584 3113 morti.
617 3059 673 3114 id
703 3070 805 3127 est,
838 3070 897 3115 ut
924 3077 1021 3117 nos
1071 3064 1122 3116 in
1169 3063 1357 3120 iisdem
1409 3065 1747 3134 passionibus

163 3149 371 3216 positos
401 3150 531 3220 legis
560 3151 819 3206 severitas
849 3152 1194 3221 interficeret,
1229 3164 1282 3210 et
1318 3156 1548 3210 fructum
1586 3155 1749 3211 morti

168 3240 235 3296 de
259 3251 449 3297 nostra
480 3244 780 3312 perditione
810 3246 1093 3315 przcberct,
1124 3248 1245 3316 quia
1293 3246 1498 3301 fructus
1544 3247 1749 3317 peccati

1846 2021 2025 2077 facere
2078 2021 2302 2089 debeat,
2355 2023 2441 2079 vel
2490 2024 2684 2079 vitare.
2718 2023 2829 2092 Sed
2860 2038 3019 2081 verus
3063 2024 3224 2080 homo
3256 2025 3429 2083 adhuc

1846 2112 2077 2169 trahitur
2106 2114 2501 2170 consuetudine
2549 2113 2896 2184 delinquendi
2936 2130 2953 2169 :
3000 2115 3429 2184 concupiscentia

1849 2207 2000 2262 enim
2049 2216 2249 2263 nostr:e
2298 2218 2505 2263 natura:
2542 2216 2655 2273 est,
2704 2207 2968 2263 accedens
2994 2222 3090 2278 per
3117 2217 3390 2277 peccatum
3411 2246 3429 2275 ,

1846 2314 1955 2355 non
1986 2300 2081 2356 Dei
2111 2300 2368 2356 conditio.
2393 2300 2464 2356 Et
2492 2299 2614 2356 ideo
2639 2299 2837 2355 malum
2869 2301 3043 2370 ipsum
3065 2315 3170 2355 non
3198 2299 3292 2354 Dei
3316 2300 3429 2355 dis-

1843 2394 2120 2465 junctione
2152 2393 2544 2464 separandum,
2576 2392 2671 2448 sed
2713 2392 2807 2447 Dei
2853 2391 3199 2446 miseratione
3239 2404 3433 2446 sanan-

1847 2486 1976 2543 dum
2014 2495 2119 2542 est.
2162 2484 2443 2541 Occasione
2481 2492 2652 2540 autem
2692 2493 2926 2551 accepta.
2956 2483 3095 2538 llinc
3138 2483 3433 2553 Apostolus

1848 2580 2177 2651 praeteritam
2202 2580 2366 2634 vitam
2396 2593 2573 2646 suam,
2598 2576 2814 2649 quando
2836 2575 2936 2631 sub
2966 2579 3083 2647 lege
3111 2576 3343 2642 vivebat,
3375 2582 3434 2632 et

1848 2674 2225 2730 adolescentia:
2254 2688 2364 2729 sua:
2385 2685 2617 2744 pugnam
2644 2679 3050 2728 commemorat.
3075 2670 3142 2727 Et
3161 2669 3302 2742 quod
3323 2668 3427 2726 ait:

1851 2766 1963 2836 Ego
1987 2778 2164 2822 autem
2192 2767 2435 2823 vivebam
2462 2767 2581 2823 sine
2608 2768 2747 2838 lege,
2777 2766 3002 2836 primam
3031 2779 3180 2820 suam
3221 2772 3433 2821 aetatem

1849 2856 2110 2913 insinuat:
2141 2858 2498 2926 Adveniente,
2525 2857 2716 2928 inquit,
2746 2856 3021 2920 mandato.
3047 2864 3324 2927 peccatum
3346 2870 3435 2911 re-

1848 2950 2006 3007 vixit.
2032 2951 2145 3021 Ego
2172 2960 2350 3007 autem
2378 2958 2626 3006 mortuus
2659 2964 2808 3005 sum:
2836 2949 2945 3019 jam
2975 2962 3035 3005 se
3060 2948 3317 3018 praecepti
3344 2962 3438 3004 ca-

1850 3061 2061 3116 pacem,
2090 3046 2183 3101 sed
2214 3061 2319 3101 non
2350 3046 2634 3114 efﬁcacem,
2653 3045 2816 3101 fuisse
2850 3051 3097 3100 testatur.
3131 3045 3198 3100 Et
3223 3045 3348 3101 ideo
3376 3053 3435 3101 ut

1851 3141 2317 3211 praevaricatorem
2368 3155 2428 3195 se
2477 3139 2611 3208 legis
2639 3138 2964 3203 ostenderet,
2996 3138 3049 3191 in
3078 3138 3270 3207 quibus
3299 3138 3439 3192 inte—

1853 3232 2086 3288 rioribus
2108 3233 2266 3287 talem
2290 3246 2348 3287 se
2367 3230 2532 3286 fuisse
2547 3230 3052 3299 sciebatApostolus
3072 3237 3197 3284 ante
3213 3230 3435 3299 gratiam

165 3348 317 3389 mors
338 3346 439 3390 est.
460 3335 864 3393 Fructificamus
880 3341 1059 3407 morti,
1081 3340 1206 3394 dum
1224 3340 1491 3410 prohibita
1504 3340 1747 3397 facimus.
1779 3323 1825 3386 (ἶ
1857 3325 1975 3390 θεῖ’
1997 3340 2115 3395 quae
2145 3340 2239 3395 De"
2260 3323 2441 3379 “sum
2463 3321 2736 3377 ωπίεωω
2762 3319 3042 3373 Dominum
3067 3328 3307 3374 "05mm
3332 3329 3433 3374 ⁸⁵⁸·

167 3426 222 3480 Ν
226 3444 330 3481 unc
358 3439 526 3483 autem
553 3432 707 3485 soluti
728 3448 903 3486 sumus
925 3450 954 3485 η
982 3433 1091 3503 lege
1113 3434 1402 3488 morientes.
1419 3433 1525 3489 Lex
1544 3434 1750 3503 mortis,

169 3532 291 3586 quae
320 3520 517 3574 occidit
546 3532 884 3590 peccatores,
919 3522 970 3577 id
1001 3534 1083 3578 est
1104 3526 1450 3593 criminosos;
1478 3528 1570 3583 sed
1593 3534 1648 3583 et
1670 3528 1751 3584 lex

173 3612 380 3679 peccati
402 3612 524 3668 ideo
547 3614 763 3683 dicitur,
798 3630 901 3670 non
933 3615 1055 3686 quia
1085 3619 1199 3686 ipsa
1228 3630 1502 3689 peccatum
1525 3629 1634 3687 est,
1660 3621 1755 3676 sed

174 3708 295 3774 quia
341 3706 708 3772 peccatoribus
754 3709 1063 3779 imponitur.
1102 3712 1225 3766 ldeo
1265 3715 1423 3767 etiam
1460 3719 1647 3772 mortis
1675 3715 1758 3770 di-

173 3798 334 3865 citur,
378 3799 499 3867 quia
530 3799 852 3868 stipendium
882 3802 1081 3870 peccati
1124 3819 1302 3872 mors,
1332 3804 1547 3861 aculeus
1579 3817 1755 3863 autem

176 3889 366 3943 mortis
397 3898 671 3957 peccatum
695 3906 708 3942 :
737 3891 901 3945 virtus
926 3908 1051 3947 vero
1079 3895 1279 3962 peccati
1311 3894 1416 3949 lex.
1448 3893 1514 3949 In
1539 3913 1641 3964 qua
1663 3898 1752 3951 de-

178 3979 481 4033 tinebamur.
518 3979 897 4057 Detinebamnr
924 3997 1019 4053 per
1050 3993 1341 4052 peccatum.
1378 3985 1463 4038 Ita
1484 3995 1537 4039 ut
1567 3989 1759 4042 servia-

178 4087 291 4125 mus
331 4072 385 4125 in
414 4073 633 4125 novitate
677 4074 916 4142 spiritus,
970 4081 1015 4126 et
1066 4091 1166 4128 non
1194 4077 1249 4129 in
1280 4084 1523 4132 vetustate
1554 4078 1757 4134 (illene.

181 4160 448 4231 Spiritalis
496 4163 680 4234 gratiae
712 4166 993 4235 praeceptis
1026 4165 1358 4232 obedientes,
1390 4183 1495 4223 non
1527 4169 1758 4224 litteram

181 4253 315 4323 legis
337 4268 637 4325 sequentes.
670 4258 808 4323 Quid
834 4275 950 4327 ergo
972 4258 1197 4314 dicemus
1216 4300 1230 4324 ,
1254 4260 1348 4314 .lex.
1376 4271 1633 4331 peccatum
1651 4266 1761 4317 est?

179 4346 318 4414 Quia
342 4348 569 4411 dixerat,
600 4351 741 4418 quod
767 4351 1044 4419 passiones
1076 4367 1171 4421 per
1193 4353 1361 4421 legem
1394 4357 1550 4409 morti
1572 4356 1760 4411 fructi-

180 4436 428 4506 ﬁcarent,
461 4441 581 4493 ideo
611 4441 713 4494 sibi
763 4440 970 4508 objicit,
1000 4442 1089 4495 lex
1122 4453 1396 4511 peccatum
1437 4448 1556 4499 est?
1582 4455 1634 4500 et
1677 4461 1764 4501 re-

180 4529 440 4597 spondet:
464 4530 630 4585 Absit.
655 4530 767 4584 lloc
782 4530 907 4584 facit
928 4540 1113 4585 contra
1131 4532 1475 4600 Manichaeos,
1492 4535 1579 4603 qui
1599 4535 1763 4592 Vetus

181 4618 585 4675 Testamentum
634 4630 847 4692 negant.
900 4624 1053 4690 Quod
1105 4624 1153 4679 si
1200 4624 1631 4683 dixerintzldeo
1679 4629 1764 4685 hic

1858 3416 1924 3472 Et
1948 3410 2015 3471 ad
2037 3414 2300 3484 Ephesios
2320 3413 2422 3469 hoc
2445 3413 2785 3484 apertissime
2800 3412 3115 3468 confitetur:
3135 3414 3190 3468 in
3213 3414 3436 3483 quibus,

1857 3508 2048 3577 inquit,
2079 3516 2135 3561 ut
2160 3521 2259 3561 nos
2280 3521 2466 3561 omnes
2492 3506 2795 3561 conversati
2825 3520 3042 3573 sumus,
3076 3507 3128 3561 in
3159 3506 3442 3563 desideriis

1857 3601 2036 3655 carnis
2074 3610 2127 3654 et
2157 3598 2539 3670 cogitationum
2570 3616 2581 3650 :
2613 3606 2668 3653 et
2698 3610 2913 3653 eramus
2952 3607 3141 3653 natura
3188 3597 3281 3652 lilii
3311 3598 3437 3665 iras,

1858 3690 1995 3747 sicut
2022 3701 2077 3746 et
2105 3690 2315 3759 caeteri,
2346 3699 2401 3745 et
2444 3688 2670 3760 reliqua.
2697 3689 2766 3743 Et
2792 3688 2859 3743 ad
2887 3688 3064 3745 Titum
3089 3704 3106 3743 :
3145 3688 3364 3744 Fuimus
3387 3698 3444 3745 et

1858 3798 1978 3851 nos,
2009 3784 2195 3853 inquit,
2227 3780 2511 3850 aliquando
2552 3780 2701 3837 stulti
2744 3789 2799 3836 et
2851 3779 3131 3847 increduli,
3163 3789 3443 3850 errantes,

1858 3886 1913 3933 et
1940 3877 2147 3947 reliqua
2175 3890 2295 3946 quae
2322 3876 2392 3931 ibi
2422 3883 2739 3946 sequuntur.
2763 3874 2910 3932 Talis
2930 3884 3059 3931 ante
3076 3876 3300 3945 gratiam
3323 3875 3442 3930 fuit.

1858 3967 2137 4023 Peccatum
2166 3983 2253 4038 per
2285 3968 2583 4021 mandatum
2607 3974 2871 4039 operatum
2896 3977 2989 4022 est.
3022 3967 3172 4024 Sicut
3197 3968 3287 4038 qui
3310 3968 3447 4023 invi-

1861 4062 1976 4128 det,
2005 4071 2133 4116 tunc
2160 4061 2330 4130 magis
2360 4060 2696 4115 occasionem
2726 4059 2954 4115 nocendi
2984 4060 3199 4130 accipit,
3230 4060 3446 4131 quando

1860 4155 1911 4209 ci
1938 4154 2023 4208 cui
2048 4167 2242 4208 nocere
2262 4152 2398 4218 vult,
2420 4150 2620 4221 aliquid
2640 4151 2897 4207 creditur.
2926 4150 2993 4205 In
3016 4166 3094 4204 me
3111 4166 3306 4203 omnem
3326 4166 3446 4205 con-

1862 4244 2250 4312 cupiscentiam.
2278 4244 2504 4298 Omnem
2547 4258 2665 4313 quae
2707 4244 2905 4311 scripta
2949 4248 3033 4295 est
3059 4241 3115 4295 in
3142 4241 3298 4309 lege:
3329 4240 3446 4295 Non

1862 4335 2211 4403 concupisces
2234 4348 2481 4399 uxorem,
2514 4347 2687 4401 neque
2716 4346 2921 4401 agrum,
2955 4344 3127 4399 neque
3156 4329 3445 4399 quidquam

1862 4425 2097 4495 proximi
2127 4424 2227 4488 tui,
2260 4433 2313 4477 et
2342 4422 2567 4491 reliqua.
2598 4421 2769 4475 Habet
2797 4420 2899 4475 hoc
2928 4435 3023 4489 per
3065 4421 3448 4490 transgressio-

1865 4530 1986 4570 nem
2019 4515 2265 4569 humanze
2295 4514 2491 4569 mentis
2531 4511 2847 4578 inﬁrmitas,
2875 4522 2933 4567 ut
2962 4510 3229 4568 difficilius
3258 4512 3447 4568 obser-

1864 4607 1976 4662 vari
2002 4607 2213 4678 possint
2233 4606 2520 4675 prohibita.
2551 4605 2680 4661 Sine
2700 4605 2816 4677 lege
2837 4606 2979 4661 enim
3002 4617 3280 4677 peccatum
3304 4622 3450 4663 mor-

181 4722 405 4783 propter
426 4713 639 4769 Judaaos
660 4715 853 4770 asserit
875 4715 1068 4786 legem,
1092 4718 1213 4787 quia
1238 4717 1410 4771 timuit
1428 4720 1759 4791 scandalum,

1871 4706 2017 4754 tuum
2036 4708 2151 4754 erat
2168 4715 2183 4753 :
2200 4698 2253 4754 id
2272 4706 2373 4763 est,
2394 4696 2612 4768 latebat,
2629 4713 2733 4752 non
2750 4699 3060 4769 apparebat,
3076 4699 3448 4769 ignorabatur,

183 4806 617 4875 respondendum
654 4816 737 4863 est
773 4826 783 4859 :
818 4808 958 4880 Ergo
987 4825 1197 4880 semper
1229 4812 1403 4865 timuit
1428 4814 1759 4885 scandalum,

184 4898 307 4966 quia
352 4912 618 4967 nunquam
660 4908 842 4953 contra
874 4901 1043 4971 legem
1093 4901 1300 4956 locutus
1329 4912 1429 4958 est.
1463 4902 1595 4959 Cum
1636 4919 1765 4975 ergo

187 4989 370 5043 multis
397 4989 528 5044 locis
560 5004 725 5060 opera
752 4991 883 5060 legis
912 4991 1261 5058 destruxerit,
1287 5009 1428 5049 nunc
1475 4998 1663 5053 merito
1710 4998 1766 5054 in

191 5078 291 5135 hoc
321 5096 437 5136 eam
468 5082 668 5149 laudat,
699 5083 752 5137 in
782 5098 889 5152 quo
919 5085 1179 5154 spiritalis
1220 5096 1333 5151 est,
1364 5097 1419 5143 et
1444 5087 1765 5148 Manichaeos

189 5174 307 5243 ejus
326 5173 689 5232 insinuatione
709 5176 1008 5231 confundit.
1038 5178 1215 5233 Absit.
1240 5179 1318 5234 Ne
1342 5182 1463 5250 quis
1482 5183 1623 5238 enim
1642 5198 1765 5254 pro-

192 5276 307 5335 pter
333 5267 447 5323 htec
475 5268 776 5324 testimonia
807 5270 1073 5339 vituperet
1097 5271 1264 5342 legem
1286 5312 1301 5338 ,
1346 5281 1401 5328 et
1426 5274 1620 5329 malam
1647 5289 1766 5332 esse

190 5359 496 5427 contendat,
542 5359 789 5431 praevidit
833 5360 1126 5430 Apostolus
1181 5363 1321 5418 male
1352 5364 1766 5436 intelligentibus

191 5448 315 5517 quid
348 5450 517 5519 possit
549 5465 870 5518 occurrere,
902 5452 1144 5507 eamdem
1180 5454 1282 5509 sibi
1328 5455 1442 5525 ipse
1489 5460 1770 5527 proposuit

193 5540 561 5607 quaestionem.
578 5541 713 5607 Quid
736 5557 864 5613 ergo
884 5543 1134 5613 dicimus,
1162 5543 1332 5615 inquit
1352 5563 1364 5600 :
1389 5547 1474 5603 lex
1492 5562 1767 5618 peccatum

196 5632 305 5685 est?
326 5631 500 5687 Absit.
527 5632 634 5689 Sed
664 5644 926 5702 peccatum
953 5653 1057 5691 non
1084 5641 1326 5709 cognovi,
1355 5642 1455 5696 nisi
1476 5660 1566 5713 per
1584 5644 1764 5717 legem.

200 5717 309 5776 lloc
332 5723 439 5792 jam
466 5725 710 5794 superius
733 5725 970 5796 dixerat,
990 5742 1086 5798 per
1104 5728 1271 5799 legem
1290 5732 1524 5801 cognitio
1540 5740 1764 5805 peccati.

198 5811 307 5869 Non
333 5831 459 5886 ergo
486 5818 706 5885 ablatio,
733 5819 829 5874 sed
852 5822 1085 5890 cognitio
1111 5833 1213 5878 est.
1236 5823 1367 5890 Qua:
1384 5825 1507 5883 ideo
1522 5830 1645 5885 data
1660 5839 1767 5900 est,

202 5912 301 5963 non
327 5918 386 5965 ut
413 5920 685 5982 peccatum
712 5912 924 5973 tolleret
952 5928 1126 5987 neque
1154 5923 1215 5977 ιιι
1232 5917 1644 5995 exstirparetur,
1670 5924 1769 5987 sed

1869 4789 2001 4843 mihi
2026 4798 2296 4844 mortuum
2317 4787 2634 4844 videbatur:
2668 4788 2753 4844 vel
2782 4788 2838 4844 in
2866 4789 3187 4846 oblivionem
3219 4800 3334 4847 erat
3364 4805 3451 4846 na-

1868 4879 2055 4935 turalis
2101 4879 2217 4944 lex,
2248 4892 2395 4950 gquae
2444 4879 2758 4935 ostendebat
2798 4881 2929 4951 quid
2963 4891 3106 4936 esset
3148 4890 3446 4951 peccatum.

1866 4974 1992 5031 ldeo
2012 4985 2067 5030 et
2084 4973 2171 5029 lex
2192 4977 2315 5029 data
2335 4982 2417 5029 est
2437 4974 2649 5040 litterae,
2673 4989 2793 5045 quas
2812 4984 3259 5031 commemoraret
3276 4975 3447 5044 legem

1873 5085 2097 5133 naturae.
2118 5074 2232 5147 Ego
2261 5084 2429 5129 autem
2463 5075 2687 5129 vivebam
2722 5076 3021 5145 aliquando.
3069 5074 3231 5141 Quasi
3270 5074 3451 5144 justus

1873 5178 1930 5225 et
1960 5169 2097 5225 liber
2145 5181 2177 5222 a
2221 5175 2439 5238 peccato
2486 5167 2668 5224 vivere
2719 5167 2853 5223 mihi
2895 5166 3137 5223 videbar.
3168 5163 3450 5235 Sinelege.

1874 5240 2030 5317 Uii‘de
2057 5258 2398 5328 manifestat,
2431 5274 2540 5315 non
2575 5274 2641 5316 ex
2669 5273 2897 5330 persona
2933 5272 3027 5314 sua
3056 5258 3269 5329 proprie
3293 5297 3309 5323 ,
3358 5254 3452 5311 sed

1873 5354 2198 5425 generaliter
2222 5370 2289 5412 ex
2327 5368 2552 5425 persona
2584 5353 2817 5408 hominis
2864 5352 3029 5422 loqui.
3076 5350 3177 5406 Sed
3208 5365 3333 5405 cum
3363 5365 3455 5405 ve-

1870 5446 2041 5502 nisset
2069 5444 2380 5501 mandatum
2406 5461 2420 5501 :
2452 5445 2506 5500 id
2534 5452 2639 5513 est,
2662 5444 2717 5499 in
2738 5443 3061 5500 oblivionem
3090 5451 3313 5498 venerat
3331 5455 3454 5497 esse

1872 5549 2183 5612 peccatum;
2214 5546 2270 5594 at
2301 5538 2386 5594 ubi
2432 5537 2581 5593 venit
2610 5536 2943 5602 mandatum,
2989 5534 3321 5606 recognitum
3370 5541 3455 5590 est

1872 5642 2171 5703 peccatum,
2199 5640 2257 5686 ut
2283 5629 2459 5685 omnis
2480 5630 2566 5699 qui
2585 5627 2714 5683 illud
2738 5626 2943 5695 fecerit,
2969 5636 3234 5681 mortuum
3256 5640 3315 5682 se
3336 5640 3455 5683 esse

1876 5742 2182 5804 cognoscat.
2205 5731 2425 5786 Recixit.
2448 5729 2505 5786 ld
2526 5741 2629 5800 est,
2648 5731 2840 5786 enituit
2856 5740 2909 5786 et
2929 5729 3193 5800 apparuit.
3219 5729 3450 5798 Revixit,

1879 5834 1990 5889 ait:
2029 5848 2136 5889 non
2163 5832 2327 5898 vixit;
2361 5831 2572 5886 vixerat
2598 5830 2741 5888 enim
2772 5830 3058 5902 aliquando
3087 5831 3141 5886 in
3170 5829 3454 5897 Paradiso,

1879 5926 2094 5999 quando
2148 5934 2334 5985 contra
2380 5924 2562 5983 datum
2616 5935 2940 5998 praeceptum
2989 5926 3123 5987 satis
3169 5924 3458 5997 apparebat
