4004 6354
518 407 619 460 451

1623 394 1916 453 ΡΒΙΜΑΞΗ
1957 392 2403 451 ΛῡιὶυκΕΤΑΝΙ
2443 389 2659 447 EPISC.

3682 383 3792 434 ιιῖιξ,

518 522 829 576 admissum.
867 520 1139 575 Peccatum
1165 515 1360 580 revixit,
1387 529 1476 585 ego
1503 521 1670 567 autem
1697 520 1927 565 mortuus
1952 527 2085 564 sum.
2117 513 2162 570 Α
2193 505 2519 576 justilicatur
2544 521 2558 569 ;
2595 511 2648 557 et
2673 501 2794 557 ideo
2823 498 3150 555 vivificandis
3179 499 3256 552 eis
3284 512 3417 568 quos
3455 498 3640 553 littera
3691 513 3786 552 oe.-

522 617 632 671 lloc
658 625 761 682 est,
795 614 1038 684 apparuit
1068 609 1208 680 quod
1238 611 1405 664 fuerat
1429 607 1718 675 occultum,
1744 610 1866 675 quia
1888 605 2095 658 vixerat

522 723 619 778 per
649 708 925 762 scientiam
953 703 1270 769 naturalem,
1291 711 1345 756 et
1370 709 1638 755 mortuum
1661 698 1832 753 fuerat
1850 712 1944 767 per
1961 696 2097 752 obli-

519 802 768 857 vionum:
805 802 923 869 quia
953 797 1332 866 praevaricatus
1358 807 1474 849 sutn
1501 792 1613 862 jam
1643 792 1851 859 sciens,
1879 799 1934 845 et
1953 803 2096 845 mor-

523 902 668 948 tuum
697 907 782 947 me
808 904 927 945 esse
957 887 1159 957 peccati
1191 885 1620 941 manifestatione
1647 882 1900 952 ρει-ερειί
1931 898 1944 934 :
1972 880 2096 950 quia

517 987 626 1056 jam
653 983 1088 1053 praevaricatione
1119 988 1326 1050 peccat,
1348 980 1437 1047 qui
1469 977 1609 1031 videt
1641 991 1734 1043 per
1780 975 1949 1044 legem
1971 972 2098 1044 quid

523 1079 697 1133 facere
725 1093 826 1131 non
849 1076 1059 1136 debeat,
1085 1083 1136 1127 et
1160 1082 1334 1127 tamen
1365 1071 1487 1126 facit
1511 1072 1620 1125 sive
1644 1069 1966 1134 titillatione,
1985 1068 2099 1122 sive

522 1167 910 1232 delectatione,
955 1166 1054 1220 etsi
1087 1180 1191 1218 non
1227 1163 1622 1218 consensione:
1658 1160 1739 1215 vel
1768 1160 1890 1230 quia
1922 1169 2100 1214 reatus

527 1255 982 1327 praevaricationis
1009 1264 1214 1308 certum
1245 1253 1433 1308 mortis
1459 1251 1776 1319 supplicium
1809 1249 2097 1304 commina-

527 1358 632 1404 tur.
659 1349 724 1402 Et
747 1351 1003 1402 inventum
1026 1356 1099 1400 cst
1120 1348 1245 1401 mihi
1267 1346 1582 1400 mandatum.
1607 1343 1756 1409 Quod
1781 1340 2100 1396 custoditum

524 1441 838 1511 proficiebat
883 1440 949 1493 ad
992 1441 1188 1504 vitam,
1244 1438 1344 1490 hoc
1391 1435 1687 1504 neglectum
1745 1431 1990 1502 perduxit
2036 1430 2101 1483 ad

526 1541 751 1586 mortem
778 1547 792 1584 :
821 1531 942 1599 quia
976 1529 1152 1584 sciens
1184 1527 1310 1581 illud
1342 1541 1447 1580 non
1480 1523 1765 1579 custodivi.
1799 1524 1906 1576 tloc
1937 1531 2104 1575 totum

463 1645 472 1650 ·
529 1623 674 1688 ideo,
705 1629 761 1674 ut
795 1620 1043 1674 ostendat
1072 1619 1241 1688 legem
1271 1616 1480 1687 quidem
1511 1616 1685 1669 datam
1710 1614 1773 1668 ad
1798 1613 1980 1676 vitam,
2011 1611 2107 1666 sed

528 1715 650 1783 quia
672 1730 774 1769 non
799 1714 941 1768 dedit
957 1712 1299 1782 adjutorium,
1316 1709 1581 1780 quomodo
1602 1707 1866 1777 possimus
1888 1705 2103 1770 salvari,

529 1815 588 1861 ut
612 1822 706 1860 nos
730 1804 954 1876 deducat
978 1805 1041 1858 ad
1071 1803 1317 1872 gratiam,
1342 1816 1458 1870 qua:
1487 1810 1654 1854 totum
1688 1798 1877 1863 habet,
1909 1807 1963 1852 et
2002 1797 2105 1850 mi-

2197 600 2346 666 cidit,
2390 598 2612 668 spiritus
2640 595 2821 666 gratia:
2849 593 3014 663 gratis
3039 592 3347 659 cpitulatur.
3376 591 3507 646 Nam
3541 591 3686 644 nihil
3723 607 3788 644 ex

2198 710 2261 752 ea
2285 704 2430 750 recte
2475 692 2535 747 ﬁt
2554 733 2568 759 ,
2615 691 2751 745 sicut
2781 690 2978 744 dictum
3005 697 3108 752 est,
3137 687 3252 740 sine
3281 686 3447 755 gratia
3474 705 3486 737 :
3517 687 3645 754 quia
3679 699 3788 737 non

2198 795 2282 842 est
2310 785 2429 840 data
2452 799 2572 852 quae
2605 782 2770 851 possit
2796 780 3089 834 vivificare.
3114 777 3180 831 Et
3226 779 3430 831 bonum.
3459 775 3794 831 Custodien—

2199 877 2358 934 tibus.
2413 877 2560 942 Quod
2612 889 2730 947 ergo
2758 873 2944 926 bonum
2988 882 3084 938 est,
3107 869 3231 923 mihi
3260 869 3456 938 factum
3495 876 3573 922 est
3606 870 3790 920 mon?

2201 970 2358 1023 Absit.
2378 967 2492 1022 Non
2512 966 2640 1022 mibi
2659 964 2964 1020 mandatum
2983 977 3077 1032 per
3091 975 3152 1017 se
3165 975 3323 1015 causa
3339 960 3528 1014 mortis
3542 957 3788 1022 exstitit;

2202 1061 2297 1116 sed
2325 1074 2423 1129 ego
2452 1059 2581 1114 mihi
2614 1057 2754 1112 facio
2780 1057 2869 1126 qui
2903 1053 3173 1124 peccando
3203 1061 3376 1107 morte
3424 1051 3585 1120 digna
3636 1064 3793 1105 eom-

2203 1160 2378 1213 mitto.
2410 1157 2464 1211 ln
2497 1157 2637 1212 male
2685 1164 2865 1210 utente
2912 1153 3111 1224 quippe
3168 1150 3355 1208 vitium
3401 1161 3500 1216 est,
3565 1165 3684 1205 non
3740 1150 3790 1204 in

2207 1249 2458 1304 mandato
2485 1251 2624 1318 ipso,
2651 1249 2794 1318 quod
2820 1248 3015 1302 bonum
3058 1254 3170 1312 est,
3217 1245 3468 1314 quoniam
3513 1243 3663 1297 bona
3710 1252 3794 1297 est

2205 1341 2314 1397 lex.
2360 1341 2468 1396 Sed
2494 1350 2776 1409 peccatum,
2809 1348 2861 1390 ut
2892 1345 3140 1407 appareat
3168 1345 3452 1406 peccatum,
3478 1350 3572 1405 per
3593 1336 3791 1387 bonum

2207 1436 2332 1489 uti/ii
2371 1443 2639 1506 apemtum
2665 1444 2738 1488 cst
2767 1442 3000 1486 mortem.
3026 1428 3126 1485 Per
3149 1430 3317 1500 legem
3346 1439 3570 1498 apparet
3597 1441 3791 1496 pecca-

2210 1538 2344 1591 tum,
2368 1536 2424 1582 et
2454 1542 2547 1596 per
2586 1526 2752 1595 ipsam
2803 1524 3039 1594 punitur.
3064 1524 3199 1594 Ergo
3227 1537 3322 1592 per
3350 1521 3574 1586 bonum,
3601 1520 3654 1572 id
3685 1529 3788 1582 est,

2212 1637 2308 1690 per
2337 1621 2527 1688 legero,
2560 1634 2677 1688 quae
2707 1619 2843 1673 bona
2871 1626 2973 1684 est,
3008 1618 3050 1672 si
3078 1617 3195 1686 quis
3220 1632 3282 1670 ea
3315 1615 3553 1685 legitime
3580 1622 3788 1677 utatur,

2213 1711 2345 1765 milii
2397 1718 2650 1779 cperatur
2689 1719 2913 1764 mortem
2933 1750 2948 1775 ,
2979 1723 3100 1762 cum
3142 1708 3257 1777 ejus
3286 1718 3651 1776 transgressor
3678 1705 3792 1758 effi-

2210 1806 2342 1861 cior.
2375 1804 2441 1860 Ut
2473 1805 2561 1873 ﬁat
2583 1822 2739 1876 supra
2767 1806 2974 1858 modum
3003 1820 3214 1874 peccans
3242 1813 3498 1872 peccatum
3528 1819 3621 1872 per
3643 1819 3794 1855 man-

532 1901 904 1967 sericordiam,
935 1907 990 1955 et
1010 1899 1355 1968 adjutorium,
1377 1907 1429 1951 et
1457 1895 1782 1965 exemplum.
1809 1895 1955 1959 Quod
2001 1900 2107 1948 erat
2137 1893 2183 1952 B
2214 1898 2408 1951 datum.
2445 1897 2740 1965 iniquitatis
2767 1897 2930 1966 exigit
2952 1897 3258 1965 magnitudo
3285 1906 3342 1951 ut
3362 1896 3522 1951 homo
3545 1896 3656 1966 jam
3685 1909 3792 1948 non

531 1993 599 2046 ad
619 1994 797 2058 vitam,
831 1997 926 2046 hoc
956 2009 1062 2047 esse
1091 1993 1158 2045 ad
1183 2002 1412 2048 mortem.
1438 1991 1492 2046 Si
1519 1992 1598 2046 vis
1623 1990 1689 2044 ad
1716 1990 1874 2044 vitam
1901 1989 2104 2059 venire,

535 2101 690 2141 serva
719 2084 990 2139 mandata.
1014 2085 1349 2139 Custoditum
1375 2083 1678 2138 mandatum
1706 2082 1868 2138 vitam
1893 2082 2105 2138 tribuit:

539 2195 643 2236 non
669 2179 1014 2243 custoditum,
1045 2187 1299 2245 mortem,
1324 2193 1441 2247 qua:
1463 2177 1816 2248 transgressio
1837 2188 1940 2232 est.
1974 2177 2112 2230 Nam

534 2283 796 2342 peccatum
816 2273 1079 2326 occasione
1100 2280 1326 2342 accepta.
1349 2269 1404 2326 Si
1423 2271 1550 2340 quid
1572 2282 1754 2324 contra
1778 2271 1943 2341 legem
1966 2272 2113 2326 vide-

533 2372 622 2420 tur
651 2366 858 2429 dicere,
890 2366 968 2420 eis
998 2365 1250 2432 imputat,
1281 2366 1368 2434 qui
1393 2363 1712 2432 perfectiora
1736 2365 1978 2432 accipere
2007 2378 2112 2420 non

538 2458 836 2511 valuerunt.
885 2456 1010 2510 ldeo
1037 2457 1372 2511 occasionem
1403 2456 1538 2510 dixit
1563 2457 1726 2512 fuisse
1757 2457 1979 2525 peccati.
2012 2456 2114 2510 Per

539 2534 860 2604 mandatum.
916 2549 1050 2616 Quia
1104 2549 1283 2603 suasio
1333 2549 1673 2618 delinquendi
1725 2550 1789 2603 ad
1841 2561 2113 2618 peccatum

541 2642 913 2697 vehementior
935 2651 1038 2708 est,
1066 2656 1186 2696 cum
1211 2642 1364 2697 adest
1386 2642 1670 2711 prohibitio
1695 2661 1708 2697 :
1739 2653 1920 2700 etnon
1941 2645 2114 2699 solum

544 2743 907 2804 peccatorem,
939 2733 1031 2788 sed
1062 2742 1117 2788 et
1151 2745 1602 2805 transgressorem
1632 2737 1775 2791 facit.
1812 2737 1944 2803 Quia
1987 2751 2116 2807 ergo

541 2825 610 2879 ab
641 2824 946 2879 hominibus
976 2826 1212 2879 nondum
1249 2827 1546 2895 spiritalem
1594 2828 1817 2898 gratiam
1847 2813 2115 2896 accipien-

544 2915 684 2969 tibus
711 2915 925 2969 suavius
945 2915 1238 2970 admittitur
1267 2917 1404 2986 quod
1425 2926 1653 2988 velatur,
1684 2918 1817 2974 fallit
1841 2931 2117 2988 peccatum

545 3006 675 3063 falsa
703 3007 981 3063 dulcedine
1007 3025 1020 3061 :
1051 3008 1174 3076 quia
1204 3023 1330 3065 vero
1357 3011 1551 3064 accidit
1581 3021 1764 3065 reatus
1792 3013 2116 3078 praevarica-

549 3099 736 3164 tionis,
771 3107 826 3152 et
853 3097 1048 3152 occidit
1073 3115 1086 3152 :
1116 3099 1234 3168 quia
1264 3100 1492 3168 pretium
1518 3100 1808 3156 mortifera:
1835 3103 2120 3171 voluptatis

547 3191 883 3260 amplectitur
909 3190 1242 3245 dulcedinem
1275 3192 1418 3246 illam
1463 3208 1566 3262 qua
1622 3192 1841 3258 fallitur,
1884 3203 1938 3248 et
1973 3196 2122 3251 dele-

2219 1997 2492 2056 peccator,
2522 1989 2614 2041 sed
2642 1998 2916 2056 peccatum
2949 1997 3182 2044 vocetur.
3210 1990 3346 2043 Ante
3375 1988 3546 2057 legem
3571 1988 3793 2041 modum

2216 2079 2448 2134 habebat
2489 2079 2689 2148 peccati
2731 2080 2996 2150 appetitus
3043 2096 3137 2150 per
3179 2080 3531 2149 ignorantiam
3569 2097 3586 2133 :
3626 2093 3796 2146 supra

2218 2171 2436 2225 modum
2463 2180 2544 2225 est
2572 2170 2714 2240 quod
2763 2170 2993 2226 scienter
3037 2171 3352 2224 admittitur.
3388 2169 3594 2225 Scimus
3629 2171 3790 2223 enim.

2218 2264 2274 2319 ld
2305 2272 2387 2319 est
2409 2304 2424 2329 ,
2474 2264 2614 2333 quod
2646 2264 2731 2318 lex
2771 2263 2960 2327 ardua,
3002 2262 3096 2316 sed
3123 2262 3378 2331 spiritalia
3409 2263 3669 2331 praecipit,
3698 2261 3799 2315 sed

2217 2371 2315 2426 ego
2345 2371 2465 2410 cum
2491 2355 2643 2424 juxta
2679 2354 2947 2410 carnalem
2995 2353 3434 2408 consuetudinem
3475 2353 3682 2417 titillor,
3729 2352 3800 2406 ab

2215 2448 2330 2515 ejus
2358 2445 2682 2516 perfectione
2711 2446 2996 2512 dissentio,
3032 2445 3262 2514 perlecta
3291 2443 3503 2513 perimit
3541 2443 3801 2513 imperfe-

2216 2549 2382 2594 ctum.
2405 2538 2554 2604 Quod
2579 2541 2659 2593 lea:
2682 2537 2930 2608 spiritalis
2947 2546 3038 2591 est.
3069 2535 3376 2606 Expositum
3397 2535 3620 2590 esthoc.
3645 2535 3802 2588 Man.

2218 2633 2308 2687 dat
2330 2648 2448 2702 quae
2477 2632 2696 2698 spiritus
2724 2640 2847 2685 sunt
2865 2643 3060 2698 opera:
3090 2629 3231 2683 unde
3256 2627 3488 2684 ostendit
3506 2642 3612 2682 non
3636 2642 3803 2697 posse

2219 2723 2428 2792 impleri
2463 2723 2656 2793 legem.
2689 2720 2791 2775 nisi
2841 2720 2907 2774 ab
2936 2719 3180 2790 Spiritali.
3214 2720 3326 2790 Ego
3363 2728 3527 2773 autem
3569 2723 3804 2773 cantatis

2218 2833 2350 2872 sum.
2379 2816 2476 2882 Qui
2511 2815 2678 2884 legem
2712 2813 2916 2882 accipio
2939 2855 2954 2880 ,
2984 2813 3238 2868 consuevi
3268 2812 3553 2867 carnaliter
3578 2813 3800 2867 vivere:

2221 2912 2274 2968 id
2301 2922 2401 2978 est,
2434 2910 2586 2966 carni
2612 2908 2993 2974 consentiens,
3041 2907 3276 2962 nondum
3321 2905 3581 2975 spirituali
3627 2906 3805 2976 gratia

2223 3003 2499 3059 liberatus.
2533 3003 2733 3057 Bonum
2761 3010 2840 3055 est
2867 3000 3009 3056 enim
3037 3015 3142 3054 non
3171 2998 3549 3068 concupiscere
3573 3013 3587 3050 :
3611 3007 3667 3051 et
3693 2997 3807 3052 hoc

2223 3097 2419 3152 bonum
2453 3098 2566 3152 vult
2590 3096 2785 3166 justus,
2813 3097 2906 3165 qui
2948 3111 3010 3149 ex
3042 3094 3142 3150 fide
3175 3096 3332 3154 vivit,
3371 3103 3428 3149 et
3461 3105 3638 3148 tamen
3667 3093 3808 3149 facit

2224 3192 2365 3260 quod
2395 3190 2528 3257 odit,
2566 3189 2686 3259 quia
2734 3189 3085 3257 concupiscit,
3117 3189 3359 3258 quamvis
3398 3195 3517 3257 post
3539 3189 3810 3257 concupi-

547 3289 722 3336 ctatur
740 3281 898 3336 etiam
922 3292 1103 3336 contra
1125 3283 1291 3350 legem
1312 3285 1518 3339 facere:
1547 3293 1603 3339 et
1628 3295 1770 3339 tanto
1789 3287 2118 3355 magislibet,
2151 3278 2195 3341 C
2226 3283 2454 3336 scentias
2477 3295 2601 3334 snas
2629 3294 2733 3335 non
2751 3289 2858 3334 eat.
2891 3279 3042 3347 Quod
3074 3281 3114 3333 si
3141 3279 3342 3344 fecerit,
3374 3290 3498 3334 tunc
3525 3294 3651 3334 vere
3681 3280 3810 3347 ipse

548 3384 745 3443 quanto
771 3376 951 3430 minus
982 3375 1123 3429 licet.
1157 3375 1376 3430 Seduxit
1420 3392 1524 3444 me,
1565 3387 1613 3431 et
1639 3394 1726 3446 per
1751 3377 1885 3431 illud
1914 3379 2120 3436 occidit.

545 3466 730 3537 Neque
779 3469 921 3522 enim
975 3468 1177 3522 nullutn
1232 3476 1533 3537 peccatum,
1568 3468 1670 3522 nisi
1700 3469 2123 3536 concupiscendo

547 3557 918 3612 committitur.
947 3555 1177 3611 Proinde
1205 3573 1324 3626 quae
1354 3557 1454 3611 boc
1479 3557 1748 3626 prohibet,
1774 3562 1912 3613 bona
1935 3568 1988 3612 et
2013 3559 2124 3614 luu-

546 3653 739 3707 dabilis
762 3652 844 3705 lex
870 3660 970 3705 est.
1003 3651 1109 3705 Sed
1157 3650 1242 3703 ubi
1271 3659 1486 3704 sanctus
1516 3651 1730 3719 adjuvat
1759 3651 2014 3720 Spiritus,
2051 3652 2123 3706 in-

549 3745 758 3813 spirans
785 3757 880 3810 pro
909 3742 1335 3811 concupiscentia
1358 3743 1495 3796 mala
1517 3743 1998 3812 concupiscentiam
2029 3746 2120 3798 bo-

549 3853 702 3901 nam,
761 3836 862 3891 hoc
913 3846 996 3891 est
1049 3836 1364 3890 cbaritatem
1415 3835 1716 3889 diffundens
1772 3838 1823 3890 in
1871 3837 2121 3891 cornibus

551 3930 769 3997 nostris,
809 3927 1045 3996 profecto
1087 3927 1173 3981 illa
1206 3929 1289 3982 lex
1321 3929 1563 3996 quamvis
1589 3928 1730 3983 bona
1755 3940 1912 3997 anget
1939 3929 2120 3998 probi-

551 4019 724 4073 bendo
753 4019 1074 4074 desiderium
1123 4019 1342 4073 malum.
1374 4020 1520 4074 Sicut
1563 4035 1712 4090 aqua:
1743 4021 1970 4088 impetus
1993 4023 2036 4075 si
2066 4021 2120 4075 in

548 4128 664 4166 eum
701 4121 900 4181 partem
934 4125 1037 4165 non
1069 4122 1242 4166 cesset
1272 4111 1470 4181 ﬂuere,
1495 4113 1860 4168 vehementior
1885 4117 1938 4166 lit
1968 4116 2122 4170 obice

549 4205 826 4274 opposito,
853 4204 1004 4276 cujus
1036 4205 1228 4260 molem
1258 4220 1378 4259 cum
1426 4206 1642 4261 evicerit
1695 4206 1881 4276 majori
1907 4207 2122 4262 cumulo

549 4299 914 4371 praecipitatus
947 4299 1225 4353 violentius
1251 4314 1343 4367 per
1366 4315 1528 4369 prona
1559 4303 1908 4370 provolvitur.
1935 4302 2122 4357 Nescio

545 4411 650 4464 quo
703 4397 847 4449 enim
903 4394 1061 4448 modo
1111 4394 1209 4447 hoc
1241 4393 1411 4461 ipsum
1447 4393 1582 4461 quod
1617 4395 2028 4462 concupiscitur,
2066 4398 2122 4447 lit

542 4476 824 4554 jucundius
855 4484 978 4536 dum
1008 4492 1235 4538 velatur.
1263 4483 1330 4538 Et
1362 4484 1463 4540 hoc
1490 4493 1572 4538 est
1601 4494 1739 4553 quod
1769 4486 1902 4540 fallit
1929 4500 2116 4552 pecca-

556 4586 664 4630 tum
699 4590 792 4642 per
809 4575 1133 4642 tnandatnm,
1159 4586 1213 4630 ct
1242 4590 1336 4645 per
1360 4575 1489 4629 illud
1516 4576 1708 4631 occidit
1734 4595 1745 4629 :
1775 4579 1900 4631 Cum
1929 4577 2119 4631 accidit

2229 3375 2374 3443 facit,
2395 3385 2449 3430 ut
2475 3375 2648 3440 cedat,
2671 3383 2728 3428 ut
2744 3375 3061 3441 consentiat,
3087 3382 3144 3429 ut
3163 3374 3430 3430 desiderio
3449 3376 3644 3444 peccati
3665 3374 3811 3431 obe-

2226 3469 2354 3522 diat.
2393 3465 2727 3520 Venundatus
2763 3467 2852 3520 sub
2879 3477 3103 3536 peccato.
3146 3467 3198 3521 ld
3235 3475 3318 3521 est
3341 3469 3563 3536 pretium
3594 3479 3815 3540 tempo-

2228 3559 2351 3612 ralis
2376 3557 2676 3626 voluptatis.
2711 3557 2854 3612 Inter
2883 3557 3200 3612 vendentem
3229 3568 3405 3615 autem
3443 3568 3498 3616 et
3529 3570 3811 3617 ementem

2228 3651 2325 3704 hoc
2354 3649 2472 3704 loco
2505 3651 2645 3705 istud
2675 3651 2929 3719 probatur
2959 3666 3077 3705 esse
3113 3653 3512 3708 commercium.
3543 3653 3817 3723 Proponit

2227 3742 2470 3797 inimicus
2486 3743 2775 3812 iniquitatis
2789 3742 3093 3809 consilium,
3116 3752 3170 3799 et
3189 3744 3380 3813 accipit
3399 3746 3690 3800 voluntatis
3719 3761 3816 3801 as-

2227 3850 2461 3890 sensum.
2495 3837 2712 3905 Accipio
2754 3851 2882 3905 ergo
2933 3836 3138 3891 amissae
3188 3837 3504 3894 innocentia:
3533 3837 3812 3908 pretium,

2226 3928 2393 3997 ipsam
2421 3928 2674 3996 peccandi
2701 3929 3024 3997 voluptatem
3056 3943 3117 3983 ac
3148 3929 3474 3984 mortiferam
3507 3930 3574 3985 de
3617 3930 3812 4001 iniqua

2225 4023 2488 4076 suavitate
2534 4023 2892 4078 dulcedinem.
2927 4024 3257 4091 Venundati,
3305 4025 3495 4094 inquit,
3525 4027 3653 4080 estis
3675 4041 3814 4094 pec-

2226 4117 2356 4169 catis
2382 4117 2574 4170 vcstris
2594 4156 2609 4180 ,
2642 4131 2706 4170 ne
2733 4118 3010 4186 quisquam
3046 4134 3167 4172 eum
3201 4119 3435 4172 nondum
3465 4119 3811 4188 redemptum

2225 4207 2419 4262 Christi
2437 4208 2693 4276 sanguine
2710 4210 3002 4272 existimet;
3022 4211 3114 4264 sed
3142 4210 3598 4279 redemptionem,
3635 4210 3682 4263 id
3721 4222 3813 4266 est

2228 4297 2680 4351 immortalitatem
2712 4309 3013 4368 exspectat.
3047 4299 3141 4354 Vel
3173 4302 3526 4354 venundatum
3555 4300 3654 4354 sub
3675 4316 3812 4361 pec-

2225 4399 2344 4444 cato
2389 4390 2633 4458 inprima
2678 4391 3100 4459 transgressione
3150 4394 3420 4461 pracepti,
3471 4401 3530 4446 ut
3575 4391 3812 4448 haberet

2230 4496 2425 4549 corpus
2467 4482 2849 4551 (ξυιτιψιὶιιιὶε,
2897 4483 3036 4551 quod
3068 4495 3317 4553 aggravet
3357 4484 3607 4538 animam.
3647 4481 3811 4538 Nunc

2225 4592 2387 4643 vero,
2421 4589 2668 4644 tauquam
2701 4586 2934 4645 emptum
2977 4577 3330 4644 mancipium,
3361 4578 3566 4645 cogitur
3599 4577 3810 4631 servire

552 4670 710 4724 etiam
742 4667 1131 4736 praevaricatio,
1157 4683 1274 4736 qum
1305 4668 1449 4722 nulla
1475 4681 1574 4722 est.
1606 4669 1785 4738 Itaque
1814 4671 1894 4723 {ex
1915 4672 2119 4740 quidem
2145 4666 2195 4726 Ι)
2225 4669 2450 4722 libidini.
2481 4669 2628 4733 Quod
2650 4668 2784 4721 enim
2819 4685 2998 4735 aperor
3020 4685 3120 4720 non
3147 4668 3396 4739 intelligo.
3422 4667 3664 4735 Nunquid
3691 4683 3807 4722 non

546 4770 742 4826 sancta,
786 4768 832 4812 et
879 4747 1176 4812 mandatum
1215 4769 1448 4810 sanctum
1490 4771 1534 4811 ct
1552 4761 1773 4828 justum.
1797 4761 1992 4815 Contra
2021 4747 2118 4816 im;

553 4861 873 4922 pugnatores
903 4849 1068 4918 legis,
1095 4856 1150 4902 et
1170 4857 1354 4902 contra
1385 4862 1476 4901 eos
1499 4850 1586 4918 qui
1612 4850 1870 4918 justitiam
1901 4867 1926 4902 a
1961 4853 2116 4906 boni-

551 4953 657 4998 tate
684 4951 1002 5008 secernunt,
1037 4942 1121 4996 lex
1177 4952 1229 4996 et
1274 4952 1453 4997 sancta
1509 4953 1562 4998 et
1613 4944 1747 4998 bona
1805 4944 2018 5014 dicitur,
2061 4956 2118 5002 et

546 5038 714 5108 gratia
738 5038 901 5104 justa.
930 5037 1041 5091 Nisi
1073 5037 1212 5091 enim
1237 5036 1808 5106 abundaveritjustitia
1839 5051 2032 5104 vestro,
2065 5050 2118 5094 et

546 5132 767 5202 reliqua.
796 5130 900 5186 Sed
929 5138 983 5185 et
1029 5131 1166 5187 Deus
1197 5130 1248 5184 in
1291 5129 1470 5186 Veteri
1501 5131 1842 5189 Testamento
1873 5150 2118 5188 nonnun-

545 5240 704 5295 quam
733 5223 926 5289 honus,
958 5232 1010 5277 et
1036 5222 1089 5276 in
1119 5221 1266 5276 Novo
1296 5220 1488 5276 dicitur
1515 5222 1691 5293 justus
1718 5242 1731 5278 :
1763 5234 1818 5279 ιιι
1847 5234 1929 5280 εει
1964 5224 2112 5289 illud,

549 5311 882 5383 Paterjuste.
907 5313 972 5366 Et
1004 5313 1106 5366 hoc
1132 5322 1314 5366 contra
1343 5313 1711 5370 Marcionistas
1740 5335 1750 5368 :
1783 5327 1961 5370 tamen
1986 5316 2120 5372 nihil

550 5421 616 5462 ex
646 5422 708 5462 ea
741 5417 889 5460 recte
939 5404 999 5459 fit
1046 5405 1164 5460 sine
1193 5404 1382 5475 gratia,
1418 5407 1537 5476 quia
1577 5422 1678 5461 non
1709 5417 1791 5461 est
1837 5406 1957 5461 data
2001 5422 2119 5477 qute

550 5500 714 5567 possit
746 5496 1054 5562 vivificare,
1103 5497 1197 5552 sed
1250 5499 1701 5568 prtevaricationis
1737 5502 1894 5551 causa
1948 5500 2119 5566 posita

546 5600 668 5647 est:
713 5601 771 5646 ιιι
799 5591 1070 5646 convictos
1099 5592 1442 5647 concluderet
1489 5592 1586 5645 sub
1627 5601 2004 5659 peccato,non
2030 5592 2119 5661 ju-

548 5681 838 5738 stificandis
863 5684 1058 5752 impiis,
1081 5685 1171 5740 sed
1195 5684 1575 5740 convincendis
1603 5683 1846 5750 superbis
1871 5686 2117 5753 pravari-

548 5776 770 5833 cationis
801 5791 960 5831 causa
994 5779 1184 5847 posita.
1219 5776 1285 5830 Et
1307 5784 1490 5829 contra
1522 5775 1843 5831 Manicbzeos
1864 5785 1970 5844 cst,
1995 5779 2117 5849 quia

550 5868 820 5931 laudatur;
855 5877 907 5924 et
952 5875 1136 5922 contra
1167 5865 1503 5934 Pelagianos,
1537 5865 1661 5936 quia
1704 5881 1862 5924 nemo
1891 5884 1954 5926 ex
2001 5870 2119 5943 lego

2227 4760 2464 4829 intelligo
2505 4759 2700 4813 malum
2726 4761 3004 4829 essequod
3031 4760 3228 4814 invitus
3247 4761 3499 4813 admitto?
3531 4760 3807 4830 quomodo

2226 4870 2330 4907 non
2360 4851 2604 4919 intelligit
2631 4851 2718 4922 qui
2743 4853 2843 4906 hoc
2867 4853 2972 4921 agit
2995 4854 3134 4920 quod
3157 4867 3258 4906 non
3287 4854 3416 4918 vult,
3441 4852 3650 4920 etquod
3664 4853 3802 4919 odit,

2226 4944 2355 4998 illud
2410 4944 2566 4997 facit?
2596 4943 2710 4998 Non
2761 4960 2979 5014 parvum
3023 4943 3382 5014 intelligentia:
3411 4945 3664 4999 indicium
3693 4957 3800 5016 est,

2226 5040 2404 5094 odisse
2432 5039 2685 5095 delictum
2716 5057 2729 5094 :
2763 5055 2892 5110 ergo
2921 5041 3060 5109 quod
3092 5055 3286 5109 operor
3316 5055 3418 5094 non
3451 5041 3712 5110 intelligo,
3754 5040 3804 5094 id

2225 5141 2326 5199 est,
2355 5147 2460 5187 non
2483 5133 2784 5198 consentio,
2815 5147 2919 5187 non
2941 5133 3203 5202 approbo,
3228 5148 3333 5186 non
3357 5130 3514 5196 facio,
3535 5139 3587 5186 et
3614 5147 3805 5201 quam.

2224 5226 2351 5281 libet
2380 5227 2548 5280 victus
2579 5226 2903 5280 contrarium
2933 5239 3052 5280 esse
3077 5226 3342 5282 decerno:
3373 5234 3427 5280 et
3457 5234 3662 5280 rectum
3691 5239 3803 5280 non

2222 5329 2342 5370 esse
2386 5316 2666 5371 evidenter
2693 5315 2958 5386 intelligo,
2990 5331 3092 5370 non
3133 5330 3364 5385 agnosco
3405 5332 3525 5370 esse
3565 5317 3617 5369 in
3663 5330 3803 5385 pra:-

2224 5409 2390 5477 ceptis
2421 5409 2682 5464 veritatis.
2715 5409 2836 5463 Non
2861 5415 2994 5463 enim
3019 5410 3152 5480 quod
3177 5411 3288 5462 volo
3316 5406 3520 5471 bonum,
3557 5410 3650 5462 hoc
3676 5423 3794 5478 ago.

2227 5498 2338 5553 Hoc
2367 5517 2533 5571 usque
2561 5509 2684 5556 sunt
2713 5505 2873 5556 verba
2908 5502 3158 5566 hominis,
3190 5512 3246 5554 ut
3271 5503 3432 5572 aliqui
3467 5511 3671 5568 putant,
3697 5500 3800 5554 sub

2227 5591 2343 5661 lege
2371 5594 2668 5660 consrituti,
2691 5596 2922 5648 nondum
2941 5594 3041 5649 sub
3062 5595 3226 5664 gratia
3253 5611 3267 5649 :
3292 5606 3348 5648 ut
3372 5594 3565 5662 aliquis
3583 5590 3795 5648 etiamsi

2229 5685 2360 5738 nolit
2391 5699 2642 5752 peccare,
2672 5685 2902 5742 vincitur
2929 5703 2954 5740 a
2990 5696 3226 5756 peccato,
3256 5687 3480 5741 invaluit
3498 5687 3644 5743 enim
3669 5701 3798 5742 con-

2228 5778 2452 5833 suetudo
2477 5778 2730 5844 carnalis,
2763 5788 2815 5833 et
2845 5780 3084 5834 naturale
3119 5780 3387 5834 vinculum
3432 5780 3790 5836 mortalitatis.

2228 5870 2303 5926 Nc
2333 5868 2472 5926 forte
2507 5886 2574 5926 ex
2616 5871 2696 5930 bis
2745 5872 2920 5929 verbis
2969 5873 3226 5943 qitispiatu
3256 5877 3568 5934 consentire
3614 5874 3796 5936 carui:
