4004 6354
175 389 290 443 453

1032 383 1098 441 IN
1136 378 1521 440 EPISTOLAM
1557 375 1650 434 AD
1691 357 2016 428 ROMANOS
2053 366 2568 426 communem.

3349 372 3452 428 454

171 501 628 571 concupiscentia:
655 497 721 555 ad
768 511 929 570 opera
980 498 1117 553 mala
1149 496 1210 554 S.
1239 493 1555 566 Apostolum
1590 487 1764 558 suspi-
1789 483 1843 542 A
1873 483 1980 536 ctio
2009 481 2132 536 boni
2162 491 2266 546 est,
2317 493 2421 536 non
2451 478 2835 550 concupiscere
2861 496 2875 534 :
2924 478 3048 549 quid
3078 480 3220 543 enim
3253 479 3459 538 facilius

169 613 349 664 ceter,
395 593 490 651 sed
521 591 825 649 consideret
848 592 988 662 quod
1018 590 1262 662 adjun'xit
1287 606 1298 641 :
1329 587 1384 642 Si
1413 595 1591 640 autem
1621 579 1761 653 quod

174 692 342 755 nolo,
373 689 475 743 hoc
512 686 682 755 facio,
719 683 1001 740 consentio
1028 682 1164 752 legi,
1197 678 1451 751 quoniam
1479 676 1616 732 bona
1644 685 1761 729 eSt:

171 783 353 851 magis
368 779 511 833 enim
535 793 593 834 se
619 776 750 832 dicit
767 776 867 844 legi
885 773 1193 828 consentire
1209 815 1224 838 ,
1253 785 1411 840 quam
1437 767 1615 824 carnis
1636 781 1765 820 con-

173 873 574 944 cupiscentiae:
626 870 766 924 hanc
792 869 934 925 enim
986 863 1192 934 peccati
1242 862 1459 916 nomine
1505 856 1762 928 appellat.

174 969 385 1025 Facere
409 982 538 1037 ergo
560 981 619 1021 se
643 965 794 1029 dixit,
823 978 929 1018 non
955 961 1148 1016 allecto
1175 955 1547 1014 consentiendi
1583 962 1634 1010 et
1655 951 1767 1021 ,im-

173 1063 382 1134 plendi,
417 1062 510 1118 sed
542 1063 655 1131 ipso
688 1069 835 1114 motu
865 1054 1303 1125 concupiscendi.
1336 1051 1440 1108 Sed
1465 1048 1601 1120 quod
1649 1046 1766 1100 odio

174 1161 409 1223 malum,
440 1158 571 1212 illud
602 1158 754 1228 facio.
790 1156 994 1210 Bonum
1045 1163 1130 1210 est
1171 1150 1314 1207 enim
1357 1164 1462 1204 non
1509 1145 1767 1216 concupi-

175 1265 364 1308 scere:
391 1259 443 1305 et
476 1251 578 1305 hoc
597 1249 795 1304 bonum
825 1247 935 1302 vult
959 1247 1158 1317 justus,
1187 1244 1278 1313 qui
1306 1258 1374 1298 ex
1409 1241 1513 1296 iide
1547 1240 1694 1304 vivit,
1714 1245 1766 1291 et

180 1356 368 1400 tamen
409 1344 536 1399 facit
579 1344 723 1413 quod
751 1342 893 1409 odit,
943 1341 1066 1412 quia
1117 1335 1486 1407 concupiscit,
1520 1330 1770 1403 quamvis

178 1445 312 1506 post
336 1433 801 1505 concupiscentias
842 1449 948 1488 non
980 1442 1068 1487 eat
1099 1449 1110 1484 :
1144 1429 1286 1499 quod
1315 1428 1360 1483 si
1404 1426 1614 1489 fecerit,
1647 1433 1773 1476 tune

175 1544 312 1585 vere
339 1529 455 1599 ipse
479 1528 607 1582 facit
637 1536 698 1582 ut
725 1525 884 1580 cedat
903 1566 918 1592 ,
963 1532 1022 1580 ut
1050 1521 1388 1586 consentiat,
1424 1527 1481 1573 ut
1502 1514 1776 1572 desiderio

180 1623 398 1694 peccati
425 1621 664 1677 obediat.
698 1620 760 1674 Si
799 1628 970 1673 autem
1013 1617 1146 1686 quod
1193 1613 1334 1676 odio,
1364 1611 1495 1665 illud
1539 1607 1690 1678 facio.
1719 1606 1775 1660 ld

181 1727 296 1785 est,
323 1718 450 1773 dum
474 1716 601 1772 nolo
625 1715 803 1769 facere
825 1711 966 1781 quod
991 1707 1290 1769 committo,
1317 1705 1500 1774 utique
1520 1716 1640 1756 cum
1662 1700 1778 1768 lege

176 1811 480 1877 concordo,
507 1824 624 1880 qua:
647 1806 788 1862 mala
810 1815 864 1862 et
887 1819 990 1860 non
1007 1801 1141 1869 vult,
1165 1811 1221 1856 et
1243 1799 1519 1870 prohibet;
1551 1795 1777 1861 ideoque

1877 576 2076 630 homini
2107 575 2208 630 sub
2239 575 2358 645 lege
2397 576 2712 640 conStituto,
2761 581 2920 644 quam
2961 576 3098 628 velle
3141 576 3359 636 bonum,
3409 586 3460 629 i-t

1876 667 2052 724 facere
2081 668 2316 723 malum?
2343 667 2472 722 Nam
2498 667 2599 722 hoc
2625 675 2704 721 est
2732 667 2990 736 perlicere
3016 669 3237 736 bonum,
3274 677 3329 720 nt
3363 685 3460 720 nrc

1875 763 2220 831 concupiscat
2251 761 2432 815 homo.
2478 759 2857 830 imperfectum
2889 771 2966 816 est
2997 762 3218 826 bontnn,
3245 762 3460 830 quando

1880 857 2208 927 conetipiscit
2254 875 2266 910 :
2319 857 2529 911 etiamsi
2579 857 3026 925 concupiscentiae
3057 872 3160 910 non
3192 856 3460 910 consentit

1856 947 1940 1003 ~ad
1982 948 2204 1003 malum.
2252 946 2369 1001 Non
2401 947 2636 1014 invenio,
2688 947 2739 1002 id
2787 955 2870 1002 est
2914 963 3016 1002 non
3051 962 3289 1017 possum.
3341 945 3464 1002 Non

1876 1043 2010 1096 enim
2051 1042 2188 1111 quod
2215 1040 2328 1094 volo
2361 1039 2548 1094 bonum
2578 1042 2672 1093 hoc
2702 1041 2840 1109 facio
2863 1056 2882 1095 :
2925 1039 3016 1094 sed
3043 1041 3180 1110 quod
3207 1041 3324 1093 nolo
3355 1053 3467 1092 ma-

1877 1133 2020 1200 lum,
2071 1132 2168 1186 hoc
2215 1148 2332 1201 ago.
2398 1131 2661 1188 Vincente
2705 1131 3093 1188 consuetudine
3141 1132 3279 1202 quod
3336 1131 3468 1186 nolo

1876 1226 2044 1282 facio:
2089 1227 2231 1282 sicut
2270 1227 2315 1282 si
2361 1227 2480 1295 quis
2522 1227 2702 1295 jurare
2751 1229 3047 1293 consuevit,
3097 1225 3309 1296 quando
3357 1239 3465 1280 non

1881 1323 2032 1385 putat
2059 1316 2303 1371 incurrit.
2338 1315 2398 1372 Si
2417 1326 2584 1370 autent
2609 1317 2745 1387 quod
2770 1318 2910 1380 nolo,
2941 1317 3071 1369 illud
3091 1317 3246 1386 facio.
3266 1315 3468 1371 Facere

1880 1423 2011 1478 ergo
2036 1423 2094 1462 se
2120 1409 2273 1475 dixit,
2300 1417 2353 1462 et
2379 1407 2618 1478 operari,
2666 1424 2768 1462 non
2794 1407 2984 1462 allecto
3013 1407 3387 1463 consentiendi
3413 1415 3469 1462 et

1883 1500 2176 1569 implendi:
2227 1501 2321 1555 sed
2369 1500 2485 1570 ipso
2526 1509 2674 1554 motu
2705 1499 3144 1568 concupiscendi.
3190 1499 3312 1553 Non
3354 1502 3468 1568 jam

1881 1610 1970 1660 ego
2015 1609 2197 1662 operor
2238 1592 2386 1646 illud.
2446 1592 2563 1647 Non
2595 1607 2715 1663 ego,
2761 1594 2886 1661 quia
2918 1593 3143 1656 invitus;
3197 1591 3292 1646 sed
3338 1604 3462 1661 ego,

1884 1683 2004 1752 quia
2031 1683 2147 1752 ipse
2178 1683 2310 1736 mihi
2344 1682 2485 1737 hanc
2530 1698 2626 1752 per
2654 1685 2759 1737 vim
2790 1683 3199 1739 consuetudinis
3239 1682 3470 1752 imposui

1886 1772 2287 1828 necessitatem.
2335 1772 2440 1827 Sed
2468 1774 2604 1839 quod
2628 1775 2822 1827 habitat
2850 1775 2902 1828 in
2927 1791 3006 1828 nte
3034 1781 3317 1841 peccatum.
3369 1773 3473 1826 llao

177 1903 235 1960 ei
261 1915 444 1960 mente
465 1864 751 1958 censentio
768 1941 782 1967 ,
809 1912 973 1968 opere
996 1893 1330 1960 contradico,
1359 1902 1516 1962 atque
1537 1891 1608 1944 ita
1633 1887 1777 1942 aliud

1893 1865 2018 1919 bitat
2045 1865 2095 1918 in
2124 1879 2210 1919 me
2233 1865 2566 1919 consuetudo
2595 1867 2820 1933 peccati,
2864 1883 2984 1936 quae
3015 1867 3144 1921 mihi
3172 1881 3268 1936 per
3297 1874 3474 1920 trans-

175 1995 240 2050 in
275 2013 362 2062 me
390 1994 755 2059 conscientia,
783 1991 929 2046 aliud
978 1989 1260 2044 inﬁrmitas
1307 1987 1445 2056 agit,
1490 1998 1610 2054 qua:
1649 1981 1779 2051 jngo

177 2088 432 2158 peccati,
485 2087 690 2155 judicio
741 2083 1180 2148 contradicente,
1221 2077 1553 2141 succumbit;
1605 2074 1780 2130 facere

180 2192 324 2248 ergo
362 2193 421 2232 se
445 2177 603 2247 dixit,
637 2186 691 2232 et
717 2176 964 2246 operari,
1005 2188 1112 2229 non
1157 2171 1352 2227 aﬂ'ectu
1404 2166 1778 2224 consentiendi

178 2277 241 2324 et
275 2269 556 2338 implendi,
591 2271 685 2324 sed
714 2270 832 2338 ipso
862 2277 1010 2322 motu
1036 2263 1477 2342 concupiscendi.
1504 2260 1779 2315 Consentio

181 2362 310 2432 legi,
338 2363 581 2431 quoniam
605 2362 736 2414 bona
759 2371 852 2416 est.
879 2361 1013 2427 Quia
1041 2358 1168 2414 nolo
1193 2356 1332 2427 quod
1357 2369 1461 2409 non
1490 2354 1623 2422 vult,
1651 2365 1782 2406 con-

183 2454 430 2509 scientiae
454 2455 568 2523 lege
591 2453 638 2507 ei
661 2453 974 2508 consentio:
1001 2451 1121 2521 quia
1146 2448 1287 2519 quod
1308 2447 1431 2502 nolo
1448 2445 1606 2500 iacio.
1624 2443 1784 2500 Nunc

187 2555 386 2600 autem.
414 2544 564 2600 Nunc
590 2546 699 2615 jam
732 2545 832 2600 sub
854 2544 1044 2614 gratia,
1076 2558 1194 2612 quae
1219 2556 1306 2598 me
1335 2539 1578 2596 liberavit
1603 2553 1634 2594 a
1655 2552 1783 2593 con-

189 2637 466 2692 censione.
497 2635 617 2690 Jam
651 2653 751 2691 non
780 2653 870 2709 ego
898 2651 1082 2707 operor
1104 2635 1257 2688 illud.
1291 2635 1343 2688 ld
1373 2642 1474 2700 est,
1509 2647 1618 2687 non
1649 2645 1780 2687 con-

195 2729 396 2800 sentio.
425 2729 556 2784 Nam
587 2731 630 2785 si
663 2738 717 2786 et
746 2729 1080 2797 concupiscit
1121 2736 1173 2783 et
1211 2726 1510 2792 consentit,
1553 2733 1608 2780 et
1652 2723 1782 2793 agit,

197 2823 476 2893 quomodo
505 2839 612 2878 non
645 2823 760 2892 ipse
792 2823 920 2877 illud
977 2821 1265 2892 operatur?
1313 2819 1522 2875 etiamsi
1577 2833 1636 2872 se
1669 2817 1786 2886 ipse

201 2917 416 2985 operari
450 2917 649 2990 doleat,
681 2923 738 2970 et
759 2916 896 2972 vinci
919 2917 1156 2986 graviter
1183 2913 1522 2983 ingemiscat.
1548 2910 1661 2966 Non
1686 2921 1786 2977 ego

199 3025 436 3078 operor:
482 3011 584 3064 hoc
613 3019 723 3074 est,
755 3024 862 3064 non
895 3009 1117 3064 interior
1148 3021 1300 3061 mens
1334 3023 1348 3059 :
1379 3020 1478 3060 nec
1508 3001 1788 3058 consentio

195 3102 458 3156 exhibere
503 3104 746 3157 membra
795 3117 915 3156 mea
956 3115 1104 3154 arma
1145 3099 1462 3169 iniquitatis.
1488 3102 1787 3164 Antequam

196 3192 279 3249 let
317 3194 663 3264 prohiberet,
698 3193 869 3248 libens
900 3183 1016 3262 ipse
1045 3192 1332 3254 iaciebant;
1365 3190 1457 3246 sed
1508 3199 1790 3259 postquam

196 3285 279 3339 lex
317 3284 498 3349 venit,
537 3285 734 3339 invitus
768 3298 966 3354 pecco,
997 3283 1123 3351 quia
1154 3282 1540 3336 consuetudine
1582 3282 1783 3333 vincor.
1819 3260 1863 3323 (ἶ

198 3379 308 3434 Sed
350 3383 483 3450 quod
517 3379 709 3432 habitat
740 3379 791 3431 in
824 3394 902 3431 me
933 3388 1213 3446 peccatum.
1259 3375 1477 3430 llabitat
1505 3374 1656 3445 quasi
1688 3373 1786 3426 Ito-

200 3487 350 3543 spes,
384 3485 436 3529 et
465 3474 792 3538 dominatur,
825 3480 880 3528 et
907 3471 1060 3542 quasi
1102 3471 1243 3526 aliud
1275 3474 1323 3524 in
1363 3471 1467 3524 alio
1498 3485 1602 3523 non
1633 3467 1784 3539 quasi

199 3580 369 3620 unum
422 3564 624 3618 habitat
665 3565 720 3618 in
761 3579 848 3619 me
893 3563 1070 3620 adhuc
1112 3564 1342 3618 carnalis
1385 3562 1628 3616 aﬂ‘ectus.
1669 3562 1790 3617 Scio

200 3657 334 3711 enim
369 3660 490 3727 quia
529 3657 641 3727 jam
687 3673 790 3711 non
821 3656 1014 3710 habitat
1044 3657 1095 3709 in
1135 3673 1232 3710 me.
1267 3656 1345 3709 Ex
1375 3669 1440 3710 co
1465 3655 1607 3724 quod
1657 3655 1789 3721 scit,

202 3749 480 3803 consentit
509 3747 612 3818 legi
641 3765 653 3800 :
686 3764 756 3804 ex
788 3763 854 3803 co
884 3748 1027 3816 quod
1059 3747 1217 3812 facit,
1263 3746 1405 3801 cedit
1447 3755 1702 3815 peccato:
1735 3750 1793 3798 ut

204 3841 256 3895 in
297 3856 385 3895 me
424 3840 492 3893 ita
527 3843 848 3909 praevaleat,
883 3841 1035 3908 quasi
1069 3839 1307 3893 innatum
1331 3836 1614 3891 videatur:
1649 3834 1790 3906 quod

204 3933 424 4004 quidem
476 3949 579 3986 non
625 3948 653 3986 a
711 3933 820 3986 Deo
869 3931 1183 3996 conditum,
1239 3929 1332 3983 sed
1386 3945 1451 3983 ex
1483 3930 1668 3983 vitiata
1699 3941 1792 3980 na-

207 4034 327 4080 tura
375 4023 636 4094 prmedit.
685 4024 778 4076 llic
826 4022 1011 4091 incipit
1056 4022 1263 4087 dicere,
1307 4020 1443 4088 quod
1492 4021 1607 4089 ipse
1662 4019 1790 4073 titil-

208 4115 470 4171 lationem
537 4115 716 4170 carnis
783 4115 984 4168 habuit.
1052 4111 1352 4167 Notandum
1422 4113 1583 4164 etiam
1654 4109 1794 4178 quod

211 4209 576 4264 titillationem
624 4208 792 4277 ipsam
843 4207 1131 4274 Aposurlus
1173 4216 1230 4258 se
1270 4202 1505 4256 sensisse
1549 4211 1791 4254 testetnr.

212 4300 328 4356 lloc
371 4309 444 4354 est
487 4301 539 4352 in
581 4316 733 4354 carne
765 4315 873 4350 mea
919 4296 1122 4348 bonum.
1157 4294 1271 4347 Non
1309 4292 1476 4346 dixit:
1509 4291 1649 4345 Caro
1681 4304 1797 4343 mea

212 4407 322 4447 non
365 4401 448 4448 est
486 4391 668 4444 bona:
715 4389 808 4444 sed
860 4389 1055 4441 bonum
1102 4386 1156 4438 in
1195 4401 1356 4438 carne
1407 4397 1522 4437 mea
1572 4398 1677 4435 non
1707 4381 1799 4433 ha.

211 4485 372 4549 bitat,
404 4498 558 4552 quam
592 4481 797 4549 peccati
828 4477 1080 4544 deprimit
1117 4474 1479 4535 consuetudo,
1514 4471 1654 4538 quod
1686 4471 1800 4522 vin-

214 4589 342 4630 cere
371 4586 613 4640 nequeo:
646 4571 769 4640 quia
799 4570 925 4622 dum
955 4567 1024 4622 de
1052 4580 1216 4635 opere
1245 4565 1376 4633 legis
1408 4564 1636 4627 conlido,
1680 4580 1800 4634 gra-

1882 1957 2215 2027 gressionem
2243 1957 2397 2026 primi
2431 1957 2667 2026 parentis
2696 1973 2761 2011 ex
2783 1959 2962 2012 vitiata
2988 1969 3177 2013 natura
3207 1958 3474 2011 transfusa

1883 2058 1985 2105 est.
2033 2048 2244 2103 Invenio
2276 2049 2436 2119 igitur
2480 2041 2640 2119 legen't
2669 2051 2856 2104 volenti
2897 2050 3023 2102 mihi
3063 2052 3231 2119 facere
3261 2050 3472 2104 bonum.

1887 2145 2064 2200 Mente
2101 2144 2318 2198 invenio
2347 2143 2518 2213 legem
2555 2143 2753 2198 bonum
2798 2144 2977 2198 facere
3015 2152 3199 2198 contra
3243 2144 3470 2206 malum,

1855 2237 2026 2306 'quod
2057 2237 2220 2291 estin
2251 2251 2414 2292 ctirne
2441 2251 2582 2292 mea.
2624 2237 2822 2306 Legem
2850 2245 3266 2290 consentaneum
3305 2234 3480 2288 habeo

1885 2329 2166 2384 interioris
2205 2329 2440 2382 hominis
2465 2338 2523 2382 ut
2547 2329 2866 2384 excludatur
2909 2329 3128 2391 malum,
3172 2329 3314 2399 quod
3347 2327 3505 2384 mihi-

1886 2439 1984 2495 per
2004 2425 2240 2478 vitiatam
2272 2431 2519 2478 naturam
2552 2425 2696 2478 inest
2725 2423 2866 2477 :-sed
2895 2423 3014 2477 sine
3043 2423 3210 2492 gratia
3239 2421 3331 2475 Dei
3361 2421 3480 2475 tier!

1889 2533 1994 2572 non
2028 2526 2222 2586 potest.
2251 2515 2376 2570 Ideo
2398 2514 2519 2570 dico
2546 2532 2558 2570 :
2583 2515 2715 2582 Quis
2747 2531 2830 2569 me
2868 2513 3116 2568 liberabit
3155 2513 3220 2567 de
3246 2526 3475 2581 corpore

1887 2610 2078 2665 mortis
2110 2609 2307 2680 hujus?
2356 2611 2612 2677 Quoniam
2650 2609 2778 2662 mihi
2805 2608 2999 2662 malum
3031 2607 3253 2678 adjacet.
3289 2605 3342 2658 Id
3370 2613 3472 2671 est,

1889 2701 2154 2756 desideria
2183 2702 2341 2764 mala,
2379 2701 2465 2756 vel
2489 2701 2718 2756 consilia
2746 2700 2971 2765 inimici,
3001 2700 3084 2753 vel
3115 2697 3255 2751 bella
3277 2696 3478 2767 carnis,

1889 2792 2081 2862 quibus
2123 2792 2422 2847 inveterato
2465 2805 2735 2847 consensu
2776 2790 3154 2858 obtemperare
3201 2786 3478 2842 consuevi.

1892 2884 2118 2954 Adiacet
2166 2894 2346 2940 autem
2387 2883 2588 2938 malum
2630 2899 2695 2938 ex
2737 2883 3194 2952 concupiscentia,
3247 2880 3333 2934 cui
3375 2892 3483 2934 non

1894 2977 2186 3040 consentit,
2221 2978 2309 3047 qui
2343 2977 2507 3031 dixit:
2539 2975 2658 3032 Jam
2688 2991 2794 3030 non
2821 2990 2921 3046 ego
2949 2985 3146 3044 operor
3172 2974 3325 3028 illud.
3349 2973 3484 3028 Con-

1895 3061 2118 3126 delec'tor
2141 3072 2277 3124 enim
2317 3070 2416 3139 legi
2447 3069 2566 3124 Dei.
2613 3069 2709 3122 Hic
2741 3069 2876 3123 duas
2915 3069 3057 3136 leges
3091 3067 3277 3136 ponit:
3313 3067 3483 3133 legent

1895 3163 2136 3232 spiritus,
2181 3170 2234 3214 et
2269 3162 2441 3229 legem
2476 3162 2670 3226 carnis,
2715 3174 2833 3228 quae
2872 3158 3076 3212 resistit
3112 3158 3215 3225 legi
3245 3156 3480 3210 mentis:

1895 3255 1948 3309 id
1981 3263 2082 3320 est,
2114 3253 2198 3323 vel
2223 3253 2572 3307 coner-ientire
2600 3251 2854 3316 naturali,
2883 3252 2964 3306 vel
2995 3252 3098 3320 legi
3121 3253 3338 3316 divinae,
3367 3261 3485 3318 qua

1893 3347 1947 3400 in
1989 3355 2175 3400 mente
2231 3344 2497 3398 consistit.
2556 3343 2801 3398 Libertas
2841 3341 2982 3395 enim
3034 3342 3264 3397 delectat
3301 3358 3314 3393 :
3358 3354 3482 3396 nam

1894 3438 2132 3509 quand-iu
2182 3436 2375 3489 timore
2405 3434 2533 3488 lacis
2561 3432 2701 3503 quod
2729 3432 2931 3501 justum
2961 3442 3060 3498 est,
3114 3447 3219 3486 non
3254 3434 3394 3486 Deus
3431 3439 3488 3489 te

1894 3534 2126 3588 delectat
2181 3549 2192 3582 :
2246 3528 2479 3598 quandiu
2527 3543 2634 3582 non
2676 3535 2742 3581 te-
2768 3527 3035 3593 delectat,
3086 3526 3260 3580 adhuc
3299 3539 3486 3581 servus

1894 3625 2048 3680 facis.
2100 3624 2339 3680 Delectet
2371 3632 2443 3687 te,
2479 3630 2534 3675 et
2565 3620 2785 3674 liberes.
2841 3619 3080 3673 Delectat
3121 3633 3205 3672 me
3242 3616 3350 3682 lex,
3390 3615 3488 3671 de-

1896 3719 2053 3773 lectat
2089 3717 2229 3787 quod
2273 3716 2353 3768 lex
2386 3712 2562 3781 jubet,
2601 3711 2833 3766 delectat
2856 3724 2942 3764 me
2972 3709 3085 3777 ipsa
3110 3707 3341 3779 justitia.
3385 3707 3485 3763 Se-

1895 3809 2119 3864 cundum
2176 3807 2471 3860 interiorem
2519 3805 2796 3856 hominem.
2868 3801 3173 3856 Secundum
3229 3810 3486 3855 mentem.

1906 3901 2066 3954 Video
2094 3909 2261 3952 autem
2291 3897 2452 3950 aliam
2491 3896 2651 3965 legem
2678 3895 2732 3948 in
2761 3894 2999 3948 membris
3027 3893 3174 3947 meis.
3223 3892 3348 3948 Huic
3382 3902 3488 3957 est,

1898 4011 2014 4066 qua:
2053 3993 2314 4049 remansit
2361 3991 2665 4045 inlirmitas.
2721 3988 3111 4058 Repugnautem
3157 3986 3259 4056 legi
3305 3986 3489 4040 montis

1899 4106 2043 4155 mere,
2096 4101 2143 4142 et
2183 4088 2520 4158 captivantem
2555 4101 2632 4137 me
2673 4084 2726 4136 in
2770 4082 2875 4152 lege
2915 4072 3125 4150 peccati,
3159 4095 3272 4150 qua:
3311 4090 3383 4135 est
3432 4079 3487 4133 in

1899 4181 2137 4235 membris
2161 4182 2304 4234 meis.
2354 4180 2426 4232 Ex
2458 4178 2556 4231 hac
2587 4188 2742 4244 parte
2778 4175 2946 4229 sentit
2975 4174 3360 4242 captivitatem,
3399 4171 3489 4225 ubi

1901 4289 2007 4328 non
2033 4283 2115 4327 est
2139 4274 2353 4339 impleta
2375 4271 2602 4339 justitia.
2638 4269 2806 4322 Video
2833 4277 3008 4319 autem
3036 4265 3195 4317 aliam
3225 4266 3394 4331 legem
3426 4264 3482 4318 in

1903 4365 2159 4419 membris
2190 4361 2324 4416 meis
2354 4377 2368 4412 :
2413 4359 2678 4413 desideria
2707 4358 2886 4410 carnis
2915 4364 2969 4408 et
3001 4355 3263 4407 motiones
3288 4352 3490 4406 vitiatae

1905 4466 2110 4511 natura;
2145 4473 2156 4505 :
2197 4455 2246 4509 id
2278 4462 2380 4518 est,
2423 4449 2934 4517 concupiscentiam.
2969 4447 3074 4503 Sed
3108 4449 3206 4501 ista
3236 4446 3492 4516 concupi-

1905 4549 2106 4602 scentia
2137 4546 2181 4600 si
2227 4552 2448 4600 vocatur
2489 4551 2800 4612 peccatum,
2857 4540 2996 4604 ideo,
3039 4541 3164 4610 quia
3201 4555 3229 4594 a
3271 4548 3491 4609 peccato

218 4668 310 4719 tiae
336 4664 658 4733 adjutorium
689 4676 791 4716 non
835 4661 1072 4729 requiro.
1126 4658 1236 4712 lloc
1257 4668 1434 4712 autem
1475 4658 1615 4725 quod
1653 4655 1802 4709 inha-
1828 4642 1883 4706 D
1911 4641 2044 4696 Γδοιῖι
2067 4648 2171 4704 εει,
2206 4638 2284 4691 δίο
2303 4644 2550 4690 vocatu":
2581 4634 2716 4687 δίουῑ
2737 4631 2997 4700 δοτίῐηυτίι
3023 4645 3214 4686 mam“
3235 4630 3493 4701 cuiusque

217 4757 376 4821 bitat,
414 4769 477 4809 ex
511 4753 729 4807 traduce
758 4750 1100 4805 mortalitatis
1130 4764 1223 4818 per
1254 4760 1702 4818 transgressorent
1747 4748 1800 4801 in

218 4863 407 4904 omnes
453 4847 695 4903 homines
722 4848 888 4898 venit.
945 4842 1082 4896 Nam
1118 4842 1244 4896 velle
1271 4843 1476 4913 arljacet
1515 4841 1661 4894 mihi.
1709 4839 1803 4893 Est

220 4944 436 5014 quidem
463 4943 513 4995 in
537 4956 622 4995 me
645 4940 889 4993 voluntas
911 4952 937 4990 a
955 4938 1062 4992 Deo
1087 4947 1380 5006 praeparata
1403 4945 1558 5004 atque
1582 4934 1798 4998 donata,

223 5041 319 5093 sed
354 5054 458 5092 non
505 5046 590 5092 est
620 5036 875 5090 eliectus:
918 5033 1038 5100 quia
1078 5032 1305 5086 carnalis
1337 5029 1669 5086 consuetudo
1704 5043 1803 5082 vo-

225 5132 413 5188 luntati
439 5130 542 5198 ipsi
565 5129 786 5192 resistit,
817 5126 994 5180 adhuc
1023 5127 1073 5179 in
1104 5125 1202 5180 ista
1233 5125 1337 5178 vita
1363 5125 1594 5178 mortali.
1631 5122 1803 5193 Aliqui

225 5234 493 5281 aestimant
541 5223 680 5293 quod
728 5234 887 5276 voces
930 5218 1045 5274 ista:
1097 5220 1205 5273 sint
1249 5218 1482 5272 hominis
1543 5218 1643 5272 sub
1691 5218 1807 5288 lege

227 5317 526 5383 constituti,
558 5315 792 5372 nondum
814 5313 914 5369 sub
938 5311 1127 5382 gratia.
1165 5310 1415 5381 Per/icere
1434 5320 1600 5365 autem
1625 5311 1807 5364 bonum

228 5427 331 5466 non
375 5410 594 5464 inuenio.
650 5408 778 5463 Sine
819 5405 1142 5461 adminiculo
1197 5406 1382 5475 gratiae
1432 5419 1539 5459 non
1593 5404 1806 5459 invenio

231 5503 386 5560 bonae
416 5501 705 5557 voluntatis
729 5499 1002 5555 ell‘ectum.
1036 5498 1166 5552 Nam
1193 5508 1250 5551 ut
1278 5498 1415 5552 velle
1442 5500 1528 5561 sit,
1574 5496 1684 5564 jam
1717 5511 1809 5550 vo-

232 5597 408 5652 luntas
429 5612 458 5650 a
489 5595 600 5650 Deo
629 5599 924 5664 praaparata
951 5601 1066 5646 est:
1111 5583 1234 5660 quid
1265 5591 1379 5658 ipse
1407 5599 1490 5644 est
1515 5589 1603 5659 qui
1633 5589 1682 5642 in
1716 5603 1810 5643 no-

235 5688 312 5745 bis
343 5697 596 5760 operatur
623 5694 679 5742 et
706 5686 866 5742 velle.
927 5685 991 5738 Et
1031 5684 1132 5738 hoc
1161 5683 1477 5749 notandum,
1529 5681 1671 5752 quod
1705 5695 1806 5735 non

235 5785 397 5842 dixit:
423 5783 622 5840 Facere
643 5782 842 5838 bonum
865 5794 971 5834 non
997 5778 1232 5844 invenio,
1249 5777 1340 5832 sed
1366 5777 1660 5847 perlicere:
1691 5790 1810 5845 quae

237 5887 318 5935 est
343 5877 487 5935 enim
519 5874 776 5948 perfectio
807 5873 952 5938 boni,
983 5870 1085 5927 nisi
1110 5870 1392 5927 exstinctio
1415 5868 1586 5924 mli?
1635 5868 1815 5935 Perie-

1909 4733 2123 4798 dicitur,
2181 4730 2322 4800 quod
2373 4744 2560 4784 manus
2593 4742 2710 4782 eam
2763 4725 2994 4781 iecerit:
3054 4734 3272 4795 peccata
3310 4733 3490 4778 autem

1912 4837 2187 4894 suntquae
2240 4822 2532 4877 secundum
2565 4818 2740 4873 carnis
2783 4817 3271 4886 concupiscentiam
3317 4815 3496 4872 illicito

1909 4917 2062 4971 ﬁunt.
2116 4915 2310 4983 Legem
2341 4913 2574 4982 appellat
2601 4911 2654 4965 in
2683 4910 2940 4964 membris
2968 4910 3099 4972 suis,
3155 4923 3289 4962 onus
3322 4908 3494 4978 ipsum

1911 5008 2275 5073 mortalitatis,
2331 5007 2383 5061 in
2415 5021 2520 5076 quo
2566 5003 2963 5074 ingemiscimus
3005 4999 3236 5070 gravati.
3286 4997 3496 5066 Corpus

1911 5101 2052 5172 quod
2097 5099 2478 5167 corrumpitur,
2527 5105 2780 5165 aggravet
2807 5096 3039 5150 animam
3083 5109 3100 5148 :
3147 5107 3242 5161 per
3276 5091 3415 5161 quod
3440 5092 3497 5146 lit

1911 5204 2073 5258 etiam
2103 5215 2268 5270 saepe,
2299 5209 2357 5254 ut
2387 5198 2550 5252 invite
2579 5198 2813 5253 delectet
2841 5195 2982 5266 quod
3016 5209 3119 5248 non
3151 5193 3306 5249 licet:
3336 5207 3494 5262 quam

1912 5296 2175 5352 sarcinam
2218 5297 2340 5350 ideo
2390 5293 2560 5362 legem
2595 5291 2862 5361 appellat,
2912 5290 3034 5359 quia
3080 5288 3202 5358 jure
3250 5286 3497 5355 supplicii

1915 5400 2164 5466 imposita
2187 5407 2289 5452 est.
2337 5395 2748 5465 Repugnantem
2779 5393 2882 5461 legi
2927 5391 3126 5445 mentis
3153 5401 3312 5442 meat.
3368 5387 3499 5456 Quze

1914 5500 2039 5555 alibi
2063 5497 2372 5553 mortilicari
2394 5495 2544 5564 jubet
2570 5496 2619 5547 in
2648 5492 2921 5547 membris.
2948 5487 3279 5553 Mortiﬁcate,
3309 5487 3497 5557 inquit,

1916 5592 2154 5648 membra
2179 5597 2378 5644 vestra.
2408 5587 2556 5656 Legi,
2591 5586 2782 5652 inquit,
2813 5582 2940 5636 Dei:
2971 5597 3090 5650 qua:
3123 5582 3173 5633 in
3205 5588 3385 5633 mente
3414 5586 3500 5633 est

1916 5694 1969 5739 et
1997 5681 2353 5749 captivantem
2385 5693 2489 5731 me.
2520 5676 2797 5743 Captivum
2828 5687 2886 5728 se
2907 5686 3027 5727 esse
3057 5669 3334 5739 deplorat:
3371 5669 3498 5739 quia

1917 5774 2080 5830 sentit
2110 5774 2161 5826 in
2207 5785 2265 5826 se
2303 5768 2570 5825 desideria
2615 5779 2835 5832 surgere
2878 5762 3090 5832 puritati
3139 5763 3332 5815 mentis
3359 5776 3493 5814 con-

1919 5866 2078 5922 traria
2125 5883 2135 5917 :
2173 5874 2356 5920 contra
2388 5875 2514 5931 qua:
2539 5857 2764 5929 gratiam
2791 5854 3104 5912 liberatoris
3132 5853 3402 5925 implorat.
3439 5849 3502 5909 Et
