4004 6354
508 357 615 413 455

1610 340 1907 404 PRIMASil
1945 332 2398 397 ADRUMETANI
2438 330 2653 389 EPISC.

3683 327 3807 384 456

508 474 612 529 hoc
641 479 816 543 potest
836 468 1082 540 intelligi,
1112 466 1252 539 quod
1275 450 1639 535 Captivitatem
1670 460 1874 516 dixerit
1902 472 2091 521 carne,
2119 456 2175 515 Α
2198 446 2488 513 suetudini,
2514 446 2597 500 vel
2621 444 2817 499 vitiata:
2843 446 3067 507 natura},
3095 436 3533 543 tandiuauandtu
3556 437 3804 541 languor

510 583 614 621 non
640 574 849 633 mente;
879 550 1177 627 occasione,
1204 574 1311 615 non
1342 555 1730 618 consensione;
1763 561 1818 607 et
1844 549 1967 605 ideo
2002 564 2095 604 ca-

512 661 823 728 ptivantem,
871 657 993 727 quia
1028 662 1082 709 et
1111 654 1162 707 in
1186 653 1301 722 ipsa
1342 664 1502 704 carne
1528 662 1634 703 non
1666 654 1749 701 est
1788 643 1965 698 aliena
1995 655 2091 697 na-

513 759 651 816 tura,
685 748 777 803 sed
809 756 1011 802 nostra.
1041 745 1225 799 Potest
1259 741 1420 798 etiam
1452 737 1622 794 videri
1646 735 1933 807 Apostolus
1962 746 2087 788 eum

510 840 815 895 describere
850 838 937 908 qui
981 837 1081 891 sub
1130 836 1247 904 lege
1291 832 1469 887 adhuc
1499 829 1652 897 vivit,
1708 827 1944 883 nondum
1988 823 2089 879 sub

510 932 700 1003 gratia.
734 931 883 997 Quod
909 928 1039 983 dicit
1065 927 1425 997 captivantem
1460 937 1568 987 me,
1602 921 1707 977 hoc
1736 928 1841 983 est,
1874 932 2090 973 carnem

512 1038 684 1078 meam
716 1039 728 1074 :
759 1020 861 1088 legi
888 1018 1114 1089 peccati,
1151 1032 1270 1087 quae
1299 1023 1383 1071 est
1413 1015 1465 1068 in
1500 1010 1756 1069 membris
1787 1009 1939 1063 meis.
1986 1006 2092 1063 Sed

511 1115 611 1170 etsi
637 1114 706 1168 de
748 1112 863 1181 ipso
894 1110 1177 1179 accipitur,
1241 1122 1345 1163 non
1388 1104 1530 1175 quod
1576 1103 1691 1172 ipse
1742 1100 2094 1155 immoderata

511 1206 731 1262 libidine
762 1204 997 1276 pollutus
1029 1203 1208 1267 fuerit,
1262 1200 1355 1256 sed
1386 1214 1415 1253 a
1444 1196 1800 1253 consensione
1831 1207 1993 1263 prava
2027 1192 2094 1245 li-

509 1298 605 1354 ber
638 1315 651 1349 :
684 1297 751 1351 de
781 1294 1216 1366 concupiscentia
1247 1302 1427 1347 tamen
1466 1289 1661 1355 carnis,
1714 1301 1873 1357 quam
1904 1284 2094 1339 mode-

510 1390 680 1446 rando
706 1388 970 1457 frenabat,
1007 1395 1152 1442 tanta
1179 1384 1477 1439 humilitate
1506 1392 1560 1437 et
1580 1381 1777 1451 pietate
1800 1377 2090 1448 gemuisse,

510 1491 571 1538 ut
601 1492 811 1553 Optaret
836 1496 954 1537 eam
986 1494 1095 1535 non
1127 1479 1326 1533 habere
1354 1476 1537 1548 potius
1565 1487 1727 1543 quam
1756 1473 1999 1527 domare.
2038 1470 2095 1524 In

511 1580 629 1651 lege
655 1580 884 1650 peccati,
914 1595 1033 1650 quas
1062 1588 1144 1635 est
1170 1578 1223 1634 in
1255 1578 1510 1634 membris
1537 1576 1694 1632 meis.
1720 1574 1849 1641 Quae
1876 1573 2097 1627 damnat

512 1683 815 1744 peccatum,
838 1672 953 1728 sive
983 1672 1177 1727 malam
1199 1669 1667 1735 consuetudinem,
1699 1682 1820 1738 qua:
1843 1666 1895 1720 in
1924 1678 2096 1720 mem—

513 1766 625 1822 bris
650 1777 733 1821 est
772 1782 787 1821 :
835 1766 987 1835 quasi
1018 1765 1239 1829 diceret,
1299 1771 1353 1818 ct
1380 1762 1739 1833 captivantem
1770 1774 1858 1816 me
1885 1758 1941 1813 in
1979 1758 2096 1826 lege

514 1874 632 1915 sua.
660 1860 783 1915 ldeo
806 1860 1071 1929 captivus,
1102 1858 1227 1929 quia
1256 1872 1360 1912 non
1384 1855 1511 1912 facit
1540 1870 1660 1926 quae
1684 1854 1818 1909 vult.
1848 1851 2096 1921 Quandiu
2125 1851 2175 1912 Β

514 1967 641 2008 caro
659 1953 989 2021 concupiscit
1010 1950 1265 2005 adversus
1285 1949 1558 2018 spiritum,
1589 1955 1644 2002 et
1663 1944 1885 2016 spiritus
1907 1943 2099 1998 adver-

514 2063 607 2104 sus
637 2063 877 2103 carnem.
908 2046 1106 2116 Infelix
1135 2062 1228 2118 ego
1251 2040 1419 2113 honl’o,
1455 2046 1565 2115 quis
1593 2060 1671 2097 me
1696 2043 1967 2097 liberabit?
1996 2040 2099 2109 Qui

512 2143 595 2197 sic
623 2150 818 2198 tentor.
852 2140 1028 2197 Verba
1062 2149 1188 2195 sunt
1211 2140 1445 2195 hominis
1475 2138 1576 2194 sub
1598 2137 1768 2208 gratia
1794 2134 2096 2201 constituti,

514 2234 667 2306 cujus
697 2235 838 2290 actio
876 2233 1037 2290 habet
1065 2231 1279 2305 quidem
1310 2231 1662 2287 reluctantem
1709 2228 2094 2285 mortalitatem

514 2328 717 2392 carnis,
749 2325 845 2382 sed
872 2341 977 2383 non
1006 2325 1309 2382 vincentem
1334 2324 1400 2379 ad
1423 2323 1836 2380 consensionem
1860 2319 2094 2390 peccati.

514 2418 647 2487 Quis
668 2428 827 2490 neget
842 2418 1182 2488 Apostolum,
1206 2432 1329 2471 cum
1354 2415 1470 2471 haec
1490 2415 1715 2481 diceret,
1739 2413 1914 2469 adhuc
1935 2411 2102 2467 fuisse

516 2512 573 2566 in
602 2526 831 2582 corpore
857 2511 1047 2566 mortis
1071 2508 1273 2580 hujus?
1298 2523 1329 2562 a
1364 2523 1471 2578 quo
1502 2507 1684 2578 utique
1710 2506 1791 2561 vel
1814 2504 1964 2575 impii
1993 2517 2103 2559 non

516 2602 833 2669 liberantur,
867 2600 1062 2672 quibus
1085 2599 1273 2655 eadem
1304 2613 1531 2670 corpora
1560 2598 1626 2655 ad
1655 2604 1919 2654 tormenta
1946 2603 2099 2651 reter-

518 2711 589 2752 na
609 2696 928 2753 redduntur.
984 2693 1223 2750 Liberari
1272 2707 1400 2763 ergo
1438 2700 1523 2748 est
1565 2708 1595 2747 a
1639 2705 1867 2762 corpore
1912 2688 2103 2745 mortis

520 2788 701 2861 hujus,
751 2788 901 2845 omni
931 2796 1121 2843 sanato
1162 2787 1419 2857 languore
1442 2785 1621 2841 carnis
1652 2782 2103 2852 concupiscentia

520 2897 627 2937 non
655 2882 721 2937 ad
746 2895 959 2952 poenam
982 2893 1179 2949 corpus
1207 2881 1469 2949 recipere,
1490 2877 1586 2933 sed
1614 2876 1680 2932 ad
1704 2876 1932 2948 gloriam
1960 2893 1972 2928 :
1996 2875 2102 2930 sic-

524 2981 586 3029 ut
607 2981 665 3029 et
683 2972 810 3027 alibi
838 2972 1004 3027 dicit:
1034 2971 1102 3026 Et
1130 2971 1233 3041 ipsi
1273 2972 1327 3024 in
1372 2968 1778 3038 nobismetipsis
1801 2966 2107 3038 ingemisci-

520 3078 641 3123 mus
666 3064 1006 3135 adoptionem
1028 3072 1429 3135 exspectantes,
1457 3062 1881 3133 redemptionem
1912 3075 2106 3131 corpo-

524 3160 601 3217 ris
625 3160 814 3215 nostri.
866 3157 1107 3214 Liberari
1133 3158 1273 3213 enim
1305 3152 1364 3213 se
1394 3172 1425 3212 a
1455 3156 1598 3212 vitiis
1641 3155 2010 3226 corporalibus
2054 3162 2108 3209 ct

522 3250 815 3309 mortiferis
831 3249 1231 3319 deprecatur.Si
1245 3264 1367 3315 nos,
1388 3248 1759 3317 inquit,Filius
1774 3246 2105 3315 liberaverit,
2134 3236 2180 3300 C

522 3358 651 3402 vere
673 3343 829 3400 liberi
848 3344 1020 3399 eritis.
1053 3342 1126 3398 De
1152 3358 1364 3415 corpore
1385 3345 1563 3397 mortis
1584 3342 1783 3413 hujus?
1812 3339 1996 3394 Gratia
2012 3339 2111 3394 Dei

526 3438 660 3512 per]
666 3455 810 3494 esum
835 3438 1092 3493 Christum
1112 3438 1391 3493 Dominum
1416 3445 1666 3491 nostrum.
1692 3436 1899 3503 Corpus
1919 3433 2111 3489 mortis

523 3544 607 3590 est
634 3534 813 3589 littera
845 3532 1117 3589 occidens.
1148 3531 1356 3602 Corpus
1378 3530 1569 3585 mortis
1597 3536 1679 3583 est
1708 3526 1982 3583 mortifera
2014 3541 2112 3582 vo-

524 3630 723 3701 luptas,
750 3640 803 3684 et
824 3628 1055 3683 carnalis
1076 3625 1383 3693 delectatio,
1412 3635 1466 3679 et
1486 3622 1783 3693 corporalis
1802 3620 2105 3689 infirmitas,

525 3731 579 3779 ct
608 3722 863 3776 violentia
891 3716 1322 3782 consuetudinis,
1377 3731 1495 3786 qua:
1540 3715 1607 3769 ad
1652 3724 1881 3770 mortem
1925 3714 2106 3768 trahit.

526 3815 603 3869 De
624 3828 727 3883 qua
756 3810 1143 3867 consuetudine
1174 3824 1278 3863 non
1307 3808 1417 3873 lex,
1446 3807 1541 3863 sed
1573 3808 1744 3875 gratia
1774 3807 1988 3873 liberat,
2014 3823 2110 3877 per

527 3908 811 3964 Dominum
855 3915 1096 3962 nostrum
1149 3906 1331 3962 Jesum
1381 3904 1675 3960 Christum.
1742 3904 1883 3959 Ante
1934 3904 2108 3973 legem

525 3999 671 4056 nulla
693 4014 867 4070 pugna
888 4007 1147 4054 eratcum
1174 3995 1535 4067 voluptatibus
1566 3995 1725 4066 hujus
1748 3994 1951 4060 saeculi,
1984 3994 2109 4065 quia

525 4099 696 4149 totum
728 4090 922 4147 licebat
961 4108 974 4145 :
1026 4090 1125 4146 sub
1169 4091 1289 4159 lege
1318 4104 1448 4144 vero
1477 4098 1765 4160 pugnatur,
1814 4087 1906 4143 sed
1938 4086 2109 4141 vinci-

524 4199 648 4240 mur
676 4200 692 4241 :
722 4184 822 4240 sub
847 4182 1016 4255 gratia
1048 4192 1223 4238 autem
1251 4196 1573 4253 pugnamus,
1607 4190 1661 4237 et
1690 4181 1799 4235 Deo
1822 4179 2111 4250 adjuvante

526 4277 808 4345 vincimus,
836 4275 962 4347 quia
992 4290 1099 4332 non
1134 4276 1350 4344 timore,
1382 4275 1475 4331 sed
1503 4274 1795 4329 dilectione
1826 4272 2107 4327 servimus.

528 4370 605 4426 De
642 4386 747 4442 quo
789 4383 1017 4441 corpore
1065 4370 1258 4425 mortis
1302 4382 1411 4424 non
1457 4368 1634 4423 omnis
1679 4366 1962 4435 liberatur,
2019 4365 2111 4436 qui

526 4462 645 4517 finit
676 4462 813 4518 hanc
841 4461 1030 4527 vitam,
1061 4462 1157 4518 sed
1182 4462 1271 4531 qui
1302 4462 1358 4517 in
1389 4463 1488 4516 hac
1514 4461 1623 4515 vita
1656 4460 1965 4528 susceperit
1990 4472 2112 4527 gra-

527 4556 675 4622 tiam,
708 4564 764 4609 et
791 4569 860 4610 ne
880 4555 1112 4611 inaniter
1142 4558 1418 4627 suscipiat,
1448 4554 1604 4610 bonis
1632 4554 1885 4625 operibus
1940 4554 2110 4625 egerit

2195 540 2498 595 obluctatur
2528 536 2712 601 saluti,
2743 542 2797 590 et
2824 548 2949 589 caro
2977 530 3313 602 concupiscit
3340 530 3603 587 adversus
3627 530 3804 601 spiri-

2196 646 2333 692 tum.

2266 776 2395 833 CAP.
2428 791 2545 830 vm.
2607 773 2758 828 Nihil
2784 788 2906 843 ergo
2947 788 3086 827 nunc
3118 771 3463 826 damnationis
3496 780 3574 828 est
3600 772 3671 826 iis
3702 771 3801 842 qui

2196 880 2313 927 sunt
2341 871 2397 924 in
2428 868 2631 924 Christo
2662 866 2811 922 Jesu.
2863 866 2979 922 Non
3026 866 3171 921 enim
3200 866 3505 933 damnatur,
3561 865 3669 919 nisi
3704 864 3798 934 qui

2197 960 2650 1032 concupiscentiae
2695 958 2872 1014 carnis
2920 958 3187 1013 consentit
3237 956 3304 1012 ad
3346 956 3547 1013 malum
3591 971 3609 1010 :
3664 971 3797 1010 nam

2200 1070 2363 1111 carne
2386 1064 2617 1117 mortua,
2650 1050 2784 1107 nihil
2815 1050 2976 1107 habet
3000 1051 3053 1105 in
3084 1065 3143 1106 se
3166 1049 3310 1120 quod
3329 1049 3575 1105 damnari
3598 1048 3795 1119 possit.

2202 1143 2304 1223 Qui
2346 1158 2447 1197 non
2488 1142 2771 1197 secundum
2797 1156 3001 1195 carnem
3041 1141 3325 1195 ambulant.
3375 1139 3537 1207 Quia
3570 1139 3797 1194 Christo

2197 1236 2497 1291 didicerunt
2527 1248 2741 1289 carnem
2782 1233 3119 1301 crucifigere,
3151 1241 3207 1288 et
3238 1248 3343 1287 non
3373 1231 3670 1287 carnaliter
3714 1231 3797 1283 vi-

2197 1337 2350 1383 vunt.
2394 1327 2505 1381 Lex
2532 1327 2666 1381 enim
2695 1327 2908 1392 spiritus
2936 1326 3055 1380 vita:
3085 1327 3138 1379 in
3167 1322 3371 1379 Christo
3397 1324 3525 1379 Jesu
3554 1322 3793 1377 liberauit

2198 1436 2300 1476 me.
2358 1418 2761 1474 Advertendum
2813 1416 2935 1486 quia
2981 1416 3230 1488 gratiam,
3304 1416 3479 1487 legem
3528 1415 3791 1485 appellat.

2200 1513 2383 1570 Gratia
2414 1512 2549 1568 Novi
2597 1510 2927 1566 Testamenti
2972 1510 3168 1565 liberat
3192 1523 3290 1565 nos
3335 1523 3366 1563 a
3402 1506 3793 1563 consuetudine

2200 1605 2408 1676 peccati
2447 1613 2503 1659 et
2530 1604 2720 1659 mortis
2754 1621 2767 1656 :
2817 1603 3109 1659 auferendo
3153 1604 3314 1657 etiam
3346 1601 3686 1665 occasiones,
3742 1607 3797 1654 et

2200 1698 2383 1753 dando
2425 1696 2750 1768 adjutorium
2780 1704 2836 1751 et
2864 1697 3169 1765 exemplum
3199 1694 3436 1761 vivendi,
3488 1709 3557 1749 ne
3587 1693 3797 1748 scilicet

2202 1789 2611 1846 consensionem
2637 1802 2811 1843 meam
2838 1788 3273 1858 concupiscentia
3295 1786 3399 1841 sibi
3422 1786 3657 1840 vindicet
3681 1800 3795 1837 car-

2200 1882 2305 1937 nis.
2336 1881 2382 1934 Α
2408 1880 2517 1951 lege
2542 1880 2737 1951 peccati
2766 1890 2815 1934 et
2844 1880 3042 1934 mortis.
3077 1878 3207 1946 Qum
3238 1876 3455 1943 occidit,
3486 1886 3540 1933 et
3571 1875 3795 1931 mortiﬁ-

2201 1982 2291 2030 cat
2317 1980 2633 2043 peccatores
2664 1989 2677 2024 :
2710 1972 2762 2025 id
2794 1980 2898 2037 est,
2933 1972 3050 2041 lege
3077 1970 3291 2035 litterae,
3322 1970 3437 2024 sive
3466 1969 3534 2023 ab
3560 1969 3648 2022 illa
3680 1969 3796 2036 lege

2202 2081 2360 2137 quam
2384 2079 2543 2134 supra
2572 2064 2624 2118 in
2649 2064 2905 2118 membris
2929 2062 3142 2118 dixerat
3165 2062 3453 2117 dominari.
3488 2059 3629 2114 Nam
3656 2059 3790 2127 quod

2201 2156 2512 2227 impossibile
2540 2162 2649 2210 erat
2680 2156 2799 2225 legi.
2834 2154 2967 2222 Quia
3003 2154 3133 2209 nihil
3160 2154 3227 2208 ad
3258 2152 3556 2224 perfectum
3586 2154 3668 2205 lex
3701 2150 3795 2203 atl-

2203 2246 2377 2315 ducit,
2428 2245 2765 2316 impossibile
2794 2255 2911 2331 erat
2941 2246 3046 2317 legi
3074 2252 3133 2299 ut
3163 2246 3408 2299 homines
3435 2244 3683 2299 carnales
3718 2242 3794 2295 fa-

2204 2350 2354 2396 ceret
2384 2338 2507 2395 fidei
2557 2340 2828 2395 custodirc
2855 2338 3114 2408 justitiam
3142 2354 3155 2392 :
3208 2338 3304 2393 sed
3337 2338 3437 2393 hoc
3466 2336 3713 2391 Christus
3742 2344 3794 2389 et

2204 2440 2499 2502 praecepto,
2543 2439 2599 2486 et
2623 2431 2893 2499 exemplo,
2939 2438 2994 2485 et
3022 2430 3288 2500 adjutorio
3315 2429 3439 2485 fecit
3466 2444 3588 2483 esse
3629 2427 3795 2496 possi-

2206 2523 2334 2579 bile.
2362 2522 2699 2593 lmpossibile
2720 2530 2804 2578 est
2822 2523 2965 2578 enim
2990 2522 3162 2593 legem
3186 2523 3411 2591 implere
3433 2536 3531 2591 per
3552 2536 3793 2585 carnem,

2204 2630 2310 2687 qua
2338 2616 2579 2686 superbi,
2607 2616 2915 2686 ignorantes
2945 2614 3041 2669 Dei
3068 2614 3353 2683 justitiam,
3388 2613 3441 2668 id
3471 2623 3555 2669 est
3583 2630 3700 2684 quae
3728 2630 3793 2669 ex

2210 2707 2321 2763 Deo
2350 2717 2432 2764 est
2462 2707 2664 2763 homini
2694 2714 2750 2762 ut
2779 2707 2848 2762 sit
2870 2706 3068 2777 justus,
3100 2715 3155 2760 et
3185 2720 3342 2761 suam
3377 2706 3626 2761 volentes
3669 2720 3794 2759 con-

2207 2805 2454 2873 stituere,
2491 2812 2744 2873 tanquam
2784 2818 2881 2873 per
2909 2817 3095 2859 eorum
3127 2816 3235 2857 non
3266 2802 3508 2872 adjutum
3541 2802 3797 2857 divinitus

2208 2896 2490 2952 arbitrium
2532 2896 2618 2950 lex
2648 2896 2820 2966 possit
2846 2894 3084 2965 impleri,
3133 2894 3355 2964 justitizc
3401 2894 3497 2949 Dei
3536 2908 3645 2949 non
3676 2901 3797 2948 sunt

2209 2988 2436 3059 subjecti
2470 3004 2484 3043 :
2515 2989 2638 3044 ideo
2662 2987 2870 3059 justitia
2903 2987 3033 3058 legis
3065 2986 3119 3042 in
3147 2987 3226 3042 eis
3251 2988 3526 3055 impletur,
3568 2986 3660 3055 qui
3689 3000 3794 3039 non

2210 3082 2503 3139 secundum
2536 3096 2756 3137 carnem
2796 3080 3117 3137 ambulant:
3163 3080 3215 3135 id
3242 3090 3343 3144 est,
3373 3078 3671 3135 secundum
3702 3079 3794 3132 ho.

2212 3178 2415 3232 minem
2450 3177 2785 3246 ignorantem
2818 3174 3214 3244 Deijustitiam,
3264 3172 3361 3229 sed
3392 3172 3676 3227 ambulant
3717 3186 3797 3226 se-

2212 3267 2447 3324 cundum
2484 3267 2753 3337 spiritum.
2808 3264 2877 3320 In
2917 3282 3020 3336 quo
3060 3265 3425 3332 inﬁrmabatur
3453 3280 3543 3335 per
3573 3279 3797 3319 carnem.

2213 3361 2588 3416 lnﬁrmabatur
2610 3374 2705 3430 per
2725 3358 3207 3427 concupiscentias,
3232 3358 3284 3413 id
3309 3368 3389 3413 est
3420 3372 3511 3427 per
3529 3357 3800 3412 desideria

2214 3438 2453 3509 carnalia
2482 3470 2494 3505 :
2526 3450 2647 3506 ideo
2677 3464 2783 3505 non
2810 3450 3131 3519 implebatur
3156 3450 3266 3517 lex,
3298 3450 3422 3520 quia
3450 3450 3620 3517 ipsius
3640 3449 3796 3520 justi-

2214 3546 2302 3601 tia:
2329 3545 2565 3601 nondum
2596 3554 2713 3600 erat
2738 3544 2997 3611 charitas,
3026 3561 3143 3615 quae
3166 3545 3420 3600 interiore
3442 3542 3800 3599 delectatione

2214 3646 2425 3695 teneret
2449 3645 2707 3706 mentem,
2741 3652 2809 3692 ne
2838 3637 2904 3691 ad
2929 3647 3204 3707 peccatum
3237 3636 3593 3692 delectatione
3622 3652 3800 3691 rerum

2216 3730 2589 3799 temporalium
2618 3729 2945 3785 traheretur.
3000 3730 3140 3800 Ergo
3190 3730 3565 3784 infirmabatur
3594 3730 3683 3785 lex
3714 3743 3802 3799 per

2216 3837 2432 3877 carnem
2466 3840 2477 3874 :
2512 3821 2566 3876 id
2598 3829 2703 3888 est,
2736 3837 2842 3877 non
2887 3822 3153 3878 efﬁciebat
3179 3823 3353 3890 justos
3388 3821 3601 3876 deditos
3632 3821 3800 3875 carni.

2216 3916 2356 3969 Deus
2386 3913 2581 3968 Filium
2609 3930 2757 3968 suum
2785 3916 2989 3968 mittens
3019 3916 3071 3968 in
3093 3915 3505 3969 similitudinem.
3559 3913 3801 3968 Similem

2215 4022 2429 4064 carnem
2474 4008 2710 4077 suscepit
2754 4008 2966 4065 caeteris
3015 4006 3324 4061 hominibus
3375 4007 3490 4061 sine
3536 4013 3801 4075 peccato:

2215 4101 2336 4170 quia
2391 4115 2490 4155 nec
2519 4100 2585 4155 de
2633 4100 3092 4169 concupiscentia,
3142 4114 3241 4154 nec
3273 4099 3341 4155 de
3379 4099 3546 4163 coitu,
3596 4099 3695 4153 sed
3741 4097 3805 4152 de

2214 4194 2421 4263 virgine
2460 4202 2583 4249 nata
2624 4204 2725 4248 est.
2782 4193 2935 4249 Facit
2980 4194 3084 4249 hoc
3126 4202 3311 4249 contra
3354 4192 3669 4261 Photinum,
3717 4190 3804 4262 qui

2215 4296 2375 4357 negat
2398 4285 2589 4342 Filium
2612 4296 2737 4342 ante
2763 4298 2973 4357 partum
3002 4286 3168 4341 fuisse
3196 4285 3443 4356 virginis.
3476 4279 3663 4338 Carnis
3689 4300 3803 4353 pee-

2215 4382 2336 4437 cati.
2387 4381 2501 4437 Non
2530 4396 2658 4437 caro
2686 4383 2888 4452 peccati
2933 4391 3070 4449 erat,
3121 4395 3239 4451 quae
3268 4394 3373 4435 non
3417 4378 3620 4433 carnali
3660 4378 3805 4432 dele-

2216 4476 2451 4532 ctatione
2481 4487 2604 4531 nata
2648 4483 2810 4531 erat:
2863 4483 3041 4530 tamen
3082 4476 3257 4530 inerat
3303 4472 3599 4529 similitudo
3628 4473 3803 4527 carnis

2218 4566 2446 4635 peccati,
2476 4570 2599 4637 quia
2626 4568 2866 4623 mortalis
2909 4582 3036 4623 caro
3064 4576 3199 4623 erat.
3230 4567 3297 4621 Et
3325 4568 3389 4620 de
3416 4576 3620 4637 peccato
3661 4566 3803 4617 dam-

526 4656 581 4703 ει
612 4648 771 4703 fuerit
808 4658 1148 4718 cooperatus.
1205 4650 1363 4706 Aliud
1408 4658 1490 4705 est
1534 4652 1679 4704 enim
1725 4649 1876 4703 exire
1906 4647 1973 4703 de
2004 4646 2108 4704 hoc
2138 4628 2183 4688 ί)
2216 4661 2355 4714 navit
2384 4628 2663 4728 peccatum.
2714 4662 2779 4715 Et
2805 4660 2871 4715 de
2893 4676 3074 4727 carne,
3123 4677 3240 4732 quae
3262 4660 3316 4714 in
3346 4628 3501 4715 nobis
3545 4670 3674 4715 ante
3695 4674 3805 4714 ser-

526 4754 773 4810 corpore,
806 4740 951 4795 aliud
981 4749 1065 4796 est
1090 4741 1305 4797 liberari
1334 4741 1400 4797 de
1427 4755 1654 4810 corpore
1692 4738 1882 4795 mortis
1910 4739 2068 4809 hujus
2094 4758 2106 4792 :

526 4832 670 4901 quod
696 4832 809 4889 sola
837 4833 931 4893 Dei
958 4834 1129 4904 gratia
1160 4834 1417 4905 impartit.
1448 4833 1622 4904 Igitur
1649 4849 1740 4901 ego
1766 4834 1897 4901 ipse.
1935 4833 2111 4889 Reca-

527 4923 722 4994 pitulat
748 4932 840 4980 aut
864 4925 1154 4983 concludit.
1187 4926 1356 4981 Mente
1380 4925 1542 4981 servio
1571 4924 1671 4996 legi
1700 4924 1833 4979 Dei.‘
1861 4924 2111 4993 Quandiu

527 5021 758 5078 carnalis
782 5035 926 5091 sum,
957 5021 1155 5093 duplex
1183 5037 1325 5077 sum.
1345 5019 1512 5074 Carne
1533 5030 1722 5075 autem.
1746 5020 1923 5077 Carne
1945 5020 2112 5077 servit

526 5111 634 5186 legi
660 5114 865 5185 peccati
892 5113 1370 5183 concupiscendo;
1417 5122 1598 5168 mente
1627 5112 1731 5184 legi
1763 5111 1882 5179 Dei,
1933 5113 2108 5169 eidem

526 5210 977 5280 concupiscentiae
1005 5223 1113 5265 non
1140 5205 1546 5265 consentiendo.
1590 5206 1759 5263 Homo
1797 5207 2026 5277 geminae
2058 5212 2112 5261 et

530 5300 758 5371 duplicis
786 5303 1078 5357 voluntatis
1114 5318 1126 5356 :
1178 5300 1231 5357 id
1255 5308 1359 5367 est,
1409 5309 1501 5355 aut
1521 5299 1774 5362 carnalis,
1822 5307 1916 5353 aut
1954 5296 2113 5366 spiri-

534 5393 715 5463 tualis,
748 5393 1143 5463 quodammodo
1170 5393 1225 5450 in
1255 5395 1548 5466 semetipso
1577 5393 1780 5447 divisus
1806 5391 1953 5459 juxta
1976 5404 2113 5460 ope-

531 5501 650 5542 rum
682 5486 1016 5557 qualitatem.
1060 5488 1169 5545 Lex
1198 5488 1413 5559 quidem
1443 5502 1547 5543 una
1574 5496 1678 5554 est,
1728 5484 1824 5539 sed
1848 5485 1954 5538 duo
1987 5490 2113 5538 sunt

531 5593 729 5648 genera
750 5581 1160 5639 mandatorum:
1185 5598 1348 5638 unum
1375 5581 1516 5650 quod
1534 5580 1695 5634 docet
1722 5579 1938 5643 bonum,
1966 5577 2111 5634 aliud

531 5672 671 5742 quod
704 5674 953 5744 prohibet
982 5675 1201 5729 malum.
1235 5672 1388 5741 Quod
1420 5672 1579 5727 docet
1611 5671 1833 5735 bonum,
1865 5669 1959 5725 Dei
1989 5678 2109 5737 est;

534 5767 677 5837 quod
705 5768 957 5839 prohibet
984 5767 1207 5836 malum,
1256 5775 1497 5822 nostrum
1528 5764 1717 5821 vitium
1762 5773 1865 5833 est,
1918 5764 2113 5835 quibus

536 5858 617 5916 lcx
648 5875 783 5932 opus
808 5860 878 5916 sit
905 5859 1041 5927 dari,
1087 5862 1177 5932 qui
1203 5875 1513 5933 peccamus.
1564 5858 1691 5931 Legi
1718 5861 1927 5934 peccati.
1971 5863 2114 5922 Con-

2220 4754 2403 4808 viebat
2434 4762 2677 4821 peccato,
2704 4753 2834 4807 vicit
2864 4763 3139 4822 peccatum
3173 4768 3278 4807 non
3312 4753 3585 4820 peccando
3622 4770 3635 4804 :
3679 4767 3808 4821 quo-

2220 4843 2379 4899 modo
2425 4843 2471 4897 si
2513 4846 2633 4913 quis
2674 4844 2741 4899 de
2772 4844 3015 4900 barbaris
3048 4846 3225 4899 vincat
3270 4844 3549 4900 barbaros.
3604 4842 3805 4898 Hostia

2218 4952 2351 5007 quas
2381 4935 2681 4991 offerebant
2702 4952 2799 5006 pro
2828 4945 3052 5005 peccato
3083 4937 3135 4991 in
3170 4937 3307 5006 lege,
3343 4936 3552 5007 peccati
3583 4935 3803 4990 nomine

2222 5026 2574 5093 vocabantur,
2627 5042 2749 5082 cum
2780 5028 2912 5098 ipsa:
2942 5040 3221 5099 peccatum
3254 5029 3525 5084 nescirent
3572 5046 3585 5080 :
3641 5027 3732 5083 Sic
3756 5033 3809 5081 et

2221 5119 2424 5189 peccati
2466 5134 2612 5190 caro,
2669 5136 2785 5190 qua:
2829 5136 2923 5190 pro
2965 5124 3201 5191 peccatis
3239 5122 3441 5177 nostris
3468 5121 3648 5175 oblata
3702 5127 3803 5185 est,

2223 5212 2427 5280 peccati
2476 5227 2671 5267 nomen
2710 5214 2938 5281 accepit.
2984 5214 3210 5282 Quidam
3259 5214 3445 5269 dicunt
3480 5214 3548 5269 de
3590 5223 3808 5283 peccato

2222 5303 2556 5372 Judazorum,
2590 5306 2685 5375 qui
2716 5306 3031 5361 occiderunt
3060 5307 3366 5376 Dominum,
3396 5315 3673 5377 peccatum
3698 5306 3810 5361 dia-

2222 5397 2330 5453 boli
2360 5413 2467 5467 quo
2498 5400 2769 5454 hominem
2802 5400 3149 5471 implicuerit,
3181 5400 3560 5457 condemnavit
3605 5417 3617 5451 :
3670 5400 3806 5454 sicut

2224 5492 2289 5547 ad
2319 5492 2589 5548 Haebrzeos
2619 5493 2878 5562 scriptum
2901 5503 3005 5560 est,
3038 5504 3099 5549 ut
3129 5508 3224 5564 per
3249 5503 3477 5549 mortem
3503 5492 3808 5547 destrueret

2221 5600 2366 5651 eum,
2416 5586 2505 5655 qui
2539 5574 2995 5640 habebat'mortis
3035 5584 3339 5653 imperium.
3390 5582 3458 5639 Et
3486 5594 3634 5638 recte
3664 5592 3804 5636 mors

2220 5688 2500 5751 peccatum
2533 5677 2753 5743 dicitur,
2786 5693 2943 5748 quam
2978 5677 3045 5733 de
3072 5685 3294 5748 peccato
3327 5684 3542 5732 constat
3570 5690 3690 5731 esse
3717 5685 3807 5744 ge-

2220 5781 2483 5827 neratam.
2534 5769 2761 5835 Quidam
2795 5770 2981 5825 dicunt
3006 5770 3073 5824 de
3104 5776 3326 5841 peccato
3353 5767 3684 5832 Iudaeorum,
3714 5762 3804 5832 qui

2218 5878 2342 5923 eum
2370 5863 2768 5932 cruciltxerant,
2809 5863 3016 5922 factum
3045 5872 3147 5935 est,
3198 5871 3262 5922 ut
3303 5861 3621 5933 sanguinem
3646 5868 3797 5917 suum
