4004 6354
168 262 272 362 ιτπ

1038 267 1103 358 tu
1144 259 1524 357 EPlS'i'OLAiti
1565 262 1655 352 so
1695 282 2021 355 ncuauos
2059 296 2577 358 communitis.

3324 306 3432 363 458

166 421 223 473 in
251 412 621 474 remissionem
664 379 913 468 funderet
941 421 1300 482 peccatorum.
1354 411 1423 465 In
1460 426 1636 467 carne.
1686 408 1741 463 ln
1771 416 1823 473 Α
1851 419 1950 461 nec
1977 408 2125 463 enim
2154 417 2331 480 potest
2358 425 2373 464 :
2402 408 2637 480 quandiu
2665 408 2808 466 enim
2838 410 2928 467 nix
2956 418 3061 480 est,
3097 427 3202 470 non
3233 414 3431 472 calefa-

166 510 286 576 ipsa
313 520 478 561 carne
508 504 635 559 vicit
671 511 970 573 peccatum,
1013 511 1069 556 ut
1106 512 1374 569 naturam,
1425 518 1543 570 quae
1575 500 1748 554 fuerat

168 599 311 653 bona
359 611 456 667 per
483 594 869 659 conditionem,
916 605 972 648 et
1027 608 1120 660 per
1151 593 1631 662 transgressionem
1663 600 1750 646 est

167 688 382 747 vitiata.
413 700 511 755 per
534 697 689 738 suam
718 684 946 753 gratiam
976 682 1314 747 reiormaret,
1358 692 1416 736 ut
1444 682 1559 751 ejus
1587 680 1747 750 adju-

170 779 312 835 torio
340 777 562 831 vincere
591 774 758 844 possit
788 783 1062 844 peccatum
1095 791 1108 826 :
1142 790 1262 843 qua:
1296 774 1546 849 prius‘sic
1577 774 1749 827 fuerat

170 869 337 932 facta,
364 876 425 922 ut
455 867 623 937 possit
654 880 759 920 non
791 880 1012 934 peccare
1042 864 1086 919 si
1117 864 1260 918 Velit.
1296 863 1401 920 Sed
1424 871 1547 917 ante
1574 872 1750 936 trans-

170 959 504 1029 gressionem
543 959 668 1021 hoc,
724 964 780 1010 ut
828 954 936 1010 dixi
966 972 977 1007 :
1006 969 1129 1009 nam
1183 954 1342 1008 modo
1391 969 1486 1022 per
1526 954 1751 1023 gratiam

172 1054 272 1109 Dei
298 1061 473 1123 potest
503 1060 777 1120 peccatum
805 1059 896 1104 aut
926 1048 1220 1111 declinare,
1249 1056 1340 1101 aut
1368 1050 1583 1102 vincere
1619 1064 1632 1101 :
1674 1047 1753 1111 sic

173 1150 375 1214 tamen,
410 1154 466 1200 ut
493 1145 777 1200 Dominum
806 1156 1019 1211 semper
1048 1141 1348 1211 adjutoretn
1378 1140 1647 1209 imploret.
1685 1139 1753 1194 Ut

168 1235 478 1307 iustiﬁcatio
520 1236 644 1305 legis
672 1234 969 1302 impiuretur
1008 1233 1062 1285 in
1098 1231 1261 1285 nobis.
1308 1232 1406 1286 Hic
1444 1241 1535 1285 aut
1581 1230 1753 1299 ipsam

170 1329 405 1396 gratiam
438 1327 607 1396 legem
638 1332 812 1389 vocat,
847 1334 939 1377 aut
972 1333 1118 1378 certe
1145 1322 1292 1377 illam
1314 1322 1751 1393 justiﬁcationem

172 1415 333 1487 legis,
375 1432 493 1486 quso
531 1411 917 1485 spirituintra
961 1418 1191 1472 litteram
1222 1418 1421 1473 latente
1461 1428 1544 1473 est
1580 1420 1751 1473 mani-

174 1507 370 1565 festata
401 1524 413 1558 :
442 1508 501 1561 ιιι
526 1507 779 1577 quoniam
809 1508 861 1562 in
894 1509 1000 1562 illis
1051 1509 1167 1562 viva
1198 1518 1251 1563 el
1281 1519 1611 1579 repugnante
1638 1526 1756 1564 car-

171 1594 266 1664 ne,
291 1595 607 1665 justificatio
633 1597 764 1666 legis
796 1598 1004 1666 impleri
1028 1613 1133 1652 non
1166 1599 1357 1667 patuit,
1389 1600 1442 1653 in
1468 1600 1622 1661 nobis
1653 1600 1755 1655 im-

171 1687 404 1755 pleatur,
451 1686 544 1757 qui
572 1686 769 1743 Christi
812 1688 1078 1756 adjutorio
1120 1703 1336 1744 carnem
1368 1690 1756 1748 mortificamus

1850 498 1959 561 cit;
1984 497 2078 552 sed
2104 498 2301 555 resolvi
2321 508 2519 569 potest,
2542 509 2716 579 potest
2736 509 2789 556 et
2815 500 3022 558 fervere
3051 512 3106 557 ut
3128 503 3430 573 calefaciat,

1851 587 1946 643 sed
1978 603 2099 643 cum
2128 589 2229 661 hoc
2261 590 2408 656 facit,
2434 590 2544 660 jam
2577 589 2666 645 nis
2704 606 2809 646 non
2835 603 2935 647 est.
2991 592 3083 649 Sic
3111 604 3163 648 et
3194 594 3431 663 pruden-

1824 672 1829 677 ’
1855 679 1924 733 tia
1950 681 2127 734 carnis
2155 680 2372 748 dicitur,
2408 696 2526 737 cum
2551 682 2816 751 mundana
2849 699 2945 753 pro
2969 685 3275 742 coelestibus
3302 702 3431 766 con-

1852 770 2123 837 cupiscit:
2173 771 2268 826 sed
2298 785 2419 826 cum
2474 773 2713 828 cretestia
2754 775 3071 849 desiderare
3126 777 3433 856 inemperit,

1852 858 2214 935 desinit'esse
2242 862 2474 933 carnalis
2502 864 2803 933 prudentia.
2867 866 3162 933 Quiautem
3186 853 3240 921 in
3278 853 3434 923 carne

1852 949 1990 1006 sunt.
2046 949 2183 1019 Hinc
2209 940 2484 1027 probatur,
2518 955 2640 1024 quia
2670 970 2775 1010 non
2812 956 2879 1029 de
2908 959 3204 1014 substantia
3234 959 3437 1015 dixerit

1854 1044 2054 1115 carnis.
2081 1041 2192 1096 Deo
2213 1044 2420 1114 placere
2437 1062 2536 1099 non
2568 1056 2799 1115 possunt.
2824 1047 2958 1115 Quia
2983 1049 3095 1105 fieri
3125 1065 3230 1106 non
3256 1060 3435 1121 potest

1855 1140 1916 1187 ut
1945 1149 2057 1207 non
2084 1144 2306 1203 peccent
2350 1136 2440 1203 qui
2472 1138 2759 1193 carnaliter
2787 1140 2991 1207 vivunt,
3042 1152 3096 1197 ct
3124 1143 3300 1198 carnis
3331 1159 3433 1198 vo-

1858 1225 2150 1281 luntatibus
2178 1226 2546 1297 acquiescunt.
2585 1228 2691 1292 Vos
2710 1241 2879 1285 autem
2907 1232 2958 1285 in
2984 1248 3135 1303 carne
3156 1250 3265 1305 non,
3291 1235 3430 1305 estis;

1856 1314 1971 1370 Hoc
2001 1326 2102 1379 est,
2157 1316 2213 1370 in
2244 1319 2549 1374 carnalibus
2579 1318 2883 1382 desideriis,
2929 1322 3025 1392 sed
3057 1322 3112 1376 in
3143 1325 3435 1393 spirituali-

1857 1404 1977 1459 bus.
2028 1405 2133 1461 Sed
2163 1407 2215 1475 in
2247 1409 2453 1479 spiritu.
2484 1409 2539 1463 In
2571 1412 2797 1479 spiritali
2829 1422 2950 1477 actu
2982 1414 3057 1467 illi
3086 1410 3432 1485 spiritualiter

1850 1496 2041 1552 'vivuut
2064 1498 2151 1567 qui
2183 1497 2439 1581 Spiritum
2468 1500 2786 1579 Deilltabcnt
2812 1518 2826 1554 :
2857 1500 2908 1556 in
2935 1503 3057 1557 illos
3082 1506 3315 1573 Spiritus
3342 1508 3440 1581 Dei

1858 1598 1960 1655 est,
1988 1588 2042 1641 in
2071 1576 2545 1660 quos‘apparuerit
2570 1590 2773 1648 fructus
2804 1593 2939 1661 ejus,
2965 1594 3099 1649 sicut
3125 1596 3193 1663 ad
3220 1576 3438 1651 Galatas

1859 1678 1954 1744 ait,
1989 1678 2190 1733 fructus
2221 1679 2471 1748 Spiritus.
2508 1680 2569 1737 Si
2601 1692 2769 1737 tamen
2788 1684 3008 1754 Spiritus
3041 1686 3135 1739 Dei
3166 1677 3357 1740 habitat
3384 1676 3439 1739 iu

168 1792 300 1835 cum
327 1779 490 1834 vitiis.
525 1779 796 1847 Praecepta
830 1781 964 1849 tegis
986 1781 1273 1849 implentur
1300 1797 1394 1851 per
1414 1783 1750 1850 charitatem,

1859 1766 2021 1820 vobis.
2076 1768 2137 1822 Si
2165 1761 2286 1851 quis
2316 1779 2483 1822 autem
2515 1770 2769 1844 Spiritum
2800 1773 2990 1827 Christi
3021 1792 3119 1828 non
3143 1775 3311 1843 habet,
3358 1761 3440 1830 hit:

170 1880 297 1937 quae
327 1883 421 1937 per
452 1868 700 1922 timorem
731 1882 835 1933 non
870 1878 1117 1938 poterant
1146 1870 1376 1938 impleri.
1414 1873 1516 1938 Qui
1544 1890 1647 1928 non
1676 1891 1755 1929 se-

168 1958 399 2013 cundum
427 1974 633 2012 carnem
667 1957 1007 2025 ambulamus.
1054 1960 1478 2029 Conversamur.
1531 1965 1638 2021 Sed
1678 1982 1755 2021 se-

170 2030 406 2105 cundum
434 2034 698 2125 spiritum.
748 2050 884 2105 Caro
915 2051 980 2106 de
1020 2061 1161 2107 terra
1205 2053 1344 2109 facta
1384 2066 1489 2131 est,
1536 2058 1756 2125 spiritus

170 2142 360 2195 autem
389 2154 420 2193 a
450 2141 562 2208 Deo
591 2140 747 2195 datus
772 2148 877 2196 est.
908 2141 1143 2210 Utraque
1172 2145 1420 2224 ergoilla
1448 2139 1758 2205 desiderant

170 2224 323 2307 unde
346 2239 471 2284 sunt
497 2248 511 2283 :
553 2246 678 2287 caro
710 2241 940 2296 terrena,
971 2233 1192 2301 spiritus
1222 2237 1480 2290 caelestia.
1513 2239 1569 2294 Si
1596 2239 1754 2308 igitur

167 2302 397 2391 spiritus
424 2338 642 2379 carnem
675 2308 1029 2395 sitperaverit,
1072 2324 1363 2395 opErantur
1383 2329 1667 2393 cmlestia;
1707 2332 1753 2383 si

168 2425 355 2470 autem
376 2418 737 2484 consenserit,
771 2427 791 2473 t
824 2420 979 2473 rrena
1011 2418 1397 2490 prtevalebunt.
1426 2422 1556 2490 Quis
1576 2436 1753 2480 autem

170 2506 416 2562 ambulat
464 2508 755 2564 secundum
808 2511 1082 2579 Spiritum,
1141 2513 1241 2566 nisi
1287 2513 1378 2581 qui
1434 2514 1613 2583 agitur
1661 2516 1753 2573 Dei

171 2597 421 2667 Spiritu?
471 2598 741 2671 Quotquot
766 2602 908 2658 enim
934 2604 1140 2673 Spiritu
1170 2603 1265 2659 Dei
1293 2617 1542 2675 aguntur,
1576 2607 1613 2662 ii
1658 2608 1756 2663 ﬁlii

171 2688 271 2744 Dei
314 2699 458 2745 sunt.
511 2691 611 2756 Qui
640 2694 793 2745 enim.
842 2693 990 2750 Unus
1023 2695 1185 2750 homo
1226 2711 1293 2752 ex
1325 2698 1516 2766 spiritu
1545 2706 1759 2756 constat

174 2789 232 2834 et
259 2794 423 2835 carne
454 2798 467 2835 :
501 2782 716 2850 quando
763 2799 893 2853 ergo
922 2785 1217 2841 secundum
1246 2801 1464 2847 carnem
1494 2790 1755 2857 ambulat,

170 2885 304 2939 caro
345 2881 468 2939 est;
524 2874 739 2943 quando
771 2876 1061 2945 secundum
1091 2878 1357 2946 Spiritum.
1406 2880 1626 2949 spiritus
1654 2890 1755 2937 est.

172 2960 477 3045 Secundum
503 2948 713 3018 carnem
740 2976 876 3020 sunt.
908 2948 1185 3045 hianiieSta
1215 2977 1339 3045 sunt
1359 2984 1522 3040 opera
1553 2972 1754 3029 carnis.

176 3037 310 3117 Quae
357 3053 528 3106 carnis
558 3054 675 3107 sunt
716 3042 943 3125 sapiunt.
996 3055 1234 3129 Terrena
1266 3040 1321 3114 et
1349 3037 1587 3117 carnalia
1616 3062 1754 3118 bona

172 3140 276 3213 pr‘o
304 3130 528 3201 summis
559 3130 715 3201 bonis
743 3150 1148 3217 concupiscunt.
1202 3151 1304 3217 Qui
1332 3168 1448 3207 vero
1477 3142 1754 3210 ie‘cuitdum
1786 3156 1831 3218 C

170 3240 435 3309 spiritum,
473 3257 590 3312 quia
635 3251 751 3297 sunt
794 3243 1005 3321 spiritus
1048 3244 1299 3298 sentiunt.
1353 3247 1406 3299 ld
1437 3255 1520 3300 est
1554 3247 1753 3302 divina.

176 3330 324 3386 Deus
353 3331 495 3386 enim
527 3330 749 3401 spiritus
778 3326 901 3387 est:
937 3333 1180 3401 quisquis
1210 3348 1315 3395 non
1344 3335 1545 3389 resistit
1575 3336 1759 3390 volun-

173 3424 275 3479 tati
308 3422 422 3489 Dei,
475 3438 596 3493 quae
635 3435 759 3477 sunt
806 3424 1025 3499 spiritus
1062 3426 1244 3489 sentit;
1293 3425 1434 3496 Nam
1472 3428 1758 3497 prudentia

170 3514 348 3576 eui-uis
372 3500 511 3581 mors
534 3524 624 3569 est;
656 3513 946 3584 Prudentia
975 3532 1003 3570 a
1030 3515 1359 3586 providendo
1387 3518 1605 3574 dicitur.
1634 3519 1755 3587 Ipse

171 3605 305 3659 alibi
334 3605 484 3669 dicit,
537 3599 871 3673 prudentiam
902 3610 1189 3663 humanam
1220 3624 1361 3675 esse,
1410 3612 1551 3665 malo
1583 3611 1753 3664 vicem

172 3696 403 3751 referre.
454 3696 599 3752 Talis
639 3712 766 3767 ergo
807 3698 1087 3768 prudentia
1132 3686 1359 3781 mortem
1402 3688 1554 3770 parat
1584 3711 1756 3757 trans-

170 3789 470 3859 grediendo
498 3801 845 3859 praeceptum.
880 3793 1018 3861 Ergo
1050 3792 1331 3861 prudentia
1362 3796 1540 3849 carnis
1562 3805 1667 3862 est,
1700 3805 1758 3852 ut

173 3880 543 3950 unusquisque
570 3882 698 3936 velit
739 3897 799 3937 se
829 3882 1121 3947 vindicare.
1173 3885 1458 3964 Prudentia
1490 3899 1617 3942 vero
1646 3889 1756 3963 spi-

174 3970 333 4035 ritus,
364 3984 467 4026 non
498 3971 724 4041 reddere
744 3974 941 4040 malum
975 3966 1071 4044 pro
1097 3976 1260 4030 malo.
1295 3978 1498 4047 Anima
1530 3993 1650 4033 cum
1678 3979 1779 4041 in—.

171 4062 372 4119 ἰδτίοη
403 4066 628 4134 appetit;
678 4054 1017 4135 prudentiam
1062 4069 1241 4123 carnis
1290 4069 1489 4124 habere
1516 4062 1752 4140 dieitur;

170 4162 297 4209 cum
324 4155 629 4223 superiora,
671 4158 1009 4224 prudentiam
1039 4158 1280 4227 spiritus.
1327 4159 1443 4214 Non
1474 4151 1597 4229 quia
1612 4178 1754 4231 pru-

170 4244 356 4298 dentia
386 4246 563 4301 carnis
592 4246 890 4301 substantia
921 4257 1024 4313 est,
1057 4234 1160 4317 qua
1192 4248 1366 4303 anima
1402 4249 1639 4326 induitur
1664 4262 1757 4308 aut

172 4332 392 4389 exuitur
418 4349 434 4399 ;
485 4334 578 4389 sed
610 4334 781 4403 ipsius
806 4336 997 4388 auium:
1019 4337 1229 4401 affectio
1256 4348 1360 4402 est,
1391 4353 1510 4405 quae
1537 4341 1755 4395 omnino

170 4424 297 4480 esse
318 4426 550 4488 desinet,
579 4439 699 4479 cum
722 4438 782 4479 se
804 4434 968 4478 totum
993 4426 1058 4479 ad
1088 4425 1364 4496 superiora
1395 4433 1752 4497 converterit.

172 4512 466 4581 Prudentia
494 4523 663 4567 autem
693 4516 927 4580 spiritus,
957 4517 1059 4569 vita
1087 4526 1135 4569 et
1161 4532 1285 4587 pax.
1330 4517 1616 4574 Prudentia
1649 4522 1755 4591 spi-
1783 4520 1834 4581 D

168 4607 312 4675 ritus
339 4614 395 4659 et
416 4605 470 4658 in
497 4606 748 4673 praesenti
780 4593 965 4675 pacem
1001 4607 1179 4674 habet,
1208 4624 1313 4663 non
1342 4609 1616 4666 reddendo
1644 4630 1755 4668 ma-

170 4697 285 4752 lum
309 4698 407 4764 pro
439 4696 615 4760 malo;
647 4705 701 4750 et
731 4698 783 4751 tn‘
810 4706 1070 4753 aeternum
1097 4700 1255 4756 vitam
1284 4711 1539 4771 aeternam
1574 4722 1753 4762 mere-

170 4792 283 4850 tur,
333 4790 553 4855 propter
581 4787 936 4844 obedientiam
979 4790 1034 4848 et
1060 4807 1265 4862 pacem,
1313 4794 1439 4850 dum
1482 4812 1573 4865 per
1601 4788 1753 4855 suam

170 4876 483 4960 patientiam
515 4882 621 4950 non
648 4880 775 4934 sinit
800 4895 1047 4939 crescere
1074 4895 1372 4959 peceatum.
1405 4882 1658 4957 Quoniam
1679 4897 1756 4948 sa-

172 4969 369 5041 pientia
383 4962 574 5024 carnis.
601 4971 716 5054 an
739 4966 884 5039 caro,
901 4976 996 5030 sed
1021 4978 1248 5033 carnalis
1271 4992 1442 5039 actus;
1469 4980 1753 5053 Inimicitia

172 5070 249 5127 est
294 5060 348 5113 iit
378 5060 562 5115 Deum.
618 5058 787 5118 Omne
816 5067 959 5119 enim
1010 5069 1150 5137 quod
1198 5085 1302 5125 non
1333 5068 1414 5127 est
1452 5062 1749 5146 aubjemum

173 5148 288 5204 Deo
317 5151 589 5206 inimicum
623 5166 702 5208 est
737 5171 752 5207 :
789 5151 843 5209 et
873 5156 1179 5229 qnicunque
1209 5174 1269 5227 se
1300 5161 1414 5217 vult
1458 5167 1749 5237 vindicare,

174 5234 392 5296 excedit
422 5243 637 5298 modum
685 5247 844 5300 etiam
878 5250 1079 5329 veteris
1121 5251 1252 5321 legis
1285 5270 1299 5307 :
1334 5271 1458 5324 ,non
1488 5262 1609 5329 quia
1642 5234 1753 5319 Deo

174 5322 305 5397 quid
335 5327 529 5405 nocere
559 5334 754 5403 potest,
808 5332 902 5392 sed
945 5322 1045 5394 sibi
1080 5351 1254 5397 nocet.
1314 5322 1442 5415 Legi
1482 5322 1614 5404 enim
1656 5352 1753 5410 Dei

176 5440 280 5479 non
308 5424 596 5494 subjicitur,
641 5432 892 5503 necrenim
921 5444 1106 5502 potest.
1163 5437 1497 5507 Impossibile
1540 5460 1752 5516 penitus

178 5515 334 5582 dixit,
382 5517 440 5570 ut
469 5520 549 5571 vel
581 5520 657 5573 sic
689 5521 808 5575 illus
837 5540 864 5575 a
896 5528 1075 5580 carnis
1130 5530 1395 5619 illegebris
1445 5548 1498 5591 et
1539 5515 1750 5598 luxuria

178 5618 459 5663 revocaret
485 5627 497 5662 :
531 5612 677 5667 velut
704 5616 748 5666 si
788 5615 1047 5683 dicamus,
1082 5612 1338 5689 injus'titia
1366 5641 1487 5683 esse
1518 5645 1624 5684 non
1655 5649 1751 5702 po-

180 5704 279 5753 test
304 5697 442 5767 iusta
475 5716 486 5753 :
518 5710 765 5771 tanquam
794 5706 842 5758 si
873 5706 1142 5764 diceretur
1169 5729 1181 5766 :
1217 5712 1315 5779 Nix
1349 5731 1456 5772 non
1482 5697 1749 5793 calefacit,

420 5818 686 5895 Parnm.
738 5836 1014 5901 LXVIII;

1858 1878 1959 1923 non
1988 1869 2062 1916 est
2088 1863 2220 1933 ejus.
2275 1864 2374 1929 Qui
2410 1865 2654 1921 inimicos
2681 1868 2870 1937 diligit,
2905 1870 3162 1941 intelliget
3191 1862 3437 1927 sanctum

1858 1953 2111 2021 Spiritum
2140 1956 2279 2010 sicut
2301 1972 2371 2011 ex
2396 1956 2592 2028 Patris,
2624 1959 2695 2013 ita
2720 1963 2880 2015 etiam
2903 1963 3110 2033 eerilii
3135 1952 3435 2021 substantia

1860 2043 2149 2115 procedere
2175 2061 2188 2097 :
2214 2046 2336 2114 quia
2360 2047 2519 2101 unius
2547 2041 2639 2103 es?
2658 2058 2815 2117 atque
2840 2050 3079 2118 ejusdem
3103 2055 3438 2121 subs'antim,

1858 2134 1945 2200 qui
1976 2132 2094 2202 ejus
2122 2134 2379 2203 Spiiitum
2414 2120 2595 2192 habet.
2647 2140 2711 2191 Et
2739 2139 2858 2207 ideo
2886 2141 3025 2194 sicut
3055 2141 3248 2205 Patris,
3283 2144 3356 2197 i:a
3389 2120 3441 2200 et

1859 2219 1977 2274 Filii
2007 2223 2331 2291 appellatur.
2392 2225 2458 2307 Et
2486 2226 2604 2280 ideo
2635 2210 2769 2303 diuit
2798 2228 2849 2281 in
2880 2218 3187 2307 Evangelio,
3221 2213 3287 2284 de
3316 2229 3438 2287 meo

1857 2311 2101 2391 accipiet.
2157 2313 2214 2367 Si
2254 2314 2391 2391 quis,
2414 2388 2419 2391 _
2441 2315 2630 2384 inquit,
2662 2316 2939 2391 Spiritum
2972 2319 3068 2373 Dei
3095 2307 3200 2374 non
3235 2316 3395 2376 habet
3427 2340 3440 2378 :

1858 2398 1959 2454 hbe
1987 2387 2095 2468 est,
2142 2391 2198 2456 ut
2228 2388 2346 2457 oret
2378 2388 2474 2479 pro
2517 2387 2987 2473 persequentibus,
3040 2392 3098 2462 ut
3125 2396 3312 2479 diligat
3341 2401 3445 2468 ini-

1857 2491 2050 2558 micas,
2083 2502 2139 2546 ut
2169 2492 2220 2571 in
2242 2471 2487 2550 omnibus
2510 2509 2638 2573 cum
2655 2495 2917 2573 imitetur,
2944 2498 3079 2553 sicut
3102 2499 3230 2555 dicit
3254 2492 3444 2573 Petrus

1857 2581 2132 2661 apostolus
2164 2599 2177 2635 :
2207 2582 2458 2638 Christus
2488 2571 2677 2653 passus
2709 2575 2805 2655 pro
2837 2571 3011 2653 vobis,
3047 2589 3262 2669 reliquit
3294 2572 3442 2669 vobis

1858 2654 2186 2750 exemplum.
2215 2681 2321 2728 etc.
2358 2674 2491 2755 Dicit
2518 2674 2662 2728 enim
2681 2675 2806 2755 ipse
2846 2654 3122 2747 discipulis
3156 2696 3169 2732 :
3210 2662 3442 2755 Nesciiis

1859 2748 2015 2832 cujus
2045 2748 2282 2839 spiritus
2311 2748 2453 2830 sitis,
2508 2763 2563 2818 Iti
2593 2750 2812 2835 spiritus
2856 2756 2971 2836 ejus
3006 2759 3179 2836 erant,
3230 2748 3351 2839 quia

1860 2851 1984 2917 ﬁde,
2018 2862 2070 2907 et
2100 2852 2217 2926 spe,
2259 2838 2314 2908 ἐι
2340 2840 2621 2923 cbaritale,
2667 2840 2942 2911 vivebant.
2996 2857 3057 2913 Si
3083 2838 3257 2913 autem
3285 2859 3442 2915 Citri-

1858 2929 1988 3027 stus.
2046 2942 2104 3027 Si
2133 2942 2406 3027 Christum
2452 2932 2667 3018 semper
2696 2932 3000 3007 imitamini.
3033 2951 3244 3027 Corpus
3286 2954 3440 3023 quasi

1859 3016 2150 3099 moriuum,
2173 3026 2277 3088 etsi
2300 3030 2519 3100 resistit,
2552 3016 2656 3091 rion
2680 3028 2866 3107 vincit,
2898 3028 3036 3095 sicut
3078 3024 3243 3097 David
3270 3036 3433 3100 diciti

1862 3119 1972 3188 Ego
2003 3107 2181 3176 autem
2212 3123 2353 3177 sicut
2381 3110 2575 3179 surdus
2605 3112 2707 3181 non
2739 3116 3020 3185 audiebam
3055 3149 3068 3183 :
3098 3124 3152 3186 et
3182 3141 3237 3187 tu
3267 3123 3439 3188 exau-

1861 3210 1976 3264 dies
2007 3226 2112 3273 me,
2148 3211 2373 3291 Domine
2402 3214 2541 3269 Deus
2573 3231 2742 3291 meus.
2795 3216 2861 3271 In
2891 3221 3026 3272 vobis
3053 3206 3144 3273 est.
3191 3220 3292 3275 Per
3316 3215 3439 3291 gra-

1862 3299 1987 3351 tiam
2020 3314 2189 3352 suam.
2223 3286 2422 3367 Corpus
2445 3294 2667 3371 quidem.
2699 3286 2928 3374 Spiritus
2953 3301 3081 3361 vivit
3104 3319 3155 3361 et
3184 3286 3435 3377 viviiieat,

1862 3399 1918 3472 ut
1961 3376 2221 3458 justitiam
2255 3393 2550 3472 faciamus:
2601 3392 2729 3450 Caro
2758 3396 2934 3472 autem
2977 3398 3184 3456 mortua
3212 3400 3317 3469 est,
3370 3419 3438 3459 ne

1860 3464 1927 3561 ab
1954 3474 2012 3534 ea
2050 3466 2343 3538 vincamur.
2396 3466 2511 3541 Non
2558 3472 2660 3542 hoc
2688 3470 2861 3545 scium
2904 3494 3179 3562 qumritur,
3226 3506 3284 3550 ut
3311 3511 3438 3554 caro

1861 3557 2143 3648 moriatur,
2175 3574 2266 3626 sed
2299 3577 2459 3629 etiam
2486 3572 2543 3631 ut
2569 3570 2786 3649 spiritus
2814 3583 3125 3640 vivificetur.
3154 3587 3324 3643 Simul
3350 3592 3439 3645 ad-

1862 3659 2010 3745 verte
2040 3662 2180 3729 quod
2213 3665 2317 3751 vita
2345 3668 2537 3747 anima:
2578 3670 2782 3738 justitia
2815 3674 2884 3729 sit
2917 3693 2930 3729 :
2982 3687 3192 3745 oportet
3221 3698 3349 3753 ergo
3381 3672 3441 3739 ut

1860 3746 1966 3804 non
1997 3754 2171 3839 solum
2215 3769 2243 3808 a
2275 3744 2579 3813 carnalibus
2609 3777 2902 3831 cessemus,
2954 3770 3045 3820 sed
3087 3771 3247 3825 etiam
3282 3766 3443 3841 spiris

1861 3831 2023 3896 tualia
2050 3826 2325 3927 iaciamus.
2358 3843 2625 3905 Mortuum
2650 3864 2722 3907 est
2752 3865 2957 3925 propter
2990 3871 3271 3927 peccatum.
3305 3826 3442 3921 hios-

1860 3927 2007 4017 tuum
2034 3923 2386 4024 corpus'dici't
2415 3943 2647 4010 quandiu
2679 3923 2782 4001 tale
2813 3923 2913 4014 est,
2950 3923 3005 4003 ut
3031 3951 3317 4024 indigentia
3346 3971 3439 4010 re-

1860 4016 2384 4107 rum,corporalium
2432 4033 2681 4090 molestet
2728 4037 2982 4101 animam,
3029 4051 3081 4095 et
3121 4031 3438 4113 quibusdam

1859 4104 2092 4168 motibus
2126 4104 2376 4174 sollicitet
2407 4132 2459 4175 et
2489 4123 2771 4193 inquietet.
2822 4127 2956 4182 Nam
3003 4104 3278 4200 peccatum
3312 4125 3436 4192 ideo

1858 4198 2293 4273 concupiscentia
2319 4226 2674 4282 nuncupatur,
2706 4218 2829 4285 quia
2858 4222 3052 4274 merito
3088 4220 3283 4282 reccati
3310 4223 3444 4280 (τόηὲ-

1860 4290 1975 4364 tigit
2005 4312 2019 4348 :
2052 4297 2194 4352 sicut
2220 4301 2487 4366 scriptura
2530 4320 2719 4381 manus
2750 4306 3006 4374 cujusque
3033 4308 3248 4378 dicitur,
3297 4314 3439 4381 quod

1859 4378 2047 4438 manus
2076 4402 2191 4439 eam
2226 4388 2429 4445 fecerit.
2455 4378 2681 4455 Spiritus
2720 4392 2835 4447 vero
2860 4387 2976 4449 vivit
3001 4388 3209 4468 propter
3226 4378 3432 4472 jus—tiﬁé

1860 4476 2127 4527 rationem.
2164 4476 2254 4531 llle
2287 4478 2445 4532 homo
2497 4481 2584 4536 hic
2613 4476 2953 4552 desrribitur,
3006 4491 3095 4558 qui
3142 4494 3241 4548 sub
3269 4488 3440 4564 gratia

1865 4563 2013 4629 vivit,
2045 4573 2099 4617 ct
2154 4565 2388 4621 nondum
2423 4567 2582 4625 habet
2618 4568 2906 4639 perfectam
2940 4569 3142 4647 pa'cem.
3175 4563 3292 4650 qum
3321 4578 3441 4640 cor"-

1865 4650 2008 4721 puris
2038 4656 2433 4714 resurrectione
2462 4672 2513 4715 et
2559 4652 2927 4721 immniatione
2972 4664 3145 4725 futura
3176 4673 3278 4730 est.
3307 4676 3437 4733 N..m

1863 4744 2094 4813 quandiu
2122 4747 2172 4800 in
2193 4748 2291 4802 hac
2312 4750 2416 4805 vita
2441 4748 2646 4822 sumus,
2665 4772 2768 4810 non
2796 4755 2944 4815 deest
2962 4766 3052 4817 aut
3078 4755 3329 4834 titillatio,
3352 4784 3441 4825 aut

1861 4834 2183 4891 delectatio:
2229 4838 2473 4907 quamvis
2499 4843 2641 4897 enim
2686 4844 2791 4901 non
2825 4853 2981 4906 cedat
3010 4856 3100 4923 qui
3131 4858 3231 4913 sub
3269 4864 3440 4929 gratia

1861 4926 2009 4989 vivit,
2034 4938 2087 4981 et
2118 4938 2296 4983 mente
2321 4924 2485 4987 set-vit
2516 4935 2614 5004 legi
2643 4938 2756 5004 Dei;
2785 4955 2945 4996 carne
2975 4952 3151 4999 autem
3186 4924 3295 5018 legi
3318 4966 3439 5020 pec-

1858 5019 1983 5071 cati.
2021 5018 2172 5085 Quod
2206 5022 2250 5074 si
2299 5021 2527 5092 Spiritus
2571 5031 2702 5098 ejus,
2746 5033 2835 5099 qui
2882 5037 3139 5088 suscitavit
3179 5018 3355 5093 Iesum
3406 5058 3440 5095 u

1860 5109 2091 5173 mortuis,
2123 5109 2317 5165 habitat
2355 5113 2409 5167 in
2447 5116 2585 5169 vobis
2608 5160 2623 5183 ,
2670 5122 2756 5187 qui
2795 5126 3050 5177 suscitavit
3074 5126 3253 5180 Jesum
3285 5128 3439 5183 Chri-

1858 5209 1993 5251 stum
2019 5215 2050 5251 α
2072 5200 2394 5258 mo'rtuis-Si
2428 5220 2522 5260 vos
2560 5208 2631 5262 ita
2663 5212 2963 5268 cxhib‘eatis
2993 5225 3048 5269 ut
3078 5218 3221 5286 digni
3247 5222 3360 5273 sitis
3386 5224 3437 5275 in

1859 5289 2048 5355 quibus
2077 5290 2306 5359 Spiritus
2343 5308 2560 5352 sanctus
2594 5300 2817 5369 habitet,
2866 5322 2970 5361 non
3024 5309 3258 5378 patietur
3298 5322 3437 5367 tem-

1860 5378 2003 5447 plum
2034 5382 2114 5435 sui
2139 5383 2369 5452 Spiritus
2398 5387 2615 5444 interire
2639 5392 2784 5453 Deus
2812 5409 2825 5446 :
2849 5397 2941 5450 sed
2969 5400 3236 5467 quomodo
3262 5405 3437 5456 susci-

1863 5471 1990 5523 tavit
2019 5471 2196 5527 JaSnm
2222 5489 2253 5527 a
2284 5479 2530 5544 mortuis,
2578 5483 2646 5533 ita
2689 5491 2743 5536 ct
2782 5498 2878 5538 nos
2910 5486 3218 5543 vivificavit.
3258 5491 3437 5558 Vit-iﬁ-

1859 5558 1990 5610 cabit
2045 5562 2282 5615 trtortaiia
2337 5582 2551 5634 corpora
2604 5581 2793 5637 restrn,‘
2843 5586 3049 5645 propter
3075 5580 3439 5637 inhabitanteut

1862 5646 2113 5717 Spiritum
2129 5655 2238 5723 ejus
2252 5654 2307 5707 in
2323 5657 2479 5711 vobis.
2504 5657 2789 5714 ViviiiCaIis
2821 5665 2883 5731 igi
2915 5681 2975 5718 ur
2991 5672 3435 5734 ntorL’tliltttscul’c

1862 5739 2077 5805 poribus
2110 5742 2324 5811 vcsrris,
2360 5761 2465 5801 non
2501 5750 2674 5803 solum
2700 5752 2767 5807 ad
2796 5758 3125 5825 peccandum
3154 5772 3440 5828 consensit]

2856 5887 2930 5952 15
