4004 6354
540 251 642 305 4'59

1646 244 1941 302 rnmasn
1979 242 2429 301 ADRUMETANI
2471 202 2682 297 arise.

3712 242 3832 296 460

540 366 681 420 nulla
706 364 828 429 erit,
868 362 961 418 sed
997 377 1094 416 nec
1120 362 1229 431 ipsa
1256 361 1339 417 cui
1365 361 1753 425 conscntiatur,
1784 358 1959 413 carnis
1984 372 2114 412 cou-
2146 360 2189 417 Α
2222 354 2480 409 tribuunt.
2513 354 2570 409 Si
2603 354 2702 408 hoc
2734 351 2825 408 ille
2865 350 3020 419 dicit,
3049 352 3177 422 quid
3205 351 3347 407 nos?
3379 352 3516 408 Nam
3548 365 3830 422 exspecta-

541 457 892 527 cupiscentia.
944 454 1101 524 Ergo,
1164 457 1348 523 fratres
1378 493 1395 520 ,
1446 453 1694 507 debitores
1744 466 1937 505 sumus
2008 449 2121 503 lloc

536 560 711 605 totum
746 549 888 614 facit,
921 557 979 603 ut
1007 546 1250 601 ostendat
1280 546 1449 614 legem
1473 553 1709 599 veterem
1746 542 1987 597 ﬁdelibus
2012 555 2121 594 non

538 641 936 705 necessariam,
967 654 1088 707 qua:
1137 637 1443 690 carnalilus
1482 643 1538 690 et
1587 633 1959 704 peccatoribus
2002 632 2121 684 data

530 742 650 789 'est.
697 732 819 787 Non
848 732 1010 793 carni,
1039 739 1092 781 ut
1122 728 1400 781 secundum
1426 742 1631 779 carnem
1661 727 1910 779 vivamus.
1938 722 1992 776 ld
2022 730 2124 787 est,

542 823 653 894 jam
677 838 779 877 non
802 835 986 874 sumus
1012 818 1232 886 subjecti
1265 818 1464 871 carnali
1489 814 1885 871 consuetudini.
1912 813 1973 868 Si
1994 814 2128 866 enim

545 915 822 966 secundum
869 924 1069 964 carnem
1114 910 1373 973 vixeritis,
1403 908 1707 962 moriemini.
1749 907 1803 960 Si
1835 903 2126 960 secundum

548 1007 805 1060 rationem
847 1014 1007 1069 supra
1056 1002 1389 1069 espositam,
1424 1001 1564 1070 quod
1595 999 1837 1055 carnales
1886 998 2129 1051 homines

536 1094 803 1165 justitiam
850 1092 1123 1147 custodire
1168 1108 1272 1146 non
1321 1099 1559 1161 possunt.
1613 1090 1671 1147 Si
1718 1100 1891 1143 autem
1928 1088 2131 1157 Spiritu

547 1186 689 1250 facta
727 1182 896 1235 carnis
936 1180 1395 1248 mortiﬁcaveritis,
1443 1178 1635 1232 vinetis.
1706 1177 1962 1246 Exposuit
2006 1176 2131 1246 quid

547 1284 706 1345 supra
735 1274 932 1328 dixerit
971 1285 1208 1335 carnem,
1258 1271 1358 1325 hoc
1387 1280 1490 1337 est,
1519 1269 1885 1337 Spiritualibus
1926 1267 2133 1322 actibus

544 1366 780 1422 carnalia
818 1380 980 1434 opera
1030 1363 1386 1432 subjeccritis.
1443 1364 1742 1431 Quicunque
1770 1360 1905 1414 enim
1935 1359 2135 1429 Spiritu

551 1455 649 1509 Dei
685 1462 928 1524 aguntur,
964 1452 1004 1505 ii
1040 1456 1157 1504 sunt
1190 1452 1285 1517 filii
1337 1450 1449 1503 Dei.
1498 1450 1811 1518 Quicunque
1839 1448 2009 1519 gratia
2040 1447 2134 1502 Dei

553 1556 606 1601 et
635 1545 835 1615 Spiritu
864 1553 1049 1597 sancto
1076 1542 1469 1612 gubernantur.
1492 1541 1642 1594 Tunc
1669 1540 1805 1594 bene
1833 1538 1965 1608 agis,
1996 1538 2041 1592 si
2070 1537 2137 1593 ab

552 1650 619 1693 eo
660 1636 834 1705 agaris
861 1642 1110 1691 :econtra
1144 1634 1236 1686 lilii
1278 1632 1475 1687 diaboli
1521 1633 1711 1701 spiritu
1740 1630 1857 1701 ejus
1882 1639 2132 1699 aguntur,

2225 447 2297 499 tio
2324 454 2576 500 creaturis
2612 443 2964 498 reuelationem
3007 443 3235 513 ﬁliorum
3263 442 3357 498 Dei
3385 455 3663 513 exspectat.
3706 445 3821 497 Va-

2226 538 2373 590 nitati
2399 538 2530 590 enim
2559 534 2786 606 subjecta
2814 542 2887 587 est
2918 544 3175 586 creatura.
3203 534 3428 601 Quidam
3460 536 3527 590 de
3549 535 3734 589 Adam
3767 548 3829 589 et

2228 628 2336 681 Eva
2368 628 2552 682 volunt
2583 626 2785 681 sentire
2829 636 3093 690 creatura,
3125 640 3260 693 quos
3287 640 3513 695 serpens
3550 638 3650 696 spe
3680 628 3799 680 divi

2229 719 2412 773 uitatis
2443 717 2733 787 subjecerit
2775 716 3026 783 vanitati,
3058 727 3113 769 et
3140 717 3469 785 corruptioni
3500 716 3693 771 fecerit
3725 718 3813 771 de-

2228 812 2433 866 servire
2481 825 2585 863 uon
2628 808 3034 864 voienttrs:hoc
3066 820 3168 874 est,
3224 824 3331 863 non
3379 824 3445 863 ex
3488 814 3806 879 semetipsis

2230 904 2351 973 quia
2400 904 2682 972 peccantes
2720 901 2867 970 justo
2908 900 3111 969 judicio
3160 912 3284 955 sunt
3326 901 3719 973 addicti;quia
3773 910 3828 959 et

2230 996 2329 1064 ipsi
2358 994 2649 1065 (inquiunt)
2681 992 3051 1047 liberabuntur
3078 1008 3106 1045 a
3134 994 3392 1048 servitute
3430 996 3826 1063 corruptionis.

2231 1085 2452 1141 Omnem
2494 1094 2671 1138 autem
2711 1092 3034 1151 creaturam,
3070 1084 3281 1149 dicunt,
3310 1099 3498 1139 omnes
3544 1085 3823 1153 homines,

2233 1175 2355 1244 quia
2386 1188 2554 1244 usque
2579 1174 2644 1229 ad
2675 1175 2959 1229 adventum
2983 1175 3418 1231 Christi'lucruut
3438 1175 3590 1245 justi,
3615 1178 3747 1247 quia
3773 1187 3829 1231 et

2237 1266 2337 1337 ipsi
2368 1269 2605 1322 nondum
2631 1277 2973 1336 acceperunt,
3002 1269 3095 1324 sed
3126 1279 3443 1339 exspectant
3470 1270 3523 1324 ῑιι
3553 1285 3673 1339 spe.
3707 1271 3826 1323 Nor:

2236 1359 2413 1412 Solum
2444 1369 2623 1414 autem
2654 1359 2756 1426 iiii,
2780 1360 2871 1414 sed
2896 1371 2945 1414 et
2974 1375 3068 1414 nos
3100 1361 3222 1429 ipsi,
3254 1360 3306 1415 in
3333 1362 3527 1430 quibus
3550 1362 3825 1429 completa

2244 1461 2389 1519 sunt,
2418 1451 2591 1507 adhuc
2621 1466 2917 1521 speramus,
2940 1454 3133 1521 quibus
3162 1453 3361 1507 dictum
3390 1453 3666 1507 estzbiulti
3703 1471 3824 1520 pro-

2237 1544 2416 1613 phette
2446 1553 2500 1599 et
2521 1543 2654 1613 justi
2685 1544 2967 1612 cupierunt
3006 1543 3190 1599 videre
3235 1559 3353 1615 quae
3385 1545 3600 1611 videtis,
3630 1555 3685 1600 et
3718 1563 3824 1601 non

2238 1637 2507 1691 viderunt.
2582 1637 2706 1690 ldeo
2752 1637 2881 1691 dit-it
2925 1653 2938 1690 :
2982 1638 3381 1692 Revelationem
3448 1638 3681 1692 ﬁliorum
3734 1640 3822 1694 Dei

555 1730 643 1798 qui
681 1730 748 1781 ab
794 1729 945 1781 initio
989 1735 1192 1795 peccat.
1243 1724 1361 1779 Non
1413 1726 1543 1778 cnim
1588 1724 1854 1794 accepistis
1899 1724 2133 1791 spiritum
2168 1718 2211 1785 Β
2240 1734 2582 1792 exspectant;
2614 1726 2796 1779 tanditt
2828 1727 3005 1779 omnia
3037 1725 3114 1780 sic
3142 1735 3301 1781 erunt
3329 1727 3564 1797 quandiu
3593 1731 3701 1784 erit
3741 1739 3823 1785 re.

557 1821 806 1874 servitutis
833 1821 1011 1873 iterum
1033 1822 1084 1873 in
1114 1820 1315 1872 timore.
1342 1818 1509 1873 Judasi
1536 1824 1861 1886 acceperunt
1886 1817 2131 1886 spiritum

558 1916 611 1968 in
641 1914 854 1978 timore,
899 1913 988 1983 qui
1020 1910 1136 1967 iﬁos
1165 1900 1572 2001 ad'sergitutcm
1617 1919 1837 1983 cogeret
1860 1929 1871 1965 :
1894 1911 2020 1981 quia
2049 1909 2139 1981 qui

562 2006 731 2071 timet,
783 2020 969 2060 servus
1010 2016 1123 2066 est;
1168 2007 1258 2074 qui
1307 2015 1483 2060 autem
1532 2004 1741 2075 diligit,
1797 2003 2140 2058 ﬁlius:sicut

558 2099 814 2167 seriptum
880 2109 963 2152 est
1013 2116 1026 2150 :
1068 2100 1266 2152 Servus
1332 2098 1481 2153 timet
1534 2096 1842 2160 dominum,
1896 2104 1950 2150 et
2002 2095 2141 2150 ﬁlius

558 2191 729 2261 diligit
772 2200 975 2261 patrem
1020 2206 1198 2243 suum.
1240 2189 1298 2246 Si
1336 2201 1485 2260 pater
1535 2204 1676 2254 sum,
1708 2188 1795 2241 ubi
1843 2196 1926 2241 est
1968 2186 2142 2241 honor

560 2285 747 2340 meus?
788 2284 844 2338 Si
890 2283 1161 2347 dominus,
1203 2282 1289 2337 ubi
1331 2292 1413 2337 est
1460 2283 1619 2335 timor
1646 2276 1832 2335 meus?
1872 2278 1952 2332 llli
1990 2282 2137 2370 περ,

561 2375 685 2443 quia
728 2376 936 2443 operari
986 2383 1205 2441 propter
1254 2386 1489 2425 amorem
1551 2369 1823 2433 nolebant,
1857 2368 2045 2420 timore
2089 2368 2144 2420 et

562 2467 881 2521 necessitate
929 2475 1222 2534 coguntur;
1281 2479 1377 2517 nos
1429 2476 1556 2517 vero
1609 2461 1785 2515 omnia
1842 2458 2145 2512 voluntarie

564 2568 785 2626 propter
826 2554 1164 2608 dilectionem
1200 2552 1373 2606 lacere
1405 2551 1683 2611 debemus,
1713 2547 1865 2617 quasi
1896 2546 2007 2599 ﬁlii.
2040 2544 2145 2599 Sed

564 2648 829 2716 accepistis
860 2646 1094 2717 spiritum
1124 2643 1413 2715 adop‘iouis
1456 2642 1681 2711 ﬁliorum
1723 2639 1835 2692 Dei.
1869 2636 2016 2692 Tunc
2048 2636 2144 2689 ad-

566 2751 852 2809 0ptamur,
882 2738 1093 2808 quando
1135 2754 1229 2805 per
1268 2735 1586 2803 baptismum
1639 2732 2144 2786 renascimurmam

564 2842 688 2886 ante
714 2833 801 2885 ﬁlii
831 2831 954 2897 irte;
996 2840 1046 2885 et
1073 2830 1116 2883 si
1150 2828 1241 2881 ﬁlii
1271 2829 1381 2889 iras,
1415 2826 1504 2880 ubi
1531 2832 1615 2879 e~t
1656 2823 1785 2877 fides
1813 2819 2053 2874 natuer
2082 2819 2147 2872 In

564 2942 663 2994 quo
691 2925 995 2987 clamamus,
1020 2922 1157 2975 Abba
1196 2920 1371 2974 Pater.
1401 2919 1499 2985 Qui
1530 2926 1683 2970 vocat
1711 2923 1937 2985 patrem,
1969 2924 2148 2966 osten-

528 2996 644 3074 ‘dit
680 3033 739 3074 se
782 3033 901 3072 esse
950 3015 1139 3069 ﬁlium.
1189 3012 1247 3065 In
1290 3010 1538 3064 omnibus
1581 3023 1709 3078 ergo
1748 3007 1907 3060 debet
1954 3003 2143 3057 ill’lit‘tl‘l

2241 1817 2523 1883 surrectio,
2552 1826 2732 1885 postea
2763 1816 2834 1871 ab
2856 1827 2974 1872 actu
3011 1818 3317 1882 cessabunt,
3351 1827 3406 1873 et
3452 1822 3819 1883 mutabuntur,

2242 1910 2531 1965 secundum
2560 1910 2882 1980 Scripturas.
2919 1910 3151 1964 Vanitati
3178 1913 3319 1966 enim
3348 1910 3587 1981 subjecta
3615 1931 3630 1966 :
3656 1914 3710 1967 id
3742 1924 3820 1969 est

2243 2001 2562 2067 hominibus,
2591 2002 2683 2072 qui
2714 2011 3065 2069 evanuerunt,
3094 2005 3282 2072 quibus
3312 2003 3402 2058 alii
3448 2005 3697 2061 homines
3724 2008 3821 2060 mi-

2244 2094 2490 2147 nistrant.
2523 2094 2788 2163 Quidquid
2833 2094 2991 2148 linem
3038 2095 3219 2158 habet,
3256 2110 3448 2149 vanum
3475 2106 3558 2150 est
3585 2097 3652 2150 ad
3680 2111 3821 2151 conp

2246 2186 2576 2253 perationem
2605 2194 2822 2239 aeterna:
2847 2186 2988 2240 vita.
3027 2185 3243 2240 Vanitas
3268 2186 3484 2256 (inquit)
3508 2189 3817 2253 vanitatem,

2244 2276 2421 2329 omnia
2455 2278 2679 2329 vanitas.
2722 2263 2855 2329 Nec'
2874 2286 3026 2344 putes
3063 2277 3228 2346 ipsam
3273 2277 3367 2332 tibi
3393 2278 3597 2348 aliquid
3631 2278 3821 2346 praesti-

2246 2368 2396 2434 tisse,
2416 2384 2534 2423 cum
2564 2368 2724 2422 etiam
2752 2370 2987 2438 peritura
3014 2378 3067 2424 ct
3090 2370 3353 2424 mundana
3376 2371 3679 2425 donaverit.
3709 2372 3821 2424 Non

2242 2462 2446 2525 olens,
2483 2464 2572 2516 sed
2622 2473 2832 2531 prapler
2874 2479 2988 2516 eum
3052 2465 3139 2533 qui
3184 2466 3394 2534 subjecit
3450 2483 3561 2519 eam
3618 2468 3672 2519 in
3717 2483 3817 2535 spe.

2246 2553 2359 2608 Non
2408 2568 2502 2609 sua
2542 2566 2751 2623 sponte.
2799 2556 2901 2611 Alii
2949 2558 3133 2611 dicunt
3176 2558 3414 2628 angelos,
3460 2560 3587 2625 quia
3627 2569 3681 2613 et
3725 2560 3817 2627 ipsi

2246 2659 2488 2701 creatura
2518 2658 2663 2715 sunt,
2696 2658 3014 2719 exspectare
3042 2639 3370 2705 ut'homines
3412 2651 3466 2704 in
3515 2653 3821 2718 angelorum

2246 2741 2555 2809 dignitatem
2590 2750 2882 2797 mutentur.
2913 2742 3047 2808 Quia
3066 2750 3113 2795 et
3141 2743 3253 2812 ipsa
3272 2749 3508 2795 creatura
3532 2743 3821 2795 liberabitur

2247 2849 2279 2884 α
2307 2835 2542 2886 servitute
2585 2834 2952 2904 corruptionis,
2977 2835 3028 2887 in
3072 2834 3352 2887 libertatem
3391 2834 3571 2903 gloria
3604 2834 3821 2901 ﬁliorum

2249 2924 2364 2977 Dei.
2396 2924 2493 2989 Qiti
2518 2926 2583 2979 de
2615 2924 2798 2978 mundi
2827 2934 3067 2979 creatura
3102 2927 3201 2978 hoc
3223 2924 3408 2978 volunt
3434 2924 3703 2992 accipere,
3732 2926 3824 2977 hec

2249 3013 2430 3068 dicunt
2460 3031 2473 3066 :
2502 3014 2723 3079 Quando
2763 3013 3093 3083 gloriﬁcandi
3135 3022 3259 3068 sunt
3300 3014 3391 3067 li'ii
3443 3014 3555 3077 Dei,
3607 3025 3735 3067 tunc
3773 3025 3823 3069 et

565 3118 799 3182 patrem,
824 3123 890 3163 ne
914 3122 1009 3177 pro
1027 3107 1239 3157 nom‘ne
1268 3101 1482 3168 indigne
1506 3107 1780 3166 usurpato,
1809 3094 1995 3164 majori
2022 3092 2136 3147 sub-

2251 3106 2363 3175 ipsa
2396 3116 2637 3160 creatura
2684 3106 2849 3159 libera
2879 3106 2969 3160 lict
2994 3121 3021 3158 a
3050 3105 3308 3160 servitute
3331 3122 3345 3158 :
3367 3106 3488 3175 quia
3519 3115 3575 3159 et
3613 3105 3727 3171 ipsa
3757 3107 3823 3156 ta-

562 3202 737 3271 jaceat
767 3214 954 3267 poema.
985 3196 1338 3257 Clamantem,
1365 3191 1412 3244 id
1446 3201 1527 3245 est
1557 3188 1791 3242 clamare
1823 3195 1920 3239 nos
1950 3182 2146 3237 facien-

572 3302 701 3346 tem.
736 3290 856 3357 Ipse
885 3288 1110 3358 Spiritus
1151 3284 1486 3337 testimonium
1516 3280 1681 3333 reddit
1710 3276 1914 3345 spiritui
1951 3282 2145 3336 nostro,

565 3381 704 3453 quod
742 3397 915 3434 sumus
948 3379 1065 3446 ﬁlii.
1114 3374 1498 3431 Testimonium
1528 3381 1609 3424 est
1651 3365 1975 3436 adOptionis,
2006 3362 2145 3432 quod

563 3474 827 3529 habemus
873 3472 1140 3539 spiritmn,
1170 3484 1262 3537 per
1308 3479 1465 3535 quem
1508 3462 1585 3515 sic
1630 3471 1866 3513 oramus.
1916 3454 2145 3507 Tantum

566 3565 764 3619 donum
809 3561 1051 3629 accipere
1082 3572 1239 3611 nemo
1267 3561 1496 3621 poterat,
1525 3551 1623 3601 nisi
1652 3548 1768 3601 Filii
1800 3544 1990 3616 gratia,
2027 3558 2145 3612 qua:

565 3663 644 3710 est
672 3653 851 3715 arrlta,
882 3652 983 3703 hoc
1026 3659 1109 3702 est
1146 3648 1227 3698 do.
1255 3663 1339 3697 um
1387 3644 1614 3712 Spiritus
1650 3638 1842 3691 sancti.
1876 3635 1936 3693 Si
1976 3649 2143 3691 autem

564 3744 663 3813 lilii
702 3752 747 3795 et
786 3741 1008 3793 Itreredes
1037 3738 1238 3807 quidem
1270 3734 1384 3798 Dei,
1424 3730 1709 3785 coltmredes
1740 3738 1908 3781 autem
1931 3726 2139 3781 Christi.

564 3832 667 3900 Qui
688 3847 783 3901 per
805 3830 1027 3901 gratiam
1049 3828 1279 3881 ellicitur
1302 3826 1461 3889 lilius,
1488 3822 1778 3875 merebitur
1799 3833 1917 3874 esse
1946 3820 2135 3885 hmrcs,

563 3932 619 3979 et
646 3923 884 3977 coheres
916 3934 1046 3973 vero
1077 3917 1210 3971 Filio
1240 3917 1375 3969 ﬁeri.
1404 3914 1463 3968 Si
1494 3918 1661 3967 tamen
1686 3911 2061 3980 compatimur,
2085 3918 2139 3961 ut

563 4023 612 4068 et
636 4012 1001 4085 gloriﬁcemur.
1024 4007 1081 4064 Si
1105 4007 1477 4076 compatimur,
1494 4002 1746 4073 patientia
1773 4009 1875 4064 est,
1897 4011 1948 4054 et
1978 4002 2138 4053 etiam

564 4106 955 4181 perseverantia
980 4123 995 4161 :
1020 4104 1140 4174 quia
1171 4104 1216 4159 si
1246 4103 1383 4158 dona
1419 4101 1508 4156 Dei
1555 4110 1678 4155 ante
1708 4098 1890 4153 oculos
1920 4105 2138 4151 nostros

560 4202 828 4273 ponimus,
852 4202 976 4269 qua:
1008 4198 1095 4252 ille
1119 4212 1213 4265 pro
1240 4194 1397 4249 nobis
1424 4194 1600 4262 impiis
1653 4192 1892 4261 tertulit,
1925 4188 2023 4242 tali
2043 4189 2135 4243 ad-

557 4293 757 4363 iutore,
790 4305 895 4345 non
923 4288 1181 4344 debemus
1214 4288 1402 4341 timere
1430 4284 1538 4355 pati
1570 4297 1665 4352 pro
1695 4282 1805 4347 illo,
1836 4289 1895 4334 ut
1919 4280 2138 4350 conglo-

558 4382 849 4449 rilicemur,
880 4384 1019 4435 sicut
1044 4378 1173 4434 dicit
1213 4386 1430 4432 sanctus
1458 4376 1691 4431 Joannes
1717 4390 1728 4425 :
1754 4372 1903 4427 Nune
1930 4372 2018 4424 lilii
2047 4371 2137 4425 Dei

2251 3198 2434 3251 borem
2466 3196 2650 3261 sentit,
2679 3197 2815 3250 sicut
2837 3204 2895 3251 et
2921 3205 3060 3251 terra
3096 3195 3295 3265 iugiter
3340 3197 3600 3249 seminata
3632 3194 3823 3247 sterilis

2250 3289 2498 3345 efﬁcitur.
2533 3288 2735 3344 Scimus
2763 3289 2895 3341 enim
2916 3289 3052 3355 quod
3074 3287 3236 3340 omnis
3262 3294 3493 3339 creatura
3522 3286 3822 3354 iugemiscit,

2249 3393 2293 3437 et
2318 3384 2536 3451 parturit
2558 3396 2716 3447 usque
2739 3379 2928 3433 adhuc;
2952 3380 3043 3434 illa
3068 3392 3187 3449 qua
3214 3386 3429 3447 possunt
3456 3377 3820 3446 ingemiscere.

2250 3483 2466 3543 propter
2495 3472 2715 3526 nimium
2751 3472 2989 3525 laborem
3039 3470 3396 3539 ingemiscunt
3418 3483 3433 3519 :
3459 3468 3582 3536 quia
3614 3467 3733 3536 plus
3761 3467 3823 3519 ab

2248 3566 2352 3620 illis
2381 3564 2609 3634 exigitur
2634 3578 2792 3634 quam
2826 3572 3067 3633 possunt.
3099 3563 3229 3628 Qua:
3264 3570 3441 3615 autem
3469 3574 3690 3613 sensum
3724 3573 3821 3611 non

2249 3659 2465 3721 habent,
2496 3656 2764 3727 quomodo
2794 3656 3047 3727 gemunt?
3071 3655 3169 3709 nisi
3204 3654 3341 3708 forte
3369 3657 3589 3722 propter
3620 3659 3821 3705 nostras

2248 3750 2555 3818 iniquitates
2602 3748 2982 3815 ingemiscant,
3032 3746 3172 3799 sicut
3222 3743 3275 3797 in
3322 3743 3569 3810 passione
3620 3739 3819 3793 Domini

2244 3844 2321 3895 sol
2368 3841 2538 3910 fugit,
2577 3844 2699 3912 quia
2754 3841 3082 3910 impietatem
3138 3837 3445 3892 Judtcorum
3491 3833 3676 3888 videre
3725 3846 3823 3884 non

2244 3942 2471 4002 poterat.
2503 3933 2621 3986 Non
2650 3934 2814 3986 solum
2844 3941 3013 3986 autem
3048 3929 3162 3991 illa,
3194 3929 3284 3983 sed
3312 3938 3357 3982 et
3385 3943 3476 3980 nos
3508 3926 3629 3997 ipsi,
3654 3927 3813 3993 primi-

2243 4026 2341 4078 tias
2374 4026 2581 4094 spiritus
2621 4025 2883 4089 habentes,
2912 4032 2957 4075 et
2987 4022 3085 4091 ipsi
3130 4022 3263 4073 intra
3308 4034 3400 4071 nos
3438 4018 3706 4086 gemimus,
3736 4015 3822 4067 ad-

2244 4117 2497 4186 eptionem
2540 4124 2903 4185 exspectantes.
2939 4112 3053 4166 Non
3085 4110 3256 4166 solum
3302 4116 3571 4171 creatura,
3595 4122 3715 4176 qua
3746 4121 3822 4159 re.

2242 4211 2572 4277 ceptaculum
2598 4210 2818 4278 spiritus
2845 4223 2953 4262 non
2983 4206 3160 4272 habet,
3181 4204 3264 4259 vel
3280 4202 3524 4258 carnales
3550 4200 3821 4261 hominm;

2241 4301 2335 4356 sed
2380 4310 2433 4355 et
2462 4315 2559 4355 nos
2612 4299 2701 4368 qui
2750 4300 2997 4353 novimus
3045 4293 3284 4349 lmtitiam
3333 4293 3594 4361 temporis
3642 4290 3820 4353 l'uturi,

2241 4393 2486 4448 dolemus
2516 4407 2614 4446 nos
2646 4390 2731 4445 hic
2774 4390 2972 4444 diutius
3018 4387 3282 4441 laborare.
3325 4382 3456 4437 Item
3494 4378 3821 4434 aliter:NOn

554 4494 772 4545 sumus;
806 4494 925 4534 cum
955 4476 1283 4547 apparuerit,
1316 4475 1517 4530 similes
1547 4474 1594 4528 ei
1625 4473 1851 4527 erimus.
1884 4470 2136 4524 Existimo

2243 4487 2417 4542 solum
2463 4484 2661 4554 angeli,
2695 4482 2783 4554 qui
2812 4482 2967 4537 nobis
2997 4479 3338 4547 benigniores
3365 4483 3515 4539 sunt,
3545 4472 3733 4526 dolent
3758 4472 3823 4523 de

560 4574 695 4627 enim
714 4571 849 4643 quod
872 4587 971 4623 non
987 4579 1102 4623 sunt
1124 4570 1388 4638 condigntz
1413 4566 1670 4636 passiones
1693 4564 1847 4633 hujus
1874 4562 2133 4631 temporis,

558 4664 626 4719 ad
652 4662 883 4733 futuram
920 4661 1169 4731 gloriam,
1197 4674 1309 4729 qute
1355 4656 1657 4711 revelabitur
1700 4654 1752 4706 in
1790 4652 1953 4705 nobis.
1999 4651 2134 4719 Quid

560 4775 736 4838 potest
780 4765 939 4819 homo
985 4762 1202 4833 dignum
1250 4758 1358 4828 pati
1396 4756 1567 4827 gloria
1619 4752 1823 4809 caelesti
1850 4792 1867 4819 ,
1925 4752 2132 4806 etiamsi

559 4882 703 4927 esset
733 4870 820 4925 illa
861 4870 989 4932 vita,
1018 4867 1189 4938 qual.s
1229 4876 1369 4919 nunc
1390 4871 1475 4916 est
1502 4860 1639 4915 ista?
1664 4858 1919 4929 quidquid
1950 4873 2136 4928 passus

553 4964 717 5023 luerit
747 4979 775 5016 a
804 4974 997 5027 morte,
1021 4961 1138 5030 plus
1162 4974 1264 5013 non
1294 4969 1372 5012 est
1398 4970 1556 5025 quam
1582 4956 1741 5010 etiam
1776 4968 1873 5023 pro
1904 4954 2136 5023 peccatis

555 5056 671 5111 suis
696 5062 853 5110 antea
882 5053 1205 5107 merebatur.
1228 5049 1376 5103 Nunc
1398 5059 1577 5102 autem
1607 5054 1663 5102 et
1688 5055 1902 5115 peccata
1935 5046 2136 5099 dunan-

560 5158 667 5212 tur,
720 5154 774 5200 et
830 5152 956 5197 tunc
1006 5141 1109 5197 vita
1158 5148 1359 5194 aeterna
1405 5136 1643 5204 dabitur,
1676 5146 1730 5192 et
1758 5136 2008 5207 splendr
2050 5152 2137 5189 sn-

556 5241 648 5305 lis,
695 5247 799 5292 etc.
831 5234 1074 5290 Ostendit
1103 5231 1402 5302 praemium,
1435 5246 1540 5301 quo
1566 5231 1774 5288 facilius
1802 5230 1960 5283 etiam
1992 5242 2135 5282 mors

555 5337 952 5391 contemnatur,
979 5341 1085 5396 quo
1123 5324 1189 5379 ad
1232 5324 1383 5380 illum
1435 5324 1604 5393 possit
1647 5322 1817 5378 tutius
1846 5320 2129 5391 perveniti.

554 5422 688 5478 Nam
719 5420 919 5475 scimus
947 5417 1209 5481 homines,
1234 5415 1372 5485 quod
1398 5414 1549 5484 pejus
1572 5424 1676 5477 est,
1697 5422 1917 5482 propter
1940 5425 2126 5463 aurum

553 5526 619 5567 se
658 5509 800 5566 ultro
827 5510 892 5562 ad
923 5509 1119 5564 bestias
1148 5506 1505 5574 subrepsisse.
1547 5502 1695 5569 Quod
1729 5514 1829 5555 nos
1852 5501 1960 5554 Deo
1986 5500 2134 5566 adju-

556 5612 679 5656 tore
710 5601 884 5655 facere
911 5598 1169 5654 debemus
1209 5595 1265 5651 in
1314 5591 1746 5649 tribulationibus
1787 5598 1999 5659 propter
2027 5592 2131 5644 Do.

559 5692 763 5748 mitium
791 5709 803 5743 :
829 5705 946 5760 quin
966 5704 1088 5745 cum
1117 5688 1229 5742 siut
1251 5684 1590 5754 temporales,
1618 5690 1871 5738 teter-nam
1904 5680 2130 5737 salutem

2244 4578 2308 4632 iis
2354 4576 2444 4647 qui
2489 4584 2838 4643 perseverant
2869 4573 2920 4626 in
2952 4570 3190 4633 delictis;
3239 4566 3331 4621 sed
3385 4564 3544 4619 etiam
3594 4577 3693 4615 nos
3736 4560 3821 4629 qui

2243 4668 2500 4737 Spiritum
2522 4673 2764 4719 sanctum
2788 4662 3068 4724 habemus,
3093 4658 3161 4713 de
3184 4656 3375 4711 talibus
3398 4652 3817 4720 ingemiscimus.

2248 4759 2658 4831 Redemptionem
2707 4755 2936 4825 corporis
2983 4753 3160 4806 nostri.
3222 4744 3569 4803 Resurrectio
3626 4742 3822 4798 ChriSti

2244 4862 2325 4906 est
2350 4849 2647 4918 redemptio
2677 4846 2920 4916 corporis
2962 4843 3150 4897 nostri.
3184 4840 3275 4895 Vel
3304 4846 3677 4906 exspectamus
3708 4834 3819 4903 glo-

2245 4942 2592 5019 riﬁcatignem
2643 4942 2697 4994 in
2751 4937 3199 4994 resurrectionem
3272 4932 3501 4985 futuram
3581 4926 3822 4992 corporis

2245 5034 2412 5088 nostri
2456 5050 2470 5087 :
2511 5043 2568 5087 ut
2613 5040 2921 5100 corruptum
2967 5032 3067 5082 hoc
3104 5027 3354 5081 induatur
3397 5024 3819 5087 Incorruptione.

2246 5126 2358 5180 lloe
2403 5126 2695 5194 capitulum
2742 5124 3028 5179 obscurum
3080 5128 3194 5181 est,
3244 5115 3414 5185 inquit
3456 5109 3818 5183 Augustinus,

2244 5219 2367 5289 quia
2394 5233 2500 5272 non
2532 5218 2663 5271 satis
2693 5223 2911 5285 apparet
2956 5224 3110 5281 quam
3145 5223 3284 5264 nunc
3315 5214 3469 5261 vocet
3500 5215 3819 5259 creaturam.

2247 5310 2451 5366 Dicitur
2471 5320 2648 5364 autem
2671 5306 2963 5364 secundum
2983 5302 3297 5359 catholicam
3323 5298 3657 5363 disciplinam
3683 5309 3820 5348 crea-

2238 5409 2381 5465 tura,
2413 5398 2664 5470 quidquid
2694 5397 2818 5451 l'ecit
2844 5402 2898 5447 et
2926 5392 3167 5448 condidit
3197 5391 3337 5445 Deus
3369 5390 3548 5451 Pater,
3582 5401 3677 5454 per
3704 5382 3818 5437 auio

2240 5494 2476 5563 genitum
2522 5492 2707 5546 Filium
2750 5503 2945 5561 suum,
2994 5488 3047 5540 in
3098 5485 3305 5539 unitate
3350 5482 3583 5550 Spiritus
3630 5476 3812 5563 sancti:

2242 5585 2384 5653 Ergo
2432 5598 2535 5637 non
2582 5581 2755 5634 solum
2786 5593 3032 5647 corpora,
3079 5576 3172 5630 sed
3206 5584 3259 5628 et
3300 5576 3490 5626 anima:
3522 5578 3738 5629 nostrm,
3756 5556 3813 5617 id

2240 5686 2314 5728 cst
2351 5674 2561 5742 spitilu~
2596 5671 2812 5725 nomine
2845 5678 3101 5723 meatum:
3128 5666 3489 5721 continentur.
3513 5661 3601 5716 Sic
3638 5667 3814 5712 autem
