4040 6498
263 286 361 368 ut

1132 281 1194 366 in
1237 310 1618 368 Ei‘lSTUl-.\.\l
1663 282 1751 366 aii
1795 282 2121 371 avulsus
2157 290 2669 371 censimum.

3420 315 3527 370 462

262 428 463 478 dictum
491 431 596 487 est,
628 420 740 490 ipsa
780 408 1022 476 creatura
1045 421 1356 477 liberabitur
1379 439 1408 475 a
1441 425 1695 478 servitute
1717 436 1838 474 cor-
1868 402 1919 477 Α
1946 414 2152 491 peccati
2205 437 2383 483 autem
2436 442 2593 497 pinna
2619 467 2635 494 ,
2688 426 2877 496 subjici
2928 428 3167 482 fallacie.
3222 427 3336 484 Non
3394 446 3526 502 ergo

264 515 529 585 ruptiouis
573 514 624 567 in
666 513 963 569 libertatem
1020 514 1201 584 glori:e
1254 514 1481 568 llliorum
1520 514 1613 568 Dei
1647 528 1663 567 :
1692 509 1843 581 quaSi

266 624 366 663 nos
411 622 517 660 non
543 606 714 661 simus
746 614 1009 668 creatura,
1050 606 1144 658 sed
1203 604 1294 659 lilii
1345 606 1458 672 Dei,
1512 605 1563 658 in
1620 618 1846 674 quorum

268 698 455 769 gloria
515 697 811 751 libertatem
854 695 1172 750 liberabitur
1222 710 1251 748 a
1284 686 1539 752 servitute
1588 705 1846 750 creatum.

266 791 403 845 Item
430 778 596 859 dicit:
621 787 833 841 Scimus
855 787 993 841 enim
1024 790 1162 853 quod
1201 788 1374 840 omnis
1418 796 1663 842 creatura
1692 787 1838 854 inge-

270 884 451 938 miscit
476 872 531 937 ει
557 868 704 935 dolet
733 892 904 949 usque
931 880 1125 933 adhuc.
1166 879 1279 933 Non
1307 879 1480 933 stilum
1526 878 1637 944 illa,
1672 882 1766 933 sed
1797 887 1853 932 et

272 973 371 1028 nos
391 973 514 1041 ipSi,
544 980 795 1040 tanquam
820 985 916 1024 nos
944 971 1085 1024 aliud
1107 972 1295 1037 simus,
1325 970 1463 1023 aliud
1498 969 1675 1024 omnis
1704 984 1854 1023 crea-

277 1057 418 1119 tum.
479 1046 840 1137 Totum‘ergo
878 1051 1163 1131 capitulum
1212 1061 1564 1132 paiticulatim
1607 1060 1854 1116 conside-

273 1153 501 1211 randum
546 1162 648 1209 est.
693 1138 958 1207 Eiistimo
999 1153 1139 1205 enim
1172 1144 1386 1222 (inquit)
1417 1140 1558 1221 quod
1598 1166 1704 1204 non
1746 1151 1857 1205 sint

274 1245 562 1316 cotidigna:
588 1244 866 1315 passiones
908 1243 1069 1313 hujus
1098 1244 1355 1313 temporis
1378 1244 1443 1297 ad
1483 1238 1714 1297 futuram
1744 1238 1859 1311 glo-

277 1330 567 1407 riam,qu£
591 1335 911 1391 rea-labitur
936 1334 987 1388 in
1019 1336 1191 1391 nobis.
1232 1336 1340 1390 lloc
1362 1318 1697 1389 manifestum
1725 1344 1810 1390 est
1838 1344 1853 1388 ξ

279 1429 490 1482 dixerat
516 1429 660 1482 enim
689 1429 934 1496 superius
960 1447 971 1480 :
999 1427 1056 1482 Si
1082 1436 1256 1480 autem
1297 1427 1486 1494 spiritu
1513 1427 1648 1480 facta
1680 1427 1859 1479 carnis

280 1519 761 1593 mortilicaverit's,
787 1519 995 1572 vivetis.
1041 1516 1191 1582 Quod
1233 1511 1348 1570 ﬁeri
1392 1531 1495 1570 non
1527 1524 1702 1583 potest
1743 1517 1860 1571 sine

281 1597 548 1672 inoles'tia,
578 1610 663 1663 cui
702 1608 954 1677 patientia
992 1604 1295 1661 necessaria
1331 1599 1433 1661 est.
1460 1606 1576 1673 Quo
1605 1606 1859 1675 pertinet,

282 1694 342 1753 et
384 1699 524 1769 quod
558 1699 711 1767 paulo
750 1696 875 1752 ante
912 1698 1024 1751 ait:
1058 1698 1112 1751 Si
1162 1692 1333 1751 tamen
1378 1694 1749 1764 compatimur,
1807 1703 1863 1751 ut

1946 521 2139 581 sponte
2182 516 2398 569 vanitati
2445 525 2686 571 creatura
2731 515 2967 585 subjecta
3014 526 3116 582 est,
3170 519 3263 573 sed
3309 530 3523 590 propter

1948 617 2072 657 eum
2100 605 2190 672 qui
2222 606 2447 673 subjecit
2474 621 2591 660 eam
2624 608 2675 659 in
2697 621 2811 675 spe,
2842 606 2890 660 id
2918 617 3003 663 est
3028 617 3242 677 propter
3267 610 3524 678 justitiam

1949 703 2109 762 atque
2147 694 2481 749 clementiam
2507 713 2520 747 :
2546 698 2635 765 qui
2682 713 2851 766 neque
2894 708 3167 766 peccatum
3210 700 3526 768 impunitum

1951 784 2201 852 reliquit,
2248 799 2346 838 nec
2400 786 2748 841 insanabilem
2801 789 2969 842 voluit
3018 805 3137 845 esse
3195 804 3527 860 peccantem.

1952 872 2084 940 Quia
2129 884 2181 928 et
2228 873 2341 943 ipsa
2392 886 2656 945 creatura,
2702 878 2751 931 id
2781 888 2864 933 est
2906 881 3018 949 ipse
3060 880 3240 949 homo,
3272 898 3391 938 cum
3418 884 3529 953 jam

1952 964 2227 1033 signaculo
2258 964 2501 1034 imaginis
2531 972 2747 1036 prepter
2777 981 3049 1037 peccatum
3090 973 3290 1028 amisso
3321 986 3533 1029 reman-

1956 1055 2024 1109 sit
2054 1063 2256 1112 tautum
2285 1064 2554 1122 creatura,
2582 1048 2695 1125 ipsa
2726 1059 2902 1129 itaque
2929 1068 3198 1135 creatura,
3231 1066 3280 1119 id
3305 1078 3388 1121 est.
3416 1067 3531 1135 ipsa

1955 1152 2072 1216 qua:
2118 1147 2349 1201 nondum
2398 1139 2618 1204 vocatur
2661 1151 2889 1206 (illorum
2933 1131 3103 1209 iorma
3148 1156 3405 1225 perfecta,
3435 1131 3533 1215 sed

1956 1245 2162 1292 tantum
2212 1246 2433 1292 vocatur
2461 1244 2736 1309 'creatura,
2768 1242 3079 1300 liberabitur
3102 1263 3130 1298 a
3161 1250 3415 1304 servitute
3454 1250 3537 1305 in;

1960 1324 2169 1383 tcritus.
2215 1322 2367 1405 Quod
2415 1330 2591 1399 itaque
2634 1332 2726 1397 ait,
2767 1342 2820 1387 et
2863 1334 2976 1403 ipsa
3028 1337 3367 1406 lilerabitur,
3411 1344 3537 1399 facit

1961 1415 2182 1488 intelligi
2229 1412 2284 1474 et
2332 1418 2443 1488 ipsa
2487 1414 2932 1488 quemadmodum
2980 1427 3194 1479 noszid
3222 1439 3325 1496 est,
3370 1440 3424 1485 et
3467 1433 3536 1487 de

1961 1508 2091 1578 ipsis
2140 1524 2245 1563 non
2297 1517 2383 1564 est
2423 1509 2831 1578 desperandum,
2861 1513 2950 1581 qui
3003 1517 3233 1572 nondum
3280 1522 3532 1578 vocantur

1963 1599 2059 1656 ﬁlii
2103 1600 2215 1664 Dei,
2276 1600 2400 1668 quia
2454 1596 2685 1656 nondum
2751 1602 3122 1671 crediderunt,
3181 1606 3275 1662 sed
3331 1608 3532 1665 tantum

1965 1702 2243 1748 creatura:
2274 1690 2396 1762 quia
2434 1701 2489 1746 et
2517 1693 2614 1760 ipsi
2640 1698 2877 1748 creatura
2909 1707 3054 1762 sunt,
3082 1708 3134 1751 et
3165 1694 3536 1756 lilmrabuntur

278 1796 340 1841 et
369 1785 852 1856 conglorilice'tnur.
894 1780 1044 1850 Quod
1082 1786 1257 1865 itaque
1283 1785 1392 1838 ait:
1423 1775 1553 1865 Nam
1586 1794 1639 1837 et
1663 1778 1854 1853 eispe-
1888 1772 1937 1847 Β
1962 1799 1991 1835 a
2032 1778 2285 1836 servitute
2326 1780 2590 1847 interitus,
2622 1783 2758 1838 sicut
2784 1794 2837 1839 et
2886 1782 3015 1851 nos,
3040 1788 3126 1856 qui
3165 1788 3275 1859 jam
3322 1791 3413 1846 lilii
3444 1786 3536 1847 Dei

276 1874 446 1934 'cuitio
473 1866 731 1934 creatura:
754 1866 1133 1933 ravelationem
1175 1862 1401 1931 lilioru‘m
1441 1862 1531 1930 Dei
1562 1882 1856 1943 exspectat,

282 1972 387 2025 lioc
410 1987 530 2025 eum
577 1980 704 2039 puto
752 1971 929 2025 dicere
963 1988 976 2023 :
1009 1970 1139 2024 Nam
1173 1978 1225 2023 et
1256 1969 1355 2023 hoc
1402 1968 1572 2037 ipsum
1620 1968 1779 2037 utod‘
1805 1968 1860 2023 in

284 2061 442 2116 nobis
487 2060 651 2123 dolet,
682 2074 803 2113 cum
833 2058 967 2113 facta
1010 2059 1188 2113 carnis
1217 2057 1621 2124 inortilicamus,
1665 2058 1715 2113 id
1753 2067 1858 2124 est,

282 2168 406 2206 cum
453 2150 750 2215 esurimus,
780 2150 865 2205 v‘el
908 2144 1117 2205 sitim'us
1162 2140 1255 2218 per
1291 2149 1691 2215 abstinentiam,
1733 2150 1859 2203 dum

286 2220 555 2296 i'renamus
604 2238 1003 2294 delectationem
1037 2237 1351 2293 concubitus
1393 2253 1486 2306 per
1524 2240 1855 2301 castitatem;

282 2349 406 2388 eum
440 2332 750 2401 iniuriarum
792 2331 1142 2387 lacerationes
1168 2340 1222 2385 et
1257 2324 1700 2386 contumeliarum
1729 2324 1859 2385 acu-

286 2420 398 2477 l'eos
423 2436 518 2492 per
544 2422 846 2490 patientiam
874 2418 1235 2484 sustinemus;
1265 2419 1389 2472 dum
1417 2419 1674 2488 neglectis
1702 2428 1861 2486 atque

286 2514 495 2581 rejecds
544 2501 898 2580 voluptatibus
928 2499 1155 2577 nostris,
1188 2524 1283 2578 pro
1310 2494 1483 2563 lructu
1543 2510 1726 2562 matris
1752 2493 1858 2565 Ec;-

289 2598 467 2659 blesia:
508 2602 847 2657 laboramus:
898 2601 1149 2671 quidquid
1190 2602 1241 2656 in
1287 2602 1439 2656 nobis
1482 2602 1533 2655 in
1571 2603 1669 2655 hac
1702 2611 1861 2671 atque

292 2696 598 2765 lmjusmodi
622 2694 902 2764 attritione
943 2694 1105 2757 dolet,
1134 2702 1376 2748 creatura
1415 2701 1518 2757 est,
1544 2692 1688 2747 dolet
1715 2693 1858 2747 enim

288 2789 485 2854 corpus
513 2792 569 2839 et
597 2778 789 2852 anima,
819 2778 936 2852 qua:
966 2782 1146 2852 utique
1174 2778 1418 2838 creatura
1442 2781 1546 2852 'est,
1585 2793 1638 2839 et
1664 2780 1855 2852 caspe-

286 2880 396 2930 δίει
446 2876 818 2931 revelatiodem
867 2872 1094 2930 ﬁliorum
1153 2875 1289 2945 Dei,
1336 2874 1388 2929 id
1441 2883 1521 2929 est
1575 2874 1858 2942 exspectat

286 2967 502 3035 quando
522 2976 774 3034 appareat
804 2966 943 3031 quod
971 2962 1211 3021 vo'cat'um
1235 2974 1335 3019 est.
1369 2963 1499 3033 Quia
1523 2967 1662 3019 enim
1694 2948 1859 3019 Filius

290 3038 383 3111 Dei
413 3057 706 3124 unigmtitus
746 3060 847 3110 non
878 3064 1048 3123 potest
1081 3056 1185 3111 dici
1225 3065 1486 3119 creatura,
1519 3056 1857 3125 quandoqui-

1965 1890 2169 1937 sumus,
2214 1874 2458 1943 quanivis
2509 1876 2741 1929 nondum
2794 1876 3093 1945 apparuerit
3144 1878 3268 1949 quid
3313 1884 3533 1938 erimus.

1965 1964 2299 2021 Liberabitur
2326 1980 2452 2035 ergo
2482 1981 2510 2019 a
2542 1952 2799 2022 servitute
2844 1969 3087 2023 interitus
3139 1973 3188 2024 in
3232 1970 3532 2028 libertatem

1962 2059 2145 2125 gloria:
2176 2058 2400 2112 liliorum
2431 2057 2519 2111 Dei
2544 2074 2559 2111 :
2582 2058 2635 2112 id
2686 2066 2784 2123 est,
2821 2066 2981 2114 erunt
3026 2061 3124 2129 ipsi
3161 2061 3230 2117 er
3261 2068 3434 2121 servis
3474 2066 3538 2122 li-

1965 2151 2099 2215 beri,
2128 2159 2181 2202 et
2215 2142 2282 2204 ex
2326 2151 2548 2204 mortuis
2592 2148 2809 2219 εισι-ὀςί
2863 2154 2912 2207 in
2944 2153 2974 2208 'v
3000 2163 3048 2208 ta
3089 2156 3341 2223 perlecta,
3372 2163 3533 2227 quam

1964 2241 2233 2295 habebunt
2260 2242 2353 2294 lilii
2392 2235 2504 2295 Dei.
2534 2239 2742 2298 S‘cimus
2772 2247 2912 2299 enim
2936 2248 3074 2316 quod
3096 2251 3268 2304 omnis
3292 2252 3535 2308 creatura

1962 2326 2261 2399 ingemisclt
2284 2328 2341 2384 et
2370 2331 2516 2384 dolet
2546 2347 2713 2400 usque
2738 2333 2930 2387 adhuc.
2979 2338 3164 2392 Omnis
3195 2352 3438 2395 creatura
3478 2346 3531 2399 in

1962 2418 2179 2474 nomine
2208 2418 2516 2475 numeratur
2541 2438 2555 2474 :
2581 2437 2686 2476 non
2726 2426 2847 2492 quia
2890 2424 2942 2479 in
2982 2426 3048 2481 eo
3094 2426 3201 2482 sint
3230 2445 3417 2487 omnes
3442 2449 3540 2489 an-

1960 2511 2085 2580 geli,
2124 2518 2179 2565 et
2215 2512 2672 2580 superetniuentes
2704 2515 2925 2569 virtutes
2971 2511 3033 2571 ac
3075 2526 3386 2588 potestates,
3422 2517 3535 2580 cde-

1960 2601 2094 2666 lum,
2136 2610 2277 2655 tvrra
2306 2611 2362 2657 et
2406 2618 2576 2668 mare,
2606 2616 2660 2660 et
2689 2607 2866 2660 onmia
2907 2612 3029 2678 qua:
3070 2600 3120 2664 in
3149 2612 3229 2665 eis
3257 2622 3412 2680 sunt;
3442 2619 3536 2671 sed

1960 2694 2080 2761 quia
2124 2693 2300 2747 omnis
2354 2692 2596 2749 creatura
2658 2697 2846 2765 partim
2908 2698 3160 2766 spiritalis
3199 2712 3300 2769 est,
3347 2708 3536 2773 partim

1960 2783 2226 2847 animalis;
2256 2784 2445 2850 partim
2468 2788 2762 2855 corporalis
2788 2806 2801 2842 :
2826 2790 2964 2845 'sicut
2986 2792 3035 2844 in
3061 2790 3355 2864 Evangelia
3376 2798 3535 2855 dicit:

1961 2874 2257 2929 Prmdicate
2287 2877 2631 2946 Evangelimn
2671 2884 2813 2934 omni
2838 2878 3117 2939 creaturae.
3163 2887 3229 2941 Et
3250 2890 3315 2941 ad
3346 2890 3537 2945 Colus-

1960 2980 2187 3025 senses:
2227 2970 2277 3024 In
2322 2967 2417 3039 spe
2464 2972 2757 3041 Evangelii,
2799 2983 2940 3044 quod
2984 2980 3325 3045 praedicatum
3365 2994 3446 3037 est
3486 2988 3537 3039 in

1963 3063 2211 3115 universa
2267 3072 2511 3118 creatura
2563 3081 2682 3133 qua:
2729 3067 2828 3121 sol)
2871 3084 3008 3123 emo
3037 3081 3139 3124 est.
3186 3074 3338 3139 Quod
3376 3087 3431 3129 ut
3473 3081 3540 3130 ab

287 3147 407 3206 dem
452 3148 549 3221 per
588 3149 756 3221 ipsum
803 3147 936 3207 facta
981 3157 1105 3206 sunt
1152 3148 1331 3206 omnia
1373 3162 1489 3220 qua:
1540 3147 1677 3207 Deus
1716 3147 1855 3217 iceit,
1965 3152 2307 3211 inferioribus
2354 3132 2778 3225 consideremus,
2828 3162 3118 3229 corporali-5
3157 3132 3399 3222 creatura
3447 3184 3543 3237 per

287 3244 536 3299 distincte
561 3242 718 3300 etiarn
746 3260 842 3299 nos
867 3242 1120 3299 vocamur
1147 3248 1389 3299 creatura
1419 3256 1543 3299 ante
1570 3246 1711 3300 illam
1741 3247 1854 3316 glo.

288 3332 421 3392 riam
443 3337 775 3403 evidentem;
806 3347 859 3392 et
881 3337 1130 3392 distincte
1156 3337 1405 3391 vocamur
1436 3336 1525 3393 ﬁlii
1552 3336 1866 3406 Dei,quam-

290 3430 371 3483 vis
418 3429 518 3483 boc
562 3430 847 3499 adoptione
892 3426 1210 3487 mereamur.
1254 3429 1386 3485 Nam
1427 3431 1514 3486 ille
1561 3433 1863 3498 unigenitus

290 3528 475 3575 natura
506 3520 645 3575 ﬁlius
667 3534 768 3576 est.
805 3522 973 3591 Ergo,
1007 3523 1337 3590 evspectatio
1365 3518 1624 3576 creatura:
1645 3560 1661 3587 ,
1687 3523 1736 3577 id
1781 3533 1865 3577 est

291 3612 619 3679 exapectatio
654 3623 858 3678 nostra,
886 3611 1261 3669 revelationetn
1293 3613 1518 3668 llliorutn
1553 3615 1643 3668 Dei
1673 3612 1865 3685 exspe-

289 3700 419 3765 cui,
453 3703 552 3758 hoc
586 3704 690 3770 c‘st,
718 3698 992 3771 exspéctat
1030 3696 1242 3772 quando
1284 3696 1540 3774 appareat
1562 3705 1700 3774 quod
1743 3711 1866 3774 pro-

293 3794 513 3848 missum
544 3784 644 3857 est,
677 3792 886 3860 quando
934 3796 1105 3863 reipsa
1133 3794 1572 3851 manifestandum
1600 3798 1692 3862 sit,
1723 3800 1863 3867 quod

294 3901 435 3942 nunc
480 3902 574 3957 spe
611 3902 822 3953 Sumus;
861 3888 952 3942 lilii
996 3890 1137 3944 enim
1169 3890 1258 3944 Dei
1289 3903 1504 3955 sumus,
1531 3900 1586 3944 et
1627 3876 1863 3948 nondum

293 3979 537 4048 apparuit
563 3980 689 4050 quid
717 3981 942 4037 erimus.
974 3981 1185 4036 Scimus
1213 3982 1351 4036 cnim
1382 3986 1503 4049 quia
1544 3998 1663 4037 eum
1697 3999 1861 4054 appa-

292 4069 482 4137 ruerit,
508 4070 712 4124 similes
738 4071 786 4126 ei
817 4072 1053 4152 erimus‘:
1080 4072 1201 4140 quia
1235 4068 1532 4128 videbimus
1559 4089 1679 4129 eum
1706 4075 1861 4131 sicuti

291 4154 396 4225 cst.
429 4161 544 4232 Ipsa
572 4164 656 4218 eat
680 4156 932 4218 re’vela’tio
979 4154 1206 4218 liliorum
1248 4164 1368 4227 Dei,
1401 4178 1556 4233 quam
1605 4158 1747 4221 nunc
1772 4181 1865 4221 ex-

294 4242 499 4322 spectat
543 4254 872 4323 exspectatio
924 4255 1202 4309 creaturtc.
1259 4254 1389 4309 Nam
1436 4256 1576 4324 quod
1623 4265 1864 4312 creatura

292 4340 669 4404 revelationem
710 4348 981 4418 exspectat
1008 4344 1232 4403 alterius
1260 4344 1477 4412 naturae,
1505 4350 1627 4416 quia
1658 4365 1763 4404 non
1792 4351 1865 4405 sit

292 4432 559 4502 creatura,
604 4438 695 4491 sed
722 4439 834 4505 ipsa
863 4438 1039 4504 qualis
1067 4451 1204 4489 nunc
1225 4446 1325 4502 est;
1350 4441 1627 4503 exSpectat
1652 4438 1861 4505 quando

294 4530 365 4583 sit
398 4528 569 4595 qualis
610 4527 781 4579 futura
824 4535 926 4578 est.
975 4526 1243 4593 Tanquam
1272 4526 1315 4579 si
1355 4525 1661 4580 diceretur:
1692 4529 1863 4597 Opere

298 4625 423 4671 ante
455 4616 707 4685 pictorem
752 4616 945 4684 posito,
974 4613 1227 4685 subjectis
1254 4617 1354 4672 sibi
1400 4617 1685 4682 coloribus,
1711 4628 1765 4674 et
1798 4621 1863 4676 ad

294 4714 431 4780 opus
454 4708 567 4779 ejds
598 4706 814 4779 paratis,
844 4708 1168 4779 eispectatio
1206 4708 1445 4765 colorum
1475 4708 1860 4770 revelationem

294 4802 544 4872 imaginis
591 4800 882 4871 exspectat,
936 4798 989 4856 et
1033 4791 1511 4857 manifestationem
1555 4819 1570 4856 :
1612 4818 1716 4858 non
1743 4803 1864 4873 quia

293 4887 421 4951 tunc
447 4894 536 4949 alii
582 4902 758 4959 erunt,
786 4902 877 4949 aut
918 4907 1020 4946 non
1061 4892 1266 4946 colores
1294 4901 1471 4960 erunt,
1520 4892 1612 4947 sed
1665 4896 1864 4947 tantum

294 4987 434 5058 quod
475 4986 631 5039 aliam
662 4985 966 5053 dignitatem
999 4995 1120 5038 tunc
1145 4983 1434 5037 habebunt.
1467 4981 1696 5038 Vanitati
1722 4984 1863 5038 enim

291 5078 529 5147 Subiecta
559 5088 641 5132 est
675 5077 917 5131 creatura
943 5092 956 5128 :
990 5074 1087 5127 hoc
1114 5073 1195 5128 eét
1219 5072 1344 5127 illud
1374 5090 1389 5127 :
1424 5061 1640 5128 Vanita's
1664 5070 1867 5128 vanita-

294 5172 427 5235 tum,
465 5177 517 5223 et
557 5168 733 5222 omnia
780 5168 1007 5220 vanitas.
1047 5160 1176 5230 Quae
1223 5164 1542 5218 abundantia
1584 5152 1783 5219 homini
1810 5167 1863 5221 in

282 5257 438 5317 omni
469 5259 651 5313 labore
688 5273 809 5323 suo,
853 5270 1009 5325 quem
1056 5254 1170 5323 ipse
1219 5254 1427 5309 laborat
1473 5254 1571 5308 sdb
1597 5254 1863 5310 sole:eui

289 5347 376 5407 est
400 5336 601 5407 dictum
629 5370 643 5405 :
678 5350 736 5406 ln
782 5346 963 5404 labore
1001 5346 1346 5403 manducabis
1377 5348 1608 5416 panem?
1631 5348 1862 5404 Van'tati

289 5440 434 5498 enim
459 5440 703 5498 creatura
730 5439 967 5508 subjecta
1008 5446 1091 5493 est
1134 5453 1236 5491 non
1276 5446 1488 5505 sponte.
1534 5437 1675 5491 Bene
1711 5437 1861 5491 addi-

286 5523 402 5594 ium
425 5544 509 5591 est
534 5553 548 5589 :
581 5535 699 5589 Non
718 5536 937 5603 sponte;
973 5533 1132 5587 bomo
1158 5532 1355 5600 quippe
1381 5539 1567 5595 Sponte
1599 5533 1853 5597 peccavit,

290 5632 382 5687 sed
412 5644 517 5685 non
547 5637 737 5698 sponte
764 5626 1045 5681 damnatus
1080 5632 1180 5679 est.
1226 5622 1511 5677 Peccatum
1551 5623 1730 5689 itaque
1761 5622 1859 5676 luit

290 5722 676 5793 ipdutaneuut,
726 5724 912 5773 contra
977 5712 1300 5787 praeceptum
1360 5716 1538 5768 laeere
1584 5712 1854 5779 rerita'tis,

1971 3247 2082 3301 loca
2108 3247 2408 3300 ostenditur
2429 3265 2441 3299 :
2466 3246 2709 3302 animalis
2738 3264 2915 3303 autem
2950 3250 3176 3306 vivilirat
3206 3259 3538 3323 corporalia:

1967 3339 2208 3393 animalis
2237 3337 2389 3406 regit,
2409 3348 2458 3391 et
2487 3346 2610 3392 tunc
2634 3340 2768 3394 bene
2795 3336 2929 3409 rek't
2958 3357 3076 3395 cum
3108 3338 3221 3410 ipsa
3248 3348 3533 3414 regendam

1966 3444 2025 3484 se
2051 3423 2268 3498 'sulijicit
2296 3430 2421 3484 Deo.
2452 3428 2583 3483 Cum
2623 3429 2800 3483 autem
2845 3430 3234 3500 transgreditur
3274 3449 3538 3504 praecepta

1965 3522 2102 3592 ejus,
2152 3514 2423 3585 laboribus
2468 3513 2522 3576 et
2571 3524 2825 3577 arumnis
2883 3521 2974 3590 per
3020 3525 3205 3578 eadem
3254 3527 3367 3595 ipsa
3420 3545 3568 3595 qua:

1967 3612 2152 3686 regere
2182 3626 2390 3685 poterat
2432 3608 2751 3684 implicatur.
2801 3616 2897 3682 Qui
2948 3624 3074 3685 ergo
3120 3619 3249 3672 vivit
3290 3635 3537 3690 corpore,

1965 3708 2189 3763 carnalis
2233 3707 2395 3761 homo
2438 3708 2521 3761 vel
2562 3707 2808 3761 animalis
2845 3716 3100 3761 vocatur:
3138 3711 3388 3772 carnalis,
3415 3707 3536 3779 quia

1965 3794 2199 3853 carnalia
2227 3806 2485 3863 sectatur;
2513 3792 2756 3852 animalis
2790 3811 2989 3862 autem,
3019 3800 3137 3867 quia
3168 3801 3335 3855 fertur
3362 3802 3537 3857 disso-

1966 3886 2071 3945 luta
2117 3890 2328 3945 lascivia
2376 3879 2570 3944 anima:
2609 3906 2747 3953 sum,
2777 3906 2933 3957 quam
2976 3906 3079 3944 non
3124 3884 3261 3960 regit
3297 3895 3539 3961 spiritus,

1966 3996 2137 4052 neque
2163 3990 2379 4037 coercet
2407 3981 2545 4035 intra
2576 3990 2744 4037 metas
2791 3980 3048 4035 naturalis
3076 3982 3299 4046 ordinis,
3328 3983 3448 4052 quia
3489 3995 3543 4039 et

1966 4074 2078 4144 ipse
2109 4090 2211 4129 non
2243 4074 2304 4129 se
2332 4074 2512 4129 subdit
2541 4075 2827 4142 regendum
2857 4072 2988 4129 Deo.
3018 4075 3115 4140 Qui
3142 4088 3320 4132 autem
3350 4079 3541 4145 spiritu

1966 4167 2195 4220 animam
2237 4166 2394 4233 regit,
2437 4173 2490 4219 et
2527 4179 2620 4230 per
2649 4165 2879 4218 animam
2920 4178 3134 4233 corpus,
3180 4166 3320 4233 quod
3369 4166 3543 4222 facere

1968 4274 2071 4312 non
2104 4266 2297 4325 poteSl,
2331 4257 2429 4310 nisi
2473 4248 2750 4309 Dominum
2782 4252 2975 4308 habeat
3006 4263 3061 4309 et
3089 4254 3203 4322 ipse
3235 4265 3491 4325 rectorem
3526 4276 3540 4309 :

1967 4350 2212 4417 quoniam
2253 4348 2389 4400 sicut
2427 4361 2531 4398 non
2582 4354 2753 4413 potest
2796 4354 2954 4409 caput
3006 4342 3245 4397 mulieris
3285 4347 3364 4397 vir
3398 4357 3541 4410 esse;

1969 4441 2036 4492 ita
2068 4449 2223 4507 caput
2255 4438 2348 4490 vlri
2381 4434 2620 4491 Christus
2652 4444 2754 4502 est,
2795 4441 3013 4491 vocatur
3042 4434 3314 4504 spiritalis,
3339 4436 3461 4505 quia
3491 4450 3543 4492 et

1970 4529 2074 4583 vita
2117 4544 2237 4582 cum
2281 4526 2451 4596 aliqua
2492 4526 2732 4580 molestia
2773 4538 2915 4579 nunc
2945 4530 3156 4593 agitur:
3197 4522 3315 4595 pO-t
3365 4534 3542 4595 autem

1972 4620 2169 4675 nullam
2202 4618 2453 4695 patietur.
2494 4618 2559 4671 Et
2596 4615 2841 4685 quoniam
2868 4615 3061 4670 summi
3090 4617 3263 4686 angeli
3293 4619 3541 4689 spiritua-

1972 4713 2094 4771 lit'er
2121 4718 2327 4777 vivunt,
2377 4703 2543 4767 inﬁmi
2583 4726 2711 4766 vero
2757 4710 3077 4777 animaliter,
3114 4714 3300 4770 bestia:
3327 4730 3453 4770 vero
3492 4724 3540 4773 et

1972 4806 2147 4859 omnia
2180 4819 2370 4872 pecora
2418 4796 2720 4867 carnaliter,
2779 4817 2974 4872 corpus
3022 4806 3196 4863 antem
3237 4820 3342 4859 non
3390 4807 3541 4871 vivit,

1973 4894 2067 4949 sed
2098 4894 2412 4958 viviﬁcatur,
2445 4894 2618 4949 omnis
2645 4903 2886 4949 creatura
2933 4895 2983 4949 in
3034 4895 3248 4950 nomine
3276 4906 3377 4961 est,
3421 4900 3544 4967 quia

1973 4993 2030 5038 et
2068 4984 2308 5051 intelligit
2335 4980 2545 5050 spiritu,
2573 4992 2625 5037 et
2653 4982 2815 5037 sentit
2847 4985 3047 5049 animo,
3076 4991 3132 5037 et
3161 4983 3541 5041 localitercor-

1974 5081 2106 5145 pore
2132 5068 2389 5129 movetur.
2423 5070 2608 5127 Omnis
2656 5074 2831 5142 itaque
2855 5084 3095 5127 creatura
3128 5073 3427 5128 in-liomiue
3461 5077 3542 5129 in-

1972 5164 2294 5235 gemiscitet
2328 5162 2509 5217 dolet:
2546 5176 2647 5215 non
2677 5163 2819 5217 enim
2853 5172 3037 5228 totam,
3069 5163 3161 5218 sed
3207 5179 3419 5219 omnem
3449 5165 3545 5230 ait,

1973 5268 2223 5326 tanquam
2252 5256 2296 5309 si
2328 5255 2447 5324 quis
2485 5254 2627 5308 dicat
2661 5255 2799 5323 quod
2849 5255 3017 5310 solem
3066 5271 3254 5313 omnes
3282 5255 3544 5312 homines

1972 5340 2152 5403 vident
2178 5345 2267 5415 qui
2294 5336 2416 5399 sunt
2444 5344 2758 5409 incolumes,
2791 5345 2882 5399 sed
2921 5361 3025 5399 non
3058 5348 3164 5417 toti,
3198 5346 3399 5413 vident,
3424 5348 3541 5417 quia

1974 5450 2176 5495 tantum
2218 5438 2388 5492 oculis
2418 5437 2618 5490 vident.
2665 5436 2736 5490 Ita
2776 5438 2823 5489 in
2858 5437 3071 5492 nomine
3100 5437 3271 5493 omnis
3299 5448 3541 5493 creatura

1971 5543 2073 5593 est,
2103 5531 2190 5598 qui
2239 5539 2291 5583 et
2338 5528 2601 5595 intelligit,
2635 5538 2688 5580 et
2728 5530 2873 5591 vivit,
2903 5536 2956 5581 et
2992 5544 3098 5590 cor.
3122 5543 3181 5582 us
3225 5530 3412 5592 liabet;
3448 5535 3541 5584 sed

1969 5636 2073 5675 non
2106 5632 2209 5673 tota
2241 5629 2479 5673 creatura
2511 5617 2561 5671 in
2595 5618 2707 5684 ipso
2730 5627 2829 5681 est,
2863 5618 2982 5679 quia
3010 5626 3134 5671 sunt
3157 5629 3348 5685 praeter
3372 5621 3540 5688 ipsum

1966 5722 2017 5767 et
2043 5710 2234 5780 angeli,
2265 5711 2353 5778 qui
2386 5709 2699 5778 intelligant,
2740 5719 2793 5762 et
2841 5706 3040 5773 vivant,”
3086 5719 3141 5765 et
3178 5705 3314 5776 aint;
3362 5712 3413 5769 ἐι
