4004 6354
478 294 586 347 Αἷΰ

1585 292 1870 347 PlllllASll
1916 291 2362 346 Αιιιιιιιιπτλκι
2407 290 2613 345 ιςιιςιι.

3645 286 3761 341 ιςι

480 428 622 467 rora.
650 425 766 479 qure
812 412 993 464 vivunt
1028 417 1081 462 et
1128 416 1271 475 sunt,
1306 416 1355 461 et
1388 422 1643 475 corpora.
1678 425 1792 476 qum
1830 415 2059 461 tantttut-
2090 408 2136 465 Λ
2168 422 2232 469 po
2263 419 2594 476 astutumque
2638 407 2896 461 crcahuis
2948 408 3097 461 nefas
3143 418 3227 461 est
3267 407 3505 460 credi-rc.
3541 405 3763 459 Deinde

485 503 642 555 modo
672 511 796 555 sunt
824 519 837 554 :
862 517 980 554 cum
1030 500 1200 568 ipsum
1244 499 1423 552 vivere
1467 500 1632 565 magis
1665 502 1732 551 sit
1762 514 1919 565 quam
1954 514 2057 551 non

482 595 690 657 vivere;
724 604 777 647 et
805 595 975 661 ipsum
1024 591 1321 660 intelligere
1348 590 1513 659 magis
1544 591 1792 658 sitquam
1826 590 1942 642 sine
1982 590 2062 641 in-

482 686 696 738 tellectu
724 684 922 737 vivere.
956 682 1085 734 Cum
1128 696 1255 749 ergo
1295 679 1458 732 miser
1484 679 1644 732 homo
1674 679 1974 743 ingemi~cit
2004 687 2059 732 ct

482 775 646 842 dolet,
680 774 855 827 omnis
900 780 1141 825 creatura
1188 769 1534 837 congemiscit
1577 777 1632 821 et
1677 769 1840 821 dolet.
1888 770 2063 837 Usque

484 866 656 920 adhuc
703 876 877 919 autem
927 875 1074 917 recte
1111 864 1266 926 dixit,
1297 864 1417 927 quia
1467 861 1675 915 etiamsi
1731 871 1859 914 sunt
1887 862 2062 930 aliqua

482 961 590 1028 jam
620 960 673 1013 in
703 959 819 1011 sinu
855 957 1102 1017 Abrahm,
1136 965 1189 1007 et
1220 956 1357 1007 latro
1388 954 1478 1007 ille
1506 954 1557 1006 in
1593 953 1838 1020 paradiso
1864 953 2063 1006 consti-

484 1062 647 1114 tutus,
676 1053 763 1103 illo
793 1050 878 1102 die
905 1064 1010 1115 quo
1042 1048 1291 1110 credidit,
1326 1046 1510 1100 tioiere
1557 1047 1858 1100 deSIiterit:
1887 1056 2064 1101 tamen

482 1158 648 1215 usque
686 1141 859 1194 adhuc
897 1140 1073 1193 omnis
1115 1150 1356 1193 creatura
1418 1140 1764 1205 congciuiscit
1803 1149 1857 1191 et
1894 1140 2059 1201 dolet,

482 1235 601 1302 quia
630 1235 679 1285 in
714 1233 815 1285 illis
846 1233 933 1300 qui
966 1232 1201 1283 nondum
1235 1230 1444 1283 liberati
1478 1240 1621 1292 sunt,
1654 1230 1828 1281 otuuis
1858 1240 1933 1281 est
1969 1245 2064 1297 per

482 1323 724 1391 spiritum
756 1331 806 1374 et
833 1335 1027 1386 corpus
1070 1328 1124 1372 et
1172 1322 1424 1372 animam.
1476 1319 1595 1370 Nt‘"
1640 1319 1809 1372 solum
1863 1328 2059 1379 autem,

481 1415 671 1481 inquit,
707 1413 881 1466 omnis
919 1423 1160 1465 creatura
1205 1411 1549 1477 coiigemiscit
1581 1417 1634 1462 et
1678 1410 1841 1475 dolet,
1878 1411 1972 1463 scd
2010 1419 2064 1464 et

483 1518 581 1556 nos
626 1503 744 1571 ipsi.
795 1500 848 1553 ltl
891 1510 991 1563 est;
1020 1516 1122 1551 non
1166 1500 1337 1552 solum
1389 1499 1441 1551 in
1496 1498 1709 1551 homine
1760 1514 1973 1567 corpus,
2008 1508 2063 1553 et

482 1593 682 1656 anima,
704 1602 758 1646 et
783 1593 1003 1658 spiritus
1029 1590 1188 1643 simul
1218 1591 1401 1642 dolent
1429 1606 1491 1642 ex
1517 1590 1918 1643 dilficultatihus
1945 1606 2061 1644 cor-

489 1684 667 1752 poris;
702 1684 795 1737 sed
840 1692 893 1737 et
944 1697 1041 1735 nos
1074 1681 1172 1749 ipsi
1221 1681 1458 1747 exceptis
1487 1679 1799 1747 carporibus
1832 1681 1880 1732 in
1912 1681 2063 1733 nobis

490 1776 622 1842 ipsis
648 1773 1114 1843 congemiscimus.
1138 1772 1205 1824 Et
1232 1772 1367 1824 bene
1396 1770 1555 1823 dixit:
1578 1770 1845 1823 Primitias
1864 1771 2062 1824 liahen-
2101 1768 2142 1827 Β
2170 1776 2233 1828 ad
2286 1774 2595 1829 Corinthios
2635 1791 2654 1829 ;

492 1879 572 1919 tes
598 1866 856 1933 spiritus:
886 1862 937 1917 id
979 1873 1091 1925 est,
1120 1876 1345 1931 quorum
1388 1862 1497 1927 jam
1544 1861 1762 1927 spiritus
1816 1872 2062 1927 tanquam

491 1956 811 2010 sacriﬁcium
843 1954 1006 2008 oblati
1035 1963 1157 2006 sunt
1191 1953 1331 2015 Deo,
1358 1961 1415 2005 et
1459 1952 1514 2005 iu
1560 1952 1743 2005 divino
1784 1954 2063 2008 charitatis

486 2048 610 2115 igne
634 2045 1008 2114 comprehensi
1035 2052 1178 2097 sunt.
1216 2044 1337 2097 lltec
1365 2054 1490 2095 sunt
1518 2043 1767 2111 primitige
1805 2042 2063 2109 hominis,

488 2138 613 2205 quia
658 2138 853 2190 veritas
898 2134 1124 2203 primum
1172 2134 1415 2201 spiritum
1457 2146 1697 2187 nostrum
1749 2135 1978 2199 obtinet,
2012 2146 2067 2189 ut

488 2245 583 2300 per
627 2231 769 2282 hunc
814 2236 1008 2282 cmtera
1055 2225 1722 2294 comprehendanturﬂel
1755 2227 1881 2295 quia
1912 2229 2063 2296 primi

487 2321 733 2390 spiritum
766 2318 881 2387 ipso
907 2316 1140 2371 adventu
1184 2316 1566 2383 redemptionis
1596 2316 1914 2384 accepimus.
1948 2318 2066 2372 .lam

488 2429 622 2485 ergo
668 2414 826 2468 habet
876 2412 1136 2479 primitias
1177 2412 1382 2465 oblatas
1424 2412 1565 2477 Deo,
1591 2413 1684 2482 qui
1711 2413 1869 2467 dicit:
1898 2412 2069 2466 Mente

490 2511 668 2562 serv‘o
718 2505 819 2576 legi
871 2505 986 2570 Dei,
1023 2519 1187 2559 carne
1231 2515 1409 2559 autem
1462 2504 1561 2575 legi
1610 2506 1829 2573 peccati.
1864 2504 1931 2559 Et
1977 2506 2064 2571 qtti

490 2599 649 2653 dicit:
672 2598 813 2653 Deus
835 2598 917 2652 cui
953 2610 1130 2652 sermo
1154 2599 1206 2651 in
1234 2597 1422 2666 spiritu
1453 2611 1594 2651 meo.
1626 2597 1689 2650 Et
1714 2597 1781 2649 de
1807 2605 1912 2667 quo
1937 2596 2072 2650 diei-

494 2700 581 2743 tur
606 2705 621 2742 :
650 2688 880 2759 Spiritus
910 2688 1122 2758 quidem
1152 2698 1447 2760 promptus,
1474 2703 1600 2743 caro
1628 2698 1806 2742 autem
1838 2688 2067 2743 infirma.

491 2781 599 2836 Sed
622 2781 874 2851 quoniam
900 2779 1077 2835 adhuc
1100 2780 1261 2835 dicit:
1283 2780 1470 2835 Infelix
1500 2795 1599 2850 ego
1631 2781 1812 2843 homo,
1842 2781 1959 2845 quis
1986 2796 2072 2834 me

497 2873 746 2927 liberabit
774 2889 802 2927 a
834 2887 1063 2943 corpore
1109 2875 1296 2927 mortis
1328 2873 1485 2943 hujus
1501 2876 1522 2923 ’ξ
1550 2884 1604 2928 et
1631 2875 1802 2926 adhuc
1828 2873 1953 2926 alibi
1994 2873 2075 2925 di-

499 2967 671 3020 citur:
696 2965 992 3021 Viviﬂcabit
1017 2976 1073 3020 et
1098 2967 1340 3020 mortalia
1382 2976 1605 3035 corpora
1633 2975 1807 3020 vestra
1827 3008 1842 3033 ,
1868 2975 1923 3021 et
1954 2981 2074 3035 pro-

494 3068 612 3127 pter
639 3058 894 3127 Spiritum
929 3057 1049 3127 ejus
1095 3056 1398 3113 manentem
1430 3058 1483 3112 in
1513 3058 1662 3113 vobis
1691 3077 1701 3110 :
1729 3059 1959 3112 nondum
1989 3067 2068 3113 est

2166 498 2379 551 liberari
2402 514 2519 551 eam
2558 498 2689 552 tlix‘t
2723 514 2749 550 a
2791 500 3050 553 servitute
3081 499 3346 565 interitus,
3373 513 3480 567 quo
3508 498 3522 551 i
3546 499 3631 551 los
3656 512 3761 550 ce-

2161 588 2373 649 cidisse,
2408 589 2494 655 qui
2530 590 2580 641 iu
2627 590 2774 643 costis
2817 598 2978 657 agunt
3003 590 3166 641 vitam
3199 587 3588 655 beatissimam,
3622 602 3742 640 non

2165 694 2441 746 possumus
2456 679 2695 734 credere.
2713 680 2915 734 Tamen
2938 679 3069 734 nihil
3095 689 3294 734 temere
3308 678 3753 733 conﬁrmandum

2163 779 2266 831 est,
2289 780 2343 824 et
2370 772 2451 836 pia
2479 770 2753 839 diligentia
2785 772 2944 825 etiam
2984 780 3145 841 atque
3174 772 3334 825 etiam
3361 770 3524 825 verba
3560 770 3759 823 divina

2165 862 2435 914 tractanda
2467 872 2631 915 sunt:
2662 877 2728 916 ne
2758 861 2897 916 forte
2927 876 3048 916 cum
3098 864 3343 932 gemiscit
3390 869 3446 916 et
3490 860 3659 927 dolet,
3694 870 3757 915 es

2166 953 2381 1007 vanitati
2404 954 2641 1023 subjecta
2662 964 2763 1021 est,
2784 955 2954 1023 possit
2978 955 3156 1023 aliquo
3176 955 3282 1009 alio
3303 953 3462 1008 modo
3485 954 3719 1022 intelligi
3734 985 3751 1015 ,~

2166 1052 2222 1094 ut
2266 1042 2333 1097 de
2372 1047 2596 1099 summis
2636 1046 2859 1115 angelis,
2912 1047 3149 1116 quandiu
3201 1054 3399 1099 nostra:
3449 1044 3760 1098 inﬁrmitati

2161 1133 2309 1203 jussu
2370 1135 2577 1189 Domini
2632 1152 2735 1189 non
2788 1139 3156 1207 opitulantur,
3206 1150 3309 1188 non
3357 1139 3521 1204 imp‘e
3572 1137 3754 1201 possit

2164 1226 2476 1280 existimari.
2510 1227 2612 1281 Sed
2643 1228 2755 1281 sive
2784 1229 2895 1293 illa,-
2929 1243 3088 1297 quam
3118 1227 3355 1281 exsecuti
3385 1240 3596 1289 sumus,
3630 1225 3758 1278 sive

2164 1314 2262 1370 alia
2311 1316 2473 1383 hujus
2497 1318 2716 1385 capituli
2768 1318 3034 1385 expositio
3083 1317 3405 1384 proferatur,
3450 1315 3501 1367 id
3535 1324 3751 1368 tantum

2164 1420 2247 1465 est
2290 1410 2612 1473 cavendum,-
2661 1424 2729 1462 ne
2778 1410 2945 1463 violet
2994 1418 3085 1462 aut
3134 1409 3381 1461 vulneret
3426 1405 3753 1459 catholicam

2168 1502 2323 1555 fidem
2350 1519 2362 1553 :
2388 1502 2499 1555 scio
2526 1502 2670 1555 enim
2701 1515 2870 1555 vanos
2915 1501 3112 1554 multos
3144 1499 3426 1553 luereticos
3452 1497 3615 1551 multa
3645 1496 3751 1548 im-

2168 1593 2251 1659 pie
2278 1602 2330 1647 et
2362 1593 2543 1660 inepte
2581 1592 2876 1658 jactitassc.
2923 1591 3031 1661 Spe
3054 1592 3186 1644 enim
3219 1590 3350 1643 salvi
3382 1589 3507 1659 facti
3545 1600 3751 1641 sumus.

2167 1686 2293 1752 Spe.
2322 1685 2511 1754 inquit,
2559 1700 2662 1737 non
2708 1685 2879 1753 reipsa
2936 1684 3081 1738 salus
3109 1690 3355 1751 speratur
3383 1682 3581 1743 adhuc,
3608 1680 3747 1731 sicut

2703 1776 2801 1829 l‘er
2858 1774 3014 1828 fidem
3065 1774 3436 1836 ambulamus;
3484 1786 3590 1823 non
3649 1784 3750 1838 per

2169 1868 2441 1937 Speciem;
2483 1867 2751 1921 credimus
2790 1868 2929 1936 quod
2980 1868 3142 1919 futuri
3190 1879 3392 1929 sumus,
3442 1863 3618 1915 adhuc
3662 1870 3746 1914 ta-

2169 1980 2291 2019 men
2348 1978 2452 2018 nn
2500 1977 2706 2016 sumus.
2768 1962 2899 2027 Spes
2959 1969 3129 2015 autem
3189 1974 3304 2030 quae
3362 1958 3596 2019 videtur,
3644 1971 3751 2007 riora

2167 2060 2239 2109 est
2278 2069 2411 2125 spes.
2456 2054 2594 2107 Nam
2637 2054 2772 2123 quod
2815 2053 2945 2106 videt
2989 2052 3137 2122 quis,
3169 2052 3291 2121 quid
3334 2050 3540 2117 sper..t?
3595 2046 3749 2112 Quod

2169 2148 2378 2202 videtur
2450 2161 2557 2201 non
2610 2152 2896 2215 speratur,
2956 2145 3082 2211 quia
3150 2151 3381 2196 tenetur.
3457 2140 3519 2193 Si
3577 2148 3750 2191 autem

2168 2238 2303 2307 quod
2362 2253 2465 2290 non
2501 2236 2735 2289 videmus
2794 2250 3077 2303 speramus.
3154 2233 3279 2288 Ideo
3338 2231 3592 2301 patientia
3656 2243 3751 2297 per

2172 2328 2337 2383 ﬁdem
2370 2343 2617 2397 magnam
2673 2327 2834 2382 habet
2881 2324 3179 2381 mercedem
3201 2367 3215 2393 ,
3247 2326 3366 2387 quia
3396 2333 3579 2393 sperat
3609 2322 3754 2391 quod

2172 2431 2277 2475 non
2317 2420 2486 2481 videt;
2517 2428 2570 2473 et
2595 2418 2672 2472 sic
2698 2417 2875 2471 securi
2901 2430 3113 2480 sumus,
3149 2417 3300 2485 quasi
3330 2414 3438 2485 jam
3477 2413 3749 2482 acceperi-

2172 2529 2288 2567 ntus
2310 2513 2451 2583 quod
2476 2510 2714 2567 nondum
2743 2511 3067 2579 accepimus.
3105 2509 3210 2563 Per
3237 2510 3532 2578 patientiam
3574 2523 3749 2573 exspe-

2171 2603 2540 2672 cmrrtus.8pes
2563 2603 2677 2657 sine
2704 2602 2961 2671 patientia
2992 2608 3111 2656 esse
3142 2615 3245 2655 non
3279 2607 3472 2670 potest.
3506 2600 3752 2653 Sintiam

2175 2710 2346 2751 autem
2370 2707 2413 2752 et
2445 2698 2653 2769 spiritus
2682 2699 2914 2768 adjuvat.
2938 2694 3241 2750 Secundum
3268 2692 3513 2748 eamdem
3562 2706 3752 2759 exspe-

2174 2789 2467 2842 ctationem
2500 2788 2719 2857 adthat
2746 2788 2967 2857 spiritus
2994 2786 3352 2840 infirmitatem
3383 2783 3677 2845 orationis,
3699 2791 3756 2835 ut

2175 2882 2293 2951 qtt;e
2327 2882 2422 2936 Dei
2458 2890 2580 2935 s'unt
2612 2890 2858 2946 oremus,
2888 2890 2942 2935 et
2973 2887 3190 2948 propter
3217 2890 3366 2947 spem
3396 2890 3515 2945 quae
3564 2874 3758 2941 placita

2176 2982 2302 3027 sunt
2340 2974 2447 3027 Deo
2479 2973 2828 3043 postulamus.
2864 2970 3220 3039 Inﬁrmitatem
3247 2978 3491 3021 nostram.
3541 2965 3755 3019 Infirm:

2182 3073 2265 3123 est
2289 3065 2460 3117 oratio
2486 3076 2688 3129 noStra,
2724 3063 2824 3116 nisi
2856 3079 2881 3114 τι
2912 3061 3110 3132 Spiritu
3138 3072 3321 3113 sancto
3343 3074 3444 3112 non
3468 3059 3638 3112 solum
3667 3055 3757 3109 ad-

495 3152 862 3207 holucaustum
889 3168 905 3218 ;-
928 3152 1030 3206 erit
1057 3158 1256 3215 autem,
1282 3165 1402 3205 cum
1444 3150 1814 3205 absorbehitur
1845 3167 1988 3205 mors
2016 3152 2066 3204 in
2097 3128 2143 3189 (ἶ
2170 3155 2401 3225 juvett‘lr,
2428 3154 2521 3209 sed
2551 3128 2708 3208 etiam
2736 3128 3046 3222 inspiretur.
3076 3153 3210 3207 Nam
3231 3152 3353 3222 quid
3374 3147 3609 3203 oremus?
3634 3147 3754 3199 Fic-

495 3244 739 3307 victur'a,
770 3258 891 3297 cum
937 3244 985 3298 ei
1031 3243 1237 3297 dicetur
1266 3260 1281 3295 :
1308 3242 1405 3297 Ubi
1455 3252 1561 3307 est,-
1600 3254 1765 3309 mors,
1797 3244 2071 3298 contentio

497 3336 619 3389 tua?
648 3334 737 3389 ubi
765 3342 869 3401 est,
901 3350 1064 3400 mors,
1102 3336 1319 3389 aculeus
1347 3336 1502 3388 tuus?
1530 3335 1681 3389 Nunc
1706 3350 1853 3404 ergo.
1880 3334 2068 3404 inquit,

497 3441 603 3481 non
627 3426 797 3479 solum
827 3427 1001 3479 omnis
1023 3434 1291 3489 creatura,
1334 3425 1385 3479 id
1408 3434 1511 3488 est,
1536 3440 1655 3481 cum
1682 3439 1764 3479 eo:
1780 3440 1910 3495 pore
1936 3440 1951 3488 ;
1978 3427 2070 3480 sed

495 3534 594 3574 nos
637 3520 739 3589 ipsi
784 3519 1047 3589 primitias
1093 3518 1323 3587 Spiritus
1370 3518 1667 3583 habentes,
1724 3517 1773 3570 id
1822 3528 1922 3581 cst,
1976 3534 2073 3571 nos

495 3612 687 3664 anima:
709 3610 833 3679 quia
862 3610 1120 3678 primitias
1148 3618 1354 3662 mentes
1381 3619 1590 3662 nostras
1618 3607 1907 3661 obtulimus
1943 3608 2072 3675 Deo,

498 3705 551 3755 iu
582 3702 737 3756 nobis
766 3702 894 3770 ipsis
936 3700 1383 3769 congemiscimus
1408 3718 1420 3753 :
1444 3700 1495 3754 id
1524 3709 1628 3767 est,
1658 3708 1855 3770 praeter
1880 3716 2073 3770 corpus

499 3794 840 3864 adoptionem
865 3802 1243 3862 exspectantes
1264 3793 1689 3863 redemptionem
1712 3795 1956 3864 corporis
1984 3809 2077 3849 no-

496 3887 592 3941 stri
616 3902 631 3940 :
657 3884 708 3940 id
740 3893 844 3951 est,
867 3893 923 3938 ut
950 3893 1005 3940 et
1031 3885 1205 3953 ipsum
1234 3898 1429 3955 corpus
1458 3884 1723 3954 accipiens
1757 3884 2072 3940 beneficium

497 3978 797 4048 adoptionis
819 3977 1046 4032 filiorum
1071 3991 1174 4047 qua
1204 3978 1375 4033 vocati
1408 3992 1614 4044 sumus,
1640 3984 1781 4031 totos
1812 3991 1911 4030 nos
1942 3978 2077 4032 lihe-

496 4080 640 4124 ratos
689 4070 973 4124 transactis
1026 4068 1288 4123 molestiis
1331 4068 1578 4124 omnibus
1622 4084 1687 4124 ex
1734 4068 1881 4125 omni
1929 4081 2079 4139 parte

498 4169 590 4224 Dei
637 4170 772 4225 tllios
811 4184 933 4225 esse
963 4168 1288 4226 manifeStct.
1336 4170 1442 4239 Spe
1482 4170 1621 4224 enim
1652 4170 1782 4224 salvi
1828 4170 1951 4226 facti
1998 4187 2078 4224 su-

498 4278 635 4318 mus.
689 4264 823 4333 Spes
870 4272 1049 4318 autem‘
1094 4277 1212 4332 quae
1243 4262 1471 4330 videtur,
1503 4278 1608 4317 non
1638 4271 1722 4317 est
1750 4278 1893 4333 spes.
1930 4263 2078 4317 Tunc

494 4371 624 4427 ergo
645 4355 745 4411 erit
770 4371 879 4422 res,
903 4370 1022 4424 qua:
1045 4369 1186 4409 nunc
1209 4363 1291 4407 est
1312 4368 1454 4425 spes,
1479 4370 1600 4408 cum
1628 4354 1935 4424 apparuerit
1953 4355 2075 4422 quid

2177 3256 2404 3314 quenter
2431 3260 2547 3314 quze
2588 3258 2834 3313 putamus
2881 3258 3166 3313 prospera,
3198 3245 3392 3296 obsunt
3424 3257 3438 3297 :
3488 3240 3614 3295 ideo
3652 3254 3759 3293 non

2174 3337 2571 3399 conceduntur,
2607 3336 2715 3390 Deo
2762 3336 2951 3391 melius
2983 3334 3294 3405 providente
3327 3350 3341 3387 :
3383 3334 3523 3387 sicut
3561 3331 3761 3385 Paulus

2179 3439 2258 3481 ter
2288 3427 2569 3481 Dominum
2602 3427 2829 3496 rogavit.
2873 3426 3021 3482 Sicut
3060 3436 3255 3496 Oportet
3295 3426 3568 3478 nescimus.
3624 3421 3755 3489 Quia

2182 3534 2319 3573 nunc
2348 3534 2445 3590 per
2463 3520 2741 3590 spectritrm
2760 3520 3025 3586 videmus,
3048 3521 3191 3575 sicut
3220 3520 3282 3573 ad
3305 3519 3615 3572 Corinthios
3644 3518 3715 3570 ait
3740 3532 3752 3565 :

2177 3612 2232 3669 Si
2256 3616 2373 3681 quis
2396 3616 2666 3675 existimat
2696 3629 2757 3669 se
2780 3615 2942 3680 scire,
2974 3613 3208 3667 nondum
3234 3611 3385 3666 Scivit
3411 3610 3755 3680 quemadmo-

2181 3708 2305 3761 dum
2329 3717 2571 3774 oporteat
2593 3721 2715 3762 eum
2738 3708 2900 3761 scire.
2927 3706 3031 3761 Sed
3054 3708 3161 3777 ipse
3182 3705 3411 3774 Spiritus
3427 3703 3653 3779 postulat
3671 3712 3764 3767 pro

2181 3800 2340 3853 nobis.
2368 3799 2647 3866 Quomodo
2672 3816 2769 3856 nos
2797 3808 2962 3855 tentat
2983 3808 3041 3855 ut
3068 3800 3239 3865 sciat,
3273 3800 3374 3854 hoc
3400 3808 3507 3863 est,
3538 3806 3597 3851 ut
3620 3800 3759 3852 sciro'

2182 3909 2279 3945 nos
2313 3891 2499 3956 faciat;
2532 3895 2670 3948 s'cut
2698 3892 2933 3948 dicitur:
2967 3892 3061 3948 Ille
3088 3893 3369 3948 aedificavit
3396 3893 3639 3954 domum,
3665 3901 3759 3945 cui

2180 3984 2269 4053 jus
2295 3984 2445 4053 jussu
2489 3984 2565 4050 tit,
2599 3987 2676 4039 sic
2703 3995 2757 4039 et
2791 3986 3022 4053 Spiritus
3055 3996 3268 4041 sanctus
3299 3986 3557 4054 postulat,
3595 3984 3645 4037 id
3677 3988 3757 4037 est

2182 4076 2460 4144 postulare
2504 4089 2602 4129 nos
2640 4076 2763 4130 facit
2803 4093 2921 4145 qum
2965 4078 3056 4132 Dei
3094 4088 3253 4141 sunt,
3296 4075 3640 4143 iuspirando,
3677 4074 3759 4129 vel

2184 4167 2505 4235 praestando,
2536 4174 2628 4218 aut
2657 4168 2931 4236 operando
2962 4168 3016 4221 in
3047 4168 3223 4222 nobis.
3248 4166 3531 4221 Gentilibus
3556 4168 3761 4218 ἱιιειισγέ

2182 4256 2445 4312 rabilibus.
2500 4257 2728 4314 Gemcre
2773 4273 2870 4314 nos
2920 4259 3043 4315 facit
3078 4261 3198 4314 altis
3237 4260 3520 4331 gemitibus
3558 4263 3757 4314 mutis:

2184 4350 2303 4415 quia
2332 4359 2586 4419 quantum
2618 4366 2712 4406 ore
2744 4361 2928 4421 petere
2960 4367 3064 4406 non
3094 4366 3397 4420 possumus,
3435 4362 3640 4405 tantum
3671 4366 3757 4419 ge-

494 4426 699 4502 crimus
741 4447 942 4501 similes
988 4446 1088 4510 illi,
1120 4448 1370 4514 quoniam
1409 4446 1708 4501 videbimus
1753 4462 1876 4501 eum
1919 4447 2073 4501 sicuti
2111 4426 2160 4484 Ῑ)
2185 4441 2402 4497 mitibus
2431 4444 2800 4512 deprecamur.
2844 4444 2946 4509 Qui
2986 4457 3151 4498 autem
3182 4454 3439 4498 scrutatur
3476 4446 3635 4497 corda
3669 4443 3763 4497 sti!

496 4547 599 4593 est.
630 4538 744 4592 Hoc
782 4539 1070 4606 capitulum
1117 4538 1161 4593 si
1212 4538 1314 4592 hoc
1358 4538 1538 4605 modo,
1571 4548 1628 4592 ut
1660 4548 1941 4594 tractatum
1972 4549 2074 4608 est,

499 4628 757 4695 aperitur,
797 4641 902 4681 non
946 4627 1244 4681 incidemus
1294 4628 1345 4681 in
1399 4627 1518 4681 illas
1558 4628 1832 4683 molestias
1884 4630 2077 4697 quibus

500 4716 745 4771 homines
774 4716 1014 4786 plet-ique
1054 4716 1232 4770 dicere
1276 4723 1559 4784 cogantur,
1602 4730 1789 4771 omnes
1832 4718 2074 4787 angelos,

497 4804 857 4875 sublimesque
902 4804 1124 4858 virtutes
1170 4806 1223 4858 in
1271 4804 1457 4858 dolore
1496 4814 1548 4858 et
1595 4806 1883 4874 gentilibus
1927 4822 2069 4876 esse,

497 4900 783 4965 antequam
832 4907 931 4948 nos
970 4894 1179 4965 penitus
1206 4894 1497 4949 liberemur
1524 4912 1536 4948 :
1562 4895 1682 4965 quia
1719 4897 1915 4953 dictum
1947 4910 2069 4953 est:

496 4988 685 5045 Omnis
707 4995 952 5042 creatura
979 4986 1327 5057 congemiscit
1355 4994 1411 5041 et
1436 4988 1601 5043 dolet.
1652 4988 1906 5057 Quamvis
1931 4992 2077 5046 enim

496 5080 751 5151 adjuvant
778 5090 879 5134 ntus
919 5092 1014 5147 pro
1040 5094 1133 5131 sua
1162 5078 1510 5144 sublimitate.
1535 5080 1662 5135 dum
1702 5081 2081 5152 obtemperant

496 5169 633 5235 Deo,
663 5168 753 5239 qui
781 5169 996 5224 unicum
1025 5168 1217 5223 Filium
1243 5184 1398 5226 suum
1428 5170 1679 5239 dignatus
1697 5181 1779 5227 est
1802 5182 1897 5240 pro
1926 5172 2081 5228 nobis

497 5253 747 5324 mittere;
774 5270 950 5315 tamen
997 5260 1113 5315 sine
1154 5263 1352 5332 gemitu
1390 5272 1446 5317 et
1484 5264 1760 5319 doloribus
1804 5264 1855 5317 id
1901 5264 2077 5320 facere

496 5352 749 5407 credendi
790 5360 951 5416 sunt,
995 5368 1062 5407 ne
1113 5353 1293 5408 miseri
1334 5354 1724 5418 existimentur,
1768 5353 2078 5424 feliciorque

496 5440 593 5495 ille
615 5441 685 5496 sit
709 5441 777 5495 de
801 5456 1028 5496 numero
1054 5451 1236 5496 nostro
1262 5443 1617 5513 Lazarus,qui
1634 5443 1744 5512 jam
1772 5443 1824 5497 in
1849 5443 2076 5500 Abrahae

498 5532 621 5586 sinu
644 5533 966 5601 requiescit:
991 5534 1289 5603 praesertim
1320 5533 1442 5600 quia
1469 5533 1623 5597 dixit,
1652 5535 1899 5589 eamdem
1926 5550 2077 5590 crea-

498 5629 691 5681 turam,
718 5636 834 5689 quae
862 5625 1211 5692 congemiseit
1239 5633 1293 5679 et
1334 5622 1499 5690 dolet,
1540 5624 1758 5678 vanitati
1790 5638 1912 5679 esse
1949 5626 2075 5680 sub-

497 5711 694 5780 iactam
720 5729 730 5761 :
757 5714 895 5782 quod
946 5713 1013 5772 tle
1058 5714 1286 5771 summis
1312 5722 1367 5769 et
1408 5714 1791 5771 excellentibus
1824 5717 2075 5773 virtutum

2185 4535 2309 4605 quid
2338 4535 2594 4589 desiderat
2617 4536 2848 4604 spiritus.
2882 4536 2977 4592 Hic
3012 4538 3234 4605 gratiam
3265 4537 3483 4604 spiritus
3519 4535 3757 4589 nomina-

2184 4626 2261 4677 vit
2302 4623 2558 4693 Spiritum
2599 4635 2866 4691 sanctum,
2910 4626 3046 4681 sicut
3072 4626 3140 4679 ibi
3172 4625 3262 4681 :Si
3299 4639 3527 4679 omvero
3559 4624 3761 4693 lzngua,

2186 4716 2403 4783 sp‘ritus
2434 4729 2583 4769 meus
2608 4724 2725 4769 orat
2759 4734 2771 4769 :
2806 4717 2893 4770 ubi
2921 4732 3089 4788 genus
3117 4718 3307 4787 lingua:
3335 4718 3418 4772 vel
3447 4718 3647 4771 locutio
3676 4718 3761 4770 ina

2184 4810 2395 4864 tellecta
2445 4810 2724 4875 accipitur.
2761 4811 2896 4877 Quia
2936 4812 3216 4866 secundum
3248 4810 3434 4865 Deum.
3481 4810 3616 4878 Quia
3653 4824 3760 4864 cm-

2183 4900 2335 4955 lcstia
2381 4912 2432 4955 et
2473 4900 2650 4955 dixina
2676 4904 2964 4958 desiderat.
3007 4903 3244 4957 Postulat
3279 4918 3370 4971 pro
3410 4903 3621 4955 sanctis.
3660 4901 3761 4955 Pro

2182 4992 2383 5046 sanctis
2414 4993 2595 5058 rebus,
2628 5008 2736 5047 non
2767 4993 3039 5058 humanis,
3071 5006 3243 5063 neque
3272 4991 3524 5046 terrenis.
3558 4992 3761 5046 Scimus

2183 5092 2350 5135 autem
2380 5085 2631 5153 quomodo
2660 5084 2988 5155 diligentibus
3021 5083 3185 5137 Deum
3218 5085 3389 5137 omnia
3426 5093 3761 5152 cooperantur

2184 5175 2235 5228 in
2270 5176 2476 5229 bonum.
2507 5177 2849 5244 Qumcunqne
2880 5176 3189 5240 fecerimus,
3219 5175 3303 5230 vel
3336 5174 3598 5230 fuerimus
3622 5173 3759 5243 passi

2186 5274 2404 5334 propter
2455 5264 2835 5332 dilectionem,
2886 5265 3066 5320 omnia
3125 5264 3280 5321 nobis
3333 5265 3398 5318 ad
3459 5264 3757 5319 mercedem

2182 5362 2542 5415 concurrunt:
2574 5357 2690 5413 sive
2712 5369 3089 5426 cooperantur,
3118 5357 3220 5414 hoc
3240 5368 3323 5414 est
3342 5366 3622 5424 crescunt;
3650 5358 3760 5412 sive

2183 5446 2467 5513 adjuvante
2490 5448 2599 5502 Deo
2622 5453 2888 5503 contrar‘a
2915 5458 3196 5505 vertuntur
3218 5450 3269 5504 in
3302 5464 3647 5521 proSperum,
3679 5462 3758 5503 se-

2182 5538 2416 5593 cundum
2450 5539 2576 5593 illud
2604 5556 2617 5591 :
2656 5539 2843 5594 Omnia
2873 5554 3205 5611 quaecunque
3231 5539 3449 5607 feceris,
3476 5546 3767 5610 prosperas

2184 5626 2401 5681 buntur.
2435 5627 2531 5681 llis
2569 5628 2655 5696 qui
2694 5632 2988 5682 secundum.
3026 5627 3180 5683 Sicut
3214 5638 3271 5684 et
3316 5642 3415 5683 nos
3462 5629 3598 5683 dicit
3636 5637 3758 5680 ante

2187 5720 2368 5772 mundi
2395 5720 2830 5775 constitutionem
2856 5719 3077 5776 electos.
3106 5719 3440 5791 Propositum
3461 5720 3624 5775 vocati
3642 5727 3758 5773 sunt
