4004 6354
230 332 339 393 ωδ

1098 333 1165 389 ΙΝ
1206 331 1588 388 Εριδτοωιιι
1618 332 1709 388 AD
1740 327 2065 390 ΙὶΟὶΙΑΧΟΘ
2102 333 2623 392 ΟΟΜΜΕΝΤΑΒΙᾹ.

3388 330 3494 389 ιω

229 453 415 519 sparti.
442 451 777 522 Propositum
804 450 896 508 Dei
918 459 1022 518 est,
1048 460 1106 507 ut
1127 453 1244 507 sine
1271 451 1523 520 operibus
1548 450 1703 521 legis,
1728 450 1811 503 vel
1845 450 1890 509 A
1920 448 2129 505 fuerant
2169 453 2269 507 sub
2311 460 2529 522 peccato
2568 450 2842 506 conclusa.
2880 450 2938 504 Si
2982 449 3131 521 quasi
3168 449 3510 506 conﬁrmans
3569 444 3581 467 '

230 548 641 615 qnihuscunque
676 544 798 599 aliis
832 545 1038 600 meritis
1076 560 1170 612 per
1209 544 1365 599 iidem
1405 543 1575 599 solum
1610 541 1810 609 justiﬁ-

230 647 376 701 caret
407 636 618 705 impios,
642 652 761 706 qua:
781 635 913 691 ﬁdes
933 650 1038 691 non
1057 651 1123 689 ex
1148 643 1355 699 natura,
1376 633 1468 689 sed
1497 634 1591 687 Dei
1612 633 1809 687 donum

231 744 312 785 cst
344 746 355 781 :
392 728 595 784 fructus
639 728 862 798 spiritus
902 736 985 783 est
1024 727 1163 785 inter
1190 735 1384 781 caetera
1422 734 1478 779 et
1509 723 1659 778 ﬁdes.
1695 722 1809 777 Non

232 821 378 878 enim
392 834 581 874 omnes
595 819 789 885 vocati,
814 818 1109 875 secundum
1127 816 1457 887 propositum
1476 824 1598 869 sunt
1614 813 1809 877 vocati;

234 913 489 983 quoniam
507 910 657 966 multi
673 911 865 976 vocati,
883 909 1037 981 pauci
1050 909 1231 966 electi.
1252 907 1356 977 Ipsi
1374 922 1505 976 ergo
1519 906 1812 981 secundum

236 1003 570 1072 propositum
601 1002 803 1068 vocati,
833 1001 923 1069 qui
959 1009 1014 1056 et
1040 998 1194 1055 electi
1220 1009 1345 1053 ante
1374 998 1813 1052 constitutionem

239 1093 452 1155 mundi.
478 1092 616 1152 Nam
646 1110 772 1161 quos
792 1092 1041 1163 praesciuit
1067 1102 1111 1145 et
1142 1090 1514 1162 pra'destinavit
1534 1089 1817 1158 conformes

235 1186 352 1255 ﬁeri
373 1186 610 1257 imaginis
627 1185 756 1240 Filii
779 1186 880 1238 sui.
906 1183 1329 1248 Praedestinavit,
1351 1190 1408 1237 ut
1426 1182 1515 1252 qui
1536 1181 1679 1235 dono
1701 1181 1818 1249 ejus

236 1278 531 1345 conformis
567 1286 714 1332 esset
752 1278 807 1333 in
847 1276 986 1340 vita,
1019 1283 1163 1330 esset
1188 1274 1485 1330 conformis
1528 1274 1579 1326 in
1610 1273 1814 1341 gloria:

237 1371 326 1439 qui
351 1371 531 1424 transl.
555 1370 749 1422 rmavit
769 1384 962 1437 corpus
986 1367 1299 1422 humilitatis
1326 1376 1524 1421 nostrae
1543 1365 1819 1420 conforme

239 1458 450 1524 corpori
486 1458 740 1512 claritatis
768 1473 906 1516 suae.
947 1457 1101 1512 Unde
1131 1468 1183 1513 et
1212 1457 1447 1512 Joannes
1474 1474 1485 1509 :
1524 1456 1741 1511 Similes
1767 1456 1817 1508 ci

240 1549 461 1602 erimus.
497 1547 563 1602 Ut
600 1547 666 1602 sit
694 1548 804 1617 ipse
842 1548 1206 1618 primogenitus
1255 1549 1307 1599 in
1348 1546 1519 1599 inuitis
1550 1545 1817 1614 fratribus.

242 1640 635 1711 Primogenitus
662 1657 727 1695 ex
758 1640 1016 1702 mortuis,
1049 1640 1171 1706 quia
1204 1640 1365 1696 habet
1391 1639 1589 1704 multos
1629 1652 1823 1706 prre'er

241 1746 324 1787 se.
367 1732 507 1797 Quos
550 1740 719 1785 autem
756 1731 1153 1799 praedestinavit,
1188 1730 1282 1789 llic
1326 1729 1725 1798 praedestinatio
1768 1730 1821 1782 in

1916 544 2261 611 pronunties,
2307 554 2505 615 quanta
2563 544 2897 614 perversitas
2934 543 3195 599 oriaturt
3223 542 3315 599 Sic
3366 557 3499 612 ergo

1915 636 2362 705 pronuntiandum
2392 644 2496 704 est,
2523 651 2586 692 ac
2610 636 2656 692 si
2682 636 2951 692 diceretur
2970 653 2983 689 :
3004 636 3213 691 Deusne
3234 635 3359 705 quid
3376 636 3495 707 jus-

1916 723 2117 778 tilicat?
2146 733 2204 779 ut
2235 727 2610 781 subaudiatur:
2638 726 2753 781 Non
2786 728 2987 796 utique.
3022 727 3157 782 Deus
3185 728 3274 798 qui
3295 726 3497 800 justiﬁe-

1914 825 2014 868 cal.
2041 815 2421 872 Subaudiendo
2442 817 2724 887 :Nunquid
2754 819 2892 873 Deus
2920 820 3008 886 qni
3038 834 3128 884 per
3147 834 3241 873 eos
3268 820 3417 888 signa
3439 827 3504 873 es

1914 909 2176 966 mirabilia
2210 910 2365 977 facit,
2411 913 2501 983 qui
2539 928 2637 969 eos
2675 914 2840 983 gratis
2869 913 3212 984 justiticavit?
3253 914 3381 979 Quis
3419 921 3498 967 est

1914 1003 2003 1073 qui
2029 1002 2369 1059 condemnet!
2405 1005 2568 1072 Quasi
2598 1005 2888 1075 interrogat
2914 1021 2930 1061 :
2959 1007 3090 1073 Quis
3127 1016 3209 1062 est
3237 1007 3326 1076 qui
3359 1021 3493 1062 con-

1915 1094 2167 1148 demnet?
2205 1105 2295 1149 aut
2328 1095 2597 1151 dimittet?
2630 1097 3039 1168 Intelligendum
3079 1106 3199 1153 est:
3249 1098 3497 1167 Nunquid

1917 1184 2194 1239 Christus?
2221 1186 2286 1239 Et
2316 1187 2608 1254 respondet
2632 1205 2646 1241 :
2675 1190 2777 1256 Qui
2818 1198 3059 1243 mortuus
3081 1198 3163 1244 cst
3189 1204 3285 1259 pro
3317 1189 3495 1256 nobis,

1920 1276 2033 1345 ipse
2058 1292 2156 1332 nos
2176 1278 2537 1341 condemnat?
2572 1280 2743 1334 Absit.
2770 1280 2881 1335 lmo
2906 1281 2998 1350 qui
3018 1290 3072 1336 et
3100 1282 3413 1348 resurrexit,
3442 1289 3502 1336 et

1919 1376 2000 1421 est
2022 1367 2072 1421 in
2103 1367 2430 1425 beatitudine
2462 1370 2656 1426 Patris.
2690 1370 2788 1438 Qui
2812 1372 2951 1425 sicut
2979 1386 3074 1441 per
3094 1372 3235 1427 servi
3269 1371 3495 1426 formam

1920 1469 2070 1530 rogat
2119 1477 2214 1529 pro
2255 1454 2409 1516 nabis
2463 1464 2696 1527 Patrem,
2727 1473 2783 1520 et
2808 1464 2969 1519 etiam
3001 1478 3098 1518 nos
3125 1464 3341 1520 exaudit
3370 1479 3497 1520 cum

1922 1550 2099 1615 Patre,
2127 1552 2367 1621 nunquid
2395 1552 2508 1622 ipse
2530 1568 2627 1608 nos
2656 1554 2934 1609 accusabit
2961 1564 3057 1609 aut
3082 1555 3498 1609 condemnabit?

1922 1639 2155 1694 Christus
2176 1638 2327 1695 Jesus
2353 1642 2453 1711 qui.
2471 1652 2695 1698 mortuus
2719 1655 2830 1697 est:
2852 1645 2954 1703 imo
2980 1644 3067 1714 qui
3089 1646 3390 1699 resurrexit.
3411 1645 3504 1700 ille

1927 1744 2025 1784 nos
2068 1740 2269 1784 tantum
2310 1732 2526 1795 dilexit,
2562 1747 2618 1788 ut
2658 1736 2819 1789 etiam
2861 1746 3161 1791 moreretur
3199 1752 3292 1806 pro
3326 1737 3501 1791 nobis.

243 1825 580 1895 temporibus
601 1824 937 1893 intelligitur,
963 1838 1067 1878 non
1100 1823 1152 1887 in
1179 1823 1336 1892 hujus
1366 1824 1620 1891 temporis
1649 1823 1819 1876 ltomi-
1852 1814 1900 1873 Β
1931 1823 2031 1889 Qui
2057 1834 2133 1877 est
2158 1825 2226 1876 ad
2254 1826 2514 1877 dexteram
2544 1825 2659 1883 Dei.
2693 1826 2796 1881 Ubi
2828 1827 2915 1882 ille
2938 1838 3058 1892 est,
3087 1838 3141 1883 et
3172 1844 3269 1883 nos
3295 1828 3513 1883 venturi

245 1917 402 1981 nibus
432 1936 445 1972 :
478 1918 536 1979 id
552 1924 667 1988 est,
698 1926 751 1971 et
776 1925 901 1975 ante
924 1916 1121 1986 legem,
1154 1915 1252 1969 sub
1279 1914 1396 1983 lege
1421 1922 1475 1969 et
1502 1914 1609 1973 sub,
1630 1912 1819 1983 gratia.

248 2008 356 2067 sed
380 2009 681 2078 quicunque
711 2017 837 2065 tunc
864 2008 1051 2066 salvati
1081 2016 1226 2072 sunt,
1260 2006 1349 2060 Dei
1376 2004 1548 2076 gratia
1577 2015 1697 2059 sunt
1720 2004 1825 2060 sal.-

248 2100 379 2163 vati,
410 2099 618 2169 dicente
644 2100 932 2166 Apostolo:
966 2098 1235 2153 Ilahcntes
1260 2106 1436 2151 autem
1455 2096 1817 2164 eumdemspi-

248 2190 410 2244 ritum
447 2189 590 2244 ﬁdei.
624 2189 734 2255 ιιυε
761 2199 807 2242 et
840 2190 1047 2246 vacavit.
1088 2188 1337 2243 Homines
1368 2186 1422 2240 in
1455 2188 1555 2243 hoc
1586 2195 1825 2255 tempore

246 2280 324 2345 ad.
346 2279 504 2345 fulem
537 2279 773 2345 vocavit,
804 2281 925 2347 quia
958 2279 1098 2347 apud
1130 2260 1253 2333 eum
1283 2288 1566 2347 antequam
1598 2281 1825 2341 mundus

243 2382 415 2438 esset,
441 2382 595 2427 erant
616 2373 805 2427 vocati.
838 2372 1105 2427 Vocantur
1126 2383 1306 2425 autem
1329 2385 1425 2439 per
1445 2370 1569 2434 ﬁdei
1601 2369 1827 2439 inspira-

246 2467 471 2534 tionem,
503 2476 556 2517 et
578 2478 672 2532 per
698 2463 1127 2521 exhortationem
1146 2504 1160 2526 ,
1194 2472 1248 2517 ct
1274 2463 1457 2517 divina
1484 2466 1824 2532 operatione,

238 2555 603 2625 justilicantur
633 2570 727 2625 per
753 2555 1110 2624 baptismum,
1153 2555 1518 2625 glorificantur
1549 2571 1646 2625 per
1688 2571 1826 2625 prau-

248 2648 439 2712 mium,
459 2647 571 2701 sive
594 2648 646 2702 in
672 2662 811 2716 praes
846 2649 919 2702 nti
948 2664 1042 2718 per
1068 2649 1349 2715 virtutem;
1383 2648 1478 2703 sed
1506 2648 1622 2703 haec
1648 2650 1827 2704 omnia

245 2747 377 2794 sunt
401 2739 541 2794 dona
575 2740 669 2805 Dei
697 2758 710 2793 :
745 2740 868 2808 quia
897 2740 1026 2802 dicit
1047 2740 1173 2797 alibi
1203 2758 1216 2793 ε
1251 2741 1319 2796 Ut
1348 2740 1595 2810 dignetur
1614 2756 1709 2795 vos
1739 2757 1832 2794 vo-

246 2830 464 2891 catione
488 2846 605 2899 sua.
641 2829 707 2884 Et
738 2831 905 2898 illud:
936 2831 1037 2901 Qui
1068 2848 1161 2897 vos
1194 2833 1403 2897 vocavit
1432 2832 1483 2896 in
1514 2833 1682 2902 gratia
1710 2834 1823 2903 Dei,

242 2922 521 3005 iustiﬁcati
551 2926 749 2993 gratis,
784 2926 881 2993 qui
922 2936 1174 2994 cperatur
1211 2927 1392 2984 omnia
1436 2927 1488 2980 in
1532 2928 1827 2989 omnibus:

248 3013 373 3083 quia
416 3014 528 3083 ipse
569 3018 666 3081 nos
703 3017 899 3085 eripuit
939 3017 1007 3071 de
1048 3026 1313 3086 potestate
1356 3017 1732 3085 tenebrarum,
1775 3029 1832 3072 et

249 3109 521 3163 transtulit
546 3108 600 3161 in
624 3125 846 3177 regnum
878 3110 1184 3164 dilectionis
1211 3126 1324 3164 sua:
1349 3130 1361 3165 :
1387 3127 1491 3164 non
1517 3113 1705 3181 ipsius,
1733 3114 1827 3167 sed

1928 1932 2145 1983 sumus;
2172 1917 2463 1979 secundum
2498 1916 2768 1979 hominem
2792 1926 3001 1986 tractat,
3026 1921 3319 1975 secundum
3345 1933 3506 1990 quem

1928 2020 2171 2066 mortuus
2200 2020 2302 2075 est,
2327 2021 2381 2063 et
2408 2011 2792 2080 primogenitus
2825 2012 2995 2065 lactus
3014 2026 3080 2067 ex
3113 2014 3363 2066 mortuis.
3398 2013 3502 2077 Qui

1928 2101 2084 2156 etiam
2115 2100 2404 2169 interpellat
2434 2119 2526 2171 pro
2549 2101 2714 2155 nobis.
2744 2102 2932 2157 Solent
2958 2102 3140 2156 Ariani
3169 2102 3380 2157 dicere:
3404 2103 3506 2156 Mi-

1930 2205 2031 2245 nor
2060 2190 2248 2259 estqui
2276 2191 2609 2259 interpellat.
2626 2190 3075 2258 Respondendum
3097 2199 3202 2256 e~t,
3222 2191 3511 2245 Dominum

1930 2283 2251 2347 oblivionem
2277 2296 2381 2334 non
2410 2282 2540 2351 pati,
2577 2294 2631 2336 ut
2663 2298 2759 2352 pro
2788 2285 2891 2338 illis
2927 2298 3140 2353 semper
3164 2298 3507 2339 commonea-

1930 2383 2016 2429 tur
2039 2390 2173 2445 quos
2202 2376 2315 2444 ipse
2338 2374 2675 2444 jnstiticavit.
2704 2375 2818 2431 Sed
2838 2375 2894 2431 in
2923 2375 3025 2430 hoc
3060 2375 3406 2444 interpellare
3427 2375 3511 2430 di~

1931 2468 2091 2535 citur,
2122 2466 2250 2521 dum
2279 2480 2493 2533 semper
2522 2466 2823 2530 hominem,
2854 2481 3012 2536 quem
3046 2467 3281 2533 suscepit
3310 2465 3511 2535 glorilic
3546 2538 3553 2545 _

1931 2566 2134 2622 catum,
2166 2556 2322 2626 quasi,
2344 2565 2584 2613 nostrum
2616 2556 2806 2626 pignus
2830 2558 2970 2615 l’atri
3003 2556 3235 2611 ostendit
3255 2566 3307 2610 et
3328 2556 3507 2621 oﬂ‘ert,

1934 2659 1994 2703 ut
2020 2662 2177 2702 verus
2216 2656 2271 2703 et
2312 2659 2547 2713 aeternus
2575 2648 2863 2713 Sacerdos.
2901 2649 3002 2703 Per
3032 2664 3196 2718 quem
3236 2647 3510 2708 hominem

1933 2753 1989 2803 et
2019 2742 2193 2797 minor
2221 2742 2414 2799 dicitur
2446 2759 2459 2794 :
2498 2743 2638 2803 sicut,
2668 2743 2842 2795 anima
2881 2751 2935 2799 et
2968 2755 3166 2810 corpus
3205 2756 3271 2795 ex
3301 2739 3510 2795 diversa

1933 2832 2228 2895 substantia
2254 2846 2389 2885 unus
2414 2842 2496 2893 est
2525 2830 2684 2889 homo
2709 2871 2725 2896 ,
2760 2832 2830 2886 ita
2866 2831 3000 2884 Deus
3028 2840 3083 2885 et
3111 2833 3293 2893 homo,
3331 2846 3398 2884 ex
3425 2831 3509 2883 di-

1934 2936 2086 2989 versa
2118 2922 2413 2975 substantia
2448 2937 2587 2976 unus
2615 2929 2699 2976 cst
2726 2921 2993 2976 Christus.
3028 2923 3101 2975 Ac
3134 2936 3229 2989 per
3260 2919 3361 2991 hoc
3389 2935 3510 2975 cum

1933 3017 2001 3071 sit
2025 3017 2138 3084 ipse
2165 3032 2299 3070 unus
2328 3030 2394 3069 ex
2435 3016 2647 3069 diversa
2679 3014 2998 3077 substantia,
3030 3016 3144 3082 ipse
3172 3029 3231 3069 se
3258 3012 3496 3082 quodam-

1935 3109 2095 3162 modo
2132 3107 2294 3177 petit,
2344 3107 2458 3173 ipse
2497 3106 2891 3174 quodammodo
2929 3119 3025 3173 pro
3066 3106 3221 3158 nobis
3267 3103 3505 3156 exaudit.

248 3200 399 3255 Filii.
431 3200 496 3255 El
518 3217 642 3270 quos
690 3202 910 3265 vocarit,
943 3205 1033 3256 nos
1058 3212 1105 3255 et
1135 3204 1441 3274 justiﬁcavit
1460 3219 1480 3269 ;
1510 3220 1635 3271 quos
1662 3215 1829 3258 autem
1858 3184 1905 3246 C
1940 3199 2067 3263 Quis
2103 3212 2195 3249 nos
2224 3196 2478 3262 separabit
2508 3212 2541 3247 a
2568 3198 2815 3247 clturitate
2851 3193 3078 3248 Christi?
3114 3192 3398 3256 tribulatio,
3445 3208 3512 3244 an

240 3294 569 3364 justiﬁcavit,
598 3296 714 3349 illos
751 3304 796 3350 et
825 3296 1186 3366 magni/ienuit.
1217 3295 1460 3365 Magnum
1492 3306 1575 3353 est
1613 3297 1705 3352 tibi
1735 3314 1825 3352 vo-

249 3385 366 3447 cari
405 3399 615 3440 servum
648 3401 860 3451 meum;
894 3403 1029 3455 quos
1074 3397 1191 3455 post
1223 3390 1668 3443 resurrectionem
1714 3390 1830 3459 glo-

251 3477 557 3545 rilicaturus
585 3487 687 3532 est.
719 3478 807 3532 Illa
836 3478 1015 3533 omnia
1042 3478 1152 3547 jam
1182 3480 1321 3534 facta
1346 3490 1502 3547 sunt,
1534 3484 1827 3549 praascivit,

250 3570 687 3647 praedestinavit,
724 3573 971 3638 vocavit,
1018 3583 1071 3628 et
1107 3573 1433 3641 jnstilicavit.
1480 3576 1738 3643 Quoniam
1779 3588 1833 3632 ct

250 3674 444 3733 omnes
481 3660 591 3730 jam
624 3663 854 3732 ιιι-ειεξεοίιί
897 3672 949 3717 et
987 3664 1351 3733 prmdestinati
1392 3676 1552 3732 sunt,
1591 3676 1647 3723 et
1681 3670 1831 3724 multi

246 3755 362 3825 jam
394 3754 567 3807 vocati
597 3762 755 3823 atque
778 3754 1076 3823 jnstilicati.
1111 3755 1261 3823 Quod
1287 3766 1465 3810 autem
1495 3758 1569 3811 ait
1594 3776 1607 3810 :
1634 3759 1752 3814 lllos
1779 3770 1834 3815 ct

248 3843 569 3913 gloriﬁcavit
597 3886 612 3908 ,
651 3844 736 3897 illa
767 3844 933 3913 gloria
972 3845 1313 3915 intelligenda
1352 3858 1435 3904 est
1471 3848 1576 3915 hic,
1624 3848 1691 3903 de
1730 3867 1832 3917 qua

252 3937 399 3989 idem
428 3935 556 3989 dicit
576 3954 586 3986 :
603 3934 736 3990 Cum
762 3935 1004 3999 Christus
1021 3938 1325 4005 apparuerit
1350 3938 1451 3991 vita
1477 3949 1682 4002 vestra,
1708 3949 1833 4000 tunc

251 4039 310 4082 et
333 4042 431 4081 vos
458 4028 780 4097 apparebitis
808 4044 927 4093 cum
956 4028 1045 4091 illo
1078 4030 1127 4081 in
1158 4029 1353 4097 gloria.
1387 4029 1525 4096 Quid
1556 4047 1673 4102 ergo
1696 4033 1835 4085 dicc-

251 4135 367 4171 mus
404 4121 475 4172 ad
503 4120 650 4181 Ιρατῖ)
686 4120 747 4173 Si
777 4119 915 4186 Deus
957 4138 1050 4191 pro
1079 4123 1242 4188 nobis,
1273 4122 1387 4191 quis
1413 4132 1587 4175 contra
1619 4126 1750 4177 nos?
1779 4126 1834 4182 Si

256 4211 398 4264 Deus
430 4226 525 4265 nos
554 4212 789 4278 adjuvat,
812 4212 933 4281 quis
962 4213 1116 4265 nobis
1147 4213 1394 4267 nocebit?
1425 4213 1482 4267 Si
1508 4213 1646 4267 Dcus
1670 4218 1836 4281 gratis

252 4320 355 4357 nes
379 4303 490 4356 vult
511 4303 825 4385 justilicarv,
862 4304 980 4373 quis
1006 4304 1132 4357 dit-it
1158 4321 1172 4373 ς
1206 4304 1320 4361 Non
1348 4314 1520 4371 potest
1543 4306 1690 4367 licri?
1717 4307 1838 4365 γυιι
1862 4320 1865 4323 ‘

252 4392 543 4463 ostendere
560 4392 783 4459 multum
803 4406 921 4443 esse
939 4392 1075 4458 quod
1097 4391 1425 4462 accepimus,
1440 4400 1493 4444 et
1518 4394 1660 4461 quod
1679 4409 1837 4447 nemo

252 4486 544 4555 praevaleat
589 4483 845 4551 impedire
878 4483 1204 4537 voluntatem
1241 4485 1368 4549 Dei,
1407 4487 1494 4555 qui
1545 4488 1686 4555 quod
1728 4490 1837 4544 vult

253 4562 409 4643 facit.
450 4575 551 4641 Qui
592 4574 744 4627 etiam
774 4577 983 4645 pmprio
1022 4574 1163 4630 Filio
1207 4595 1301 4633 suo
1329 4596 1432 4633 non
1474 4585 1718 4651 pepercit,
1746 4587 1837 4638 sed

251 4684 351 4743 pro
379 4667 520 4735 nobis
549 4665 776 4719 omnibus
806 4668 1017 4729 tradidit
1057 4669 1201 4729 ifluat
1227 4686 1245 4723 :
1272 4674 1526 4741 quantodo
1556 4690 1655 4733 non
1685 4678 1836 4739 etiam

249 4778 372 4818 cum
410 4759 500 4813 illo
530 4760 699 4813 omnia
730 4762 870 4815 nob's
898 4762 1103 4815 donarit
1125 4766 1150 4818 ἱ)
1188 4764 1301 4818 Non
1335 4767 1574 4835 pepercit
1614 4772 1835 4836 permit:

252 4855 419 4913 tendo
445 4853 601 4921 tradi,
627 4863 680 4907 ut
701 4864 750 4907 ct
783 4853 1113 4912 tradentibus
1140 4856 1362 4912 libertas
1386 4871 1724 4926 permaneret
1746 4878 1833 4914 ar-

255 4946 401 5015 bitrii
433 4945 498 4999 ad
535 4947 885 5016 peccandum,
928 4957 981 5002 et
1010 4949 1163 5009 nob's
1199 4945 1465 5017 patientiae
1512 4963 1833 5010 monstraret

252 5039 580 5107 exemplum.
620 5039 751 5091 Nam
793 5037 1007 5097 Christo
1045 5041 1178 5107 quid
1218 5042 1375 5101 habet
1422 5045 1640 5107 charius
1689 5047 1833 5113 quod

256 5130 411 5183 nobis
451 5137 637 5201 neget,
668 5130 755 5205 qui
786 5145 881 5197 pro
906 5130 1060 5197 nobis
1092 5133 1307 5199 proprio
1340 5133 1473 5191 Filio
1503 5150 1606 5188 non
1640 5151 1742 5206 pep
1778 5153 1833 5194 ιφ

253 5226 361 5291 cit?
392 5224 506 5277 Non
537 5224 708 5294 solum
737 5234 914 5289 autem
943 5239 972 5289 ει
1001 5225 1157 5281 Patre
1183 5234 1263 5281 est
1291 5226 1538 5291 traditus,
1564 5229 1655 5283 sed
1682 5245 1714 5286 a
1743 5246 1833 5286 se-

255 5321 516 5385 metipso,
545 5317 697 5371 sicuti
729 5316 859 5382 alibi
892 5316 1020 5381 dicit
1048 5333 1062 5369 :
1092 5317 1193 5383 Qui
1227 5319 1444 5373 tradidit
1485 5322 1831 5388 semetipsum

253 5411 580 5467 oblationem
608 5421 659 5472 et
680 5408 899 5463 odorem
926 5409 1037 5465 Deo
1060 5411 1111 5465 in
1136 5410 1357 5466 odorem
1378 5412 1680 5472 suavitatis.
1707 5413 1837 5479 Quis

255 5501 511 5555 accusabit
528 5500 713 5554 electos
736 5500 867 5553 Dei?
886 5502 1016 5568 Quis
1040 5503 1307 5557 accusabit
1329 5518 1463 5573 quos
1488 5504 1626 5558 Dens
1650 5504 1831 5574 elegit,

254 5601 309 5649 et
338 5592 457 5647 fecit
489 5590 768 5644 credentes
799 5592 849 5644 in
872 5592 965 5646 se?
988 5592 1130 5647 Deus
1151 5594 1319 5663 signis
1338 5604 1391 5648 et
1413 5594 1698 5659 virtutibus
1723 5594 1833 5663 jam

255 5701 374 5740 esse
398 5684 570 5754 jnstos
600 5684 810 5753 probat,
851 5694 1036 5741 contra
1061 5702 1153 5741 eos
1185 5687 1273 5755 qni
1302 5687 1485 5741 dicunt
1510 5704 1524 5741 :
1551 5686 1665 5741 Non
1711 5698 1837 5742 sunt

255 5778 413 5855 justi,
453 5777 551 5832 nisi
590 5792 731 5859 quos.
769 5779 854 5848 lex,
877 5778 1286 5862 justiﬁeavcrit:
1328 5795 1449 5845 cum
1492 5788 1617 5840 tunc
1653 5781 1833 5839 omnia

1935 3288 2191 3358 angustia,
2217 3304 2281 3339 an
2307 3286 2487 3355 fames,
2515 3302 2581 3338 an
2613 3285 2914 3351 persecutio,
2937 3301 3004 3337 an
3026 3283 3253 3347 auditas,
3275 3298 3343 3335 an
3370 3283 3508 3350 peri.-

1935 3382 2126 3446 culum,
2156 3396 2222 3433 an
2245 3378 2489 3449 gladius?
2519 3378 2647 3430 sicut
2674 3378 2919 3447 scriptum
2942 3385 3036 3430 est.
3066 3376 3240 3433 Judaei
3270 3376 3392 3431 illos
3420 3390 3511 3431 889

1935 3488 2129 3543 parare
2158 3472 2409 3525 volebant
2440 3485 2471 3525 a
2506 3470 2745 3537 Christo,
2776 3470 3017 3531 volentes
3041 3484 3134 3526 eos
3161 3469 3227 3528 ad
3258 3468 3392 3538 legis
3420 3483 3510 3523 cu—

1872 3578 1879 3584 '
1934 3562 2161 3617 stodiam
2196 3575 2468 3624 revocare.
2499 3560 2629 3624 Post
2667 3568 2810 3627 tanta
2835 3568 2890 3615 et
2921 3570 3025 3613 tam
3058 3558 3314 3627 praeclara
3349 3559 3513 3613 bene-

1937 3652 2051 3720 ﬁcia
2078 3662 2129 3708 et
2158 3652 2456 3721 promissa,
2489 3650 2613 3721 quis
2656 3649 2809 3715 nobis
2852 3650 2957 3709 tale
2997 3649 3196 3718 aliquid
3233 3649 3383 3704 dabit
3421 3660 3514 3703 aut

1938 3747 2231 3826 promittet,
2266 3752 2323 3799 ut
2351 3758 2384 3809 a
2406 3744 2623 3802 Christo
2654 3748 2848 3799 merito
2874 3744 3208 3810 reCedamus,
3233 3743 3325 3813 qui
3350 3744 3513 3798 ctiam

1936 3837 2168 3905 animam
2191 3849 2342 3891 suam
2372 3835 2551 3905 posuit
2575 3850 2669 3905 pro
2701 3834 2888 3890 nobis?
2923 3834 3057 3902 Quia
3082 3845 3288 3905 propter
3310 3843 3356 3890 te
3375 3850 3515 3888 mor-

1936 3930 2195 3996 tiﬁcamur
2222 3934 2330 3993 tota
2357 3927 2461 3997 die,
2488 3927 2766 3991 existimati
2790 3942 2966 3983 sumus
2996 3935 3049 3979 ut
3078 3941 3193 3979 oves
3222 3926 3511 3983 occisionis.

1940 4018 2083 4072 Beati
2115 4018 2246 4084 estis
2285 4032 2407 4082 cum
2442 4031 2538 4072 vos
2586 4024 2982 4087 persequuntur
3029 4026 3245 4085 propter
3280 4031 3386 4073 me.
3423 4016 3516 4081 Et,

1938 4120 2156 4178 propter
2185 4117 2266 4173 te,
2305 4108 2407 4176 ait,
2441 4122 2547 4169 non
2579 4120 2797 4177 propter
2832 4107 3045 4177 aliquod
3090 4108 3296 4173 crimen
3342 4114 3517 4167 morte

1938 4184 2206 4261 altic'mnr
2237 4215 2249 4249 :
2283 4207 2334 4249 et
2362 4210 2581 4267 propter
2606 4205 2659 4255 te
2686 4206 2909 4252 mortem
2940 4200 3265 4250 sustinemus
3291 4210 3414 4249 cum
3439 4197 3515 4250 vi,

1938 4303 2055 4341 cem
2111 4286 2314 4340 referre
2356 4288 2642 4352 poSsimus.
2688 4286 2745 4339 in
2787 4287 2943 4339 nobis
2989 4284 3225 4337 maxime
3265 4284 3521 4352 impletur.

1942 4379 2041 4431 hoc
2072 4377 2462 4443 testimonium,
2494 4377 2685 4445 quibus
2720 4391 2819 4430 nec
2858 4376 3108 4431 resistere
3137 4377 3288 4443 licet,
3330 4391 3516 4440 exeat.

1942 4468 2083 4540 plum
2114 4465 2352 4535 magistri
2395 4478 2449 4523 et
2478 4466 2678 4520 domini
2708 4464 3075 4534 sequentibus,
3104 4466 3200 4537 qui
3225 4466 3372 4521 velut
3397 4467 3520 4527 ovis

1869 4559 1913 4615 D
1941 4567 2004 4621 ad
2030 4566 2354 4627 occisionem
2381 4565 2577 4620 ductus
2605 4579 2707 4625 cst.
2735 4565 2841 4619 Sed
2864 4565 2916 4626 ia
2944 4565 3023 4621 Itis
3043 4566 3273 4631 omnibus
3305 4583 3518 4636 superae

1944 4676 2077 4723 mus,
2108 4669 2311 4729 propter
2336 4659 2563 4729 eumqui
2594 4658 2771 4724 dilerit
2801 4673 2912 4723 nos,
2945 4656 3048 4711 llas
3070 4674 3260 4713 omnes
3290 4659 3517 4714 tribula-

1944 4751 2117 4816 tiones
2150 4751 2215 4804 ad
2257 4750 2480 4815 nihilum
2518 4749 2761 4817 ducimus
2805 4760 3020 4819 propter
3048 4765 3173 4813 eum
3218 4750 3309 4820 qui
3351 4752 3515 4808 etiam

1942 4858 2039 4896 nos
2060 4851 2259 4907 tantum
2278 4840 2487 4904 dilexit,
2506 4849 2561 4895 ut
2579 4856 2675 4909 pro
2699 4840 2854 4905 nobis
2875 4850 3202 4908 moreretur:
3227 4850 3281 4894 et
3300 4843 3515 4910 quando

1942 4951 2037 5005 pro
2074 4936 2189 5003 ejus
2231 4934 2446 5001 nomine
2482 4935 2771 4997 tnorimur,
2807 4943 2933 4997 tunc
2962 4933 3190 5001 maxime
3219 4935 3517 5004 triumpha-

1940 5043 2077 5085 mus.
2105 5026 2284 5093 Certus
2311 5043 2423 5080 attat
2454 5027 2586 5080 enim
2600 5068 2623 5099 ,ι
2647 5028 2789 5093 quod,
2818 5043 2979 5096 neque
3005 5043 3160 5093 mors,
3190 5043 3350 5095 neque
3384 5029 3506 5083 vita.

1939 5118 2133 5173 Certus
2163 5136 2278 5172 sum
2307 5136 2322 5172 :
2351 5119 2474 5187 quia
2506 5135 2603 5173 nec
2633 5120 2827 5185 simihi
2855 5120 2977 5189 quis
3007 5130 3231 5183 mortem
3258 5121 3511 5185 mittetur,

1940 5227 2037 5264 nec
2074 5211 2121 5265 si
2151 5210 2309 5264 vitam
2343 5210 2616 5277 promittat
2645 5219 2921 5277 aeternam.
2966 5209 3361 5280 Nequeangeli.
3402 5209 3514 5265 Nec

1938 5314 1985 5378 si
2022 5326 2081 5367 se
2115 5311 2359 5382 angelum
2394 5326 2425 5364 a
2458 5311 2567 5367 Deo
2606 5310 2750 5363 dicat
2786 5310 3047 5370 directum
3082 5327 3095 5365 :
3127 5310 3265 5364 sicut
3294 5310 3409 5377 ipse
3444 5311 3513 5364 ad

1944 5402 2158 5472 Galatas
2196 5403 2287 5456 ait.
2323 5401 2501 5471 Neque
2525 5402 2874 5471 principatus,
2907 5416 3065 5469 neque
3103 5402 3366 5454 instantia.
3405 5401 3516 5455 Nec

1943 5502 1987 5556 si
2012 5503 2061 5556 in
2085 5499 2332 5570 przesenti
2357 5500 2616 5563 honorem
2637 5499 2897 5554 conferat.
2918 5497 3097 5564 Neque
3114 5498 3305 5567 futura.
3332 5498 3516 5569 Neque

1944 5594 1995 5661 si~
2031 5595 2310 5663 praisentia
2355 5592 2515 5659 bona,
2554 5603 2607 5647 et
2638 5593 2690 5646 in
2726 5591 2905 5645 futuro
2949 5590 3171 5659 gloriam
3218 5591 3511 5660 promittat.

1945 5684 2125 5752 Neque
2176 5685 2442 5753 fortitudo.
2488 5683 2678 5753 Neque
2707 5682 2754 5739 si
2784 5681 3006 5736 virtutes
3034 5694 3308 5753 operetur.
3335 5682 3516 5749 Neque

1943 5777 2183 5843 altitudo.
2217 5779 2386 5850 Regni
2415 5776 2675 5835 caelorum
2710 5774 2795 5835 vel
2840 5777 3138 5849 sapientiae.
3170 5776 3349 5849 Neque
3387 5793 3515 5849 ιιι·οο
