4004 6354
495 359 601 440 451,
1131 425 1175 470 Ι

1606 336 1902 420 ιτιιιιιλέιι
1941 353 2391 412 Αῡηωιετωι
2435 356 2648 413 celse.

3682 365 3808 424 δα

494 433 730 547 tutulum.
774 476 959 546 Negtte
1003 433 1330 548 profti'uditas
1376 478 1633 541 s-icntite,
1688 477 1770 531 vel
1819 475 2080 532 infernus.
2111 473 2156 529 A
2189 488 2274 527 nes
2293 472 2380 544 qui
2401 471 2714 540 επιστ-αα,ἱὶ
2734 481 2849 527 sunt
2863 474 2961 543 ﬁlii
2976 472 3162 543 Israel,
3179 491 3341 547 neque
3357 477 3448 548 qui
3465 493 3647 534 semen
3663 492 3805 554 sua;

495 571 678 642 Neque
704 582 936 627 creatura
957 573 1062 626 alia
1089 574 1264 639 poterit
1285 587 1378 625 nos
1405 587 1666 641 separare.
1692 570 1917 626 Omnem
1943 584 2081 638 pene

496 676 796 724 creaturam
844 666 1163 727 nominavit,
1198 674 1252 720 et
1282 681 1386 720 non
1427 667 1524 719 fuit
1563 665 1648 718 his
1677 676 1981 728 contentus,
2030 672 2085 720 ct

496 758 734 814 addidit:
761 759 984 814 Etiamsi
1014 760 1083 814 sit
1123 758 1223 811 alia
1263 770 1540 824 creatura,
1602 775 1705 812 non
1748 759 1942 828 proterit
1987 775 2080 813 nos

496 865 752 921 separare
796 866 824 904 a
867 852 1121 905 eharitate
1165 850 1382 904 Christi.
1437 849 1589 906 Unde
1633 849 2080 905 considerandum

492 945 498 951 '
525 943 600 1012 ‘ua
629 944 732 999 dde
751 944 1038 1003 crediderit
1063 943 1296 999 Christo.
1324 947 1364 997 Α
1393 945 1642 999 charitate
1665 942 1759 997 Dei
1795 962 1909 1016 qua:
1938 948 2084 1000 estin

496 1033 701 1092 nhristo
736 1035 862 1091 Jesu
892 1036 1110 1091 Domino
1147 1047 1341 1094 nostra.
1373 1036 1619 1092 Charitas
1647 1036 1841 1092 Christi
1884 1053 1987 1092 non
2033 1039 2084 1092 in

497 1129 604 1189 hoc
631 1138 829 1184 tantum
853 1139 1083 1197 constat,
1105 1130 1150 1185 si
1173 1132 1290 1200 quis
1316 1130 1453 1185 dicat
1486 1147 1606 1186 eum
1631 1146 1687 1184 se
1718 1130 1955 1197 diligewe.
1991 1131 2087 1185 sed

500 1223 660 1289 etiam
704 1239 1035 1294 quazcunque
1075 1225 1274 1279 sanctis
1314 1225 1432 1296 «jus
1461 1224 1621 1290 ﬁunt,
1668 1224 1767 1279 sibi
1817 1224 1928 1279 fieri
1974 1223 2088 1293 ipse

505 1323 750 1382 testatur,
785 1315 968 1371 dicens
998 1335 1012 1371 :
1041 1317 1139 1382 Qui
1167 1331 1259 1372 vos
1281 1317 1489 1387 recipit,
1538 1332 1622 1371 me
1647 1317 1859 1385 recipit,
1885 1325 1990 1370 etc.
2023 1315 2088 1369 Et

500 1407 733 1464 Joannes
763 1410 877 1464 ait:
905 1410 959 1466 Si
991 1409 1207 1465 fratrem
1242 1419 1412 1473 tuum
1442 1427 1597 1480 quem
1621 1409 1792 1478 vides,
1829 1425 1935 1463 non
1964 1409 2084 1462 ditio

500 1501 604 1566 gis,
640 1494 952 1566 Dominum,
995 1516 1153 1570 quem
1184 1517 1288 1556 non
1321 1503 1489 1567 vides,
1521 1501 1788 1571 quomodo
1820 1511 1970 1568 potes
2007 1499 2089 1554 di-

513 1593 720 1662 ligere?
741 1580 1212 1655 [mo-dilectionem
1237 1593 1328 1648 Dei
1356 1595 1406 1647 in
1435 1593 1686 1648 fratribus
1719 1591 1884 1648 voluit
1905 1601 2088 1648 os'en-

505 1685 582 1750 di.
611 1685 896 1752 Quoniam,
926 1685 1116 1754 inquit,
1152 1685 1292 1740 Deus
1314 1685 1530 1738 dilectio
1554 1693 1657 1750 est,
1687 1693 1740 1739 et
1765 1692 1980 1738 etetera.
2025 1681 2091 1736 Et

507 1779 766 1834 Dominus
783 1797 796 1834 :
813 1781 867 1834 ln
895 1778 1015 1846 hoc,
1043 1781 1134 1845 ait,
1159 1789 1530 1848 cognoscetur,
1555 1779 1679 1849 quia
1709 1777 1955 1845 discipuli
1981 1775 2084 1831 mei

2187 566 2430 628 Abralue,
2453 582 2629 621 omnes
2650 567 2768 636 ﬁlii.
2804 565 2858 622 Si
2890 581 2994 621 non
3025 582 3236 635 omnes,
3269 578 3443 624 tamen
3485 571 3799 643 aliquanti,

2187 659 2275 728 qui
2302 659 2425 714 inde
2438 659 2592 714 electi
2605 670 2751 723 sunt,
2767 669 2822 714 et
2842 660 3274 728 lacticredentes;
3298 663 3342 718 si
3365 678 3469 718 non
3483 680 3688 720 omnes
3701 669 3802 740 qui

2187 765 2252 804 ex
2284 751 2466 814 Israel,
2482 752 2515 805 ii
2537 761 2662 806 sunt
2690 751 2875 818 Israel,
2898 767 3028 821 ergo
3051 755 3354 809 ecuntrario
3374 757 3523 811 multi
3547 759 3794 828 qui‘nou

2189 853 2306 912 sunt
2331 857 2399 896 ex
2427 842 2608 910 Israel,
2634 843 2665 898 ii
2688 852 2813 899 sunt
2832 845 3012 900 Israel.
3034 845 3169 900 Dicit
3185 846 3430 903 Salvator
3453 850 3626 906 :Ecce
3655 866 3803 917 vero,

2191 932 2448 1000 Israelita,
2479 935 2533 989 in
2555 949 2662 1005 quo
2687 935 2842 990 dolus
2870 951 2976 989 non
3000 944 3103 990 eet.
3127 937 3182 991 ln
3206 953 3311 1009 quo
3332 954 3462 1009 ergo
3481 941 3647 998 dolus
3679 954 3796 1012 est,

2191 1039 2294 1079 non
2309 1035 2386 1080 est
2401 1027 2799 1082 verelsraelita.
2817 1026 2923 1082 Sed
2945 1028 2996 1081 in
3019 1027 3174 1082 Isaac
3195 1031 3456 1086 vocabitur
3478 1033 3570 1087 tibi
3583 1051 3794 1089 samem

2188 1115 2246 1170 In
2281 1114 2424 1172 Isaac
2454 1127 2580 1172 tunc
2613 1120 2774 1172 etiam
2802 1122 2974 1182 vocati
3007 1129 3134 1178 sunt
3161 1120 3256 1187 filii
3284 1122 3532 1191 Abrahm,
3573 1141 3693 1182 non
3742 1130 3798 1196 in

2189 1205 2402 1279 Ismael,
2439 1221 2559 1269 cum
2600 1215 2654 1260 et
2686 1207 2798 1275 ipse
2851 1220 3034 1268 semen
3073 1207 3190 1278 ejus
3217 1221 3384 1266 esset.
3430 1211 3499 1281 ιιι
3525 1223 3627 1280 est,
3685 1231 3797 1268 non

2189 1296 2280 1366 qui
2306 1296 2405 1364 ﬁlii
2432 1298 2623 1366 carn's,
2655 1297 2711 1349 hi
2733 1298 2828 1365 ﬁlii
2853 1295 2969 1360 Dei.
2999 1299 3089 1352 sed
3119 1287 3207 1368 qui
3234 1301 3330 1368 ﬁlii
3357 1311 3478 1356 sunt
3501 1305 3795 1372 repromis-

2189 1388 2382 1454 sionis,
2425 1390 2747 1444 wstimantur
2779 1390 2831 1444 in
2866 1391 3058 1444 semine
3080 1401 3110 1445 :‘
3132 1393 3482 1462 promissionis
3513 1397 3661 1450 enim
3695 1398 3795 1450 hoc

2190 1482 2398 1538 verbum
2420 1494 2512 1538 est.
2541 1483 2607 1538 Et
2631 1483 2821 1539 Ismael
2844 1485 2986 1539 enim
3009 1485 3301 1540 secundum
3332 1489 3791 1545 consuetudinem

2192 1585 2349 1652 natus
2377 1584 2461 1632 est
2488 1591 2555 1645 ex
2579 1577 2794 1646 ancilla,
2827 1577 2972 1646 Isaac
2991 1592 3120 1631 vero
3151 1578 3263 1648 plus
3286 1579 3470 1633 habuit
3493 1595 3659 1650 quam
3695 1598 3793 1636 na-

2193 1679 2309 1728 tura
2340 1671 2533 1739 dahat,
2567 1673 2653 1742 qui
2681 1673 2791 1742 jam
2821 1673 2888 1741 de
2915 1673 3134 1737 senibus
3167 1690 3259 1743 per
3299 1678 3789 1745 repromissionem

2192 1773 2349 1820 natus
2371 1777 2470 1820 est.
2493 1766 2565 1820 ita
2587 1775 2639 1821 et
2660 1779 2800 1820 nunc
2821 1765 3149 1821 Christianos
3174 1768 3456 1835 promissio
3482 1768 3615 1824 facit
3642 1769 3790 1826 [ilius

501 1873 654 1943 estis,
688 1873 732 1927 si
763 1888 858 1927 vos
878 1874 1103 1930 invicem
1127 1874 1444 1929 dilexeritis.
1478 1874 1534 1930 Si
1562 1872 1780 1943 diligitis
1805 1887 1910 1936 me,
1935 1887 2084 1926 man-

2197 1858 2456 1924 Abrahae,
2490 1869 2595 1912 non
2636 1873 2762 1934 caro
2801 1867 2852 1912 et
2886 1857 3115 1912 imitat'n
3153 1859 3275 1913 lidei
3318 1859 3454 1929 ejus,
3489 1876 3586 1930 per
3622 1877 3790 1931 quam

500 1962 624 2029 data
658 1978 774 2018 mea
799 1973 1028 2020 servate.
1063 1966 1124 2018 Et
1151 1982 1163 2017 :
1193 1965 1292 2032 Qui
1322 1965 1468 2020 audit
1496 1965 1658 2030 verba
1688 1979 1827 2029 mea,
1869 1973 1922 2018 et
1965 1960 2092 2021 iacit

504 2071 588 2120 ea,
615 2055 700 2110 hic
731 2067 808 2112 est
841 2059 928 2120 qui
957 2073 1042 2115 me
1071 2059 1262 2128 diligit.

571 2148 701 2203 Car.
735 2165 805 2203 ts.
849 2149 1120 2212 Verita'em
1150 2153 1284 2208 dico.
1318 2152 1541 2219 Quidam
1564 2151 1767 2218 dicunt,
1801 2151 1942 2222 quod
1978 2164 2088 2205 rem

501 2240 869 2306 incredibilem
915 2242 1184 2310 dicturus,
1237 2245 1288 2298 id
1339 2254 1450 2310 est,
1485 2244 1624 2316 quod
1665 2259 1724 2306 se
1761 2243 1922 2299 vellet
1970 2257 2092 2298 esse

501 2333 784 2387 anathema
816 2347 844 2385 a
876 2331 1090 2390 Christo
1125 2351 1220 2404 pro
1246 2335 1428 2401 Israel,
1465 2337 1691 2406 primum
1717 2339 1943 2405 quadam
1983 2344 2091 2390 tes-

504 2429 708 2480 tatione
722 2426 1032 2482 satisfaciat.
1050 2427 1319 2482 Salisl'acit
1334 2428 1533 2483 ludatis
1550 2444 1609 2484 se
1627 2428 1744 2483 illo;
1761 2443 1865 2482 non
1886 2425 2087 2498 odisse,

465 2580 481 2594 .
503 2515 598 2584 sed
629 2531 812 2572 eorum
855 2531 1015 2573 causa
1046 2519 1333 2589 plurimum
1366 2520 1668 2576 contristari
1707 2518 1846 2590 quod
1875 2517 2090 2574 Christo

503 2608 725 2683 credere
754 2610 973 2677 uo'lent,
1008 2611 1097 2681 qui
1125 2611 1202 2666 eis
1231 2611 1390 2668 fuerit
1413 2613 1731 2682 promissus.
1785 2610 1850 2666 In
1888 2609 2091 2665 Christo

505 2716 607 2768 non
637 2703 870 2763 mentior.
901 2702 1213 2774 Quicunque
1240 2719 1366 2774 ergo
1393 2703 1693 2775 baptizatus
1720 2712 1830 2769 cst,
1875 2712 1965 2758 aut
2003 2719 2093 2759 ve-

505 2791 721 2860 iitatem
741 2793 890 2856 dicit,
907 2803 997 2849 aut
1013 2794 1638 2865 mendacium,quidquid
1653 2795 1794 2859 facit,
1815 2793 2093 2859 inChristo

504 2883 659 2949 facit,
688 2885 839 2955 cujus
860 2887 1288 2943 est-membrum.
1314 2888 1377 2942 Et
1405 2889 1710 2958 quicunque
1739 2888 1790 2942 in
1823 2888 2091 2958 baptismo

506 2984 730 3043 peccat,
759 2978 812 3030 in
841 2977 1056 3032 Christo
1083 2987 1288 3048 peccat,
1327 2979 1465 3034 sicut
1489 2980 1563 3033 ait
1592 2997 1603 3032 :
1637 2979 1725 3035 Sic
1751 2987 1929 3034 autem
1973 2995 2095 3049 pce-

507 3079 695 3138 cantes
725 3069 775 3124 iu
802 3069 1016 3135 fratres,
1045 3079 1099 3126 et
1130 3075 1486 3141 percutientes
1515 3073 1874 3139 conscientias
1905 3089 2091 3134 eorum

505 3157 768 3232 illlrmas.
802 3159 854 3212 in
883 3157 1103 3214 Christo
1132 3161 1384 3231 peccatis.
1418 3162 1781 3216 Testimonium
1811 3162 1938 3225 mihi
1977 3179 2093 3233 per-

2191 1949 2509 2020 justilit-atus
2544 1959 2658 2016 est,
2693 1959 2745 2014 et
2774 1950 2969 2008 meruit
2998 1958 3056 2004 ut
3086 1950 3138 2004 in
3169 1951 3371 2018 semine
3399 1951 3513 2022 ejus
3553 1954 3788 2007 benedi-

2193 2048 2384 2106 cautur
2410 2055 2600 2101 omnes
2626 2041 2794 2096 tribus
2826 2049 3005 2105 terrae,
3050 2056 3155 2096 non
3184 2042 3534 2098 circumcisio.
3584 2044 3790 2100 Secun-

2195 2133 2316 2201 dum
2346 2133 2439 2200 hoc
2468 2141 2662 2202 tempus
2689 2131 2904 2198 veniam,
2932 2139 2979 2184 et
3001 2133 3095 2203 erit
3123 2131 3271 2188 Sorte
3297 2133 3457 2208 ﬁlius.
3494 2133 3616 2188 Non
3647 2138 3790 2205 Agar

2194 2223 2434 2291 ancilla},
2471 2231 2531 2285 ut
2559 2222 2806 2282 ostendat
2837 2224 3191 2292 posteriorem,
3225 2209 3478 2295 populum
3533 2243 3661 2281 esse
3704 2243 3790 2284 rc-

2196 2315 2587 2386 promissionis,
2629 2315 2709 2370 sic
2744 2324 2798 2370 et
2829 2317 2879 2370 in
2913 2316 3076 2371 Isaac.
3113 2315 3236 2370 Non
3262 2319 3430 2388 solum
3467 2327 3644 2372 autem
3671 2321 3785 2388 illa,

2173 2413 2281 2470 scd
2311 2417 2356 2462 et
2384 2409 2628 2462 Rebecca.
2652 2407 2768 2462 Non
2789 2408 2961 2462 solum
2988 2407 3177 2464 lsmael
3207 2423 3258 2464 et
3281 2408 3445 2477 lsaac,
3477 2411 3566 2479 qui
3598 2399 3789 2480 quam;

2196 2502 2274 2556 vis
2303 2516 2367 2555 es
2399 2516 2505 2568 uno
2549 2501 2818 2576 Abraham
2842 2545 2856 2569 ,
2901 2510 3079 2572 tamen
3107 2501 3337 2558 diversis
3377 2504 3642 2559 matribus
3679 2507 3791 2574 nati

2194 2603 2338 2657 sunt,
2369 2607 2480 2667 non
2519 2593 2667 2648 fuere
2692 2607 2854 2663 unum
2886 2593 3024 2663 apud
3055 2594 3360 2661 Dominum,
3382 2595 3474 2651 scd
3506 2597 3673 2652 etiam
3697 2599 3787 2654 Ja-

2195 2686 2298 2749 eob
2327 2694 2382 2740 et
2423 2686 2583 2752 Esau,
2617 2686 2707 2755 qui
2737 2701 2803 2760 es
2841 2701 2950 2751 uno
2979 2697 3104 2748 sunt
3138 2687 3206 2743 de
3236 2687 3478 2759 Rebecca
3507 2691 3621 2745 uati
3661 2707 3786 2764 con-

2196 2780 2399 2854 cubitu,
2433 2787 2718 2849 antequam
2765 2789 3136 2847 nascerentur,
3167 2783 3308 2852 apud
3348 2782 3511 2849 Deum
3543 2797 3645 2853 per
3675 2783 3792 2857 ejus;

2198 2872 2589 2942 praiscientiam
2637 2878 2763 2927 sunt
2789 2873 2855 2926 ad
2885 2871 3112 2928 invicem
3141 2875 3396 2944 separati,
3437 2883 3496 2930 ut
3537 2877 3786 2947 proposi-

2200 2971 2309 3016 tum
2348 2962 2440 3017 Dei
2472 2962 2524 3016 in
2555 2963 2890 3032 praescientia
2928 2979 3022 3018 sua
3055 2975 3316 3034 maneret,
3344 2981 3448 3037 qua
3482 2970 3791 3041 repudiatus

2200 3071 2293 3125 rus
2331 3065 2446 3111 erat
2486 3055 2698 3112 Judazos
2746 3057 3068 3124 incredulos,
3109 3067 3164 3130 et
3197 3061 3448 3129 gentibus
3495 3065 3608 3118 sine
3662 3065 3788 3120 ullis

2201 3148 2412 3204 meritis
2457 3160 2571 3204 erat
2617 3150 3039 3206 misericordiam
3087 3151 3402 3213 donaturns.
3454 3155 3561 3210 [loc
3617 3166 3788 3238 tutum,

509 3245 712 3320 (libente
752 3251 1062 3307 conscientia
1104 3267 1237 3322 mea.
1274 3251 1372 3308 llle
1405 3267 1588 3314 verum
1635 3254 1896 3324 loquitur,
1939 3256 2093 3327 cujus

2198 3240 2326 3310 agit,
2365 3250 2421 3294 ut
2463 3242 2730 3308 ostendat,
2763 3242 2900 3313 apud
2932 3243 3099 3313 Deum
3140 3247 3539 3316 praerogativam
3567 3254 3785 3319 generis

509 3340 836 3413 conscientia
884 3343 1245 3398 testimonium
1283 3345 1568 3415 perhibet,
1611 3359 1658 3402 et
1694 3363 1797 3403 non
1831 3349 1976 3405 illum
2011 3340 2098 3404 ar-

509 3432 622 3503 guit
651 3432 703 3486 in
732 3433 1028 3490 mendacio.
1060 3432 1125 3488 In
1154 3434 1357 3506 Spiritu
1396 3451 1593 3505 sancto.
1622 3438 1738 3494 Non
1771 3422 1912 3494 ﬁcto.
1959 3442 2099 3508 Quo-

509 3525 649 3592 niam
675 3526 881 3580 tristitia
903 3535 977 3581 est
1004 3527 1131 3580 mihi
1161 3545 1366 3599 magna,
1401 3537 1448 3582 et
1477 3531 1752 3605 continuus
1780 3531 1927 3584 dolor
1957 3535 2098 3586 cordi

509 3632 642 3670 meo.
692 3617 769 3672 Eo
806 3618 946 3688 quod
980 3618 1200 3672 viderim
1232 3633 1325 3675 eos
1354 3635 1458 3675 non
1503 3621 1726 3677 credere
1764 3623 1893 3678 Deo.
1940 3623 2096 3693 Opta-

511 3710 626 3762 bam
671 3725 763 3782 ego
791 3711 898 3780 ipse
931 3711 1201 3764 anathema
1245 3729 1352 3783 esse
1395 3730 1427 3767 a
1474 3713 1680 3770 Christo
1723 3733 1814 3785 pro
1857 3719 2099 3792 [ratiibus

509 3801 657 3865 meis,
678 3803 763 3869 qui
786 3812 904 3855 sunt
925 3804 1128 3876 cognati
1153 3806 1255 3863 mei
1275 3807 1554 3883 secundum
1581 3825 1802 3878 carnem.
1838 3812 2096 3882 Optabam

511 3890 832 3960 aliquando,
877 3907 980 3946 non
1025 3908 1165 3949 nunc
1199 3904 1464 3965 optarem.
1495 3897 1740 3956 Sciebam
1774 3905 1915 3957 enim
1959 3904 2098 3973 quod

512 3982 752 4049 ipsorum
798 3991 952 4044 erant
996 3987 1204 4055 omnia,
1237 3987 1329 4048 sed
1369 4003 1490 4044 cum
1532 3993 1752 4061 cognovi
1795 3996 2094 4064 veritatem,

512 4083 808 4127 conversus
837 4088 956 4129 sum
985 4075 1072 4144 qui
1104 4085 1208 4132 tam
1234 4078 1461 4137 infidelis
1494 4080 1587 4146 fui,
1629 4091 1684 4145 et
1729 4085 1802 4138 illi
1836 4103 1939 4140 nou
1970 4103 2099 4142 cnn-

512 4173 814 4221 vertuntur.
876 4168 978 4236 Qui
1006 4181 1123 4224 sunt
1155 4170 1428 4240 lsraelitce,
1456 4191 1671 4255 quorum
1703 4179 1910 4249 adaptio
1937 4190 2008 4251 esi
2035 4181 2100 4250 ﬁ-

512 4255 719 4324 liorum,
770 4270 816 4312 et
853 4260 1039 4330 gloria,
1076 4271 1125 4315 et
1153 4273 1477 4330 testamenta,
1505 4277 1550 4322 et
1578 4268 1850 4339 legislalio,
1877 4281 1926 4323 et
1956 4271 2098 4348 obse-

511 4351 705 4420 quium,
743 4362 789 4407 et
817 4355 1088 4424 promissa.
1127 4356 1308 4413 llefert
1347 4369 1401 4414 ct
1430 4362 1552 4430 quid
1587 4363 1874 4430 dimiserit,
1909 4373 1962 4417 ut
2007 4381 2098 4419 co-

509 4455 738 4510 gnoscas
781 4460 900 4526 qua:
920 4449 1001 4511 vis
1039 4449 1107 4516 sit
1131 4464 1246 4520 qum
1269 4466 1390 4508 eum
1421 4455 1586 4521 potuit
1611 4454 1678 4508 ab
1697 4454 1800 4509 illis
1824 4471 2094 4526 separare.

515 4533 747 4598 Quorum
797 4523 989 4605 patres.
1041 4540 1342 4608 Abraham,
1378 4544 1550 4608 Isaac,
1601 4556 1652 4602 et
1697 4523 1898 4601 Jacobi
1926 4546 1992 4602 Et
2035 4563 2098 4602 ea:

2200 3346 2306 3387 non
2359 3334 2558 3398 valere,
2618 3347 2717 3388 nec
2757 3347 2877 3398 eum
2925 3349 3207 3405 personam
3251 3337 3480 3408 alicujus
3518 3341 3788 3413 accipere,

2198 3423 2340 3492 quod
2374 3423 2456 3478 his
2490 3425 2598 3499 vult
2629 3422 2846 3495 ﬁrmare
2875 3427 3154 3497 exemplis.
3185 3443 3305 3497 qua:
3335 3429 3412 3484 illi
3443 3442 3692 3498 poterant
3733 3427 3790 3488 in.

2199 3515 2518 3570 calumniam
2555 3526 2766 3572 vertere
2790 3559 2805 3585 ,
2847 3517 2917 3579 de
2942 3517 3022 3572 his
3052 3519 3180 3589 ipsis
3220 3529 3532 3597 ostensurus
3559 3566 3576 3590 ,
3621 3525 3791 3603 Deum

2199 3607 2340 3675 quod
2371 3608 2498 3662 velit
2530 3607 2730 3676 facere,
2762 3609 3035 3664 neminem
3059 3611 3106 3665 ei
3130 3625 3288 3682 posse
3315 3615 3706 3684 contradicere,
3741 3617 3791 3688 si

2201 3699 2364 3759 voluit
2411 3702 2594 3772 generi
2633 3717 2820 3756 eorum
2864 3703 3062 3773 aliquid
3111 3707 3324 3782 proprie
3364 3707 3516 3774 dare,
3545 3719 3602 3764 et
3646 3728 3784 3768 nunc

2199 3805 2334 3873 quos
2365 3793 2531 3863 voluit
2567 3794 2785 3862 eligere.
2835 3792 2919 3872 Ea:
2959 3813 3058 3849 uno
3087 3799 3358 3854 concubitu
3400 3799 3591 3856 habens
3637 3802 3786 3873 Isaac

2201 3869 2364 3951 patris
2403 3885 2583 3938 nostri.
2621 3883 2748 3938 Cum
2778 3869 2913 3940 enim
2943 3889 3170 3960 nondum
3198 3890 3306 3943 nali
3333 3891 3550 3959 fuissent
3580 3905 3668 3948 aut
3698 3872 3788 3949 ali-

2199 3977 2322 4045 quid
2347 3978 2560 4047 egissent
2602 3977 2718 4032 boni
2754 3986 2844 4044 aut
2902 3981 3046 4048 mali,
3078 3992 3132 4034 ut
3173 3985 3452 4052 secundum
3489 3987 3792 4062 electionem

2203 4071 2520 4140 propositum
2549 4069 2644 4125 Dei
2673 4082 2915 4127 maneret.
2949 4074 3024 4127 Ex
3055 4091 3161 4128 uno
3190 4075 3344 4144 duos,
3377 4093 3495 4153 qua:
3530 4079 3788 4152 intelligi-

2203 4169 2286 4214 tur
2327 4162 2495 4230 prima
2516 4161 2757 4230 geminos
2779 4163 3028 4236 edidisse,
3064 4166 3113 4219 iu
3139 4182 3202 4232 eo
3225 4168 3365 4236 quod
3394 4170 3549 4240 quasi
3588 4187 3784 4228 novum

2202 4251 2300 4306 sibi
2330 4252 2529 4321 aliquid
2558 4254 2860 4324 accidisset,
2906 4259 3186 4325 perterrita
3232 4259 3513 4320 Dominum
3555 4264 3784 4321 interro-

2199 4355 2305 4414 gat.
2345 4345 2550 4423 Nonis;
2577 4349 2830 4418 operibus,
2861 4352 2951 4404 sed
2987 4367 3052 4423 ex
3089 4364 3296 4434 vocante
3335 4356 3526 4410 dictum
3570 4370 3647 4414 est
3689 4361 3736 4414 ei
3767 4376 3789 4420 ξ

2205 4444 2378 4518 Major
2401 4446 2578 4508 serviet
2608 4447 2811 4518 minori.
2841 4446 2954 4505 Non
2986 4449 3036 4502 in
3059 4448 3225 4522 lacob
3248 4459 3301 4506 et
3329 4453 3468 4509 Esau
3491 4464 3574 4510 est
3601 4441 3787 4527 imple--

2203 4547 2336 4603 tum,
2369 4539 2461 4592 sed
2494 4539 2545 4592 iu
2579 4539 2744 4608 ﬁgura
2770 4540 2970 4604 dictum
3004 4550 3083 4595 est
3116 4544 3291 4618 populi
3331 4545 3647 4614 Christiani,
3691 4550 3781 4624 qui

513 4626 696 4694 quibus
720 4625 952 4682 Chris‘us
971 4633 1247 4706 secundum
1274 4650 1474 4687 carnem
1498 4651 1518 4689 :
1546 4639 1728 4705 quiest
1755 4655 1904 4704 super
1928 4640 2093 4692 omnia

2209 4629 2754 4698 prmlatusestscniori
2769 4631 2999 4707 pepuloJ
3010 4612 3302 4699 ulmearum,
3319 4636 3454 4692 sicut
3469 4648 3522 4693 et
3537 4612 3784 4709 Ephraim

515 4715 677 4771 Deus.
729 4707 926 4772 Contra
971 4720 1247 4786 Ariauum,
1290 4724 1659 4798 Manichmum,
1693 4737 1744 4780 et
1787 4727 2102 4798 Phntiuum,

516 4808 612 4864 sed
651 4818 707 4864 et
744 4820 930 4866 contra
975 4811 1312 4880 Nestorium,
1355 4804 1445 4887 qui
1487 4801 2100 4894 negat'secundumcar-

512 4914 637 4956 nem
674 4901 955 4967 Dominum
983 4902 1275 4958 Christum.
1297 4903 1600 4961 Benedictus
1617 4910 1672 4984 in.
1691 4909 1896 4967 sa’cula.
1915 4913 2097 4965 Amen.

512 4992 839 5064 Etﬂ‘homas
868 4997 969 5062 ait,
1009 4995 1154 5077 Deus
1183 5012 1355 5068 meus,
1385 5009 1436 5053 et
1471 4999 1724 5064 Dominus
1751 5017 1924 5067 meus,
1955 5019 2031 5082 qu,
2054 5004 2098 5057 :d

511 5085 602 5141 ille
647 5085 927 5142 conﬁrmat
961 5075 1186 5144 dicens:
1215 5091 1349 5158 Quia
1383 5092 1598 5160 vidisti,
1634 5095 1754 5149 ideo
1794 5075 2094 5163 credidisti.

513 5177 642 5235 Non
668 5191 838 5236 autem
868 5185 1006 5258 quod
1035 5184 1278 5240 exciderit
1309 5189 1514 5257 verbum
1543 5188 1653 5242 Dei.
1691 5191 1821 5258 Quia
1854 5194 2100 5269 superius

512 5271 757 5342 dixerat,
811 5275 994 5336 dolere
1023 5291 1110 5340 se,
1145 5278 1285 5346 quod
1316 5295 1486 5354 genus
1525 5280 1688 5336 Israel
1719 5297 1819 5335 suo
1849 5282 1977 5336 vitio
2008 5300 2100 5337 ex-

511 5363 816 5420 cluderetur
842 5380 871 5418 a
914 5381 1101 5448 regno,
1133 5385 1357 5438 quorum
1391 5371 1503 5426 lucc
1532 5373 1710 5438 omnia
1742 5373 1981 5440 fuerant,
2016 5374 2101 5450 hic

509 5455 762 5521 ostendit,
788 5457 926 5521 illos,
950 5441 1038 5527 qui
1062 5476 1165 5514 non
1194 5465 1436 5531 credunt,
1483 5481 1588 5538 non
1616 5480 1737 5520 esse
1765 5463 1904 5519 tilios
1931 5466 2100 5519 Abra-

514 5546 620 5611 hae,
655 5565 721 5604 ne
751 5551 998 5619 omnibus
1022 5553 1220 5610 ludatis
1253 5559 1542 5625 prtedicare
1572 5567 1847 5628 putaretur
1876 5569 1928 5615 et
1951 5560 2098 5614 dice-

511 5648 699 5693 retur:
729 5639 869 5711 Ergo
899 5643 1038 5700 Deus
1072 5655 1326 5702 mentitus
1349 5659 1430 5703 est
1461 5649 1726 5704 Abt-alue?
1757 5650 1931 5707 Absit.
1966 5651 2098 5706 llinc

514 5735 700 5803 incipit
741 5737 1067 5807 ratiocinari,
1098 5756 1196 5796 cur
1236 5743 1344 5795 alto
1390 5752 1442 5797 et
1467 5743 1614 5813 justo
1644 5744 1734 5798 Dei
1760 5743 1984 5815 judicio,
2012 5761 2096 5802 re-

514 5829 680 5903 pulsis
707 5831 904 5913 Judtcis
931 5841 1122 5916 gentes
1141 5845 1264 5892 sunt
1295 5837 1632 5919 intromissa.
1670 5837 1792 5894 Non
1827 5839 1957 5916 enim
1988 5855 2093 5894 om-

2209 4729 2261 4774 tl
2291 4721 2560 4775 Man-sses
2606 4721 3083 4794 prmliguraverunt
3107 4727 3362 4796 populum
3392 4728 3659 4799 juniorem
3681 4776 3696 4800 ,
3730 4735 3780 4790 id

2207 4822 2290 4865 est
2309 4811 2692 4879 Christianum,
2718 4813 2812 4882 qui
2838 4824 2960 4870 sunt
2985 4819 3199 4870 mutatis
3222 4822 3464 4892 manilius
3493 4823 3782 4880 benedicti.

2211 4902 2355 4976 Sicut
2379 4903 2704 4978 scriptunicsl
2721 4920 2739 4958 :
2755 4903 2917 4960 Iacob
2939 4907 3118 4982 dilexi,
3137 4907 3275 4984 Esau
3295 4922 3463 4988 autem
3479 4917 3598 4969 odio
3611 4917 3784 4973 habui.

2208 4995 2361 5060 Quod
2389 4995 2440 5048 in
2470 4993 2671 5078 Genesi.
2695 4995 2728 5050 d
2751 5009 2893 5071 clunt
2921 5008 3021 5054 est.
3060 5000 3170 5056 lloc
3195 5002 3461 5078 Propheta
3489 5021 3596 5062 non
3623 5010 3688 5064 de
3710 5009 3786 5078 ip-

2206 5089 2302 5150 sis,
2335 5087 2430 5154 sed
2459 5087 2526 5141 de
2555 5071 2677 5143 filiis
2706 5102 2892 5158 eorum
2935 5089 3098 5158 refert
3131 5071 3434 5166 impletum,
3464 5097 3606 5165 quod
3642 5071 3786 5154 testi-

2207 5178 2440 5233 mOuium
2459 5179 2744 5248 Apostolus
2765 5196 2981 5235 sumens
3003 5183 3370 5240 curiositatem
3394 5194 3450 5241 et
3465 5187 3784 5245 calumniam

2208 5275 2498 5342 repressit,
2551 5287 2800 5346 asserens
2843 5275 2984 5344 quod
3036 5277 3181 5352 nulla
3232 5276 3303 5350 sit
3353 5278 3609 5350 iniquitas
3648 5281 3784 5352 apud

2208 5369 2395 5435 Deum,
2423 5368 2516 5423 sed
2547 5367 2802 5438 quitquid
2819 5368 2946 5435 agit,
2977 5376 3068 5446 auat
3099 5370 3547 5442 misericorditer,
3583 5383 3674 5426 aut
3698 5374 3782 5443 ju-

2207 5465 2464 5534 dicialitcr
2489 5449 2615 5531 agit.
2663 5461 2800 5526 Quid
2826 5478 2944 5533 ergo
2965 5463 3235 5517 dicemus?
3267 5463 3527 5533 Nunquid
3547 5466 3788 5535 iniquitas

2206 5558 2349 5627 apud
2384 5555 2549 5625 Deum
2572 5554 2598 5604 ?
2626 5553 2791 5607 Absit.
2839 5553 3024 5608 Adhuc
3063 5553 3430 5622 ratiocinatur,
3462 5565 3516 5611 et
3546 5556 3788 5628 proponit

2203 5651 2302 5704 sihi
2353 5650 2505 5720 quasi
2549 5653 2968 5708 contradicenlis
3013 5665 3320 5723 personam,
3363 5659 3418 5705 et
3471 5651 3786 5706 testimoniis

2205 5753 2440 5811 superat,
2474 5743 2615 5811 quod
2641 5744 2922 5813 voluntati,
2946 5744 3152 5799 Domini
3181 5759 3338 5797 nemo
3379 5741 3558 5796 valeat
3581 5751 3780 5796 contra-

2204 5837 2309 5924 ἥτε..
2336 5835 2450 5906 ipso
2481 5835 2642 5907 Moysi
2676 5836 2888 5892 (ιι-ωηο
2921 5853 2932 5890 :
2964 5835 3253 5891 Misertbor
3279 5835 3363 5890 cui
3408 5833 3688 5900 misereor,
3733 5829 3783 5885 id
