4004 6354
175 305 276 369 {59

1048 309 1113 365 IN
1155 307 1538 366 ΕΡιεϊοιΑΜ
1570 309 1660 364 AD
1700 307 2023 367 ROMANUS
2060 308 2583 365 COMMENTARIA.

3345 315 3483 372 ἆτος

174 431 253 479 est
275 439 286 475 :
311 420 368 476 Si
397 435 500 491 ego
528 409 736 486 bonus;
754 421 945 477 oculus
971 405 1101 478 tuus
1125 437 1291 492 quare
1313 422 1585 490 nequam?
1618 421 1762 475 Nun-
1790 426 1839 484 Α
1871 421 2109 480 cundum
2141 421 2416 492 eloquium
2437 431 2636 476 -tuum.
2668 422 2797 478 S'mc
2826 421 2989 478 dubio
3019 423 3192 479 inanis
3217 433 3298 480 est
3325 442 3449 482 cur-

171 513 296 582 quid
330 513 426 568 tibi
455 512 584 568 tollo
613 512 754 582 quod
783 513 872 568 alii
920 513 1109 569 dono?
1153 515 1210 568 In
1258 512 1597 584 prmscientia
1641 528 1756 568 mea

180 605 398 662 decrevi
432 609 484 660 in
525 605 722 661 olivam
767 607 1057 661 oleastrum
1091 607 1368 673 inserere,
1412 603 1538 674 quid
1569 603 1634 658 ad
1667 605 1761 658 te?

175 697 346 769 Moysi
363 699 497 753 enim
520 699 681 752 dicit:
701 697 980 753 Miserebor
1009 700 1093 752 cui
1113 700 1374 766 misereor,
1396 707 1445 752 et
1474 699 1761 750 misericor-

163 788 310 841 diam
330 787 582 858 pra-stabo
603 789 688 843 cui
711 789 1005 844 miserebor.
1023 790 1161 857 Quia
1182 789 1266 847 cui
1291 790 1576 846 miseretur
1594 789 1758 853 Deus,

174 887 330 934 vocat
373 893 494 934 cum
535 889 590 933 et
621 879 844 947 inspirat
875 887 936 934 ut
965 881 1176 945 credat,
1219 889 1276 936 et
1303 881 1392 939 cui
1443 879 1756 935 misericors

165 969 336 1023 fuerit
369 979 426 1023 ut
453 969 658 1032 credat.
695 970 1125 1028 nriseridordiam
1152 979 1402 1041 pra-stat,
1423 970 1525 1026 hoc
1548 979 1652 1031 est,
1684 971 1761 1026 fa-

173 1062 276 1116 ciet
303 1077 423 1116 eum
443 1062 868 1128 misericordem,
891 1065 1121 1118 utetiam
1155 1065 1290 1120 bene
1315 1075 1588 1134 operetur.
1611 1063 1763 1127 Unde

173 1153 452 1208 evidenter
489 1162 718 1221 constat,
764 1158 944 1215 omnia
979 1156 1114 1212 bona
1145 1171 1269 1213 esse
1297 1171 1330 1212 a
1362 1157 1473 1212 Deo
1503 1158 1641 1226 ipso,
1672 1155 1769 1226 qui

172 1254 254 1299 est
275 1245 524 1300 Salvator
545 1247 810 1312 omnium,
835 1248 1071 1304 mamee
1098 1247 1357 1303 ﬁdelium.
1381 1248 1487 1304 Sed
1512 1248 1642 1303 dicit
1667 1248 1765 1302 ali—

174 1335 326 1404 quis:
348 1335 528 1404 Quare
559 1337 712 1403 illum
743 1340 848 1404 sic,
876 1349 930 1396 ct
959 1339 1126 1392 alium
1157 1355 1264 1394 non
1297 1340 1394 1405 sic,
1426 1348 1482 1396 et
1509 1355 1608 1394 cur
1655 1354 1764 1397 non

173 1442 362 1482 ontnes
391 1429 671 1497 aequaliter
693 1430 715 1483 ’ἒ
740 1429 991 1499 Nunquid
1022 1445 1372 1500 personarum
1402 1440 1486 1486 est
1513 1442 1765 1499 acceptor

169 1519 351 1575 Deus?
377 1521 633 1592 Acceptio
655 1537 1008 1592 personarum
1037 1523 1114 1579 ibi
1141 1534 1290 1579 recte
1315 1522 1534 1588 dicitur,
1561 1522 1649 1576 ubi
1674 1522 1768 1578 ille

173 1610 263 1679 qui
276 1609 497 1681 judicat,
521 1612 835 1678 relinquens
857 1627 1034 1667 causae
1057 1614 1309 1671 meritum
1327 1612 1394 1668 de
1412 1628 1513 1682 qua
1531 1613 1772 1682 judicat,

176 1702 331 1757 alteri
360 1711 555 1759 contra
575 1704 803 1764 alterum
829 1704 1178 1780 sum-agatur,
1207 1706 1294 1775 qui
1327 1705 1529 1765 invenit
1561 1705 1770 1774 aliquid

1865 529 1957 566 sus
1989 525 2193 579 noster,
2229 516 2328 567 nisi
2357 529 2576 584 gressus
2609 513 2776 568 nostri
2803 529 2833 568 a
2877 514 3102 570 Domino
3129 515 3446 589 dirigantur.

1865 606 1996 663 Nam
2024 617 2077 662 et
2107 624 2276 677 equus
2305 618 2482 678 potest
2511 617 2750 677 currere,
2795 610 2888 664 sed
2920 610 2966 665 si
3007 626 3112 666 non
3143 611 3336 668 habeat
3367 628 3453 668 res

1865 710 2094 760 ctorem,
2115 697 2344 752 infrenis
2364 707 2417 752 et
2439 715 2674 768 prmceps
2699 701 3018 769 przcvolitat,
3045 696 3096 756 et
3120 711 3325 758 rectum
3345 705 3468 762 iter.

1870 803 1976 841 non
2009 788 2268 843 ambulat.
2301 789 2372 843 lta
2405 800 2457 843 et
2486 807 2583 846 nos
2612 791 2731 847 sine
2758 792 2868 851 Deo
2896 799 2950 847 et
2973 795 3140 862 gratia
3163 792 3301 864 ejus.
3321 797 3479 864 Quis.

1865 890 2044 934 autem
2077 879 2356 935 hominum
2389 881 2548 936 habet
2576 894 2892 952 potestatem
2923 886 3011 940 tali
3043 889 3161 942 visu
3191 890 3477 960 attingere.

1867 982 2101 1028 mentem
2129 986 2304 1038 suam,
2327 988 2432 1043 qua
2461 974 2579 1045 ejus
2600 977 2844 1033 voluntas
2873 989 3150 1035 moveatur
3169 981 3236 1036 ad
3259 981 3473 1038 tidem?-

1865 1061 1998 1129 Quis
2020 1073 2198 1117 autem
2229 1065 2415 1122 an'mo
2438 1067 2796 1134 amplectitur,
2831 1070 2972 1140 quod
2999 1086 3122 1128 eum
3175 1087 3280 1130 non
3307 1074 3454 1134 dele-

1864 1154 2012 1207 ctat?
2044 1156 2149 1207 Aut
2184 1155 2302 1223 quis
2327 1155 2485 1210 habet
2517 1156 2568 1210 in
2602 1169 2888 1224 potestate,
2914 1170 2971 1214 ut
2996 1163 3046 1216 ei
3069 1163 3152 1218 vel
3180 1176 3451 1231 occurrat,

1865 1244 2007 1313 quod
2034 1259 2156 1300 eum
2181 1245 2454 1300 delectare
2479 1248 2668 1314 possit,
2698 1250 2780 1304 vel
2803 1249 3035 1308 delectet
3058 1267 3177 1308 cum
3202 1269 3455 1314 occurre-

1866 1339 1970 1395 rit?
1997 1339 2129 1396 Cum
2159 1355 2288 1410 ergo
2315 1354 2374 1396 ea
2412 1355 2508 1393 nos
2531 1340 2829 1403 delectant,
2865 1344 3056 1411 quibus
3083 1347 3454 1416 proﬁciamus,

1867 1445 1897 1488 a
1931 1431 2036 1484 Deo
2065 1431 2355 1508 inspiratur
2387 1432 2488 1485 hoc
2514 1472 2528 1494 ,
2569 1441 2621 1484 ct
2662 1433 2835 1502 gratia
2869 1433 2963 1488 Dei
3006 1438 3277 1504 praebetur
3310 1437 3409 1491 hoc
3436 1482 3451 1503 ,

1871 1538 1976 1577 non
2010 1532 2144 1578 nutu
2176 1533 2390 1588 neStro,
2424 1523 2508 1578 vel
2555 1524 2837 1592 industria,
2873 1537 2967 1580 aut
2995 1543 3216 1598 operum
3249 1529 3455 1584 meritis

1868 1622 2233 1682 comparatur,
2255 1614 2376 1680 quia
2408 1623 2462 1667 ut
2489 1615 2558 1670 sit
2590 1625 2762 1670 motus
2790 1617 3099 1682 voluntatis,
3123 1625 3182 1670 ut
3205 1619 3275 1672 sit
3302 1619 3457 1672 indu-

1870 1705 1998 1759 stria
2031 1705 2191 1758 studii
2219 1747 2234 1771 ,
2275 1713 2336 1757 ut
2381 1707 2487 1760 sint
2519 1720 2678 1774 Opera
2727 1708 2991 1762 charitatc
3031 1708 3291 1764 ferventia
3318 1749 3334 1777 ,
3367 1711 3456 1763 ille

173 1795 226 1848 in
255 1809 484 1862 persona
507 1796 647 1864 quod
674 1796 881 1851 honore
908 1797 990 1852 vel
1015 1798 1390 1852 misericordia
1415 1799 1486 1852 sit
1515 1799 1762 1868 dignum.
1798 1804 1842 1862 Β
1876 1797 2081 1861 tribuit,
2118 1797 2205 1850 ille
2234 1796 2476 1864 largitur.
2514 1797 2706 1857 Petere
2750 1800 2890 1854 enim
2919 1800 3168 1869 jubcmur
3187 1845 3202 1865 ,
3234 1811 3292 1854 ut
3317 1803 3460 1858 acci-

173 1887 230 1942 Si
264 1897 442 1943 autem
474 1889 738 1959 quispiam
772 1888 908 1943 duos
954 1889 1150 1944 habeat
1190 1889 1480 1954 debitores,
1513 1897 1568 1944 et
1610 1889 1764 1942 alteri

173 1978 305 2032 velit
333 1979 572 2034 debitum
602 1980 896 2047 dimittere,
924 1990 980 2045 et
1011 1982 1238 2042 alterum
1268 1983 1513 2053 exigere.
1539 1983 1622 2036 cui
1653 1982 1769 2041 vult

172 2071 372 2134 doiiat,
403 2073 496 2126 sed
527 2073 798 2127 neminem
831 2075 1070 2141 traudat,
1103 2090 1202 2130 nec
1231 2077 1476 2145 acceptio
1506 2090 1768 2146 persona-

175 2178 297 2217 rum
323 2163 549 2219 dicenda
572 2173 676 2232 est,
697 2167 911 2234 quando
940 2167 1197 2238 iniquitas
1222 2167 1367 2223 nulla
1388 2177 1494 2222 est.
1516 2169 1766 2237 Alioquin

172 2256 255 2307 eis
287 2256 376 2322 qui
412 2271 596 2325 parum
642 2257 977 2330 intelligunt,
1014 2269 1187 2328 potest
1219 2262 1462 2332 acceptio
1511 2278 1767 2330 remonu-

172 2360 293 2402 (um
307 2345 497 2413 videri,
519 2349 604 2402 ubi
627 2350 797 2405 vinem
824 2352 1072 2404 dominus
1089 2352 1369 2420 operariis,
1390 2356 1476 2423 qui
1503 2369 1603 2409 una
1632 2354 1762 2410 hora

175 2443 320 2498 illius
347 2457 484 2512 opus
515 2443 778 2510 fecerunt,
814 2455 1022 2501 tantum
1053 2447 1205 2504 dedit
1249 2457 1507 2518 quantum
1543 2450 1647 2505 illis
1675 2451 1767 2520 qui

177 2536 512 2605 pertulerunt
539 2542 749 2606 pondus
779 2537 882 2593 diei
913 2547 967 2594 et
994 2549 1178 2603 cestus,
1209 2540 1447 2609 requales
1486 2540 1689 2594 faciens
1715 2542 1766 2599 in

179 2625 464 2692 mercede,
497 2642 722 2698 quorum
754 2638 860 2687 tam
893 2645 1080 2698 magna
1113 2630 1372 2695 distantia
1401 2629 1572 2705 fuerat
1607 2630 1658 2682 in
1693 2629 1772 2682 la.

179 2717 331 2776 bore.
373 2717 480 2772 Sed
524 2717 651 2789 quid
698 2720 979 2788 respondit
1015 2719 1082 2775 de
1127 2720 1224 2775 hac
1277 2720 1420 2778 velut
1459 2721 1772 2788 acceptione

179 2823 534 2878 personarum
582 2811 1078 2865 murmurantibus?
1121 2814 1324 2879 Aln'ce,
1372 2828 1478 2866 non
1513 2812 1648 2865 facio
1678 2811 1772 2875 tibi

156 2899 452 2972 .iujuriam,
482 2909 588 2956 etc.
624 2901 827 2972 Nempe
858 2904 943 2956 hic
984 2911 1092 2956 tota
1119 2902 1324 2974 justiti:
1358 2912 1470 2969 est,
1507 2902 1608 2969 hoc
1651 2903 1771 2957 volo

179 2990 273 3044 tibi
305 2988 491 3055 reddi,
528 2992 650 3046 huic
692 2992 926 3059 donavi,
959 3009 1134 3062 neque
1178 2993 1270 3048 tibi
1303 2993 1504 3062 aliquid
1549 2993 1768 3064 abstuli,

179 3093 265 3149 aut
307 3083 451 3156 quod
511 3083 772 3144 debebam
806 3086 888 3144 vel
919 3085 1108 3151 minui,
1151 3085 1240 3140 vel
1279 3086 1492 3154 negavi.
1540 3086 1622 3139 An
1662 3099 1770 3140 non

1871 1889 2105 1957 piamus,
2138 1899 2188 1942 et
2214 1905 2477 1959 qumrere,
2506 1900 2560 1944 ut
2590 1891 2956 1958 inveniamus,
2990 1895 3218 1961 pulsare,
3251 1902 3309 1948 ut
3332 1909 3460 1962 ape.-

1875 1981 2047 2038 riatur
2081 1980 2257 2040 nobis.
2294 1982 2477 2034 Nonne
2509 1981 2797 2048 aliquando
2827 1984 2938 2050 ipsa
2969 1984 3142 2038 oratio
3168 1995 3346 2038 nostra
3380 1986 3460 2040 sic

1875 2071 2050 2141 tepida
2078 2083 2180 2140 est,
2211 2075 2288 2126 vel
2320 2075 2496 2141 potius
2527 2074 2738 2143 frigida,
2762 2085 2812 2127 et
2846 2089 2982 2143 pene
3011 2073 3153 2127 nulla
3172 2117 3187 2140 ,
3215 2073 3323 2128 imo
3344 2091 3458 2132 om-

1876 2164 2000 2219 nino
2027 2165 2294 2218 interdum
2328 2165 2397 2218 ita
2429 2165 2596 2228 nulla,
2631 2173 2688 2217 ut
2730 2179 2900 2235 neque
2942 2165 3042 2220 hoc
3074 2165 3125 2219 in
3156 2165 3313 2220 nobis
3337 2180 3461 2222 cum

1875 2253 2064 2310 dolore
2093 2255 2436 2315 advertamus
2461 2302 2478 2324 ,
2521 2258 2644 2324 quia
2693 2258 2736 2310 si
2780 2258 2860 2312 vel
2893 2257 2992 2312 hoc
3033 2257 3313 2325 dolemus,
3351 2258 3462 2326 jam

1879 2352 2132 2405 Oramus?
2155 2347 2291 2415 Quid
2319 2347 2463 2401 aliud
2486 2347 2786 2402 ostenditur
2816 2347 2991 2415 nobis,
3017 2347 3116 2402 nisi
3139 2348 3262 2416 quia
3288 2358 3342 2403 et
3372 2365 3465 2418 pe-

1880 2446 2014 2504 tere,
2046 2449 2100 2494 et
2126 2455 2391 2509 quaerere,
2422 2451 2472 2493 et
2497 2440 2712 2508 pulsare
2740 2438 2831 2493 ille
2855 2440 3124 2502 concedit,
3149 2439 3238 2510 qui
3262 2438 3377 2496 haec
3407 2451 3470 2495 ut

1881 2529 2139 2585 iaciamus
2165 2531 2311 2601 jubet
2342 2533 2364 2586 ?
2396 2532 2556 2602 Igitur
2583 2547 2688 2586 non
2725 2533 2989 2596 volentis,
3032 2547 3132 2593 nec
3169 2535 3463 2601 currentis,

1879 2625 1970 2678 sed
1997 2626 2303 2680 miserentis
2330 2635 2413 2681 est
2439 2626 2549 2681 Dei.
2576 2625 3019 2696 Quandoquidem
3061 2640 3161 2682 nec
3183 2625 3340 2693 velle,
3364 2641 3463 2682 nec

1873 2731 2114 2778 currere,
2141 2719 2240 2770 nisi
2273 2731 2337 2770 eo
2367 2724 2616 2772 niovente
2641 2727 2799 2788 atque
2832 2718 3102 2772 excitante
3146 2717 3464 2786 poterimus.

1877 2805 2018 2860 Dicit
2067 2810 2206 2862 enim
2234 2809 2510 2880 Scriptura
2561 2808 2874 2864 Pharaoni:
2910 2810 3042 2878 Quia
3073 2811 3124 2863 in
3164 2809 3260 2868 hoc
3296 2811 3469 2882 ipsum.

1879 2900 2097 2954 excitavi
2121 2910 2169 2955 te
2199 2911 2250 2954 ut
2275 2903 2542 2956 ostendam
2574 2903 2626 2960 in
2653 2912 2700 2956 te
2722 2903 2956 2956 virtutem
2987 2917 3171 2963 meam,
3202 2909 3251 2955 et
3277 2911 3333 2955 ut
3361 2918 3462 2955 rm.-

1881 2993 2144 3046 nuntietur
2172 3010 2358 3048 nomen
2387 3010 2552 3054 nteant
2576 2995 2625 3050 in
2649 2995 2882 3048 universa
2908 3003 3061 3053 terra.
3089 2992 3466 3062 Unusquisqu

1881 3086 2041 3140 modo
2059 3095 2112 3141 et
2136 3087 2242 3145 line
2264 3101 2375 3155 peci
2393 3097 2604 3140 atorum
2622 3087 2890 3156 completo
2913 3087 3148 3156 punitur.
3168 3086 3466 3154 Aliquoties

181 3174 304 3229 licet
362 3173 489 3230 mihi
544 3173 686 3244 quod
739 3174 862 3233 volo
915 3173 1124 3230 facere?
1160 3186 1266 3229 etc.
1312 3174 1464 3242 Sicut
1513 3188 1642 3244 ergo
1687 3174 1773 3228 hic
1802 3169 1848 3232 C
1879 3176 2853 3247 etiaminprzesenti,sicutSodontitae
2875 3187 2928 3232 et
2947 3175 3303 3233 Gomorrhtci.
3327 3176 3467 3230 Pha-

181 3265 324 3320 nulla
374 3274 459 3321 est
496 3265 737 3335 acceptio
772 3280 1156 3333 personarum,
1193 3266 1314 3336 quia
1357 3267 1435 3324 sic
1471 3265 1607 3326 alius
1653 3281 1776 3338 gra-

182 3358 249 3416 tis
277 3357 680 3432 h:m0ratur,_ut
706 3357 842 3424 alius
864 3356 1047 3410 debito
1077 3371 1184 3417 non
1210 3357 1516 3414 fraudetur:
1538 3357 1616 3412 sic
1647 3371 1770 3412 cum

183 3450 480 3503 secundum
515 3449 846 3519 propositum
897 3449 992 3502 Dei
1015 3459 1234 3508 vocatur
1253 3448 1392 3516 allus
1416 3459 1470 3505 et
1499 3449 1637 3504 alius
1665 3463 1773 3505 non

184 3554 410 3598 vdeatur
438 3560 452 3609 ;
485 3551 674 3599 vocato
703 3545 860 3600 datur
887 3544 1174 3613 gratuitum
1218 3543 1438 3609 bonum,
1469 3542 1622 3612 cujus
1649 3543 1775 3598 boni

183 3649 260 3698 est
292 3638 509 3692 vocatio
539 3638 651 3707 ipsa
681 3636 1028 3708 principium;
1057 3653 1160 3691 non
1191 3646 1378 3696 vocato
1409 3636 1652 3693 redditur
1680 3637 1777 3694 der

186 3732 357 3794 hilum
399 3731 634 3803 malum,
659 3734 782 3802 qu’a
837 3745 1025 3794 omnes
1054 3731 1131 3786 rei
1171 3739 1295 3787 sunt
1323 3745 1419 3802 per
1448 3746 1612 3785 unum
1638 3771 1652 3795 ,
1685 3746 1779 3800 per

184 3841 346 3898 quem
380 3824 900 3895 peccatumintravit
947 3825 996 3878 in
1041 3823 1318 3882 mundum.
1355 3822 1527 3895 Igitur
1554 3841 1656 3878 non
1687 3841 1777 3878 vo-

186 3919 341 3973 lentis
362 3932 524 3986 neque
544 3917 819 3982 currentis,
849 3916 938 3979 sed
958 3917 1242 3978 miserentis
1269 3924 1339 3972 est
1363 3915 1478 3970 Dei.
1498 3916 1779 3977 Cuncludit

187 4009 610 4078 disputationem
641 4051 656 4076 ,
698 4018 755 4064 et
783 4009 971 4079 objicit
1004 4010 1313 4069 testimonia
1351 4008 1421 4064 de
1460 4008 1740 4068 Pharaone
1761 4051 1776 4075 ,

190 4115 248 4157 ut
278 4102 375 4157 Dei
402 4103 602 4172 judicia
635 4103 1113 4167 contremiscamus
1147 4105 1320 4174 potius
1349 4118 1508 4174 quam
1531 4105 1782 4166 discutia-

191 4213 331 4261 mus,
364 4197 490 4267 quia
530 4197 848 4268 plcrumque
876 4207 1002 4253 sunt
1029 4199 1263 4264 occulta,
1298 4210 1570 4265 nunquam
1601 4205 1781 4259 tamen

190 4300 319 4344 sunt
344 4288 563 4357 injusta,
592 4290 717 4359 quia
743 4301 932 4355 verum
959 4299 1042 4343 est
1065 4288 1204 4358 quod
1228 4296 1283 4350 et,
1302 4288 1633 4342 currentium
1663 4299 1786 4344 οιιττ

189 4399 312 4436 sum
347 4382 460 4450 ipse
489 4382 708 4450 dirigit,
739 4391 792 4436 et
822 4382 935 4443 sine
976 4381 1118 4447 illius
1148 4380 1318 4448 gratia
1358 4377 1555 4430 nullius
1593 4389 1784 4435 cursus

187 4489 348 4529 suum
372 4472 632 4541 sortiatur
651 4471 923 4540 ellectum,
946 4471 1086 4523 sicut
1107 4469 1237 4522 dicit
1257 4464 1610 4523 Ecclesiastes
1636 4464 1784 4532 {Non

1880 3283 1976 3322 rao
2002 3283 2131 3338 ergo
2153 3269 2265 3337 jam
2293 3276 2604 3323 excesserat
2630 3268 2870 3334 modum,
2900 3277 2957 3323 et.
2981 3267 3236 3336 quoniam
3263 3267 3460 3336 dignus

1879 3362 2002 3414 ora:
2031 3359 2354 3428 perditione,
2386 3359 2550 3413 νυιυὶί
2580 3359 2720 3414 Deus
2761 3359 2908 3420 illius
2935 3357 3185 3427 exemplo
3209 3358 3462 3413 omnibus

1881 3450 2130 3506 timorrm
2156 3449 2426 3517 incutere,
2459 3459 2513 3505 et
2541 3459 2598 3504 ut
2619 3459 2936 3520 agnosceret
2963 3449 3191 3520 populus
3211 3449 3350 3518 ejus,
3372 3449 3475 3518 qui

1880 3545 2120 3600 exiturus
2138 3553 2252 3602 erat
2271 3544 2340 3599 de
2353 3543 2610 3614 Egypto,
2630 3543 2878 3597 virtutem
2904 3543 3070 3610 ipsius
3097 3551 3150 3597 et
3166 3539 3464 3617 justitiam,

1881 3653 1948 3692 ne
1978 3638 2076 3707 ipsi
2106 3637 2353 3693 similiter
2379 3642 2680 3706 peccarent,
2707 3642 2799 3690 aut
2838 3637 3094 3698 timerent
3127 3633 3470 3696 adversarios

1883 3740 2034 3795 Suos,
2062 3729 2230 3782 voluit
2263 3742 2357 3782 eos
2391 3727 2482 3781 tali
2508 3727 2710 3781 ultione
2741 3741 2846 3781 non
2875 3725 3046 3784 solum
3069 3724 3137 3779 ab
3164 3723 3467 3779 imminenti

1885 3822 2122 3892 periculo
2151 3823 2402 3888 liberare,
2423 3820 2517 3883 sed
2538 3821 2699 3875 etiam
2725 3821 2790 3874 ad
2814 3819 3109 3874 cavendum
3135 3817 3471 3888 iniquitatem

1885 3914 1938 3968 in
1981 3924 2251 3983 posterum
2301 3921 2507 3968 terrore
2546 3926 2657 3972 sua:
2698 3913 2952 3980 potentia:
3001 3908 3342 3979 praemunire.
3396 3907 3474 3967 De

1891 4006 2175 4061 Pharaone
2205 4014 2261 4059 et
2288 4006 2366 4062 sic
2402 4005 2622 4075 intelligi
2673 4014 2880 4074 potest,
2911 4011 2968 4058 ut
2995 4003 3205 4060 dicatur
3237 4015 3332 4072 per
3376 3999 3477 4055 Dei

1888 4098 2312 4152 misericordiam
2364 4096 2682 4163 induratus,
2723 4099 2981 4165 quoniam
3030 4091 3244 4162 quando
3295 4090 3480 4160 Moyse

1884 4200 2076 4246 orante
2107 4189 2341 4243 cessavit
2370 4189 2522 4258 plaga
2546 4230 2559 4250 ,
2591 4187 2686 4246 ille
2724 4185 3079 4244 indurabatur
3104 4224 3118 4247 ,
3147 4192 3201 4237 et
3227 4184 3477 4252 quamvis

1886 4283 2048 4336 sciret
2077 4295 2198 4336 cum
2237 4279 2308 4332 ita
2339 4293 2458 4333 esse
2506 4279 2810 4332 induratum
2859 4286 2915 4329 ut
2954 4289 3060 4327 non
3109 4281 3296 4342 posset
3342 4287 3476 4325 con-

1890 4371 2045 4435 verti,
2079 4379 2254 4423 tamen
2299 4369 2593 4422 bonitatem
2642 4381 2792 4421 suam
2846 4363 3100 4418 ostendit.
3147 4363 3278 4418 Nam
3331 4363 3476 4429 quod

1891 4463 2047 4530 dixit,
2072 4460 2313 4517 Excitavi
2339 4478 2351 4513 :
2378 4459 2428 4515 id
2451 4467 2553 4526 est,
2580 4458 2813 4529 prodidi,
2837 4473 2942 4513 non
2969 4457 3069 4512 feci
3097 4475 3110 4511 :
3133 4456 3403 4528 quomodo
3435 4457 3482 4511 si

188 4572 277 4616 est
305 4559 570 4628 velocium
603 4573 813 4623 cursus,
847 4573 943 4611 nec
974 4559 1186 4616 fortium
1210 4555 1476 4626 prcclium;
1499 4564 1554 4610 et
1581 4554 1742 4609 David
1770 4573 1782 4607 :
1820 4550 1866 4608 Ι)
1892 4553 2084 4622 aliquis
2105 4551 2210 4604 duo
2239 4565 2364 4603 vasa
2394 4549 2574 4619 plena,
2605 4563 2768 4603 unum
2795 4563 2917 4604 cum
2959 4546 3223 4609 balsamo,
3256 4555 3311 4600 et
3339 4546 3474 4600 alte-

188 4651 308 4709 sti
344 4650 601 4707 Dominus
647 4649 931 4706 :cditicarit.
964 4649 1204 4714 domum,
1239 4649 1291 4704 in
1332 4661 1528 4702 vanum
1572 4647 1788 4700 labora-

191 4753 343 4805 runt,
375 4743 464 4812 qui
489 4742 757 4797 aediﬁcant
779 4756 921 4798 eam.
954 4741 1129 4813 Ipsius
1156 4757 1286 4814 ergo
1309 4739 1568 4807 auxilium
1598 4737 1796 4808 imples.

198 4830 432 4894 randum
464 4838 571 4898 est,
603 4832 706 4901 qui
725 4841 980 4900 operatur
1018 4832 1197 4889 omnia
1227 4833 1281 4885 iu
1313 4830 1585 4884 omnibus.
1624 4830 1791 4886 Debet

195 4938 326 4994 ergo
355 4936 578 4978 currere
603 4923 965 4985 Christianus.
992 4932 1046 4978 et
1070 4937 1340 4992 nunquam
1371 4936 1702 4998 praesumere
1722 4919 1790 4980 de

199 5022 311 5074 suis
339 5017 567 5080 viribus,
598 5031 818 5076 currere
846 5015 1017 5077 debet,
1045 5025 1098 5074 et
1131 5016 1220 5069 Dei
1246 5023 1510 5084 praecepta
1541 5015 1788 5084 implere,

206 5111 302 5166 sed
337 5125 594 5179 arrogare
642 5109 742 5164 sibi
774 5107 905 5163 nihil
937 5108 1117 5174 debet,
1151 5109 1442 5162 secundum
1477 5108 1606 5162 illud
1638 5126 1652 5162 :
1690 5107 1790 5173 Qui

199 5201 485 5271 gloriatur,
520 5201 573 5254 in
606 5199 833 5260 Domino
863 5200 1142 5268 glorietur.
1173 5199 1284 5264 lloc
1333 5207 1518 5258 contra
1548 5199 1665 5254 illos
1697 5198 1788 5268 qui

202 5295 269 5346 de
301 5293 414 5346 suis
443 5291 648 5354 meritis
679 5306 741 5353 ac
765 5290 966 5345 viribus
1000 5288 1414 5359 prarsumebant.
1446 5288 1576 5344 Nam
1600 5300 1653 5343 et
1676 5289 1792 5357 ipse

202 5381 473 5446 currebat,
511 5380 722 5451 quando
751 5391 836 5448 est
868 5381 1076 5436 veritus
1107 5381 1187 5436 ire
1213 5379 1542 5451 Bithyniam,
1569 5379 1710 5434 sicut
1739 5382 1795 5445 in

207 5473 306 5526 Act
331 5470 432 5528 bus
459 5469 824 5539 aposzolorurn
862 5471 1110 5540 legimus.
1135 5471 1312 5539 Credo
1333 5470 1456 5541 quia
1482 5471 1656 5524 inanis
1676 5469 1797 5551 ejus

207 5583 394 5627 cursus
414 5580 529 5626 erat
560 5570 789 5635 futurus,
811 5569 905 5626 sed
939 5569 1064 5624 illuc
1092 5584 1122 5622 a
1159 5569 1360 5637 Spiritu
1404 5575 1594 5622 sancto
1643 5567 1794 5620 dire-

208 5672 325 5716 ctus
351 5671 455 5730 est,
486 5663 574 5717 ubi
607 5661 916 5732 praedicatio
939 5661 1054 5732 ejus
1085 5661 1392 5730 proliceret.
1434 5659 1568 5714 Nam
1597 5667 1653 5712 et
1685 5656 1790 5711 Da—

209 5754 295 5809 vid
325 5754 591 5812 clamabat
621 5755 687 5810 ad
721 5754 999 5810 Dominum
1028 5770 1041 5807 :
1073 5752 1303 5818 Gressus
1332 5766 1482 5816 meos
1507 5750 1680 5822 dirige
1710 5745 1796 5806 se;

1901 4661 2017 4701 rum
2058 4659 2180 4703 cum
2220 4651 2487 4711 stercore,
2533 4639 2755 4701 ventilet
2779 4679 2796 4704 ,
2839 4637 3063 4693 odorem
3103 4635 3218 4691 sive
3249 4633 3476 4688 fetorem

1899 4737 2074 4812 prodit
2098 4776 2115 4802 ,
2167 4751 2272 4790 non
2303 4741 2542 4804 general.
2573 4731 2718 4804 Erga
2746 4731 2894 4801 cujus
2920 4729 3027 4780 uult
3056 4726 3328 4779 miseretur
3357 4765 3372 4788 ,
3430 4733 3488 4776 et

1898 4844 2047 4900 quem
2067 4827 2172 4881 vult
2199 4825 2428 4878 indurat.
2457 4823 2738 4878 Miseri-tur
2767 4833 2967 4887 magna
2987 4815 3248 4878 bonitate,
3273 4822 3352 4879 et,
3377 4812 3478 4866 ob-

1899 4919 2056 4974 durat
2082 4914 2516 4983 uullaiuiquitate
2542 4932 2554 4965 :
2586 4912 2870 4966 miseretur
2891 4909 3030 4963 bona
3063 4904 3366 4968 tribuendo,
3383 4903 3480 4955 ob-

1899 5011 2056 5070 durat
2083 5009 2238 5077 digna
2271 5005 2616 5062 retribuendo
2652 5022 2664 5058 :
2693 5013 2945 5072 tanquam
2976 5000 3021 5054 si
3061 4998 3264 5053 diceret
3294 5016 3310 5051 :
3337 4993 3482 5060 Ergo

1901 5103 1981 5160 sic
2017 5099 2309 5169 intelligitis
2337 5138 2353 5163 ,
2385 5103 2431 5152 sl
2470 5097 2554 5152 cui
2599 5095 2706 5149 vult
2738 5094 3022 5148 miseretur
3045 5129 3060 5154 ,
3091 5095 3146 5143 et
3185 5098 3345 5156 quem
3368 5081 3483 5135 vult

1905 5193 2164 5255 indurat,
2191 5190 2433 5260 sequitur
2477 5187 2803 5242 intellectum
2846 5191 3082 5237 vestrum
3108 5220 3122 5243 ,
3157 5187 3217 5232 ut
3243 5173 3480 5229 dicatis:

1902 5286 2039 5354 Quid
2073 5283 2246 5338 adhuc
2273 5278 2689 5349 redarguimur?
2711 5275 2852 5346 quod
2887 5273 3001 5329 vult
3025 5273 3141 5339 ipse
3167 5311 3183 5334 ,
3216 5269 3319 5322 hoc
3349 5266 3481 5320 l‘aci-

1904 5393 2047 5434 mus.
2062 5375 2242 5435 Sensit
2266 5373 2556 5444 Apostolus
2567 5370 2694 5441 quid
2715 5377 2954 5424 moveret
2977 5363 3252 5420 carnalem
3275 5359 3486 5414 intelle-

1907 5481 2052 5528 ctum
2065 5474 2333 5532 eorum,et
2343 5464 2448 5521 sibi
2467 5461 2629 5519 verba
2642 5455 3007 5516 contradicere
3017 5455 3085 5522 is,
3100 5467 3220 5522 qua:
3235 5449 3488 5520 apostoli-

1905 5575 1966 5616 ca
1991 5557 2311 5614 auctoritate
2328 5559 2623 5619 coerceret,
2652 5547 2922 5620 opposuit.
2941 5542 3181 5600 Aitenim
3199 5560 3214 5597 :
3231 5541 3373 5596 Dicis
3391 5540 3488 5593 ita-

1905 5667 2001 5721 que
2015 5651 2138 5704 mihi
2158 5665 2176 5704 :
2192 5648 2330 5713 Quid
2349 5645 2520 5702 adhuc
2539 5635 3051 5712 conqueriturﬂltvl‘ra
3068 5635 3120 5689 in
3131 5633 3318 5690 eodem
3341 5639 3494 5688 textu

1906 5739 2202 5816 gemitum]
2224 5755 2344 5797 nam
2364 5734 2616 5795 voluntati
2637 5733 2751 5802 eius
2769 5731 2884 5804 quis
2909 5728 3096 5788 resistit
3118 5727 3147 5782 ξ)
3173 5723 3486 5798 Respondit:
