4004 6354
494 385 515 485 λζ
567 390 664 443 ΠΙ

1671 384 1966 441 ΡωΜᾹΞΙΙ
2005 381 2453 440 ADRUMETANI
2496 382 2713 465 EI’ISC.

3765 393 3847 465 >2:

569 524 668 575 tptt-
685 507 780 560 ista
797 505 1339 570 dicenti:0ltomo,tu
1355 505 1466 575 quis
1482 520 1554 567 es,
1572 503 1653 571 qui
1670 502 1979 572 respondeas
2003 500 2145 554 Deo?
2172 506 2222 562 Α
2252 510 2373 551 runt
2403 499 2570 553 Deum
2616 499 2816 573 habere
2854 497 2908 553 itt
2941 500 3205 566 notitiam,
3250 501 3350 558 ltoc
3389 512 3472 559 est
3496 506 3641 575 quod
3686 507 3844 577 digni

508 580 519 645 ἶ
571 586 824 670 Nunquid
846 601 967 653 dicit
986 600 1277 671 ﬁgmentum
1292 598 1353 663 ci,
1381 598 1467 668 qui
1493 614 1545 651 se
1563 597 1731 666 ﬁnxit,
1752 612 1908 665 quare
1930 612 2007 648 me
2020 595 2143 665 feci-

510 694 518 732 i
571 696 637 744 sti
652 693 760 745 sic?
780 692 979 745 Deinde
996 699 1209 744 secutus
1226 698 1329 741 tant
1349 703 1596 758 magnum
1614 686 1959 754 abditumque
1973 700 2145 740 secre-

570 762 705 849 tum,
724 772 978 850 quantum
996 780 1340 849 aperiendum
1370 789 1512 834 esset
1539 764 1841 835 hominibus
1863 778 2142 847 judicavit,

535 894 541 901 -
570 883 627 926 et
650 873 1054 940 apt‘ruitdiccns
1071 889 1082 924 :
1101 872 1343 926 Siautem
1366 872 1534 925 volens
1559 871 1691 924 Deus
1716 871 1976 923 ostendere
1991 871 2142 933 iram,

569 974 616 1017 et
657 966 1006 1017 demonstrare
1061 964 1338 1030 potentiam
1378 979 1560 1027 suam,
1605 961 1842 1014 sustinuit
1891 961 1943 1013 in
1984 961 2145 1012 multa

570 1055 812 1125 patientia
854 1070 973 1105 rasa
1006 1054 1098 1106 ira:
1123 1098 1136 1119 ,
1170 1068 1280 1121 qua:
1309 1054 1533 1123 perfecta
1572 1061 1688 1105 sunt
1718 1054 1772 1105 in
1819 1052 2099 1119 perditione
2126 1094 2141 1118 ,

538 1164 543 1169 η
570 1156 625 1195 ut
656 1144 935 1196 ostenderet
956 1144 1160 1198 divitias
1189 1144 1365 1213 gloria:
1386 1160 1491 1196 tute
1518 1144 1570 1196 in
1600 1161 1722 1196 vasa
1760 1143 2142 1196 misericordiae.

569 1232 682 1309 lloc
711 1241 791 1284 est
820 1233 1002 1301 gratia:
1037 1234 1126 1287 Dei
1172 1250 1274 1287 non
1321 1234 1493 1287 solum
1535 1234 1855 1302 adjutorium
1885 1275 1899 1297 ,
1958 1248 2143 1287 verum

484 1387 491 1398 ,
569 1331 729 1395 etiam
761 1331 1163 1385 documentum.
1199 1330 1533 1397 Adjutorium
1562 1330 1762 1383 scilicet
1795 1329 1847 1382 in
1883 1328 2021 1383 vasis
2048 1327 2146 1380 tui-

570 1410 878 1487 sericordiae
905 1439 919 1486 ;
953 1414 1003 1476 in
1023 1401 1177 1493 vvasis
1202 1432 1385 1498 autem.
1412 1422 1503 1475 ira:
1534 1408 1933 1475 documentum.
1975 1420 2031 1497 in
2068 1420 2145 1473 eis

568 1514 711 1569 enim
743 1499 979 1568 ostendit
1011 1514 1165 1578 iram,
1200 1525 1251 1568 et
1283 1515 1617 1567 tlemonSIrat
1650 1512 1942 1589 potentiam
1969 1526 2142 1587 suam,

569 1586 691 1674 quia
722 1612 825 1658 tam
879 1612 1069 1673 potens
1112 1616 1190 1657 est
1232 1604 1440 1656 bonitas
1489 1610 1545 1655 ut
1597 1588 1738 1656 bene
1775 1586 1950 1654 utatur
1985 1601 2144 1681 etiam

574 1695 753 1760 malis,
785 1697 921 1757 etin
962 1694 1038 1759 eis
1084 1703 1237 1747 nutas
1268 1694 1425 1748 faciat
1467 1692 1679 1746 divitias
1720 1693 1903 1761 gloria:
1948 1706 2063 1746 sum
2092 1692 2144 1773 in

569 1764 697 1849 vasa
731 1768 1063 1857 misericordi
1081 1806 1107 1837 ι·
1136 1804 1146 1838 :
1184 1789 1437 1867 quoniam
1472 1785 1613 1853 quod
1644 1786 1710 1841 ab
1736 1787 1831 1840 ira:
1867 1785 2012 1863 vasis.
2035 1786 2148 1839 esi-

2248 592 2564 645 exstiterunt
2612 589 2728 644 dari
2773 591 2825 645 in
2869 591 3155 656 reprobum
3206 607 3421 649 sensum
3466 606 3701 652 :tatnen
3748 614 3841 653 ve-

2245 697 2362 733 rum
2397 691 2518 747 est,
2558 683 2681 750 quia
2714 698 2819 760 pou
2868 682 3095 753 volentis
3119 724 3133 747 ,
3186 700 3358 754 neque
3385 691 3694 755 currentis,
3739 692 3836 755 sed

2247 772 2549 825 miserentis
2575 784 2657 825 eSt
2688 772 2805 834 Dei,
2834 773 2961 841 quia
2988 773 3033 827 si
3066 788 3160 841 pro
3196 790 3260 828 eo
3292 775 3581 847 levioribus
3600 780 3841 850 quisque

2249 865 2501 932 peccatis,
2530 875 2620 918 aut
2642 875 2787 919 certe
2810 865 3146 934 graviorbus
3176 876 3230 920 et
3257 868 3459 935 multis,
3491 880 3678 936 tamen
3721 886 3839 931 sua»

2247 971 2351 1025 gno
2378 958 2582 1024 gemitu
2610 965 2663 1011 et
2689 956 2875 1011 dolore
2903 958 3192 1026 paenitendi
3223 959 3593 1015 misericordia
3624 962 3725 1017 Dei
3758 966 3837 1017 di-

2246 1062 2383 1115 gnus
2413 1048 2595 1113 fuerit,
2628 1065 2732 1103 non
2766 1051 2931 1118 ipsius
2957 1060 3058 1114 est,
3094 1058 3182 1120 qui
3212 1053 3257 1107 si
3298 1054 3721 1123 relinqueretur,
3758 1057 3836 1109 in.

2250 1138 2433 1192 teriret
2454 1180 2468 1204 ,
2498 1140 2590 1193 sed
2621 1140 2926 1195 ntiserentis
2956 1142 3082 1207 Dei,
3114 1144 3202 1211 qui
3240 1146 3357 1209 ejus
3399 1146 3650 1213 precibus
3680 1146 3836 1201 dolo-

2249 1229 2503 1299 ribusque
2532 1230 2804 1284 snbvenit.
2851 1230 3047 1285 Parum
3083 1243 3166 1285 est
3203 1235 3346 1288 enim
3379 1236 3540 1299 velle,
3584 1240 3833 1304 quamvis

2248 1323 2408 1375 etiam
2439 1333 2495 1374 ut
2519 1323 2743 1376 velimus
2769 1323 3015 1379 voluntas
3044 1341 3071 1377 a
3098 1326 3324 1379 Domino
3356 1339 3715 1397 praeparatur,
3760 1339 3834 1384 t2-

2250 1428 2370 1465 men
2395 1413 2477 1483 (ut
2509 1412 2641 1477 dixi)
2678 1429 2862 1482 parum
2910 1426 2992 1468 est
3024 1417 3158 1470 velle
3188 1458 3202 1481 ,
3247 1418 3346 1473 nisi
3382 1419 3643 1474 Dominus
3674 1421 3832 1475 mise-

2252 1513 2451 1569 reatur.
2477 1504 2585 1579 Sed
2618 1504 2757 1580 Deus
2797 1520 2901 1577 non
2947 1508 3230 1584 miseretur
3254 1550 3269 1573 ,
3308 1510 3398 1579 qui
3423 1510 3489 1585 ad
3523 1526 3719 1581 pacem
3743 1527 3833 1565 vo—

2249 1606 2366 1661 cat,
2400 1596 2502 1650 nisi
2536 1598 2783 1652 voluntas
2823 1599 2930 1667 jam
2970 1600 3181 1668 quidem
3226 1616 3411 1669 sanata
3440 1605 3827 1672 prrceesserit:

2248 1690 2369 1754 quia
2396 1702 2494 1756 pax
2526 1688 2828 1765 hominibus
2854 1690 3007 1765 bona;
3028 1691 3331 1746 voluntatis.
3350 1692 3417 1746 Et
3438 1694 3715 1763 quomodo
3741 1710 3831 1760 ne;

2250 1779 2389 1831 velle
2422 1779 2700 1858 quisquam
2737 1790 2953 1849 potest,
2990 1781 3090 1851 nisi
3120 1782 3420 1859 admonitus
3460 1793 3515 1845 et
3562 1793 3785 1841 vocatus
3812 1826 3827 1850 ,

570 1878 645 1947 git
672 1866 875 1945 iustitia
909 1878 1048 1947 punit
1071 1867 1326 1951 ntis,'hoc
1359 1878 1497 1932 vasis
1528 1876 2147 1955 misericorditntlimittit
2181 1866 2224 1925 Β
2252 1870 2362 1923 Sive
2388 1868 2733 1953 ἰηιΐίιὶβεουεν
2761 1871 2849 1926 ubi
2877 1873 3054 1927 "unus
3083 1873 3357 1951 hominum
3390 1875 3558 1953 νζάθίι
3601 1876 3716 1930 δῖνα
3741 1892 3829 1950 εξ*

574 1968 741 2040 gratia
771 1953 1047 2049 liberantis
1072 1986 1085 2020 :
1116 1984 1214 2023 nec
1236 1968 1550 2049 beneficium
1569 1954 1707 2037 quod
1737 1969 2005 2040 nonnullis
2028 1954 2149 2049 gra-

574 2059 642 2115 tis
661 2044 926 2137 tribuitur,
943 2069 1247 2129 appareret,
1274 2062 1373 2115 nisi
1389 2045 1530 2130 Deus
1548 2060 1668 2113 aliis
1686 2075 1749 2137 ex
1770 2060 1954 2114 eadem
1974 2044 2148 2131 massa

572 2133 787 2219 pariter.
820 2150 926 2205 reis
968 2138 1114 2220 justo
1151 2140 1355 2219 judicio
1391 2133 1796 2215 condemnatis,
1831 2150 1957 2219 quid
1991 2152 2144 2205 utris-

569 2248 675 2311 que
697 2241 985 2297 deberetur
1007 2241 1334 2296 ostenderet.
1367 2241 1501 2294 Audi
1542 2242 1701 2295 etiam
1754 2241 2011 2309 integram
2045 2241 2147 2296 loci

570 2334 727 2411 istius
755 2334 1249 2400 interpretationem
1290 2332 1586 2387 beatissimi
1619 2332 1795 2385 Patris
1822 2334 2101 2402 Augustini
2130 2377 2143 2401 ,

573 2438 702 2487 nam
742 2423 810 2478 de
854 2423 1134 2478 Pharaone
1176 2423 1253 2477 ita
1292 2423 1647 2493 respondetur
1679 2441 1690 2476 :
1725 2423 1995 2479 Prioribus
2035 2439 2148 2478 tne-

571 2517 712 2583 ritis,
740 2517 929 2586 quibus
952 2517 1142 2573 afﬂixit
1170 2518 1221 2573 in
1252 2533 1415 2588 regno
1444 2534 1542 2573 suo
1572 2518 1903 2590 peregrinos,
1928 2518 2143 2587 dignum

566 2602 820 2669 effectum
851 2607 936 2663 cui
965 2608 1318 2680 obduraretur
1344 2626 1459 2675 cor,
1493 2620 1551 2664 ut
1576 2626 1674 2666 nec
1696 2610 2146 2665 manifestissimis

572 2690 743 2769 Signis
768 2690 1004 2771 iubentis
1030 2686 1122 2757 Dei
1152 2702 1397 2758 crederet
1428 2721 1441 2757 :
1472 2719 1538 2759 ex
1562 2703 1747 2758 eadem
1788 2719 1916 2771 ergo
1945 2718 2142 2770 massa,

572 2788 628 2845 id
669 2786 1174 2868 est,'peceatorum,
1206 2802 1259 2846 et
1298 2807 1423 2847 vasa
1470 2793 1857 2847 misericordi-.e
1885 2794 2140 2868 protulit,

570 2881 767 2948 quibus
818 2866 1169 2949 subveniret,
1220 2898 1341 2938 cum
1395 2899 1516 2937 eum
1575 2866 2003 2963 deprecarentur
2054 2886 2144 2963 lilii

571 2970 758 3033 Israel,
789 2980 843 3025 et
872 2986 997 3026 vasa
1023 2973 1134 3039 irae,
1165 2990 1388 3041 quorum
1411 2977 1670 3044 supplicio
1711 2978 1832 3031 illos
1877 2960 2108 3032 erudiret
2130 3018 2144 3041 ,

647 3069 751 3125 est,
779 3050 1104 3116 Pharaonem
1127 3065 1441 3133 etpopulum
1466 3066 1581 3132 ejus
1607 3084 1618 3117 :
1644 3060 1767 3136 quia
1792 3067 2029 3143 quamvis
2056 3082 2145 3123 cs-

571 3158 693 3203 sent
722 3144 931 3220 utrique
959 3142 1287 3220 peccatores,
1311 3164 1365 3210 et
1405 3156 1691 3225 propterea
1720 3158 1783 3212 ad
1813 3150 1971 3229 unam
2006 3174 2146 3214 mas-

2253 1950 2522 2038 li‘inSCCUS
2549 1978 2643 2035 per
2673 1977 2985 2040 sermonem
3022 1976 3341 2038 sonantem,
3386 1950 3477 2023 aut
3522 1984 3621 2037 per
3652 1969 3827 2037 aliqua

2252 2054 2403 2120 signa
2431 2054 2693 2121 visibilia,
2724 2055 2955 2112 efficitur
2995 2067 3052 2113 ut
3096 2059 3256 2114 etiam
3290 2060 3463 2130 ipsum
3506 2060 3653 2116 velle
3697 2060 3829 2123 Deus

2253 2156 2506 2216 operetur
2537 2149 2587 2203 in
2619 2149 2796 2207 nobis.
2829 2149 2912 2220 Ad
2935 2151 3076 2204 illam
3110 2152 3251 2225 enim
3289 2166 3525 2218 ccenam,
3546 2169 3709 2223 quam
3738 2152 3826 2208 00'-

2257 2242 2435 2295 miuus
2458 2241 2587 2327 dicit
2619 2243 2670 2297 in
2697 2242 2984 2327 Evangelio
3013 2229 3387 2327 purpuratam,
3414 2264 3513 2311 nec
3536 2263 3726 2303 omnes
3746 2249 3827 2319 qui

2254 2332 2427 2385 vocati
2451 2342 2575 2385 sunt
2604 2336 2786 2390 venire
2807 2336 3109 2409 voluerunt,
3135 2354 3305 2408 neque
3330 2339 3404 2393 illi
3432 2342 3522 2409 qui
3547 2353 3823 2404 venerunt,

2250 2422 2432 2475 venire
2463 2434 2714 2492 possent,
2748 2427 2845 2481 nisi
2878 2440 3213 2501 vocarentur.
3247 2430 3356 2486 Nec
3386 2431 3458 2495 illi
3498 2432 3697 2487 debent
3728 2433 3821 2499 sibi

2251 2513 2485 2568 tribuere
2512 2516 2599 2583 qui
2630 2527 2913 2584 venerunt,
2940 2520 3062 2589 quia
3086 2522 3255 2575 vocati
3282 2533 3543 2591 venerunt
3574 2542 3589 2575 :
3623 2539 3721 2580 nec
3747 2525 3816 2591 illi

2250 2604 2339 2671 qui
2388 2605 2671 2660 noluerunt
2705 2608 2889 2662 venire
2915 2650 2932 2675 ,
2974 2610 3175 2664 debent
3207 2614 3361 2667 alteri
3412 2615 3685 2680 tribuere,
3733 2616 3819 2681 sed

2252 2702 2457 2747 tantum
2488 2695 2589 2749 sibi
2622 2714 2635 2751 :
2666 2700 2917 2767 quoniam
2943 2710 2999 2754 ut
3022 2704 3265 2757 venirent
3295 2706 3465 2759 vocati
3494 2716 3649 2759 erant
3676 2706 3727 2759 in
3756 2707 3818 2759 li-

2250 2783 2377 2838 bera
2408 2797 2670 2855 potestate
2694 2806 2709 2843 :
2735 2791 2911 2846 vocari
2934 2806 3062 2861 ergo
3082 2804 3204 2847 ante
3227 2794 3478 2849 meritum
3503 2797 3815 2849 voluntatem

2250 2885 2541 2945 nperatur:
2581 2888 2863 2947 propterea
2895 2891 2951 2936 et
2978 2882 3023 2936 si
3056 2883 3335 2952 quisquam
3364 2884 3548 2939 tribuit
3574 2885 3716 2955 quod
3737 2901 3817 2940 ve-

2252 2966 2329 3039 nit
2357 2976 2579 3022 vocatus
2601 3010 2614 3033 ,
2652 2984 2757 3025 non
2790 2971 2890 3025 sibi
2944 2982 3118 3042 potest
3162 2974 3400 3029 tribuere
3439 2975 3581 3045 quod
3610 2984 3820 3030 vocatus

2252 3065 2354 3109 est.
2388 3057 2488 3123 Qui
2529 3067 2710 3125 autem
2753 3071 2976 3140 vocatus
3005 3079 3108 3117 non
3140 3066 3316 3133 venit,
3347 3066 3488 3119 sicut
3530 3080 3635 3120 non
3665 3066 3819 3137 habet

2252 3140 2501 3202 meritum
2528 3153 2755 3229 praemii,
2781 3164 2837 3205 ut
2858 3165 3158 3223 vocaretur,
3183 3158 3257 3210 sic
3280 3156 3477 3231 incidet
3500 3158 3551 3211 in
3576 3159 3819 3231 meritum

575 3255 690 3295 sam
716 3244 1095 3311 pertinerent;
1137 3246 1293 3301 aliter
1332 3256 1508 3303 tamen
1541 3250 1803 3305 tractandi
1832 3239 2023 3318 erant,
2057 3254 2143 3321 qui

2253 3238 2523 3306 supplicii,
2558 3241 2649 3306 qui
2675 3253 2894 3297 vocatus
2925 3245 3110 3299 venire
3151 3247 3404 3317 neglexit.
3438 3246 3512 3302 lta
3551 3257 3713 3306 erunt
3737 3250 3819 3309 illa

575 3334 666 3387 uni
688 3334 805 3392 Deo
848 3336 1236 3404 ingemueram,
1270 3347 1327 3393 ut
1364 3339 1440 3392 eis
1470 3340 1823 3395 subveniret:
1859 3342 2014 3396 aliter
2046 3330 2144 3406 illi,

570 3424 673 3478 sub
702 3439 927 3493 quorum
975 3428 1187 3496 injustis
1234 3430 1487 3485 Oneriltus
1534 3439 1865 3501 getnuerant.
1924 3433 2148 3488 Pertulit

570 3531 701 3584 ergo
733 3518 784 3572 in
829 3520 993 3573 multa
1023 3521 1273 3590 patientia
1305 3537 1431 3576 vasa
1463 3522 1580 3588 irzn,
1611 3539 1731 3591 qua:
1762 3523 1993 3590 perfecta
2022 3534 2147 3579 sunt

569 3606 624 3659 in
650 3608 1125 3675 perditionem.'Et
1148 3626 1213 3664 co
1244 3612 1379 3680 ipso,
1409 3626 1513 3681 quo
1540 3613 1639 3665 ait:
1665 3613 1721 3666 In
1749 3614 1912 3667 multa
1943 3614 2148 3682 patien-

572 3701 666 3765 tia,
697 3701 827 3753 satis
882 3702 1199 3767 signilicavit
1231 3704 1408 3771 priora
1453 3720 1636 3759 eorum
1673 3716 1911 3777 peccata,
1943 3707 1994 3761 in
2028 3707 2147 3777 qui-

572 3788 674 3839 bus
702 3802 794 3841 eos
832 3782 1068 3856 pertulit,
1114 3800 1223 3844 tum
1268 3794 1537 3850 vindicare
1570 3813 1581 3847 :
1623 3796 1837 3864 quando
1868 3797 1935 3852 de
1961 3812 2144 3852 eorum

567 3876 802 3932 vindicta
829 3880 1251 3937 subveniendum
1274 3894 1389 3938 erat
1437 3887 1502 3940 iis
1522 3872 1619 3956 qui
1651 3870 2017 3944 liberabantur
2049 3908 2060 3942 :
2092 3900 2149 3961 ut

571 3976 728 4019 nOIas
755 3966 953 4023 faceret
982 3970 1193 4026 divitias
1231 3974 1416 4042 gloriae
1455 3991 1564 4029 sum
1605 3978 1655 4031 in
1686 3992 1808 4031 vasa
1842 3962 2147 4033 misericor-

570 4057 698 4122 dite,
732 4074 850 4125 quae
882 4063 1200 4128 praeparavit
1229 4064 1279 4117 in
1312 4066 1499 4134 gloria.
1538 4068 1634 4123 llic
1674 4068 1902 4125 fortasse
1931 4081 2146 4127 contur-

573 4148 730 4202 batus
755 4149 820 4204 ad
853 4149 998 4205 illam
1029 4156 1375 4222 qumstioncm
1402 4152 1638 4214 rediisti:
1666 4161 1718 4215 Si
1743 4162 1824 4213 cui
1852 4162 1960 4215 vult
1982 4150 2146 4218 mise-

573 4248 742 4303 retur,
777 4251 829 4295 et
866 4256 1024 4312 quem
1076 4246 1186 4299 vult
1214 4247 1473 4314 obdurat,
1506 4250 1630 4316 quid
1660 4252 1832 4307 adhuc
1861 4255 2145 4324 conqueri-

567 4330 698 4385 tur?
729 4332 989 4389 voluntati
1020 4334 1135 4404 ejus
1163 4339 1282 4407 quis
1306 4339 1545 4393 resistit?
1578 4340 1802 4397 Prorsus
1836 4343 1904 4396 ita
1936 4353 2034 4405 est,
2064 4345 2145 4398 vis

570 4440 677 4478 non
709 4426 810 4491 vis,
860 4426 950 4481 cui
979 4427 1091 4481 vult
1122 4418 1425 4495 netiseretur,
1460 4441 1513 4485 ct
1551 4448 1705 4502 quem
1738 4437 1847 4489 vult
1892 4436 2140 4490 obdurat.

570 4512 677 4565 Sed
710 4514 846 4568 velle
890 4514 980 4568 Dei
1013 4517 1130 4585 quis
1162 4520 1353 4587 impius
1383 4521 1520 4577 dicat
1554 4523 1831 4592 injustam,
1864 4526 1951 4579 cui
1980 4527 2139 4580 etiam

2250 3327 2394 3384 duo:
2426 3320 2840 3388 Misericordiam
2872 3346 2927 3409 et
2970 3337 3228 3406 judicium
3272 3341 3498 3395 cantabo
3539 3342 3677 3406 tibi,
3721 3343 3817 3396 Do-

2252 3419 2418 3476 mine.
2471 3421 2550 3475 Ad
2600 3424 3024 3480 misericordiam
3060 3430 3290 3501 pertinet
3320 3432 3528 3485 vocatio
3550 3476 3567 3498 ,
3595 3432 3662 3486 ad
3687 3434 3817 3502 judi-

2250 3511 2394 3563 cium
2426 3516 2655 3580 pertinet
2690 3516 2963 3571 beatitudo
2984 3534 3168 3574 eorum
3199 3523 3285 3589 qui
3316 3533 3580 3577 venerunt
3607 3526 3774 3591 vocati
3802 3541 3819 3587 ς

2260 3612 2315 3656 et
2362 3604 2677 3673 supplicium
2702 3623 2885 3662 eorum
2911 3611 3000 3679 qui
3034 3612 3219 3666 venire
3249 3614 3554 3667 noluerunt.
3583 3613 3822 3691 Nunquid

2258 3708 2388 3761 ergo
2418 3695 2619 3751 latebat
2648 3698 2983 3753 Pharaonem
3025 3713 3278 3769 quantum
3309 3703 3431 3757 boni
3460 3716 3817 3759 consecutura

2252 3784 2357 3837 illa:
2384 3794 2542 3839 terra:
2574 3802 2667 3855 per
2695 3789 2982 3844 adventum
3011 3790 3209 3861 Joseph
3243 3793 3480 3848 fut-rint?
3523 3794 3669 3849 lllius
3698 3809 3817 3865 ergo

2250 3876 2327 3929 rei
2359 3886 2525 3944 gesta:
2554 3880 2785 3948 cognitio
2808 3882 3015 3937 vocatio
3044 3884 3159 3952 ejus
3187 3884 3265 3950 fit,
3291 3894 3347 3937 ut
3379 3885 3632 3954 populum
3665 3885 3814 3940 Israel

2251 3966 2669 4029 misericorditer
2701 3980 2935 4027 tractans
2962 3988 3066 4027 non
3094 3984 3237 4029 esset
3263 3975 3519 4045 ingratus.
3555 3976 3707 4044 Quod
3732 3991 3817 4030 au.

2253 4066 2357 4111 tem
2391 4058 2514 4114 huic
2561 4062 2825 4135 vocatioui
2856 4063 3229 4132 obtemperare
3266 4067 3468 4129 noluit,
3502 4077 3554 4121 et
3585 4069 3813 4122 exercuit

2249 4152 2621 4209 crudelitatem
2647 4155 2696 4207 iu
2721 4155 2816 4211 eis.
2843 4157 3036 4224 quibus
3056 4146 3363 4213 humanitas
3384 4168 3436 4214 et
3458 4159 3814 4214 misericordia

2249 4240 2571 4307 debebatur;
2602 4246 2796 4299 meruit
2818 4260 3050 4323 ptenatn,
3070 4257 3126 4302 ut
3157 4248 3499 4323 induraretur
3524 4249 3602 4305 illi
3624 4264 3733 4318 cor,
3764 4259 3812 4305 et

2252 4341 2451 4387 tantam
2489 4335 2783 4393 caecitatem
2825 4322 3017 4392 mentis
3056 4322 3351 4407 pateretur,
3393 4348 3451 4411 ut
3476 4350 3552 4395 tot
3583 4350 3640 4397 et
3668 4342 3812 4397 lautis

2250 4431 2466 4493 tantque
2494 4426 2787 4482 manifestis
2813 4429 2900 4483 Dei
2921 4430 3087 4497 signis
3116 4447 3219 4484 non
3245 4420 3513 4497 crederet,
3538 4448 3645 4501 quo
3662 4434 3813 4501 possit

2250 4516 2367 4583 ejus
2393 4518 2655 4587 supplicio
2681 4520 2793 4574 sive
2815 4521 3203 4587 obduratiou’s,
3232 4524 3347 4578 sive
3378 4522 3574 4577 ultima:
3605 4510 3813 4578 visibilis

573 4602 689 4667 ipse
713 4601 919 4664 phamo
946 4608 1140 4662 atumat
1165 4625 1177 4661 ε
1202 4610 1385 4664 Justus
1415 4622 1499 4665 ρει
1524 4613 1661 4666 Deus
1694 4632 1705 4665 ε
1741 4629 1839 4683 ego
1879 4625 2055 4669 autem
2087 4625 2141 4670 ει
2170 4596 2226 4656 D
2248 4609 2630 4665 submersionis
2646 4613 2843 4667 erudiri
2871 4614 3112 4697 populus.
3135 4616 3303 4672 utsilti
3328 4614 3812 4693 afﬂictioneiﬂajF.

573 4691 799 4757 populus
836 4708 984 4747 meus
1017 4696 1219 4765 injusti,
1246 4702 1365 4767 quia
1402 4701 1513 4755 haec
1546 4703 1793 4757 voluntas
1822 4703 1916 4757 Dei
1946 4705 2140 4772 injusta

568 4796 690 4836 esse
714 4798 816 4835 non
844 4794 1038 4851 potest.
1064 4786 1221 4841 Venit
1248 4789 1391 4853 enim
1423 4791 1488 4843 de
1507 4792 1885 4846 occultissimis
1912 4790 2139 4865 meritis,

570 4888 692 4940 qute
739 4876 883 4942 ipsos
912 4888 1223 4955 peceatores
1253 4879 1583 4935 discernunt.
1620 4884 1751 4937 Nam
1782 4898 1900 4952 eum
1928 4896 2145 4957 propter

566 4968 821 5034 generale
846 4968 1121 5038 peccatum
1152 4988 1308 5027 unam
1355 4988 1584 5028 massam
1618 4974 1841 5031 fecerint
1914 4994 2017 5031 non
2064 4987 2141 5031 ta-

569 5072 695 5111 men
724 5059 865 5112 nulla
894 5071 976 5115 est
1006 5062 1144 5116 inter
1169 5064 1289 5117 illos
1317 5064 1600 5120 diversitas
1631 5055 1644 5131 ξ
1679 5068 1798 5136 quia
1831 5070 1953 5122 sunt
1985 5070 2141 5122 multi

564 5163 877 5220 peccatores
908 5157 1221 5211 naturaliter
1249 5159 1525 5213 moderate
1558 5162 1798 5215 viventes
1824 5205 1837 5227 ,
1875 5177 1968 5230 per
1997 5150 2140 5229 quod

563 5248 807 5311 quamvis
856 5249 1092 5301 nondum
1135 5250 1542 5322 sintjustificati
1569 5294 1583 5314 ,
1624 5235 1769 5320 digni
1814 5261 1989 5306 tamen
2021 5240 2138 5307 cili?

560 5331 1176 5405 cianturjustitioatione
1210 5358 1221 5392 :
1252 5351 1305 5395 et
1333 5358 1437 5395 non
1487 5343 1750 5411 praecedet
1780 5342 1830 5395 itt
1862 5342 1979 5396 aliis
2010 5358 2136 5412 pec-

558 5426 830 5479 catoribus
862 5429 1074 5495 proprio
1104 5431 1254 5495 vitio,
1286 5442 1343 5485 ut
1363 5432 1507 5499 digni
1537 5434 1643 5485 sint
1664 5434 2006 5496 obtunsione,
2038 5435 2133 5487 Ita-

559 5517 750 5572 beutes
772 5521 1020 5575 eumdem
1052 5524 1350 5590 apostolum
1384 5524 1512 5577 alibi
1541 5523 1808 5578 dicentem
1836 5540 1847 5576 :
1873 5524 2136 5591 Quoniam

562 5623 666 5661 non
712 5611 1073 5677 probaverunt
1118 5613 1285 5668 Deum
1340 5614 1538 5668 habere
1579 5615 1629 5667 in
1672 5615 1953 5679 notitiam,
1992 5614 2139 5672 dedit

561 5697 682 5751 illos
714 5698 852 5752 Deus
892 5702 943 5754 in
983 5703 1268 5770 reprotium
1317 5715 1554 5756 sensum.
1594 5701 1704 5756 lloc
1744 5713 1830 5757 est
1867 5705 2007 5775 quod
2036 5705 2136 5760 ob-

561 5788 770 5873 duravit
812 5806 905 5865 cur
932 5792 1220 5873 Pharaoni.
1248 5793 1397 5860 Quod
1428 5804 1604 5863 autem
1639 5795 1710 5852 illi
1743 5813 1847 5853 non
1878 5797 2137 5869 probave-

2248 4700 2344 4768 leg.
2361 4700 2704 4757 afflictionem
2728 4702 2896 4774 illam]
2911 4717 2960 4759 et
2974 4708 3194 4761 occultze
3218 4709 3575 4775 obtunsionis,
3590 4721 3645 4765 et
3662 4711 3807 4765 mani-

2248 4790 2396 4843 festae
2424 4791 2808 4847 submersionis
2848 4797 3221 4873 inobedieutite
3251 4801 3440 4854 merito
3465 4810 3807 4870 compararet.

2250 4877 2375 4933 llzec
2404 4890 2581 4935 autem
2615 4887 2844 4950 vacatio,
2877 4903 2995 4956 qua:
3025 4890 3138 4944 sive
3165 4892 3217 4944 in
3245 4875 3469 4962 singulis
3499 4892 3814 4961 hominibus,

2248 4969 2361 5023 sive
2378 4970 2428 5024 in
2453 4973 2681 5041 populis,
2705 4979 2936 5047 atquein
2961 4979 3077 5047 ipso
3106 4970 3551 5051 bumano'genere
3576 4998 3670 5051 per
3694 4992 3818 5037 tem-

2251 5075 2437 5129 porum
2452 5050 3161 5140 0pportunitatesfoperatur,
3177 5074 3296 5127 alia:
3308 5088 3354 5145 et
3384 5050 3661 5142 profunda:
3682 5074 3818 5129 ordi-

2249 5154 2481 5225 nationis
2500 5167 2579 5212 est
2596 5174 2610 5214 :
2630 5150 2736 5228 quo
2761 5162 2987 5237 pertinet
3006 5166 3164 5218 etiam
3190 5164 3347 5220 illud:
3374 5164 3431 5219 In
3455 5175 3610 5221 utero
3634 5166 3817 5221 sancti-

2248 5246 2398 5303 iieavi
2417 5260 2564 5312 tezet
2582 5267 2699 5307 eum
2724 5249 2875 5321 esses
2903 5258 2952 5309 in
2978 5245 3195 5334 renibus
3221 5260 3383 5327 patris
3403 5260 3499 5326 tui,
3520 5260 3626 5313 vidi
3645 5269 3713 5333 te.
3735 5260 3811 5325 Et,

2245 5339 2409 5396 Jacob
2438 5342 2624 5408 dilexi,
2659 5343 2798 5399 Esau
2826 5358 3002 5421 autem
3021 5348 3144 5403 odio
3169 5340 3351 5415 habui,
3374 5367 3497 5408 eum
3528 5353 3724 5407 dictum
3754 5354 3815 5407 sit

2247 5443 2534 5504 antequam
2564 5448 2876 5514 nasceretur
2902 5456 2915 5493 :
2949 5457 3047 5497 nec
3077 5444 3463 5512 comprehendi
3494 5456 3687 5514 potest,
3721 5446 3813 5499 nisi

2246 5523 2381 5580 forte
2415 5528 2481 5582 ab
2534 5510 2747 5598 eis-qui
2792 5531 3017 5601 diligunt
3063 5514 3345 5610 Dominum
3380 5537 3544 5603 Deum
3573 5552 3725 5589 suum
3752 5550 3809 5588 cx

2248 5626 2358 5672 toto
2388 5620 2571 5684 corde,
2603 5630 2658 5675 et
2676 5636 2741 5676 ex
2774 5634 2878 5676 tota
2902 5628 3098 5689 anima,
3123 5642 3177 5682 et
3202 5643 3271 5681 ex
3299 5637 3405 5682 tota
3438 5637 3618 5683 mente
3636 5636 3809 5692 su:t,et

2244 5694 2816 5780 proximumtanquam
2834 5716 3171 5782 sctttetipsos.
3198 5718 3365 5771 Tanta
3390 5721 3532 5773 enim
3559 5720 3805 5773 charitate

2246 5800 2465 5868 fundati,
2495 5812 2715 5871 possunt
2732 5804 2865 5873 jam,
2892 5807 2934 5859 si
2964 5808 3314 5864 ittrtassccuat
3333 5810 3554 5878 sanctis,
3573 5826 3803 5880 compre-
