4004 6354
241 340 348 422 4.7.:

1123 340 1191 398 IN
1230 339 1606 399 EPISTOLMl
1644 341 1737 397 AD
1775 338 2093 397 ROMANOS
2134 338 2652 401 COMMENTARIA.

3404 345 3508 414 ιη

243 455 481 535 hendere
510 452 895 528 longitudinem
922 490 938 518 ,
991 452 1328 511 latitudinem
1376 465 1430 510 et
1470 456 1815 525 profundum.
1848 460 1900 521 Α
1924 456 2287 528 pliemantem,
2305 468 2357 512 et
2373 458 2624 527 populum
2642 472 2796 513 suum
2810 456 2960 514 duris
2980 458 3235 529 Operihus
3259 460 3509 531 afﬂigcn:

246 546 378 600 Illud
409 558 585 601 tamen
624 546 1057 601 constantissima
1101 547 1203 601 fide
1242 547 1614 613 retinendum,
1648 564 1821 620 neque

238 621 531 721 quidquam
561 637 727 694 Deum
755 638 953 708 injuste
982 639 1179 708 facere,
1206 656 1376 708 neque
1399 642 1559 696 ullam
1583 659 1703 699 esse
1729 660 1822 699 na-

238 737 418 805 tpram
446 769 460 794 ,
492 744 610 799 qua:
652 744 755 783 nou
791 730 901 785 Dee
929 730 1121 785 debeat
1149 730 1203 784 id
1236 733 1376 801 quod
1417 744 1519 788 est.
1551 736 1685 803 Quia
1717 736 1823 791 Deo

241 821 473 882 debetur
498 837 659 896 omne
687 822 873 888 decus,
909 831 964 877 et
997 822 1368 891 pulchritudo,
1402 835 1451 881 et
1472 828 1822 895 congruentia

239 913 473 990 parium
500 931 513 969 :
538 930 696 986 quam
723 918 766 969 si
792 916 1003 985 penitus
1029 930 1341 984 persecu'us
1368 915 1554 984 fueris,
1576 928 1629 973 et
1656 935 1826 990 usque

244 987 313 1064 ad
339 1020 525 1059 onmes
556 1006 806 1076 reliquias
833 1006 901 1061 de
931 1007 1089 1061 rebus
1118 1007 1442 1073 detraxeris,
1472 1020 1713 1065 remanet
1739 1010 1827 1066 ni-

238 1094 340 1151 hil.
373 1097 503 1150 Cum
533 1111 662 1166 ergo
693 1095 944 1151 meritum
981 1097 1254 1167 peccando
1295 1100 1663 1169 amiserimus,
1695 1111 1750 1157 et
1778 1103 1824 1158 si

239 1189 609 1243 misericordia
635 1189 731 1243 Dei
760 1200 983 1253 remota,
1016 1190 1147 1244 nihil
1174 1191 1317 1245 aliud
1354 1193 1700 1260 peccantibus
1724 1194 1826 1249 nisi

240 1294 402 1349 pmna
431 1289 628 1335 aeterna
653 1280 933 1347 debeatur,
974 1283 1099 1352 quid
1121 1283 1220 1357 sibi
1250 1286 1359 1337 vult
1383 1284 1543 1338 homo
1563 1284 1630 1341 de
1651 1299 1828 1354 massa

242 1370 561 1440 perditionis
584 1383 760 1441 natus,
787 1383 841 1426 ut
864 1372 978 1439 Deo
1009 1374 1350 1448 respondeat,
1376 1387 1429 1430 et
1455 1375 1596 1443 dicat
1619 1376 1828 1442 :Quare

244 1449 330 1541 sic
369 1477 454 1540 me
484 1463 706 1528 fecisti?
734 1464 780 1523 si
811 1466 891 1519 vis
933 1469 1030 1541 ista
1062 1482 1418 1536 cognoscere,
1449 1468 1558 1522 noli
1588 1482 1712 1524 esse
1745 1469 1833 1529 lu?

248 1563 383 1618 tum,
407 1553 502 1607 sed
529 1554 743 1609 ellicue
774 1554 914 1609 lilius
952 1555 1044 1609 Dei
1078 1571 1172 1624 per
1206 1555 1351 1631 illius
1382 1556 1829 1623 misericordiam,

244 1645 338 1714 qui
378 1644 529 1700 dedit
570 1656 889 1717 petestatem
932 1646 1071 1723 filios
1114 1647 1207 1703 Dei
1248 1647 1367 1721 fieri
1406 1648 1748 1716 credentibus
1778 1647 1833 1703 in

244 1726 466 1820 nomine
509 1739 649 1811 ejus.
700 1738 814 1795 Non
845 1750 1021 1815 autem
1053 1740 1194 1809 quod
1229 1749 1284 1807 tu
1327 1742 1510 1810 cupis,
1544 1750 1830 1812 antequam

1932 560 2061 602 tem.
2107 548 2240 601 Vasa
2269 550 2364 604 ira:
2380 561 2502 621 apta
2527 550 2578 603 in
2608 550 2893 614 interitum,
2919 560 2974 603 ut
2997 553 3283 607 ostenderet
3310 555 3511 624 diuitias

1924 639 2105 709 gloria:
2130 655 2256 694 sua.
2291 642 2567 710 lmplendo
2590 652 2806 712 peccata
2830 656 2953 697 vasa
2982 644 3073 697 ira:
3096 643 3255 714 digna
3300 644 3513 700 fuerant

1928 730 2148 807 effecta,
2179 741 2359 799 aptata
2390 748 2417 786 a
2447 734 2752 803 semetipsis
2784 735 2837 788 in
2872 736 3167 802 interitum,
3202 752 3309 790 non
3336 736 3511 790 solum

1926 835 2024 891 per
2046 821 2308 892 originale
2339 833 2640 891 peccatum,
2672 825 2764 889 sed
2797 841 2891 894 per
2932 828 3165 897 actuale.
3200 827 3280 880 lra
3312 827 3513 896 quippe

1926 926 2033 966 non
2060 912 2326 976 redditur,
2347 914 2449 968 nisi
2472 916 2675 989 debita,
2697 932 2762 969 ne
2785 918 2855 969 sit
2880 917 3133 991 iniquitas
3156 918 3293 983 apud
3322 918 3510 973 Deum.

1928 1000 1995 1056 Et
2024 1000 2148 1055 hinc
2188 1002 2493 1074 intelligunt
2520 1018 2648 1073 vasa
2678 1005 3061 1061 misericordia:
3092 1023 3249 1076 quam
3282 1008 3511 1077 gratuita

1928 1089 2038 1144 illis
2070 1089 2440 1160 misericordia
2487 1093 2819 1159 praebeatur,
2854 1097 2994 1165 quod
3046 1096 3138 1150 ira:
3170 1097 3308 1151 vasis
3332 1137 3349 1162 ,
3389 1111 3511 1151 cum

1929 1180 2124 1249 quibus
2148 1181 2226 1245 eis
2255 1191 2335 1234 est
2359 1182 2677 1250 perditionis
2700 1199 2880 1254 causa,
2908 1196 2960 1241 et
2984 1202 3157 1240 massa
3189 1188 3509 1250 communis,

1932 1274 2010 1329 ira
2042 1273 2221 1328 debita
2253 1281 2309 1329 et
2333 1274 2475 1343 justa
2521 1276 2863 1343 rependitur,
2908 1289 2961 1333 et
2992 1280 3109 1334 istis
3138 1279 3509 1334 misericordia

1930 1366 2165 1431 indebita
2195 1369 2547 1425 condonalur.
2583 1367 2649 1434 In
2675 1385 2796 1423 vasa
2822 1373 3208 1439 misericordiw,
3244 1389 3356 1439 qua:
3381 1389 3512 1440 prte-

1931 1456 2129 1521 ραι-αυὶι
2157 1456 2209 1507 in
2240 1455 2454 1524 gloriam
2479 1496 2493 1519 ,
2527 1472 2654 1525 quos
2683 1466 2731 1509 et
2767 1458 2980 1509 vocavit.
3010 1457 3144 1522 Quia
3175 1460 3285 1525 ipse
3315 1460 3396 1512 eis
3417 1474 3512 1522 vo-

1932 1543 2031 1599 luit
2061 1546 2327 1610 misereri,
2356 1554 2411 1600 et
2442 1546 2619 1600 facere
2642 1562 2734 1600 eos
2759 1562 2885 1601 vasa
2911 1547 3296 1603 misericordia:
3324 1548 3392 1603 de
3414 1563 3513 1612 va:

1927 1639 2003 1709 sis
2032 1640 2146 1693 irae.
2171 1639 2224 1692 N
2260 1657 2291 1691 η
2324 1640 2489 1702 solum
2514 1656 2577 1694 ea:
2603 1638 2825 1707 luditis.
2858 1642 2912 1700 Si
2946 1643 3302 1710 personaliter
3332 1658 3511 1699 vocas-

1928 1737 2033 1794 set,
2068 1730 2216 1784 solos
2243 1728 2459 1783 Judmos
2490 1740 2733 1786 vocasset
2763 1749 2776 1797 ;
2810 1732 2902 1787 sed
2938 1732 3240 1788 invenimus
3259 1748 3381 1788 eum
3411 1748 3514 1801 nec

246 1818 507 1910 credant,
540 1831 695 1886 datur
726 1832 1034 1901 hominibus
1064 1834 1242 1888 divina
1273 1848 1433 1889 nosse
1463 1835 1823 1905 cupientibus.

1940 1818 2125 1874 Iudaeis
2169 1819 2517 1887 peccantibus
2563 1822 2867 1887 pepercisse
2896 1864 2910 1883 .
2965 1838 3063 1877 nec
3101 1831 3284 1891 gentes
3319 1822 3517 1877 salvari

245 1920 451 1999 blerces
478 1923 622 1977 enim
667 1926 990 1993 cognitionis
1023 1926 1229 1981 meritis
1254 1925 1524 1993 redditur;
1559 1926 1826 1982 credendo

246 2020 427 2075 autem
460 2014 708 2066 meritum
749 2026 1106 2084 comparatur.
1140 2014 1257 2085 Ipsa
1285 2025 1461 2070 autem
1490 2018 1680 2087 gratia,
1710 2031 1830 2087 qua:

247 2102 373 2155 data
404 2114 487 2157 est
519 2121 612 2173 per
643 2105 824 2173 fidem,
859 2106 1015 2161 nullis
1046 2109 1249 2163 nosuis
1289 2108 1493 2162 meritis
1522 2106 1831 2176 pra-ceden-

251 2194 394 2248 tibus
416 2195 538 2249 data
565 2211 667 2252 est.
697 2198 847 2265 Quod
877 2201 1021 2254 enim
1046 2202 1295 2255 meritum
1326 2200 1620 2271 peccatoris
1648 2210 1702 2255 et
1732 2202 1831 2256 im-

248 2285 358 2363 pii?
388 2284 635 2343 Christus
683 2298 860 2345 autem
902 2306 999 2360 pro
1040 2292 1411 2361 peccatoribus
1440 2303 1493 2347 et
1523 2308 1619 2361 pro
1650 2292 1829 2360 impiis

248 2382 495 2449 mortuus
521 2387 623 2443 est,
649 2389 705 2431 ut
724 2379 790 2432 ad
815 2380 1141 2434 credendum
1169 2396 1273 2435 non
1299 2381 1513 2445 merito,
1542 2381 1634 2436 sed
1660 2381 1828 2450 gratia

244 2478 585 2544 vocaremur,
614 2467 883 2544 credendo
911 2480 1089 2525 autem
1121 2472 1282 2543 etiam
1315 2473 1565 2541 meritum
1595 2472 1829 2537 colloca-

248 2542 451 2625 remus.
488 2542 803 2630 Peccatores
832 2559 992 2635 igitur
1030 2542 1257 2617 credere
1279 2560 1538 2631 jubentur
1563 2570 1618 2617 et
1645 2577 1673 2613 a
1702 2576 1831 2635 pec-5

248 2647 391 2729 catis
435 2648 702 2706 credendo
724 2663 1037 2723 purgantur.
1070 2654 1325 2729 Nesciunt
1356 2655 1497 2709 enim
1527 2653 1652 2724 quid
1683 2662 1831 2719 recte

245 2730 486 2813 vivendo
512 2740 676 2795 \isuri
706 2744 849 2798 sint:
879 2755 1204 2816 quapropter
1228 2761 1348 2801 cum
1374 2746 1557 2801 videre
1579 2761 1685 2801 non
1717 2763 1834 2818 pos-

245 2836 379 2902 sint,
413 2834 515 2889 nisi
540 2846 685 2890 recte
714 2838 914 2904 vivant,
958 2855 1056 2895 nec
1078 2852 1224 2895 recte
1254 2842 1435 2895 vivere
1464 2840 1702 2907 valeant,
1727 2843 1830 2898 nisi

248 2927 494 2999 credant,
547 2928 886 2983 manifestum
909 2941 987 2984 est
1011 2934 1053 2983 a'
1075 2932 1175 2985 lide
1203 2931 1584 3004 incipiendum,
1614 2939 1670 2985 ut
1698 2946 1832 3000 prte-

251 3005 410 3085 cepta
442 3019 632 3085 quibus
654 3021 936 3076 credentes
964 3037 991 3075 a
1023 3023 1218 3089 seeculu
1252 3023 1351 3076 hoc
1378 3031 1716 3086 avertuntur,
1739 3038 1837 3095 cur

247 3110 510 3191 rnttudum
538 3111 753 3177 faciant,
782 3113 869 3167 ubi
899 3113 1063 3167 videri
1090 3113 1230 3186 Deus
1254 3114 1441 3191 possit;
1470 3124 1593 3181 tunc
1616 3117 1831 3169 demum

1928 1912 2288 1981 prohibuisse.
2325 1911 2432 1966 Sed
2463 1911 2611 1965 etiam
2644 1928 2705 1966 ec
2729 1913 2962 1982 gentibus
2990 1953 3006 1981 ,
3052 1915 3179 1968 sicut
3207 1915 3336 1968 Osee
3370 1915 3516 1983 dicit.

1926 2001 2060 2069 Quia
2092 2011 2146 2056 et
2188 2010 2313 2055 tunc
2354 1999 2593 2071 [Egyptii
2630 2002 2887 2070 aliquanti
2928 2002 3180 2057 exierant
3226 2017 3347 2058 cum
3379 2002 3515 2069 illis,

1940 2086 2129 2141 Vocavi
2152 2104 2255 2141 non
2303 2089 2499 2159 plebem
2527 2104 2714 2153 meam,
2745 2090 2940 2159 plebem
2971 2106 3156 2157 meam,
3188 2101 3233 2143 et
3261 2108 3363 2144 non
3389 2091 3520 2143 dile-

1933 2188 2089 2244 ctam,
2128 2179 2389 2249 dilectam.
2431 2180 2533 2234 Per
2564 2182 2881 2250 prophetam
2912 2183 3147 2237 ostendit
3179 2182 3519 2253 pradictum,

1932 2277 2121 2347 gentes
2149 2284 2270 2324 esse
2303 2271 2623 2325 transituras
2658 2271 2722 2325 nd
2754 2270 3049 2342 Christum.
3084 2271 3151 2325 Et
3188 2291 3289 2327 non
3321 2274 3524 2326 miseri-

1932 2362 2165 2415 cordiam
2226 2371 2552 2427 consecutam
2577 2402 2594 2430 ,
2626 2363 3036 2431 misericordiam
3069 2372 3421 2431 consecutam.
3455 2363 3523 2436 Et

1933 2454 2029 2506 erit
2056 2453 2112 2507 in
2140 2453 2251 2511 loco
2273 2495 2289 2521 ,
2321 2455 2408 2508 ubi
2438 2454 2631 2526 dictum
2658 2465 2731 2508 est
2755 2455 2828 2510 eis
2854 2471 2874 2533 ς
2904 2456 3027 2511 Non
3063 2458 3202 2531 plebs
3240 2474 3351 2512 mea
3392 2476 3477 2513 ros
3501 2473 3522 2514 :

1933 2543 2003 2596 ibi
2029 2548 2348 2619 vocabuntur
2374 2546 2476 2613 ﬁlii
2497 2546 2595 2615 Dei
2617 2546 2735 2602 viri.
2758 2546 2813 2601 In
2840 2557 3043 2612 tantum
3075 2564 3179 2617 quo
3208 2548 3317 2602 vult
3348 2557 3524 2625 vocat,

1936 2638 2177 2710 utetiam
2198 2646 2391 2708 gentes
2414 2638 2607 2707 impias
2629 2637 2873 2710 eligeret,
2892 2649 2946 2694 et
2965 2656 3083 2709 quae
3103 2656 3374 2710 nunquam
3397 2641 3521 2695 boui

1936 2726 2138 2797 aliquid
2161 2726 2374 2783 fuerant
2402 2738 2665 2798 operatae.
2692 2720 2747 2782 Si
2779 2729 2922 2783 enim
2948 2731 3137 2783 merita
3164 2731 3408 2801 eligeret,
3435 2746 3526 2786 so-

1936 2820 2018 2874 lus
2045 2820 2226 2885 Israel,
2254 2821 2340 2908 qui
2368 2836 2586 2891 semper
2609 2821 2719 2896 Deo
2735 2822 2974 2889 servivit,
2999 2822 3257 2887 debuerat
3284 2825 3386 2877 huc
3408 2839 3524 2878 me-

1936 2912 2065 2976 reri,
2096 2911 2190 2966 sed
2221 2927 2409 2968 omnes
2431 2914 2596 2983 gratis
2626 2912 2817 2978 salvat,
2849 2922 2903 2967 et
2926 2914 3125 2985 nullum
3155 2915 3365 2985 meritis
3387 2913 3526 2991 suis,

1937 3005 2061 3074 quia
2089 3004 2226 3059 sicut
2258 3004 2386 3077 dicit
2411 3023 2424 3058 :
2449 3005 2640 3077 Omnia
2667 3006 2768 3070 sub
2806 3016 3024 3077 peccato
3054 3007 3291 3081 inclusit,
3322 3016 3380 3079 ut
3407 3021 3525 3069 om-

1939 3095 2097 3149 nibus
2144 3096 2507 3150 misereretur.
2556 3094 2727 3165 Isaias
2763 3107 2930 3159 autem
2972 3098 3157 3153 clamat
3192 3114 3284 3167 pro
3317 3096 3525 3169 Israel;

244 3186 397 3254 recte
424 3212 477 3255 et
506 3216 608 3255 non
644 3188 972 3277 przepostere
1001 3204 1186 3268 audies
1213 3246 1225 3263 ,
1260 3205 1303 3258 si
1335 3183 1441 3272 qua
1468 3216 1592 3260 sunt
1621 3206 1689 3275 de
1719 3206 1833 3259 aui-

1943 3186 2004 3242 Si
2032 3187 2186 3256 fuerit
2209 3202 2449 3241 numerus
2489 3187 2716 3255 ﬁliorum
2764 3186 2931 3241 Israel
2960 3197 3201 3256 tanquam
3230 3204 3390 3241 arena
3417 3204 3527 3240 ma-

245 3304 460 3369 ritarum
491 3275 873 3347 occultissimis
913 3295 1116 3349 meritis
1142 3302 1195 3348 et
1225 3293 1292 3349 de
1319 3296 1487 3364 gratia
1516 3296 1598 3350 vel
1626 3294 1836 3366 justitia

241 3396 459 3439 secreta
491 3386 874 3455 omnipmeutis
904 3385 1020 3440 Dei.
1056 3385 1239 3440 Fidem
1280 3386 1471 3450 etiam,
1505 3394 1562 3440 ut
1604 3372 1794 3442 credas
1820 3427 1836 3456 ,

246 3476 347 3532 ille
378 3477 485 3543 dat,
525 3494 555 3531 a
585 3494 689 3547 quo
717 3488 800 3533 est
827 3493 989 3534 omne
1030 3479 1213 3534 datum
1260 3479 1457 3534 bonum
1486 3496 1500 3545 ;
1537 3479 1662 3549 quid
1695 3480 1839 3553 enim

247 3552 423 3635 habes
468 3571 608 3641 quod
648 3587 751 3626 non
781 3574 1069 3641 accepisti?
1098 3572 1242 3627 Dicis
1288 3574 1459 3641 ita,'ue
1503 3572 1627 3626 mihi
1654 3588 1672 3631 :
1704 3552 1839 3641 Quid

247 3661 426 3716 adhuc
446 3663 693 3733 quteritur
713 3664 735 3717 .7
758 3664 1010 3718 voluntati
1042 3667 1174 3722 enim
1204 3664 1314 3736 ejus
1341 3664 1451 3736 quis
1479 3665 1710 3719 resistit?
1740 3665 1843 3720 Ve-

248 3737 374 3808 rum
407 3738 489 3810 est
517 3755 660 3833 quod
687 3771 792 3827 non
823 3758 1093 3834 resistitur
1125 3776 1138 3810 :
1171 3759 1297 3828 quia
1331 3759 1441 3828 ipsa
1474 3759 1720 3813 voluntas
1746 3758 1841 3823 Dei

247 3845 395 3902 bona
423 3855 475 3901 et
499 3846 640 3916 justa
687 3861 806 3919 esse
836 3863 863 3901 ιι
901 3849 1045 3903 nullo
1094 3849 1369 3917 dubitatur
1417 3848 1744 3911 Christiano.
1796 3848 1840 3917 Ο

251 3920 432 4015 homo,
462 3919 523 3991 tu!
541 3936 656 4010 quis
684 3956 757 4006 es,
785 3941 872 4015 qui
898 3934 1208 4011 respondeas
1233 3939 1381 3996 Deo?
1408 3941 1473 3997 Et
1496 3943 1597 4011 hoc
1627 3951 1844 4000 contra-

252 4030 485 4084 dicentis
510 4038 613 4096 est,
646 4032 851 4086 etiamsi
872 4034 949 4085 sic
977 4041 1143 4095 esset,
1176 4041 1232 4085 ut
1258 4033 1414 4095 dicis,
1448 4042 1503 4087 tu
1533 4034 1653 4103 quis
1681 4048 1803 4089 eras
1824 4071 1843 4099 ,

253 4123 347 4197 qui
382 4123 732 4193 responderes
761 4124 1017 4193 Deo‘lqui
1052 4125 1216 4179 debes
1250 4136 1451 4189 tacere,
1484 4133 1537 4178 et
1568 4126 1710 4194 quod
1745 4123 1841 4179 tibi

249 4213 473 4286 iubetur
508 4215 724 4279 facere;
757 4216 801 4270 si
833 4227 882 4272 te
917 4217 1111 4271 bonum
1140 4216 1292 4286 jubet
1324 4218 1530 4281 facere,
1565 4218 1728 4272 debes
1761 4217 1842 4271 in-

258 4297 509 4377 telligere
553 4309 674 4379 quia
706 4317 759 4363 et
784 4309 898 4377 ipse
929 4308 1104 4363 bonus
1131 4318 1234 4377 est,
1269 4310 1350 4363 cui
1376 4310 1571 4362 malmu
1600 4325 1704 4362 non
1731 4309 1846 4378 pla-

256 4390 367 4464 cet,
406 4409 459 4453 et
499 4414 530 4451 ιι
560 4415 664 4468 quo
694 4407 745 4452 te
777 4397 1043 4466 prohibet.
1076 4397 1319 4466 Nunquid
1361 4399 1495 4451 dixit
1526 4416 1537 4447 :
1569 4397 1613 4450 Ο
1649 4399 1843 4464 homo,

261 4484 452 4544 falsum
473 4487 715 4556 estquod
734 4486 949 4539 dixisti?
966 4486 1058 4539 sed
1077 4486 1208 4539 dixit
1231 4486 1307 4540 :0
1336 4488 1513 4550 homo,
1536 4496 1589 4540 tu
1615 4489 1734 4556 quis
1756 4502 1845 4555 es,

1941 3279 2037 3333 ris.
2070 3278 2174 3332 Pro
2201 3278 2332 3345 ipsis
2353 3288 2460 3344 est,
2489 3277 2533 3331 si
2562 3278 2805 3342 credant,
2839 3277 2979 3347 quod
3013 3278 3116 3331 illis
3140 3276 3522 3332 comminatur.

1941 3370 2194 3439 Reliquiw
2212 3356 2367 3425 salva:
2381 3370 2525 3439 ﬁent.
2542 3368 2850 3424 Judaeorum
2874 3380 3048 3423 autem
3070 3370 3389 3438 paucitatem
3412 3385 3530 3425 cre-.

1940 3462 2172 3518 dituram
2203 3462 2440 3517 ostendit
2470 3461 2656 3527 Isaias,
2689 3477 2808 3532 quae
2839 3469 2964 3516 sunt
2992 3476 3116 3516 vasa
3150 3462 3199 3516 in
3225 3462 3527 3520 honorem:

1941 3571 2064 3612 nam
2091 3557 2297 3627 reliqua
2326 3555 2615 3610 multitudo
2646 3569 2775 3609 vasa
2802 3556 2852 3608 in
2877 3554 3281 3609 contumeliam.
3306 3546 3531 3621 Verbum

1942 3664 2305 3703 consummans
2331 3659 2378 3702 et
2403 3647 2634 3701 brevians
2659 3646 2711 3700 in
2738 3647 2997 3717 (equitate.
3028 3646 3332 3701 Secundum
3362 3645 3531 3705 histh

1943 3743 2077 3797 riam
2109 3743 2188 3796 sic
2219 3740 2573 3809 intelligitur;
2608 3740 2747 3793 sicut
2774 3754 2874 3807 ego
2908 3739 3125 3793 verbum
3155 3738 3442 3805 abbrevio,
3476 3747 3535 3811 et

1944 3834 2096 3901 ﬁnio,
2129 3835 2206 3888 sic
2236 3835 2362 3889 illud
2390 3836 2496 3889 cito
2521 3835 2659 3908 Deus
2684 3833 3192 3899 faciet.Secundum
3219 3833 3535 3907 allegoriam

1944 3934 2145 3991 autem,
2168 3924 2385 3981 Novum
2418 3924 2828 3999 Testamentum
2867 3926 3060 3993 accipit
3087 3924 3312 3979 verbum
3339 3923 3534 3978 abbre-

1945 4018 2169 4091 viatum,
2189 4018 2313 4087 quia
2337 4019 2513 4071 omnia
2541 4017 2593 4071 in
2620 4033 2685 4073 eo
2712 4018 2951 4072 breviter
2970 4017 3361 4087 comprehensa
3385 4024 3538 4099 sunt,

1948 4119 2008 4165 ut
2034 4122 2145 4166 est:
2171 4110 2346 4165 Credo
2377 4111 2431 4164 in
2465 4110 2631 4181 Deum
2668 4111 2877 4164 Patrem
2909 4110 3366 4177 omnipotentem,
3397 4118 3452 4162 et
3482 4108 3535 4162 in

1950 4201 2144 4257 Filium
2167 4201 2283 4270 ejus
2299 4202 2480 4256 Jesum
2501 4201 2797 4262 Christum,
2816 4211 2869 4254 et
2894 4202 2943 4252 τη
2973 4199 3230 4266 Spiritum
3255 4207 3497 4252 sanctum
3516 4240 3537 4275 η

1951 4299 2006 4345 ει
2031 4284 2237 4358 reliqua
2260 4305 2378 4358 quae
2401 4299 2702 4361 sequuntur
2725 4290 2775 4341 in
2802 4288 3068 4357 symbolo.
3088 4286 3181 4339 Vel
3208 4286 3335 4338 illud
3354 4286 3542 4357 :Quod.

1951 4380 2102 4434 vobis
2117 4379 2230 4454 fieri
2259 4394 2365 4433 non
2380 4378 2540 4430 vultis
2560 4379 2649 4429 alii
2677 4393 2742 4430 ne
2766 4374 3019 4430 feceritis.
3046 4374 3100 4427 id
3137 4383 3249 4438 est,
3292 4383 3349 4428 ut
3389 4388 3537 4428 com-

1952 4457 2152 4542 pendio
2183 4470 2327 4536 fidei,
2353 4484 2448 4549 per
2469 4469 2691 4537 gratiam
2715 4468 2889 4534 salvos
2918 4465 3075 4522 faciat
3101 4468 3405 4537 credentes,
3423 4483 3539 4543 nou

260 4570 350 4647 qui
373 4576 700 4652 respondeas
718 4578 865 4649 Deo?
888 4590 937 4633 et
961 4578 1191 4646 reliqua.
1222 4577 1469 4654 Nunquid
1482 4580 1603 4633 dicit
1626 4580 1843 4651 ﬁgmen-
1878 4578 1923 4636 υ
1954 4578 2047 4634 ρει·
2063 4564 2370 4635 innumeras
2385 4562 2806 4624 observationes,
2822 4559 3014 4630 quibus
3029 4559 3112 4614 illa
3129 4562 3539 4619 multitudosero

260 4680 369 4725 tum
390 4670 437 4723 ei
464 4672 549 4740 qui
572 4687 625 4724 se
655 4672 802 4739 ﬁnxit
831 4686 851 4749 :_
885 4671 1022 4743 Quid
1052 4687 1129 4749 me
1154 4672 1319 4744 fecisti
1348 4672 1458 4747 sic?
1492 4676 1671 4725 Annon
1700 4675 1846 4742 habet

262 4774 559 4835 potestatem
577 4765 763 4834 ﬁgulus
780 4746 913 4839 (uti?
932 4764 1045 4819 Non
1063 4746 1211 4831 dicit,
1236 4766 1357 4835 quia
1383 4746 1487 4839 non
1521 4777 1719 4837 potest,
1748 4782 1845 4822 nec

262 4846 424 4910 debet
447 4872 465 4935 ;Δ
496 4855 607 4909 vult
636 4870 735 4910 nos
767 4856 842 4909 sic
871 4838 1045 4911 mutos
1068 4870 1188 4926 esse
1211 4858 1347 4927 apud
1374 4858 1677 4935 Dominum,
1712 4858 1850 4927 sicut,

262 4946 434 5016 lutum
462 4932 529 5001 ad
567 4948 783 5018 figulum
811 4965 829 5021 :v
858 4964 978 5003 cum
1008 4950 1151 5002 enim
1183 4965 1287 5003 non
1325 4932 1670 5020 intelligimus
1690 4991 1707 5016 ,
1741 4966 1845 5004 non

262 5042 521 5097 debemus
545 5042 679 5119 mala
708 5025 909 5095 sentire
932 5040 1004 5097 de
1032 5042 1137 5095 Deo
1160 5082 1177 5107 ,
1202 5042 1433 5121 scientes
1463 5045 1603 5113 quod
1636 5044 1690 5099 in
1737 5045 1850 5121 Deo.

262 5134 451 5187 vitium
469 5112 663 5195 cadere
676 5146 778 5186 non
795 5138 989 5217 potest,
1004 5132 1121 5201 quia
1136 5131 1333 5199 judicia
1346 5112 1462 5201 ejus
1476 5134 1683 5187 occulta
1699 5115 1851 5211 sunt,

263 5224 421 5294 injuSI
432 5239 459 5277 a
475 5240 578 5278 non
593 5233 735 5279 sunt.
755 5222 831 5293 Ea
845 5225 1015 5301 eadem
1030 5239 1111 5295 ma
1122 5240 1194 5276 “sa
1210 5224 1379 5291 facere
1390 5226 1535 5295 aliud
1548 5226 1748 5300 quidem
1762 5244 1847 5281 vas

262 5320 317 5372 in
347 5319 611 5384 honorem,
641 5316 786 5372 aliud
811 5332 926 5371 vero
944 5316 993 5369 in
1024 5317 1426 5381 contumeliam?
1458 5318 1532 5373 De
1552 5318 1641 5373 illa
1673 5335 1848 5376 massa

267 5410 396 5466 dicit
423 5408 604 5478 populi
635 5406 953 5477 peccatoris,
985 5422 1086 5476 qua
1101 5422 1166 5461 ex
1183 5408 1351 5461 Adam
1368 5422 1556 5463 omnes
1580 5408 1753 5466 creati
1767 5425 1849 5464 su-

265 5514 402 5555 mus.
427 5498 577 5565 Quod
588 5499 631 5553 si
642 5498 811 5552 volens
833 5497 970 5551 Deus
984 5498 1245 5553 ostendere
1259 5500 1413 5568 iram,
1435 5510 1665 5554 etnotam
1684 5502 1851 5572 facere

267 5592 543 5660 potentiam
566 5606 733 5645 suam.
749 5588 1010 5644 Voluntas
1040 5588 1133 5644 Dei
1156 5591 1467 5647 misericors
1491 5601 1594 5661 est,
1615 5603 1665 5648 et
1680 5593 1847 5663 justa,

265 5696 317 5738 et
340 5701 445 5738 non
473 5683 587 5739 vult
606 5682 710 5739 nisi
729 5681 869 5751 quod
892 5681 1115 5748 bonum,
1140 5683 1283 5751 pium
1303 5683 1572 5753 etjustum
1592 5694 1693 5740 est.
1720 5685 1851 5741 Sus-

270 5777 417 5844 tinuit
442 5775 493 5830 in
539 5775 704 5841 multa
730 5773 1109 5842 patientia.Qui
1134 5773 1284 5833 illum
1308 5774 1400 5831 diu
1422 5778 1677 5833 sustinuit
1701 5777 1849 5833 blas-

1950 4658 2131 4715 viliter
2159 4664 2376 4712 onerata
2405 4656 2769 4729 premebatur.
2794 4655 2895 4710 Per
2915 4655 3138 4725 gratiam
3166 4656 3360 4726 quippe
3382 4657 3537 4723 nobis

1949 4755 2170 4812 verbum
2203 4731 2580 4807 consummans
2610 4761 2661 4804 et
2694 4748 2949 4804 brevians
2980 4750 3098 4805 fecit
3126 4765 3287 4819 super
3318 4760 3544 4826 terram,

1950 4849 2135 4905 dicens
2160 4863 2175 4901 :
2200 4845 2391 4918 Jugum
2426 4860 2600 4914 meum
2630 4858 2795 4897 suave
2825 4852 2906 4899 est
2944 4851 2998 4897 et
3023 4858 3167 4906 onus
3192 4859 3368 4915 meum
3395 4844 3537 4911 leve.

1951 4939 2047 4994 Vel
2075 4938 2200 4992 illttd
2238 4956 2249 4990 :
2282 4938 2482 5006 Diliges
2516 4936 2678 4989 Deum
2714 4942 2767 4987 et
2813 4935 3112 5002 proximum
3146 4950 3167 5009 ;‘
3193 4934 3240 4987 iu
3283 4935 3364 4989 his
3392 4950 3537 5011 prte-

1952 5030 2120 5097 ceptis
2150 5037 2258 5081 tnta
2289 5027 2370 5081 lex
2402 5025 2595 5097 pendet
2622 5036 2669 5079 et
2706 5026 3001 5094 prephetm.
3033 5024 3168 5087 Quia
3200 5026 3403 5077 verbum
3426 5025 3539 5077 bre-

1952 5124 2139 5175 viatum
2170 5121 2317 5191 faciet
2348 5118 2597 5172 Dominus
2628 5135 2778 5189 super
2807 5129 3012 5170 terram.
3042 5115 3327 5169 Contraxit
3371 5124 3424 5168 et
3448 5113 3545 5168 ab!

1954 5212 2217 5267 breviavit
2242 5210 2499 5263 Dominus
2529 5224 2561 5279 p
2586 5201 2780 5277 epulum
2832 5206 3014 5260 Israel.
3050 5203 3115 5258 Et
3146 5206 3275 5258 sicut
3302 5202 3546 5275 praedixit

1953 5301 2289 5357 ΙεαὶασεΝἱδὶ
2316 5297 2570 5353 Dominus
2600 5297 2831 5369 Sabaoth
2867 5295 3152 5368 reliquisset
3182 5294 3325 5349 nobis
3352 5310 3543 5359 semen,

1953 5394 2083 5449 sicut
2111 5393 2339 5449 Sodoma
2373 5391 2498 5461 [acti
2528 5406 2747 5445 essemus
2774 5398 2822 5443 et
2850 5389 2978 5442 sicut
3026 5385 3313 5442 Gomorrha
3359 5386 3549 5453 similes

1955 5486 2248 5557 fuissemus.
2272 5480 2405 5549 Quia
2431 5498 2535 5537 non
2564 5489 2647 5536 est
2665 5493 2852 5548 passus
2873 5492 3061 5532 omnes
3090 5479 3269 5548 perire
3299 5492 3421 5534 cum
3448 5477 3549 5533 im-

1957 5579 2079 5647 piis,
2104 5577 2197 5631 sed
2231 5576 2355 5631 inde
2376 5575 2460 5630 vel
2484 5587 2682 5645 paucos
2698 5572 2870 5641 justos
2884 5570 3083 5637 eﬂeeit,
3101 5580 3155 5626 et
3181 5585 3364 5629 semen
3386 5572 3550 5627 Abra-

1958 5666 2039 5722 ha:
2071 5668 2238 5729 venit,
2266 5668 2351 5735 qui
2394 5665 2625 5720 salvaret
2668 5678 2785 5730 qua:
2818 5661 3124 5731 perierant;
3156 5664 3255 5719 nisi
3290 5664 3552 5719 voluisset

1961 5758 2042 5814 vel
2075 5771 2275 5827 paucos
2297 5756 2536 5821 salvare,
2558 5768 2745 5810 omnes
2771 5758 2969 5825 pariter
2991 5756 3337 5825 perissemus.
3370 5754 3463 5811 sed
3492 5762 3555 5833 ut
