4004 6354
509 357 622 428 ιδ

1519 321 1522 323 ’
1615 321 1912 417 runt-stin
1958 361 2407 421 nuntiatumst
2451 369 2662 424 nrt-se.

3691 368 3800 422 476

512 478 653 545 quod
669 478 983 546 promiserat
998 478 1498 548 Abrabaeitnpleret.
1525 479 1633 534 Cur
1648 489 1824 534 autem
1844 481 1944 534 istc
1960 479 2095 535 acci—
2126 482 2166 535 Α
2202 496 2295 548 per
2321 483 2490 551 ipsam
2519 485 2861 553 justiﬁeandu
2883 507 2961 554 st',
2992 509 3097 548 non
3121 493 3408 562 subjic'unt
3431 507 3491 550 se
3515 495 3801 550 remissio.

514 570 620 638 piat
639 572 723 624 ille
743 586 845 626 non
867 572 1114 640 accipiat,
1131 585 1250 625 cum
1275 572 1431 624 ambo
1453 587 1556 626 non
1569 572 2100 638 mercanturaccipe-

518 677 598 722 re.
625 675 677 717 et
709 664 946 733 quisquis
974 664 1240 732 acceperit
1267 663 1500 717 indebite
1528 665 1777 734 accipiat,
1810 666 1950 727 vir-es
1975 681 2100 720 suas

516 756 823 821 metiantur,
856 764 910 810 et
939 754 1160 808 fortiora
1184 769 1242 808 se
1269 770 1371 808 non
1409 764 1737 820 scrutentur,
1763 757 1994 811 sulticiat
2021 757 2099 810 eis

513 847 674 911 scire,
699 848 835 916 quod
850 864 952 902 non
970 849 1032 901 sit
1050 847 1299 912 iniquitas
1315 849 1452 918 apud
1470 850 1656 905 Deum.
1679 851 1817 913 Quid
1834 869 1956 922 ergo
1969 853 2099 905 dice-

512 955 642 1004 mus,
663 940 799 1005 quod
815 950 1004 1010 gentes,
1029 958 1141 1010 quae
1166 959 1265 996 non
1288 943 1611 996 sectabantur
1618 945 1896 1016 justitiam,
1911 962 2099 1015 appre—

512 1030 1099 1101 henderuntjustitiam?
1128 1034 1180 1086 Si
1199 1050 1299 1087 non
1326 1036 1393 1088 ita
1411 1037 1815 1103 estutdieimus,
1850 1039 1966 1106 quia
1989 1054 2095 1093 non

508 1134 586 1178 est
617 1126 865 1190 volentis,
913 1144 1082 1197 neque
1114 1132 1404 1198 currentis,
1437 1133 1704 1200 quomodo
1738 1143 1943 1204 gentes,
1976 1149 2096 1203 quin

511 1203 1050 1285 nunquamjustitiam
1079 1223 1423 1290 qumsierunt,
1457 1225 1772 1280 invenerunt
1797 1225 2094 1295 jusﬁtiam?

505 1313 556 1357 t-t
587 1306 770 1371 Israel,
798 1309 885 1376 qui
918 1326 1129 1379 semper
1156 1313 1414 1379 justitiam
1443 1326 1674 1369 sectatus
1697 1326 1798 1379 est,
1833 1319 1884 1370 iu
1915 1316 2091 1384 legem

500 1392 728 1462 juSIitire
762 1413 864 1450 non
895 1401 1061 1467 potuit
1109 1405 1386 1471 pervenire
1413 1406 1435 1459 ?
1478 1406 1777 1476 Respondit
1809 1426 1819 1462 :
1851 1407 1985 1475 Quia
2016 1407 2092 1474 illi

501 1486 864 1559 crediderunt,
897 1491 979 1543 isti
1003 1508 1131 1546 vero
1163 1496 1467 1559 uoluerunt,
1501 1483 1593 1553 sed
1626 1502 1674 1552 in
1704 1501 1956 1568 operibus
1979 1501 2090 1570 glo-

501 1577 623 1629 riati
657 1589 799 1645 sunt,
832 1597 949 1649 quae
982 1600 1079 1636 nec
1106 1588 1492 1643 custodietunt.
1527 1590 1662 1654 Quid
1713 1607 1838 1660 ergo
1861 1592 2089 1648 dicimus

498 1679 683 1722 contra
713 1670 849 1737 ltzec,
883 1689 1002 1742 qum
1028 1677 1180 1729 nobis
1207 1678 1362 1746 objici
1397 1693 1641 1747 ansttnl,
1676 1682 1778 1737 hoc
1815 1691 1915 1747 est,
1946 1684 2085 1753 quod

496 1746 684 1826 gentes
703 1777 803 1814 non
829 1775 1096 1819 sectantes
1127 1771 1615 1837 apprehenderunt,
1645 1775 1806 1828 Israel
1833 1791 1959 1830 vero
1983 1793 2086 1832 nott

2208 574 2257 626 ni
2290 585 2654 643 peccatorum,
2689 595 2755 634 ne
2803 581 3088 637 videantur
3119 583 3283 640 fuisse
3307 594 3634 655 peccatores.
3671 587 3789 641 Non

2206 667 2345 720 enim
2375 659 2438 722 ut
2459 679 2640 723 essent
2667 671 2909 727 inﬁdeles
2929 675 3254 743 cogebantur
3277 676 3448 740 inviti,
3473 676 3569 732 sed
3601 678 3798 734 nolen~

2204 760 2273 811 do
2303 761 2524 816 credere
2549 807 2562 829 ,
2597 763 2922 818 inﬁdelitatis
2976 765 3200 820 crimine
3255 783 3360 821 non
3410 769 3689 823 carebant.
3726 770 3793 823 Et

2201 869 2345 911 suam
2367 863 2646 920 querentes
2672 866 2910 921 statuere,
2933 859 3152 929 justitia!
3177 857 3267 911 Dei
3289 875 3390 912 non
3415 870 3532 913 sunt
3555 861 3788 928 subjecti.

2202 943 2330 1009 Quae
2361 961 2426 999 ex
2456 945 2570 1016 lege
2596 956 2698 1013 est,
2728 949 2813 1002 vel
2835 966 2991 1018 quam
3020 951 3087 1006 de
3110 951 3279 1006 libero
3307 968 3426 1007 esse
3449 953 3787 1018 fallebantur,

2202 1045 2257 1088 ut
2287 1034 2545 1090 falluntur
2571 1038 2831 1105 arbitrio;
2857 1049 2910 1096 et
2937 1042 3062 1095 dum
3114 1043 3215 1098 sibi
3248 1044 3487 1098 tribuunt
3532 1046 3673 1114 quod
3699 1046 3790 1101 Dei

2199 1136 2302 1189 est,
2327 1128 2550 1198 justitia:
2599 1131 2691 1185 Dei
2725 1149 2828 1186 non
2860 1145 2983 1189 sunt
3028 1135 3275 1204 subjecti.
3309 1137 3464 1208 Legis
3495 1137 3672 1209 itaque
3704 1127 3789 1210 ju-

2198 1219 2339 1270 stitia
2367 1229 2465 1283 est,
2492 1220 2680 1288 jubere
2703 1224 2840 1292 quod
2861 1225 2973 1278 Deo
3003 1226 3192 1295 placet,
3217 1236 3271 1280 et
3299 1239 3484 1283 vetare
3511 1231 3652 1298 quod
3683 1233 3789 1286 dis-

2199 1309 2377 1376 plicet.
2411 1311 2464 1362 lu
2492 1313 2605 1375 lege
2627 1313 2832 1381 justitia
2858 1324 2962 1378 est,
2995 1317 3222 1380 servire.
3247 1327 3301 1372 et
3347 1329 3498 1373 extra
3521 1336 3642 1375 eam
3676 1323 3787 1380 nul-

2197 1399 2303 1453 lum
2349 1401 2809 1470 Deiladjutorittm
2859 1406 2924 1460 ad
2959 1417 3104 1462 recte
3152 1410 3434 1465 vivendum
3487 1413 3784 1481 requirere.

2196 1491 2286 1545 Dei
2318 1501 2494 1547 autem
2523 1494 2734 1565 justitia
2765 1508 2866 1563 est,
2903 1516 3008 1556 non
3036 1501 3103 1556 de
3130 1503 3326 1556 viribus
3355 1505 3465 1558 suis
3499 1522 3782 1572 praesume-

2192 1596 2270 1636 re.
2297 1582 2505 1638 .lustitia
2548 1586 2639 1641 Dei
2671 1588 2883 1656 dicitur,
2918 1607 3023 1645 non
3054 1609 3153 1663 qua
3179 1593 3357 1663 justus
3385 1605 3471 1650 est
3494 1595 3656 1656 Deus.
3687 1600 3776 1654 sed

2191 1690 2290 1741 qua
2321 1677 2408 1731 dat
2431 1677 2631 1734 lt'tmini
2678 1682 2838 1747 Deus,
2861 1693 2922 1737 ut
2972 1684 3149 1755 justus
3179 1689 3245 1741 sit
3275 1689 3437 1742 homo
3468 1705 3561 1758 per
3586 1691 3771 1748 Deum.

2194 1765 2339 1822 Finis
2370 1771 2503 1824 enim
2532 1771 2656 1842 legis
2683 1773 2936 1840 Chr.'stus,
2959 1777 3028 1828 ad
3044 1779 3322 1848 justitiam.
3368 1779 3514 1834 Finis
3546 1781 3676 1850 legis
3696 1784 3776 1836 di-

495 1851 892 1918 apprehendit?
936 1856 1027 1909 sed
1061 1861 1538 1918 contremiscamus
1564 1863 1762 1932 judicia
1794 1865 1910 1934 Dei,
1943 1882 2084 1937 qum,
2121 1864 2161 1924 Β
2191 1862 2328 1916 citur
2360 1863 2627 1929 Christus,
2660 1867 2780 1934 quia
2806 1867 2924 1936 ipse
2949 1877 3052 1934 est,
3093 1870 3248 1923 vel-iu
3273 1869 3389 1940 ipso
3416 1881 3496 1925 est
3526 1881 3634 1926 tota
3657 1887 3778 1941 per-

496 1951 553 1994 ttt
587 1942 716 2008 disi,
758 1947 962 2001 occulta
987 1959 1111 2003 sunt
1145 1966 1156 2000 :
1194 1950 1390 2019 injusta
1425 1963 1610 2028 autem
1642 1971 1912 2026 nunquam
1936 1966 2080 2018 sunt.

491 2034 756 2101 Justitiam
780 2051 946 2093 autem
975 2059 1091 2112 qua:
1126 2061 1188 2098 ex
1216 2045 1317 2114 fide
1347 2057 1420 2100 est
1454 2063 1474 2116 ς
1503 2046 1673 2103 Israel
1721 2067 1836 2104 vero
1883 2063 2084 2106 sectans

491 2131 649 2200 legem
671 2135 915 2204 justitiw,
961 2138 1012 2189 in
1041 2136 1198 2205 legem
1226 2140 1437 2205 iustitia:
1484 2159 1586 2196 non
1614 2146 1855 2210 pervenit.
1907 2145 2082 2221 Quam

490 2219 746 2279 Dominus
771 2224 920 2280 dedit
952 2230 1151 2282 vocatis
1184 2239 1238 2281 ut
1260 2231 1561 2286 crederent.
1589 2233 1803 2298 Quare?
1826 2219 1948 2304 quia
1979 2253 2082 2291 non

492 2329 554 2366 ca;
579 2313 704 2382 ﬁde,
727 2317 814 2369 sed
827 2317 976 2385 quasi
995 2334 1056 2372 ea:
1076 2318 1332 2386 operibus.
1349 2320 1531 2386 Quasi,
1548 2323 1668 2390 quia
1693 2341 1794 2378 non
1821 2340 1967 2382 vere.
1989 2327 2083 2396 0f-

487 2402 790 2468 fenderunt.
836 2407 1123 2462 Oﬁ'endunt
1167 2409 1232 2462 ad
1279 2411 1505 2480 lapidem
1557 2414 1888 2483 ollensionis,
1939 2420 2082 2477 velut

485 2505 672 2564 argute
705 2496 880 2567 legem
903 2498 1266 2569 defendendo,
1301 2513 1355 2560 et
1385 2517 1627 2559 naturam
1660 2519 1713 2562 et
1746 2509 1969 2565 liberum
1995 2529 2082 2569 ar-.-

486 2583 700 2640 bitrium
756 2589 1140 2658 praecipitando
1187 2609 1201 2646 :
1256 2595 1710 2663 quemadmodum
1771 2602 2077 2674 philosophi

488 2674 694 2732 mundi.
749 2674 809 2730 In
850 2679 1073 2748 lapidem
1123 2681 1445 2750 o/I‘ensionis.
1500 2686 1600 2754 Qui
1643 2689 1782 2744 videt
1820 2691 2074 2764 lapidem,

489 2767 624 2835 lapis
654 2770 840 2826 salutis
869 2783 951 2826 est
976 2773 1047 2826 illi
1078 2776 1165 2843 qui
1204 2777 1255 2830 in
1277 2792 1399 2831 eum
1430 2793 1537 2836 non
1567 2779 1790 2837 offendit
1819 2801 1834 2836 :
1861 2787 1946 2854 qui
1977 2801 2076 2844 au-

485 2868 590 2923 tem
623 2876 796 2918 czecus
824 2873 925 2926 est.
948 2865 1167 2922 olfendit
1190 2869 1242 2923 in
1262 2870 1511 2939 lapidem.
1538 2872 1614 2927 lta
1646 2874 1908 2943 etJudaei,
1941 2895 2077 2949 quos

483 2954 774 3008 esczecavit
803 2957 1005 3010 malitia
1035 2975 1150 3025 sua,
1179 2976 1245 3015 ne
1287 2963 1560 3018 Christum
1589 2982 1963 3038 agnoscerent,
1997 2974 2076 3029 of.-

483 3042 770 3100 lenderunt
796 3048 846 3102 in
874 3063 1019 3114 eum,
1046 3049 1292 3108 faciendo
1311 3054 1383 3109 illi
1411 3057 1677 3130 injuriam,
1699 3059 1749 3113 in
1767 3076 1872 3129 quo
1888 3071 2074 3131 gentes

480 3137 764 3195 credentes
783 3142 1252 3210 appreltenderunt
1277 3147 1565 3216 justitiam.
1604 3150 1728 3212 Ideo
1751 3154 1886 3224 lapis
1903 3155 2072 3212 oﬁ‘en-

2190 1949 2370 2006 fectio.
2427 1953 2578 2008 Finis
2606 1965 2780 2009 autem
2829 1956 3022 2011 dicitur
3061 1974 3088 2011 a
3139 1961 3585 2030 censummando,
3617 1978 3718 2017 non
3747 1979 3776 2018 a

2186 2043 2566 2106 consumendo,
2594 2045 2717 2113 quia
2761 2047 2904 2100 aliud
2947 2057 3028 2102 est
3057 2089 3071 2114 ,
3108 2048 3286 2103 finitus
3314 2059 3397 2104 est
3431 2051 3602 2120 partis,
3633 2053 3773 2106 aliud

2189 2132 2333 2186 ﬁnita
2388 2143 2470 2188 est
2513 2137 2659 2201 tela,
2707 2137 2835 2191 illud
2885 2149 2939 2193 ιιι
2989 2157 3094 2194 non
3153 2143 3260 2205 sit,
3303 2143 3444 2198 istud
3496 2153 3552 2199 ut
3604 2147 3775 2215 perfes-

2185 2235 2326 2277 ctum
2361 2228 2450 2280 sit.
2483 2228 2582 2295 Qui
2606 2244 2734 2298 ergo
2758 2231 2807 2282 in
2832 2230 3046 2287 Christo
3075 2234 3262 2300 credit,
3299 2235 3413 2305 ipse
3453 2237 3665 2306 perﬁcit
3703 2239 3774 2296 lee

2185 2331 2328 2386 gem,
2357 2319 2478 2387 quia
2505 2321 2570 2373 ad
2599 2323 2769 2390 ipsum
2819 2324 3037 2379 tendere
3076 2336 3131 2381 et
3169 2326 3423 2384 festinare
3463 2329 3627 2386 debet
3664 2347 3768 2385 om-

2185 2408 2268 2464 nis
2295 2418 2472 2462 nostra
2521 2411 2768 2477 intentio,
2800 2415 2888 2484 qui
2913 2415 3051 2470 ultra
3101 2432 3204 2472 non
3244 2417 3403 2472 habet
3423 2421 3562 2490 quod
3595 2426 3771 2491 requic

2185 2511 2287 2568 rat,
2322 2504 2443 2571 quia
2490 2506 2668 2558 omnia
2710 2517 2835 2560 sunt
2883 2509 3119 2577 impleta,
3166 2527 3499 2581 quaecunque
3523 2512 3592 2569 de
3623 2529 3688 2568 eo
3717 2516 3776 2570 in

2181 2594 2382 2650 sanctis
2413 2596 2704 2666 Scripturis
2733 2599 2982 2668 praedicta
3032 2611 3172 2656 sunt.
3219 2603 3371 2657 Omni
3399 2605 3647 2660 credenti.
3675 2606 3767 2663 Ju—

2179 2686 2296 2742 dteo
2319 2698 2370 2742 et
2395 2686 2599 2743 Graeco.
2655 2690 2861 2764 Moyses
2901 2708 3070 2747 autem
3110 2696 3312 2765 scripsit
3337 2699 3576 2762 quoniam
3611 2701 3768 2770 justi-

2180 2779 2302 2834 tiam
2332 2797 2446 2847 qttae
2469 2797 2532 2838 ex
2553 2784 2660 2850 lege
2679 2787 2770 2848 est,
2794 2785 2882 2852 qui
2914 2787 3083 2846 fecerit
3114 2787 3283 2840 homo.
3312 2790 3525 2860 Moyses
3551 2793 3764 2862 quidem

2177 2869 2470 2924 secundum
2515 2871 2792 2927 historiam
2843 2875 2908 2934 de
2962 2877 3078 2942 lege
3114 2879 3287 2945 dixit,
3328 2880 3422 2934 sed
3479 2882 3767 2950 Apostolus

2178 2961 2304 3013 illud
2321 2962 2385 3014 ad
2408 2961 2680 3025 Christum
2703 2974 2872 3032 aptat,
2897 2967 3016 3035 quia
3047 2967 3133 3022 lex
3161 2983 3258 3023 nec
3278 2970 3336 3023 in-
3357 2971 3494 3026 caelo
3525 2971 3644 3041 fuit,
3670 2992 3768 3031 nec

2175 3055 2229 3111 in
2260 3057 2478 3127 abysso,
2509 3069 2560 3113 et
2589 3060 2707 3113 ideo
2732 3061 2851 3116 illos
2874 3062 3026 3132 jubet.
3055 3078 3264 3133 semper
3293 3065 3460 3134 legem
3490 3067 3758 3132 meditari,

2175 3155 2232 3199 ut
2261 3147 2331 3202 ibi
2357 3147 2627 3203 inveniant
2655 3149 2948 3206 Christum.
2989 3150 3124 3206 Viret
3148 3155 3199 3207 in
3234 3171 3314 3209 ea.
3347 3156 3474 3220 Qut:
3497 3166 3667 3211 autem
3707 3175 3767 3220 es

477 3231 644 3286 sionis
668 3241 720 3287 et
748 3244 895 3303 petra
922 3238 1158 3294 scandali
1192 3241 1488 3309 prandicttts
1535 3252 1620 3300 est
1647 3244 1910 3316 Christus,
1943 3251 2064 3319 quia

2177 3238 2284 3306 ﬁde
2332 3249 2405 3293 est
2426 3242 2654 3311 justitia,
2687 3243 2761 3294 sic
2813 3243 2955 3296 dicit.
2995 3244 3160 3298 Nemo
3186 3261 3314 3316 ergo
3349 3249 3485 3303 vivit
3515 3249 3724 3303 illorum
3749 3293 3763 3319 ,

477 3321 625 3378 tnulti
659 3324 708 3378 in
755 3327 1004 3396 passione
1031 3329 1151 3398 ejus
1194 3339 1250 3387 et
1274 3334 1576 3400 ,nativitate
1607 3339 2064 3409 scandalizantur,

476 3414 613 3468 sicut
640 3416 896 3485 scriptum
929 3429 1012 3476 est
1045 3440 1059 3477 :
1096 3423 1230 3488 Quia
1259 3426 1764 3486 scandalizabantur
1812 3433 1863 3487 in
1887 3447 1970 3487 eo.
2005 3435 2073 3490 Et

474 3503 592 3574 ipse
620 3506 817 3578 Pullus
837 3511 902 3564 ad
926 3511 1232 3568 Corinthios
1267 3533 1280 3570 :
1314 3517 1587 3573 Christum
1617 3523 1933 3579 cruciﬁxum
1964 3526 2065 3580 .lu-

475 3593 607 3652 datis
649 3599 994 3665 scandalum,
1049 3604 1295 3668 gentibus
1341 3616 1518 3661 autem
1570 3612 1857 3667 stultitiam
1895 3617 2069 3686 :ip~is

473 3698 654 3744 autem
677 3692 882 3746 vocatis
912 3693 1182 3747 Christum
1217 3696 1310 3750 Dei
1347 3700 1622 3769 virtutem,
1645 3713 1700 3759 et
1727 3705 1818 3760 Dei
1850 3709 2065 3777 sapien-

473 3780 621 3833 tiam.
654 3779 807 3836 Unde
840 3791 894 3838 et
927 3782 1012 3838 ltic
1038 3790 1279 3854 sequitur
1305 3807 1315 3840 :
1341 3789 1440 3857 Qui
1490 3794 1664 3847 credit
1687 3795 1738 3850 in
1771 3813 1917 3863 cum,
1953 3817 2058 3857 non

474 3871 856 3954 confundetur.
885 3875 1074 3931 Petrus
1097 3894 1309 3948 quoque
1355 3882 1518 3949 dicit,
1551 3886 1690 3955 quod
1723 3891 2064 3949 credentibus

475 3963 610 4032 lapis
636 3950 839 4021 eleCIus
865 3969 935 4022 sit
965 3978 1018 4024 et
1059 3974 1348 4041 angularis,
1392 3978 1680 4036 incredulis
1736 3999 1862 4038 vero
1893 3987 2064 4041 oll'eu-

470 4053 658 4108 sionis.
687 4055 835 4111 Sicut
860 4061 1108 4129 scriptum
1129 4075 1198 4118 est
1215 4079 1234 4118 :
1254 4064 1384 4120 Ecce
1408 4085 1592 4139 ponam
1609 4072 1660 4125 in
1685 4072 1812 4128 Sion
1835 4074 2063 4147 lapidem

469 4145 784 4215 o/l'ensiom's,
816 4163 863 4206 et
887 4164 1082 4224 petram
1103 4159 1354 4213 scnndnli.
1390 4161 1443 4215 ltt
1479 4165 1737 4233 pr0plteta
1771 4145 1908 4225 Isaia
1958 4172 2061 4230 huc

467 4235 620 4293 dixit.
644 4237 710 4293 Et
731 4244 896 4296 omnis
921 4245 1008 4310 qui
1047 4248 1206 4302 credit
1249 4255 1302 4303 in
1359 4268 1498 4322 eum,
1540 4271 1643 4310 non
1689 4261 2056 4328 confundetur.

465 4327 596 4396 Quia
627 4329 875 4403 intelligit
903 4334 994 4390 Dei
1017 4336 1264 4392 virtutem
1296 4351 1346 4394 et
1378 4343 1470 4398 Dei
1494 4327 1833 4414 sapientiam.

536 4419 665 4479 CAP.
692 4439 743 4477 κ.
773 4421 1010 4492 Fratres,
1036 4432 1266 4486 voluntas
1288 4436 1492 4502 quidem
1523 4440 1693 4494 cordis
1724 4445 1823 4498 mei
1846 4457 1894 4499 et
1915 4448 2056 4504 obse-

466 4511 628 4564 cratio
655 4513 724 4564 ad
767 4515 931 4569 Deum
960 4521 1040 4588 ﬁt.
1088 4523 1189 4577 Pro
1232 4527 1460 4584 inimicis
1490 4547 1595 4587 non
1640 4534 1795 4591 labiis
1824 4548 2050 4607 tantum,

2181 3331 2302 3399 quia
2335 3347 2490 3388 nemo
2522 3348 2640 3388 eam
2673 3334 2817 3402 facit,
2849 3336 2970 3406 quia
3009 3337 3071 3391 ad
3105 3341 3556 3408 comparationem
3596 3351 3765 3398 tanta-

2176 3437 2294 3476 rum
2327 3436 2687 3492 peccatorum,
2732 3427 2938 3482 etiamsi
2970 3438 3151 3484 essent
3193 3433 3340 3500 pauci
3385 3434 3474 3503 qui
3503 3434 3762 3500 facerent,

2178 3511 2307 3566 nulli
2336 3528 2456 3568 esse
2495 3515 2862 3572 crederentur.
2903 3517 2988 3571 Ne
3013 3519 3201 3573 dixeris
3231 3523 3283 3574 in
3311 3523 3462 3576 corde
3492 3532 3578 3576 tui
3602 3539 3622 3578 :
3643 3524 3765 3591 Quis

2173 3607 2410 3659 ascendet
2441 3608 2494 3660 in
2517 3608 2734 3663 ccelum?
2754 3610 2808 3662 id
2821 3621 2890 3664 cst
2911 3609 3167 3664 Christum
3189 3613 3435 3669 deducere
3460 3632 3479 3668 :
3505 3625 3618 3681 aut,
3650 3619 3760 3685 quis

2173 3697 2442 3751 descendet
2473 3701 2527 3752 in
2556 3699 2793 3770 abyssum
2816 3703 2840 3754 ?
2864 3702 2960 3754 hoc
2982 3713 3054 3755 est
3081 3701 3337 3757 Christum
3364 3721 3426 3759 ea:
3452 3703 3668 3760 mortuis
3689 3724 3763 3760 re-

2169 3805 2366 3842 vocare.
2403 3789 2507 3843 Sed
2530 3791 2654 3860 quid
2692 3791 2814 3845 dicit
2846 3792 3159 3864 Scriptura?
3194 3794 3363 3867 Prope
3391 3807 3464 3851 est
3486 3798 3688 3852 verbum
3713 3800 3762 3854 iu

2168 3896 2254 3934 ore
2278 3891 2386 3947 tuo,
2409 3890 2455 3934 et
2484 3882 2537 3934 in
2565 3883 2718 3936 corde
2737 3891 2844 3938 tuo.
2873 3883 2988 3940 Hoc
3007 3895 3110 3951 est,
3135 3901 3232 3940 nec
3262 3885 3329 3941 de
3361 3889 3632 3957 passione,
3657 3905 3752 3945 nec

2167 3972 2234 4026 de.
2265 3977 2674 4042 resurrectione,
2701 3991 2798 4032 nec
2826 3977 2893 4032 de
2925 3980 3237 4036 ascensione
3261 3981 3399 4051 ejus,
3429 3983 3570 4052 quod
3596 3974 3698 4038 n'on
3726 4000 3753 4039 a

2165 4066 2456 4136 semetipso
2479 4066 2672 4121 factum
2695 4067 2785 4133 sit,
2818 4068 2870 4123 itt
2901 4069 3065 4125 corde
3105 4079 3195 4125 tuo
3241 4070 3437 4127 debeas
3482 4073 3747 4139 dubitare.

2165 4149 2282 4212 Hoc
2327 4169 2400 4212 est
2447 4159 2650 4212 verbum
2698 4160 2820 4228 ﬁdei
2850 4201 2866 4226 ,
2915 4162 3051 4228 quod
3097 4163 3459 4233 prtedicamus.
3521 4164 3633 4220 Hoc
3679 4175 3760 4220 est

2163 4248 2370 4304 Novum
2396 4249 2822 4325 Testamentum.
2859 4254 2995 4321 Quid
3035 4256 3078 4308 si
3106 4257 3399 4325 conﬁtearis
3445 4259 3498 4312 iu
3543 4274 3630 4314 ore
3670 4271 3755 4314 tuo

2165 4337 2441 4393 Dominum
2469 4311 2668 4408 desum,
2693 4352 2743 4400 et
2787 4345 2840 4399 in
2863 4346 3016 4402 corde
3044 4355 3131 4402 tuo
3154 4349 3429 4403 credideris
3448 4352 3590 4420 quod
3621 4351 3753 4406 Deus

2159 4433 2307 4488 illum
2331 4436 2568 4490 excitavit
2587 4455 2618 4491 a
2634 4439 2866 4504 mortuis,
2895 4441 3066 4503 salvus
3091 4443 3207 4499 eris.
3227 4443 3614 4499 Testimonium
3637 4461 3756 4500 cor-

2155 4525 2238 4580 dis
2267 4539 2346 4581 est
2371 4527 2479 4585 oris
2502 4529 2963 4587 confessio.Corde
2987 4535 3119 4588 enim
3133 4537 3358 4601 creditur
3380 4538 3448 4590 ad
3464 4539 3747 4616 justitiam;

464 4602 557 4656 sed
580 4612 633 4657 et
661 4606 824 4662 corde
871 4613 1128 4669 orandum
1162 4629 1265 4674 est,
1297 4619 1403 4675 Ρνο
1451 4625 1556 4678 mis
1587 4629 1638 4680 ίη
1671 4630 1908 4686 mtuum.
1947 4602 2053 4691 pm,
2082 4639 2132 4699 ι)
2160 4634 2244 4670 ore
2263 4628 2434 4672 autem
2463 4619 2523 4689 ﬁt
2546 4623 2798 4692 confessio
2818 4624 2885 4678 ad
2903 4625 3141 4680 salutem.
3189 4626 3405 4682 Delictis
3435 4611 3748 4697 praeteritis,

462 4692 684 4750 Judteis.
729 4697 1094 4756 Testimonium
1115 4709 1248 4760 enim
1275 4713 1514 4777 perhibeo
1548 4717 1651 4772 illis
1677 4722 1814 4788 quod
1843 4727 2059 4785 cernula-

463 4787 649 4839 tionem
685 4786 776 4842 Dei
822 4788 1028 4845 habent.
1076 4795 1495 4858 A‘Irnulationem
1552 4786 1748 4864 habent
1786 4821 2056 4876 seetandm

462 4875 593 4944 legis
616 4878 726 4932 Dei.
753 4880 859 4934 Sed
882 4900 981 4937 non
997 4888 1272 4942 secundum
1303 4895 1586 4952 scientiam.
1606 4899 1712 4956 Nisi
1737 4909 1914 4963 omnia
1931 4912 2055 4979 quis

459 4969 754 5026 secundum
785 4974 964 5030 datam
995 4993 1024 5030 a
1061 4979 1170 5032 Deo
1218 4983 1494 5043 scientiam
1543 4991 1749 5061 fecerit,
1787 4969 2050 5071 impingit,

458 5062 666 5115 etiamsi
713 5065 832 5133 quis
880 5081 1282 5129 coosummatus
1316 5077 1494 5137 fuerit.
1543 5085 1600 5139 Si
1640 5062 1918 5149 scientiam
1951 5062 2049 5154 Dei

458 5149 721 5207 haberent
763 5154 956 5225 .Iudtei,
1005 5175 1395 5232 cognoscerent
1447 5177 1587 5244 quod
1639 5179 1887 5239 Christus
1939 5149 2046 5246 non

457 5256 658 5336 contra
694 5248 868 5321 legem
913 5255 1076 5323 venit,
1128 5260 1222 5314 sed
1275 5268 1571 5325 secundum
1619 5273 1814 5344 legem,
1847 5282 2046 5348 etquia

455 5341 793 5425 nonpossint
839 5345 1131 5404 secundum
1173 5351 1344 5423 legem
1398 5341 1724 5430 justiﬁcari,
1775 5367 1867 5421 sed
1901 5341 2042 5429 Deus

452 5429 617 5496 gratis
669 5446 735 5504 ex
780 5433 884 5489 ﬁde
933 5436 1185 5504 justilicat
1213 5485 1230 5510 ,
1261 5461 1366 5500 non
1399 5463 1463 5503 ex
1493 5429 1747 5519 operibus
1776 5456 1906 5528 legis
1935 5501 1951 5527 ,
1985 5463 2040 5518 in

450 5519 640 5612 quibus
661 5522 733 5577 illi
751 5525 1138 5594 gloriabantur.
1162 5533 1470 5607 Ignorantcs
1489 5544 1622 5597 enim
1641 5543 1734 5600 Dei
1758 5519 2032 5620 iuilititim,

452 5615 859 5692 lgnoraverunt,
910 5632 1050 5700 quod
1082 5636 1247 5704 gratis
1275 5653 1340 5692 ex
1391 5639 1494 5696 ﬁdc
1537 5615 1816 5721 justiﬁcat,
1849 5663 1904 5708 et
1925 5617 2030 5714 non

447 5733 512 5775 ex
540 5722 792 5790 aperibus
830 5727 982 5799 legis,
1015 5734 1067 5788 in
1099 5734 1292 5802 quibus
1319 5735 1396 5791 illi
1426 5740 1814 5818 gloriabantur,
1846 5752 2030 5812 dicen-

446 5819 525 5868 tes
547 5827 605 5870 sc
629 5818 927 5880 custodisse
971 5823 1165 5896 legem,
1199 5843 1360 5898 quam
1392 5846 1500 5896 non
1530 5839 1920 5916 cu:todicrunt,
1971 5859 2026 5907 et

2171 4727 2274 4765 non
2304 4712 2515 4767 futuris.
2549 4715 2690 4783 Ergo
2707 4715 2751 4770 si
2786 4715 2915 4771 ﬁdes
2940 4718 3133 4774 suflicit
3160 4721 3224 4774 ad
3242 4721 3525 4792 juStitiatn,
3553 4733 3607 4779 et
3626 4738 3754 4782 con-

2169 4801 2331 4855 fessio
2359 4803 2424 4856 ad
2448 4803 2700 4873 salutem,
2751 4806 2965 4863 Juda‘us
2990 4820 3044 4864 et
3092 4809 3308 4868 Grtecus
3340 4829 3501 4868 unum
3546 4826 3672 4870 sunt
3699 4816 3750 4877 in

2164 4893 2396 4948 Christo.
2451 4893 2592 4950 Dicit
2641 4900 2773 4952 enim
2828 4899 3146 4965 Scriptura:
3178 4905 3354 4959 Omnis
3399 4907 3489 4978 qui
3516 4909 3671 4962 credit
3698 4909 3751 4968 iu

2162 4985 2309 5038 illum
2364 5003 2464 5040 non
2519 4989 2882 5056 confundetur.
2927 4993 3040 5048 Non
3085 4995 3300 5048 Judrus
3346 5007 3570 5066 tantum,
3626 4999 3746 5055 Non

2161 5077 2294 5128 enim
2326 5088 2396 5131 est
2425 5078 2686 5136 distinctio
2706 5081 2880 5137 Iudici
2899 5095 2946 5136 et
2977 5085 3160 5144 Graeci.
3189 5088 3262 5142 De
3278 5089 3501 5158 pristino
3536 5103 3751 5159 pet-cato

2155 5167 2238 5221 vel
2262 5167 2558 5250 idololatria
2596 5188 2743 5228 :non
2799 5189 2929 5245 ergo
2954 5177 3075 5231 illos
3124 5193 3220 5232 vos
3266 5181 3488 5246 potestis
3518 5183 3746 5240 confun-

2159 5257 2314 5327 dere,
2347 5276 2483 5331 quos
2514 5261 2787 5334 Scriptura
2820 5265 2951 5324 dicit
2973 5267 3226 5325 confundi
3247 5286 3351 5325 non
3382 5286 3563 5342 posse.

2229 5399 2442 5474 (Incipit
2469 5406 2722 5473 expositio
2743 5408 2806 5460 de
2833 5408 2967 5462 libro
2993 5387 3159 5464 sancti
3188 5411 3468 5484 Augustini
3506 5430 3744 5486 excerpta

2153 5489 2296 5546 eloco
2321 5495 2392 5547 ad
2421 5505 2657 5550 sanctum
2697 5497 3095 5568 Simplicianum
3119 5544 3134 5569 ,
3181 5503 3254 5560 De
3283 5505 3452 5562 Jaeob
3478 5519 3535 5566 et
3579 5511 3720 5567 Esau

2149 5581 2279 5649 Qua;I
2308 5586 2423 5639 licet
2444 5602 2545 5641 non
2567 5588 2623 5641 in
2649 5589 2827 5644 ordine
2853 5600 3102 5649 tractatus
3144 5595 3300 5667 hujus
3337 5602 3506 5670 posita
3541 5618 3649 5658 esse
3669 5605 3742 5656 ri-

2135 5672 2336 5741 deatur,
2363 5686 2532 5733 tamen
2554 5680 2670 5734 ideo
2693 5684 3038 5752 pratermissa
3058 5703 3159 5743 non
3183 5700 3276 5754 cst,
3299 5694 3422 5762 quia
3445 5699 3741 5752 necessaria

2133 5773 2281 5834 atque
2301 5772 2525 5841 perfecta
2554 5783 2650 5842 est,
2673 5785 2721 5828 et
2749 5775 2816 5829 ob
2831 5774 2927 5830 hoc
2948 5778 3030 5832 ltic
3050 5787 3364 5854 conscripta,
3394 5800 3450 5843 ut
3469 5790 3570 5844 loci
3581 5792 3738 5858 ipsius

2132 5861 2436 5924 obscuritate
2466 5865 2683 5930 revelata
2709 5867 2920 5939 legentis
2937 5886 3144 5937 sensum
3165 5877 3421 5936 euidenter
3435 5881 3732 5952 illuminat.)
