4004 6354
192 315 296 373 4ῗῖ

1068 316 1134 372 IN
1173 315 1552 375 EPISTOLMI
1594 316 1683 373 AD
1720 316 2048 377 ROMANOS
2085 277 2602 389 CDMSIENTADIA.

3352 334 3461 394 ιτα

265 425 391 480 Non
420 442 482 481 ex
505 427 765 493 operibus,
793 426 882 482 sed
909 444 971 482 ea:
1016 440 1224 485 vocante
1267 434 1458 486 dictum
1498 442 1610 487 est:
1643 432 1778 499 Quia
1806 436 1854 496 Α
1887 449 1946 488 ro
1978 438 2181 501 matris,
2217 440 2301 493 vel
2333 439 2451 495 fidei
2478 482 2493 507 ,
2541 440 2625 495 vel
2668 456 2917 511 operum,
2970 447 3053 502 vel
3102 451 3463 517 quorumlibet

192 520 360 588 major
393 520 573 574 serviet
599 520 804 573 minori.
847 520 1096 575 Vocantis
1123 532 1201 577 est
1241 538 1367 591 ergo
1387 524 1578 592 gratia,
1610 526 1780 591 perci-

194 610 387 678 pienlis
405 622 528 664 vero
540 606 760 679 gratiam
774 622 1164 679 consequenter
1175 623 1468 682 suntopera
1485 622 1627 668 bona
1645 634 1653 665 :
1674 630 1779 667 non

194 715 315 769 qua:
346 702 568 768 gratiam
610 704 839 770 pariant,
869 705 961 757 scd
991 719 1110 771 quas
1134 708 1302 774 gratia
1335 708 1643 775 pariantur:
1674 724 1778 762 non

196 793 338 851 cnim
373 802 427 845 ut
451 792 675 857 ferveat,
717 794 958 849 calefacit
987 795 1149 866 ignis,
1175 798 1267 851 sed
1299 800 1426 869 quia
1457 799 1642 853 fervet.
1672 799 1782 854 Nec

194 883 319 949 ideo
339 884 475 938 bene
497 885 662 938 currit
678 895 812 951 rota,
834 896 890 938 ut
917 888 1144 941 rotunda
1162 889 1252 954 sit,
1280 889 1373 944 sed
1401 889 1523 957 quia
1556 891 1780 948 retunda

198 982 305 1029 est.
360 974 450 1031 Sic
482 991 641 1031 nemo
682 990 958 1045 propterea
991 979 1126 1033 bene
1157 994 1407 1042 operatur
1451 991 1508 1035 ut
1555 984 1781 1051 accipiat

200 1069 449 1136 gratam,
505 1067 601 1123 sed
648 1069 773 1137 quia
815 1072 1041 1139 accepit.
1086 1072 1365 1141 Quomodo
1407 1076 1549 1129 enim
1602 1086 1783 1148 potest

195 1156 343 1224 jnste
372 1159 575 1223 vivere,
625 1161 718 1229 qui
767 1176 873 1215 non
925 1161 1082 1217 fuerit
1130 1164 1482 1231 iustificatus?
1514 1169 1782 1233 quomodo

200 1258 388 1319 sancte
424 1250 622 1315 vivere,
656 1252 699 1305 si
728 1266 831 1305 non
861 1253 1018 1311 fuerit
1038 1257 1442 1316 sanctilicatus?
1467 1259 1545 1312 vel
1563 1260 1784 1313 omnino

208 1338 414 1406 vivere,
447 1343 533 1418 qui
562 1357 666 1409 non
699 1342 855 1398 fuerit
885 1344 1201 1412 iustificatus
1234 1346 1385 1419 [alias
1427 1348 1785 1420 vivificatus]?

200 1428 467 1484 Justilieat
493 1442 671 1487 autem
700 1435 869 1503 gratia
896 1476 913 1499 ,
944 1446 999 1489 ut
1022 1435 1346 1512 justiﬁeatus
1382 1420 1552 1506 possit
1605 1441 1787 1497 vivere

197 1517 362 1590 juste.
389 1519 561 1574 Prima
585 1531 669 1576 est
697 1524 855 1599 igitur
882 1527 1074 1594 gratia,
1104 1527 1335 1580 secunda
1356 1543 1518 1593 Opera
1538 1529 1696 1593 bona,
1718 1530 1789 1582 si.

203 1621 296 1675 cut
313 1611 417 1666 alio
445 1613 561 1668 loco
582 1614 742 1671 dicit:
765 1616 823 1670 Ei
844 1628 1020 1690 autem
1042 1618 1130 1688 qui
1162 1627 1435 1697 operatur,
1457 1635 1660 1674 merces
1683 1634 1788 1680 non

204 1702 498 1779 imputatur
521 1708 815 1779 secundum
838 1711 1081 1778 gratiam,
1106 1711 1199 1766 sed
1215 1712 1505 1770 secundum
1527 1713 1785 1777 debitum.

1886 532 2104 581 omnino
2127 538 2439 584 meritorum
2463 533 2486 585 ἲ
2514 532 2619 587 Sed
2651 533 2848 588 dictum
2878 545 2959 590 est
2992 552 3009 593 :
3046 537 3115 592 Ut
3165 541 3459 595 secundum

1883 616 2201 672 electionem
2234 623 2560 689 propesitum
2598 624 2689 678 Dei
2734 640 2994 681 maneret.
3029 629 3094 683 Et
3122 630 3240 684 ideo
3266 632 3464 700 quasti-

1886 722 2022 769 mus,
2055 711 2178 778 quia
2210 712 2408 766 dictum
2435 724 2516 768 est
2548 734 2561 769 :
2588 718 2686 770 nisi
2716 717 2848 772 forte
2877 721 2955 775 sio
2979 730 3061 777 est
3092 723 3465 792 distinguenda

1884 801 2170 863 sententia,
2204 814 2387 856 nonut
2421 805 2783 875 intelligamus
2811 819 3062 880 tanquam
3102 812 3221 864 ideo
3243 828 3349 865 non
3395 828 3463 866 ex

1883 891 2155 959 operibus,
2182 894 2273 947 sed
2292 910 2356 948 ex
2389 908 2611 951 vocante
2651 899 2846 960 dictum
2871 911 3041 955 esset:
3070 902 3237 972 Major
3264 902 3466 959 serviet

1884 982 2081 1035 minori
2115 999 2128 1034 :
2160 994 2217 1036 ut
2272 988 2565 1039 secundum
2615 989 2931 1043 electionem
2983 997 3312 1062 propositum
3364 992 3462 1046 Dei

1885 1084 2129 1133 maneret
2157 1092 2170 1142 ;
2203 1077 2297 1129 sed
2331 1077 2402 1130 ita
2434 1079 2629 1145 potius,
2662 1089 2717 1145 ut
2747 1080 2848 1134 hoc
2878 1082 2945 1137 de
2982 1084 3215 1137 nondum
3249 1083 3386 1138 natis
3412 1092 3469 1137 et

1886 1165 2121 1220 nondum
2154 1169 2353 1237 aliquid
2383 1172 2615 1238 operatis
2632 1174 2936 1242 exemplum
2954 1176 3465 1244 datumaecipiatur,

1887 1273 1954 1312 ne
1983 1258 2156 1327 aliqua
2185 1260 2378 1314 electio
2401 1261 2486 1313 hic
2518 1264 2684 1330 possit
2728 1264 2975 1334 intelligi.
3006 1266 3138 1319 Cum
3162 1266 3303 1319 enim
3334 1281 3468 1331 non-

1888 1347 2010 1400 dum
2043 1350 2151 1401 nati
2182 1347 2427 1414 fuissent,
2457 1366 2630 1420 neque
2648 1351 2847 1421 aliquid
2870 1354 3101 1423 egissent
3129 1354 3326 1409 bonum
3350 1356 3468 1411 sive

1890 1438 2121 1506 malum,
2179 1448 2235 1492 ut
2286 1442 2579 1494 secundum
2628 1442 2948 1497 electionem
2991 1446 3318 1513 propositum
3369 1446 3465 1506 Dei

1890 1536 2177 1581 maneret:
2224 1529 2276 1582 id
2324 1541 2446 1596 est,
2502 1546 2673 1598 neque
2727 1532 2926 1602 aliquid
2992 1535 3224 1602 egissent
3269 1537 3467 1590 bonum

1891 1628 1982 1672 aut
2040 1621 2277 1685 malum,
2334 1630 2394 1675 ut
2450 1630 2667 1691 propter
2730 1627 2895 1693 ipsam
2965 1627 3227 1681 actionem
3274 1626 3471 1682 electio

1892 1709 2067 1779 aliqua
2094 1711 2241 1773 fieret
2272 1713 2388 1777 ejus
2420 1713 2508 1781 qui
2563 1715 2698 1769 bene
2728 1726 2931 1785 egerat.
2985 1717 3114 1772 Cum
3146 1734 3273 1786 ergo
3324 1718 3471 1774 nulla

206 1792 324 1847 Non
355 1797 497 1848 enim
530 1797 919 1865 iltlelligebnttl,
952 1800 1071 1868 quia
1102 1815 1169 1854 eo
1218 1801 1334 1870 ipso
1364 1817 1469 1873 quo
1492 1804 1657 1873 gratia
1707 1812 1792 1857 est
1824 1797 1870 1858 Β
1895 1812 2036 1857 esset
2065 1803 2258 1857 eleCIio
2285 1803 2423 1859 bene
2453 1808 2682 1874 agentis,
2710 1810 2999 1865 secundum
3046 1826 3203 1879 quam
3236 1820 3475 1873 maneret

202 1889 545 1959 evangelica,
582 1892 836 1959 Operibus
890 1908 996 1945 non
1055 1893 1319 1951 debetur:
1349 1896 1585 1963 alioquin
1622 1894 1791 1965 gratia

206 1978 315 2055 iam
349 1996 452 2033 non
488 1991 569 2035 est
600 1982 793 2052 gratia.
829 1984 883 2036 In
910 1985 1092 2051 multis
1125 1985 1259 2040 locis
1308 1988 1407 2041 hoc
1455 2003 1597 2055 smpe
1629 1997 1792 2044 testa-

209 2077 318 2135 tur,
348 2069 702 2138 fideigratiam
732 2089 1051 2147 praeponens
1080 2078 1333 2146 operibus
1365 2096 1378 2131 :
1408 2094 1455 2133 η’
1480 2094 1511 2137 n
1542 2089 1597 2133 ut
1628 2095 1789 2149 opera

210 2159 559 2235 exstinguat,
591 2162 683 2217 sed
717 2172 775 2223 ut
817 2166 1065 2219 ostendat
1114 2182 1160 2220 ni
1188 2184 1218 2221 n
1250 2184 1370 2222 esse
1399 2184 1560 2237 opera
1596 2186 1795 2238 prmcee

212 2248 393 2319 dentia
421 2255 667 2321 gratiam,
699 2254 791 2309 sed
820 2259 1200 2326 consequentia
1234 2277 1246 2312 :
1282 2268 1334 2313 ut
1375 2263 1576 2315 scilicet
1603 2278 1707 2315 non
1735 2276 1795 2331 se

211 2340 442 2412 quisque
468 2346 892 2401 arbitreturideo
906 2352 1208 2419 percepisse
1228 2355 1475 2421 gratiam,
1504 2355 1625 2423 qu'a
1658 2354 1793 2409 bene

212 2445 464 2503 operatus
488 2447 602 2503 est;
635 2439 728 2494 sed
751 2439 885 2495 bene
911 2444 1121 2511 operari
1153 2459 1257 2499 non
1286 2459 1463 2513 posse,
1496 2446 1596 2519 nisi
1612 2462 1704 2516 per
1731 2446 1796 2505 ﬁ-

214 2526 336 2601 dem
361 2532 663 2601 perceperit
683 2533 927 2601 gratiam.
948 2534 1131 2605 Incipit
1146 2546 1326 2592 autem
1344 2538 1501 2592 homo
1516 2541 1746 2609 percipe;
1762 2554 1795 2596 e

213 2621 469 2701 gratiam,
489 2638 551 2679 ex
570 2639 674 2693 quo
692 2625 997 2695 incipitDeo
1015 2632 1258 2699 credere,
1274 2629 1358 2683 vel
1384 2609 1695 2704 interna'vel
1713 2647 1795 2685 ex-

217 2720 370 2779 terna
390 2716 937 2787 admonitionemotus
953 2720 1016 2772 ad
1047 2719 1227 2774 fidem.
1242 2721 1345 2775 Sed
1372 2721 1797 2793 intereStquibus

215 2806 458 2879 articulis
480 2816 801 2877 temporum,
850 2810 935 2864 vel
958 2810 1318 2865 celeb:atione
1342 2824 1796 2868 sacramentorum

218 2896 392 2987 gratia
422 2898 631 2966 plenior
651 2909 706 2955 et
743 2902 1048 2972 evidentior
1078 2903 1403 2957 infundatur.
1432 2903 1534 2958 Sed
1564 2912 1618 2971 ut
1646 2903 1799 2987 dere

220 2980 291 3053 de
311 3002 415 3056 qua
439 2990 611 3059 agitur
633 2994 808 3059 potius
836 2991 1135 3062 loquamur,
1161 2992 1226 3046 ad
1269 2992 1615 3063 frangendam
1643 2980 1800 3078 atque

220 3079 579 3153 dejiciendam
610 3097 711 3152 sup
730 3085 914 3138 *rbiam
942 3085 1216 3140 hominum
1267 3087 1592 3155 ingratorum
1615 3088 1799 3157 gratiae

1897 1895 2227 1963 propositum
2262 1895 2375 1960 Dei,
2410 1912 2512 1950 non
2567 1914 2633 1951 ex
2661 1899 2935 1968 operibus,
2963 1901 3057 1955 sed
3096 1918 3161 1956 ex
3208 1911 3471 1957 vocante:

1895 1983 1947 2051 id
1976 1994 2058 2038 est
2096 2000 2158 2039 ex
2190 2000 2255 2039 eo
2286 1986 2375 2049 qui
2422 1987 2666 2041 vocando
2712 1990 2775 2041 ad
2828 1990 2859 2042 fi
2884 1994 2984 2044 rem
3025 1992 3189 2061 grati:
3220 1993 3476 2062 juSIilicat

1896 2075 2137 2145 impium,
2170 2077 2369 2135 dictum
2399 2080 2659 2147 esttQuia
2686 2080 2858 2155 major
2886 2084 3088 2136 serviet
3114 2084 3325 2136 minori.
3358 2083 3474 2140 Non

1895 2181 2022 2237 ergo
2045 2168 2339 2231 secundum
2371 2168 2689 2224 electionem
2722 2171 3053 2239 prepositum
3089 2172 3180 2226 Dei
3208 2183 3470 2238 maneret,

1896 2260 1989 2314 sed
2031 2274 2095 2314 ex
2154 2261 2426 2329 proposito
2464 2261 2680 2326 elect:o,
2726 2262 2775 2315 id
2808 2270 2913 2326 est,
2968 2278 3072 2316 non
3126 2263 3249 2332 quia
3277 2262 3480 2327 invenit

1896 2346 2042 2423 Deus
2071 2366 2229 2420 opera
2262 2351 2395 2405 bona
2426 2352 2478 2405 in
2504 2350 2811 2417 hominibus
2843 2367 2957 2421 qua:
2988 2352 3174 2421 eligat,
3200 2352 3322 2406 ideo
3364 2367 3479 2411 mas

1897 2452 1990 2497 net
2021 2442 2764 2513 prepositumjustifieationis
2792 2444 2958 2511 ipsius
2987 2460 3001 2496 :
3033 2442 3124 2496 sed
3149 2443 3271 2511 quia
3300 2450 3480 2505 manet

1902 2535 2030 2590 illud
2055 2536 2392 2605 utjustificet
2430 2535 2734 2604 credentes,
2781 2536 2903 2589 ideo
2936 2535 3139 2590 in'venit
3162 2549 3326 2603 opera
3356 2549 3476 2604 qua:

1894 2624 2005 2714 iam
2037 2628 2196 2695 eligat
2218 2627 2282 2681 ad
2326 2643 2551 2699 regnum
2584 2628 2863 2693 αξιοι-ωτι.
2892 2626 3023 2685 Nam
3058 2626 3158 2680 nisi
3197 2625 3474 2680 eSsetele-

1898 2719 2028 2783 ctio,
2059 2733 2164 2773 non
2190 2726 2369 2787 essent
2398 2719 2576 2784 electi,
2609 2733 2705 2776 nec
2733 2726 2880 2778 recte
2900 2717 3168 2773 diceretur
3194 2734 3209 2769 :
3236 2715 3365 2784 Quis
3388 2730 3480 2773 ace

1900 2810 2110 2865 cusabit
2152 2809 2411 2873 adversus
2480 2810 2682 2866 electos
2729 2808 2869 2864 Dei?
2911 2806 3026 2863 Non
3067 2816 3244 2862 tamen
3283 2806 3480 2865 electio

1904 2902 2160 2973 prtecedit
2185 2902 2651 2971 justiﬁcationem,
2683 2899 2776 2954 sed
2807 2900 3125 2954 electionem
3146 2898 3476 2966 justilicatio.

1902 2991 2070 3047 Nemo
2099 2993 2241 3045 enim
2282 2994 2515 3061 eligitur,
2558 2989 2657 3044 nisi
2682 2989 2794 3062 jam
2819 2989 3023 3055 distans
3068 2988 3135 3042 ab
3160 2988 3249 3044 illo
3278 2988 3365 3057 qui
3394 3002 3482 3045 res

1903 3083 2100 3151 jicitur.
2133 3082 2288 3137 Unde
2318 3083 2457 3151 quod
2483 3072 2818 3145 dictum‘est,
2857 3083 2979 3149 quia
3028 3078 3191 3148 elegit
3216 3092 3314 3132 nos
3344 3077 3486 3135 Deus

221 3172 346 3247 Dei,
370 3183 421 3228 et
442 3176 754 3230 audentium
778 3177 992 3246 gloriari
1013 3178 1080 3234 de
1105 3178 1335 3256 meritis,
1354 3180 1452 3233 ista
1476 3194 1801 3233 commemo-
1830 3163 1875 3226 C
1907 3182 2030 3239 ante
2050 3173 2232 3228 mundi
2280 3172 2737 3243 constitutionem,
2789 3185 2899 3222 non
2940 3168 3096 3222 video
3119 3167 3385 3237 quomodo
3412 3167 3485 3220 sit

222 3275 434 3333 rantur.
466 3268 594 3322 Cum
626 3270 767 3324 enim
802 3271 1035 3324 nondum
1075 3272 1182 3323 nati
1217 3270 1440 3324 fuissent
1490 3286 1663 3340 neque
1710 3271 1805 3324 ali-

224 3359 361 3442 quid
387 3360 622 3432 egissent
650 3362 847 3418 bonum
877 3364 961 3419 vel
993 3365 1213 3433 malum,
1272 3377 1377 3420 non
1427 3378 1493 3429 ex
1531 3363 1803 3432 Operibns,

224 3453 328 3519 sed
358 3468 416 3508 ex
442 3464 667 3509 vocante
688 3457 885 3511 dictum
903 3466 984 3511 est
1005 3456 1164 3521 :Quia
1183 3454 1354 3524 major
1367 3455 1565 3510 serviet
1594 3453 1806 3511 minori.

228 3543 492 3601 Vocantis
520 3562 648 3616 ergo
677 3556 760 3601 est
787 3549 976 3616 gratia.
1008 3548 1063 3602 Si
1087 3546 1244 3616 igitur
1284 3546 1494 3613 electio,
1531 3561 1625 3614 per
1672 3562 1809 3616 prae-

227 3637 537 3706 scientiam,
565 3638 831 3706 prtescivit
859 3649 1037 3695 autem
1089 3638 1228 3693 Deus
1258 3638 1414 3693 fidem
1459 3637 1644 3703 Jacob,
1673 3637 1813 3691 unde

230 3726 456 3800 probas,
479 3726 600 3797 quia
630 3742 735 3783 non
783 3728 943 3784 etiam
975 3744 1041 3784 ex
1096 3730 1347 3797 operibus
1375 3728 1532 3798 elegit
1556 3728 1713 3782 cum?
1757 3729 1812 3783 Si

233 3831 546 3887 propterea,
577 3821 700 3887 quia
733 3820 967 3875 nondum
996 3820 1105 3875 nati
1133 3828 1285 3875 erant
1307 3860 1322 3885 ,
1371 3829 1425 3877 et
1454 3821 1687 3873 nondum
1717 3818 1816 3873 alio

232 3910 367 3983 quid
398 3919 615 3979 egerant
646 3912 841 3968 bonum
869 3921 959 3967 aut
990 3914 1184 3967 malum
1219 3929 1234 3978 ;
1277 3914 1345 3967 ita
1376 3917 1534 3969 etiam
1584 3914 1815 3968 nondum

236 4004 370 4068 cred
393 4004 545 4059 derat
570 4005 760 4076 aliquis
786 4020 972 4060 eorum
998 4023 1011 4058 :
1042 4006 1154 4067 sed.
1176 4006 1314 4067 sicut
1341 4008 1672 4074 praescientia
1692 4007 1822 4061 vidit

236 4095 597 4163 crediturum,
630 4098 701 4153 ita
737 4100 1073 4167 prmscientia
1098 4099 1281 4154 videre
1321 4108 1532 4168 poterat
1574 4111 1820 4169 operatu-

237 4203 387 4243 rum.
422 4188 489 4243 Ut
513 4191 779 4260 quomodo
806 4190 1002 4244 dicitur
1023 4191 1225 4246 electus
1248 4196 1464 4260 praptcr
1495 4190 1652 4245 fidem
1687 4190 1825 4243 futu-

238 4295 384 4348 ram,
419 4295 576 4350 quam
606 4283 917 4351 praesciebat
946 4282 1111 4351 Deus,
1141 4283 1220 4337 sic
1265 4284 1400 4336 alius
1423 4268 1589 4351 poth
1618 4283 1818 4348 dicere,

239 4383 468 4449 propter
499 4388 657 4440 opera
694 4374 870 4426 futura
916 4373 1092 4441 potius
1145 4372 1390 4435 elecwm,
1419 4388 1535 4440 qua:
1560 4373 1830 4437 nihilomi-

245 4479 355 4519 nus
430 4464 746 4532 pra'sciebat
804 4465 963 4517 Deus.
1014 4464 1353 4532 Quapropter
1403 4464 1543 4517 unde
1597 4466 1828 4519 ostendit

1907 3266 2133 3333 dictum,
2171 3265 2270 3329 nisi
2314 3262 2667 3331 prmscientia.
2703 3259 2801 3317 llic
2848 3266 3025 3312 autem
3051 3257 3191 3327 quod
3225 3254 3335 3310 ait:
3368 3254 3487 3310 Non

1909 3376 1971 3425 εκ
1998 3358 2273 3428 cperibus,
2298 3355 2391 3415 sed
2423 3369 2485 3408 ex
2540 3362 2764 3408 vocante
2783 3351 2980 3407 dictum
3021 3359 3104 3405 est
3128 3350 3201 3417 ei,
3229 3350 3350 3419 quia
3380 3362 3490 3418 ma-

1906 3454 1993 3524 jor
2023 3452 2219 3506 serviet
2245 3448 2602 3512 minori;non
2658 3446 2919 3501 electione
2968 3444 3315 3507 meritorum,
3369 3454 3490 3511 qua:

1913 3554 2033 3617 post
2056 3540 2494 3610 justiticationein
2524 3537 2710 3610 gratia:
2756 3534 3093 3606 proveniunt,
3127 3533 3221 3587 sed
3254 3529 3492 3587 liberali-2

1917 3618 2023 3691 tate
2044 3636 2304 3689 donorum
2339 3632 2433 3687 Dei
2466 3631 2633 3685 voluit
2660 3627 2909 3698 intelligi,
2946 3642 3014 3682 ne
3051 3626 3169 3695 quis
3208 3623 3276 3679 de
3314 3622 3495 3693 operis

1917 3729 2016 3782 bus
2046 3726 2353 3782 extollatur.
2383 3723 2566 3777 Gratia
2588 3722 2731 3776 enim
2756 3721 2847 3775 Dei
2867 3718 3001 3772 salvi
3032 3717 3155 3772 facti
3181 3729 3364 3772 sumus
3399 3732 3412 3768 :
3442 3722 3499 3769 et

1920 3821 2020 3874 hoc
2049 3834 2153 3872 non
2195 3833 2261 3873 ex
2286 3815 2541 3886 operibus
2566 3855 2581 3880 ,
2629 3815 2721 3868 sed
2771 3812 2863 3866 Dei
2911 3814 3107 3865 donum
3139 3818 3222 3864 est
3252 3827 3263 3861 :
3296 3823 3402 3863 non
3431 3821 3499 3862 ex

1921 3910 2194 3979 cperibus,
2226 3925 2291 3965 ne
2322 3906 2459 3961 forte
2501 3906 2619 3975 quis
2650 3904 2959 3967 extollatur.
2992 3902 3256 3969 Qumritur
3298 3908 3499 3965 autem,

1924 4014 2099 4056 ιιι-ιιιιι
2140 4000 2222 4054 vel
2254 3997 2386 4063 fides
2444 4007 2711 4051 mercatur
2759 3994 2989 4047 hominis
3038 3991 3501 4061 justilicationem,

1890 4109 1992 4159 ,an
2023 4106 2150 4145 vero
2177 4105 2276 4144 nec
2335 4089 2454 4143 fidei
2500 4088 2690 4141 merita
2739 4086 3041 4154 praecedant
3082 4081 3505 4145 misericordiam

1931 4184 2046 4244 Dei,
2075 4182 2165 4235 sed
2197 4190 2249 4234 et
2273 4179 2402 4232 fides
2450 4181 2561 4247 ipsa
2602 4180 2740 4230 inter
2789 4177 2928 4228 dona
2953 4174 3138 4241 gratiae
3169 4182 3505 4241 numeretur.

1929 4276 2058 4342 Quia
2083 4283 2136 4327 et
2171 4273 2270 4324 hoc
2303 4272 2418 4323 loco
2444 4286 2563 4323 cum
2588 4269 2836 4320 dixisset:
2864 4264 2977 4317 Non
3001 4279 3064 4316 ex
3088 4263 3370 4329 operibus,
3400 4275 3506 4314 non

1931 4368 2028 4429 ait,
2061 4363 2155 4417 sed
2178 4378 2243 4414 ex
2274 4361 2375 4412 fide
2401 4360 2599 4412 dictum
2628 4357 2796 4419 estei,
2831 4355 2951 4423 quia
2981 4351 3153 4421 major
3187 4349 3382 4405 serviet
3412 4349 3511 4415 mi-

1938 4454 2087 4518 nori;
2115 4453 2190 4507 ait
2220 4464 2397 4506 autem
2416 4468 2429 4503 :
2449 4448 2552 4505 Sed
2578 4464 2644 4504 ex
2671 4455 2895 4501 vocante
2924 4462 2938 4498 :
2970 4460 3124 4498 neruo
3155 4444 3295 4503 enim
3317 4442 3517 4519 credit,

245 4553 561 4622 Apostolus,
590 4567 694 4607 ιιοη
724 4568 788 4607 εχ
810 4554 1063 4622 operibus
1087 4555 1290 4609 dictum
1321 4569 1441 4610 esse
1470 4573 1483 4607 ι
1518 4554 1688 4624 Major
1715 4569 1825 4614 ser.
1859 4536 1910 4597 υ
1934 4548 2023 4618 qui
2052 4560 2158 4601 non
2173 4553 2411 4599 VOCMUI'.
2441 4540 2742 4596 Misericors
2771 4547 2946 4593 autem
2968 4538 3105 4592 Deus
3130 4546 3278 4591 VOCM
3309 4551 3324 4592 ζ
3351 4535 3514 4597 nullis

251 4645 367 4715 viet
420 4641 615 4698 minori
649 4660 664 4699 :
696 4645 740 4699 si
790 4646 1075 4715 quominus
1106 4646 1340 4713 nendum
1383 4646 1491 4701 nati
1522 4658 1693 4713 erant,
1726 4664 1829 4702 non

249 4737 427 4792 solum
459 4751 562 4790 nou
593 4752 657 4791 ex
697 4739 971 4818 operibus,
1002 4741 1094 4809 sed
1126 4756 1188 4795 ex
1216 4740 1317 4795 fide
1344 4742 1542 4796 dictum
1578 4752 1680 4806 est,
1712 4742 1835 4812 quia

252 4837 545 4903 utrunque
562 4828 745 4901 deerat
771 4830 1007 4903 nondum
1038 4834 1195 4907 natis.
1244 4832 1359 4897 Non
1412 4835 1574 4906 igitur
1616 4844 1667 4888 et
1694 4850 1833 4904 praes

255 4920 479 4988 scientia
512 4920 677 4975 voluit
730 4922 952 4989 intelligi
978 4922 1170 4993 factam
1216 4925 1531 4993 electionem
1585 4927 1831 4993 minoris,

257 5027 315 5077 ut
346 5016 518 5085 major
540 5016 587 5067 ei
619 5016 861 5069 serviret.
902 5015 1096 5071 Volens
1122 5017 1263 5088 enim
1295 5018 1599 5083 ostendere,
1634 5035 1737 5072 non
1768 5034 1832 5071 ex

256 5107 510 5175 aperibus
535 5106 752 5169 factam,
786 5115 1071 5175 propterea
1102 5108 1472 5179 intulitdiceos
1495 5125 1507 5161 :
1528 5109 1660 5161 Cum
1691 5111 1833 5162 enim

260 5198 495 5253 nondum
520 5190 624 5250 nati
657 5196 901 5264 finiesent,
957 5214 1127 5268 neque
1148 5198 1343 5267 aliquid
1367 5202 1608 5268 egissent
1638 5200 1833 5253 bonmn

262 5304 355 5342 seu
380 5290 595 5342 malum.
632 5289 880 5356 Alioquin
912 5295 1122 5357 poterat
1152 5290 1198 5343 ei
1226 5289 1350 5353 dici,
1378 5288 1470 5343 sed
1498 5288 1607 5360 jam
1636 5290 1841 5343 sciebat

264 5380 406 5435 Deus
436 5383 554 5451 quis
583 5383 708 5451 quid
740 5392 879 5437 esset
911 5394 1146 5437 acturus.
1190 5381 1546 5448 Quamobrem
1584 5383 1721 5437 unde
1752 5384 1839 5435 illa

266 5475 457 5528 eiectio
481 5476 612 5529 facta
641 5476 708 5529 sit
746 5474 1028 5543 quaeritur;
1068 5475 1189 5544 quia
1235 5475 1279 5530 si
1324 5490 1428 5530 non
1461 5492 1525 5530 ex
1584 5475 1841 5545 operibus

267 5582 384 5633 qua!
418 5582 519 5618 nun
551 5576 700 5620 erant
728 5568 778 5618 in
811 5566 1046 5621 nondum
1088 5566 1246 5632 natis,
1281 5582 1379 5623 nec
1420 5583 1483 5622 ex
1541 5568 1665 5631 fide,
1720 5569 1839 5636 quia

270 5676 370 5713 nec
392 5663 504 5726 ipsa
536 5670 670 5712 erat.
699 5660 849 5716 Unde
877 5660 1081 5731 igitur?
1109 5677 1175 5716 an
1207 5660 1490 5715 dicendum
1520 5659 1662 5731 quod
1698 5660 1839 5713 nulla

271 5751 461 5821 electio
487 5748 666 5820 fuerit,
687 5766 790 5807 non
814 5753 1078 5809 existente
1102 5753 1279 5825 aliqua
1308 5753 1619 5809 diversitate
1642 5752 1693 5807 in
1726 5763 1845 5808 ute~

1936 4640 2039 4694 hoc
2070 4638 2152 4691 vel
2178 4636 2299 4691 fidei
2330 4634 2534 4689 meritis
2585 4633 2841 4702 largiens,
2895 4630 3016 4701 quia
3060 4631 3245 4685 merita
3273 4627 3393 4681 fidei
3424 4642 3513 4696 se-

1936 4740 2171 4803 quuntur
2200 4726 2533 4783 vocationem
2580 4724 2756 4793 petius
2807 4737 2965 4793 quam
3022 4720 3343 4790 praecedant.
3372 4718 3515 4783 Quo-

1939 4822 2097 4877 modo
2121 4822 2262 4875 enim
2285 4817 2504 4874 credent
2534 4817 2583 4871 ei
2607 4830 2764 4885 quem
2800 4828 2905 4867 non
2932 4811 3247 4866 audierunt?
3286 4811 3353 4863 Et
3383 4824 3454 4879 qu
3478 4830 3520 4867 ιτ

1940 4915 2099 4971 modo
2126 4914 2344 4968 audient
2371 4913 2488 4965 sine
2536 4907 2903 4981 praedican'e?
2948 4907 3057 4961 Nisi
3102 4920 3231 4973 ergo
3275 4902 3524 4968 vocando.

1945 5008 2213 5081 prmcedat
2259 5004 2623 5061 misericordia
2676 5002 2767 5056 Dei
2798 5041 2811 5065 ,
2864 5014 2964 5054 nec
2990 4998 3211 5052 credere
3237 4996 3524 5064 qttisqmm

1942 5112 2139 5177 potest,
2176 5108 2234 5154 ut
2262 5115 2328 5153 ex
2354 5098 2454 5151 hoc
2478 5098 2689 5165 incipiat
2715 5092 3019 5164 juStilicari,
3060 5102 3114 5145 et
3161 5089 3403 5155 accipere
3443 5086 3520 5140 fa-

1942 5200 2192 5255 cultatem
2218 5197 2353 5251 bene
2376 5192 2654 5266 operandi.
2680 5192 2821 5261 Ergo
2840 5198 2966 5243 ante
2986 5200 3145 5242 omne
3168 5184 3413 5239 meritum
3436 5190 3523 5238 est

1943 5289 2133 5362 gratia.
2171 5287 2379 5341 Etenim
2408 5285 2653 5340 Christus
2696 5298 2793 5352 pro
2820 5279 3001 5351 impiis
3038 5286 3279 5333 mortuus
3306 5285 3407 5329 est.
3440 5273 3522 5329 Ex

1945 5391 2167 5439 vocante
2197 5381 2356 5451 igitur
2373 5382 2547 5433 minor
2566 5373 2780 5444 accipit,
2795 5388 2900 5428 non
2930 5386 2996 5426 ex
3022 5368 3142 5435 ullis
3164 5365 3369 5422 meritis
3390 5380 3523 5435 ope-

1944 5489 2061 5529 rum
2082 5486 2323 5536 suorum,
2347 5478 2404 5533 ut
2434 5469 2604 5538 major
2623 5468 2673 5523 ei
2694 5463 2942 5528 serviret,
2964 5470 3025 5517 ut
3051 5460 3211 5517 etiam
3224 5457 3366 5529 quod
3390 5456 3523 5512 scri-

1945 5578 2093 5639 ptum
2116 5576 2223 5623 est:
2240 5565 2405 5624 Iacob
2426 5564 2612 5629 dilexi,
2630 5578 2695 5619 ex
2710 5567 2934 5618 vocante
2945 5560 3017 5615 sit
3040 5558 3169 5622 Deo,
3192 5570 3297 5610 non
3311 5569 3376 5610 ex
3393 5566 3523 5625 0pc-

1945 5669 2099 5713 rante
2129 5656 2314 5713 Jacob.
2340 5657 2477 5724 Quid
2510 5656 2703 5711 deinde
2750 5654 2889 5709 Esau
2917 5648 3059 5721 quod
3109 5646 3278 5704 servit
3301 5642 3526 5711 minori,

1947 5763 1999 5809 et
2022 5752 2163 5823 quod
2196 5751 2447 5820 scriptum
2478 5760 2555 5806 est
2591 5768 2599 5801 :
2631 5750 2765 5803 Esau
2798 5761 2973 5804 autem
3025 5743 3150 5807 odio
3180 5736 3343 5801 habui
3368 5754 3381 5793 ;
3408 5735 3499 5817 qui
