4004 6354
510 323 612 393 m
1598 292 1896 369 primas-rt
1929 308 2380 365 spatiaremur
2421 305 2636 364 EPISC.
3693 298 3796 352 rso

512 438 612 491 bus
632 432 785 487 malis
814 430 927 499 suis
943 429 1048 485 hoc
1072 427 1284 496 meruit,
1318 439 1441 482 cum
1461 434 1517 482 et
1543 426 1658 495 ipse
1684 426 1919 482 nondum
1938 436 2092 480 natus
2121 425 2169 485 Λ
2198 422 2298 476 sibi
2319 423 2631 499 praestitisse
2654 429 2711 478 ut
2730 419 2996 484 crederet,
3021 418 3110 488 qui
3137 418 3441 481 miseretur,
3464 415 3797 484 rnspirando

515 528 727 599 luisset,
755 538 927 598 neque
976 521 1172 591 aliquid
1217 521 1414 588 egisset
1441 519 1566 573 boni
1597 519 1849 584 autmali,
1878 517 2092 587 quando
2196 512 2380 575 ﬁdem,
2412 511 2568 581 cujus
2598 512 2847 567 misertus
2872 518 2990 564 est:
3016 517 3073 599 ut
3100 507 3274 562 adhuc
3299 506 3507 599 inﬁdeli
3534 506 3796 599 vocatio-

516 596 727 673 dictum.
743 627 825 671 est
848 596 863 670 :
887 614 952 668 Et
974 613 1145 679 major
1167 610 1363 665 serviet
1390 609 1620 675 minori?
1646 612 1729 671 An
1748 609 1884 669 forte
1905 622 2092 676 quem.
2200 616 2320 655 nem
2350 601 2668 668 impertiret.
2697 600 2813 655 lam
2839 600 2983 654 enim
3011 598 3339 653 discernitur
3366 596 3544 652 ﬁdelis
3578 596 3655 649 ab
3688 596 3795 650 im-

506 680 813 764 adnrodum
847 704 975 759 illud
1018 703 1085 756 de
1120 700 1286 755 Jacob
1310 700 1469 753 nrrllis
1518 698 1722 751 meritis
1750 698 1903 753 bona:
1929 695 2096 749 actio—
2200 692 2312 760 pio.
2345 691 2481 759 Quid
2529 691 2671 746 enim
2719 691 2902 755 habes,
2932 690 3135 759 inquit,
3166 689 3307 758 quod
3339 704 3445 742 non
3474 687 3741 757 accepisti
3768 689 3794 739 ΐ

522 801 607 854 nis
644 798 842 852 dictum
870 803 970 858 est,
997 793 1070 846 ita
1096 792 1230 845 Esau
1256 790 1419 843 nullis
1456 789 1661 851 meritis
1691 788 1843 840 malae
1868 784 2095 839 actionis
2198 783 2245 837 si
2271 793 2451 836 autem
2479 784 2754 852 accepisti,
2786 783 2913 852 quid
2945 780 3188 853 gloriaris
3231 781 3382 851 quasi
3419 796 3525 835 non
3559 796 3795 848 accepe-

522 887 783 945 odiosus?
808 882 1048 948 Sienim,
1081 884 1205 951 quia
1228 880 1541 958 pra-sciebat
1564 879 1703 932 Deus
1736 877 1909 931 futura
1934 891 2097 944 Opera
2201 874 2320 927 ris?
2363 874 2528 929 Recte
2566 874 2780 943 quidem
2830 874 2952 939 hoc,
2998 875 3092 929 sed
3120 888 3219 928 cur
3263 875 3378 927 hare
3407 874 3792 928 misericordia

524 981 640 1050 ejus
678 978 838 1043 mala,
870 983 1151 1051 propterea
1189 987 1308 1031 eum
1342 968 1739 1039 prmdestinavit
1786 977 1843 1021 ut
1869 966 2101 1020 serviret
2202 964 2478 1019 subtracta
2525 974 2609 1020 est
2654 966 2723 1020 ab
2768 965 2936 1032 Esau,
2968 974 3026 1019 ut
3054 981 3160 1019 non
3191 966 3271 1019 sic
3302 977 3614 1033 vocaretur,
3652 976 3715 1019 ut
3739 975 3794 1021 ει

523 1072 739 1139 minori,
774 1077 1057 1139 propterea
1105 1064 1504 1133 przedestinavit
1551 1072 1604 1116 et
1632 1060 1816 1123 Jacob,
1838 1068 1895 1113 ut
1915 1059 1961 1112 ei
1989 1074 2099 1111 ma-
2203 1067 2393 1111 vocato
2415 1058 2770 1125 inSpiraretur
2794 1057 2947 1124 ﬁdes,
2968 1068 3023 1113 et
3039 1056 3267 1112 credens
3283 1058 3595 1112 misericors
3612 1059 3788 1123 ﬁeret.

520 1164 609 1233 jor
636 1144 881 1227 serviret,
915 1162 1039 1229 quia
1069 1158 1241 1211 lutnra
1269 1157 1385 1222 ejus
1416 1156 1553 1209 bona
1574 1169 1736 1223 Opera
1761 1151 2098 1220 prmsciebat:
2207 1158 2263 1201 ut
2311 1149 2447 1202 bene
2490 1149 2842 1217 operaretur?
2892 1147 2970 1200 Au
3005 1147 3140 1201 forte
3167 1150 3288 1216 quia
3323 1149 3529 1201 noluit?
3559 1148 3616 1204 Si
3663 1163 3791 1218 ergo

525 1264 580 1317 ct
605 1255 788 1308 falsum
808 1260 887 1307 est
908 1252 1015 1320 jam
1039 1251 1178 1320 quod
1211 1249 1309 1302 ait:
1332 1248 1443 1301 Non
1475 1262 1537 1300 ex
1562 1246 1829 1314 operibus.
1858 1243 2101 1299 Siautem
2206 1239 2375 1294 .lacob
2416 1240 2535 1292 ideo
2565 1241 2793 1299 credidit
2846 1240 2972 1308 quia
3008 1240 3193 1304 voluit,
3228 1256 3331 1292 non
3363 1240 3414 1294 ei
3447 1241 3593 1295 Deus
3621 1240 3790 1295 dona-

524 1364 707 1401 verurn
736 1358 839 1411 est,
888 1345 1027 1414 quod
1062 1360 1166 1396 non
1198 1358 1263 1396 ex
1315 1340 1590 1409 operibus,
1621 1348 1675 1390 et
1704 1337 1826 1390 inde
1854 1337 1953 1390 hoc
1978 1350 2103 1403 pro-
2213 1331 2289 1384 vit
2315 1332 2494 1397 ﬁdem,
2519 1332 2613 1385 sed
2639 1347 2758 1385 eam
2790 1331 2895 1385 sibi
2923 1331 3037 1398 ipse
3061 1331 3291 1386 volendo
3313 1332 3585 1399 przestitit,
3616 1340 3677 1385 et
3704 1331 3789 1385 ha-

527 1438 638 1500 hat,
672 1437 792 1503 quia
825 1434 892 1488 de
915 1434 1148 1487 nondum
1183 1431 1344 1495 natis,
1372 1428 1713 1495 nondumque
1752 1424 1953 1494 aliquid
1980 1439 2107 1491 ope-

528 1528 657 1581 ratis
686 1526 791 1579 hoc
813 1524 1013 1578 dictum
1046 1534 1123 1577 est
1156 1539 1169 1575 :
1208 1522 1345 1574 unde
1372 1535 1471 1573 ιιι-ε
1498 1534 1566 1573 ex
1626 1519 1730 1572 ﬁde
1753 1558 1770 1581 ,
1816 1531 1934 1584 quas
1973 1531 2108 1575 nuu—

528 1618 654 1672 dum
688 1617 825 1670 natis
871 1615 1119 1669 similiter
1146 1613 1378 1666 nondum
1427 1620 1575 1674 erat,
1606 1625 1712 1681 quo
1752 1608 1944 1669 merito
1970 1608 2108 1661 E~au

532 1708 656 1761 odio
680 1706 906 1760 habetur
931 1712 1220 1772 antequam
1252 1709 1563 1767 nasceretur
1594 1716 1608 1753 :
1639 1697 1779 1767 quod
1810 1698 1951 1752 enim
1986 1697 2110 1751 fecit

2210 1422 2324 1483 huit
2355 1422 2557 1492 aliquid
2585 1423 2726 1492 quod
2762 1438 2867 1477 non
2890 1423 3115 1491 accepit.
3158 1423 3231 1478 An
3264 1425 3387 1492 quia
3414 1440 3579 1478 nemo
3616 1437 3789 1493 potest

2210 1516 2453 1580 credere,
2484 1516 2583 1577 nisi
2616 1515 2780 1579 velit;
2811 1531 2968 1569 neruo
2995 1516 3142 1580 velit,
3184 1516 3288 1569 nisi
3330 1517 3602 1571 vocetur?
3628 1532 3783 1571 nemo

2211 1618 2389 1671 autem
2410 1607 2513 1662 sibi
2552 1615 2727 1676 potest
2770 1615 3025 1675 pra'stare
3065 1618 3123 1661 ut
3164 1619 3451 1663 vocaretur
3503 1625 3520 1662 :
3554 1609 3787 1663 vocando

2216 1698 2360 1753 Deus
2391 1706 2608 1766 praestat
2636 1706 2689 1750 et
2719 1696 2877 1752 ﬁdem
2902 1737 2918 1763 ,
2956 1697 3077 1767 quia
3109 1700 3224 1751 sine
3253 1698 3533 1752 vocatione
3560 1713 3668 1751 non
3695 1713 3785 1765 pa-

538 1796 674 1860 Deus
696 1809 753 1847 ea
777 1808 895 1873 quae
918 1792 1185 1868 diligeret,
1218 1789 1356 1843 nulla
1380 1788 1603 1871 qumstio
1626 1796 1726 1851 est.
1757 1787 1813 1841 Si
1834 1796 2010 1841 autem
2031 1786 2110 1839 di-
2145 1793 2190 1863 Β
2218 1790 2612 1859 testqnisquam
2634 1788 2878 1854 credere,
2901 1787 3143 1856 quamvis
3160 1788 3336 1843 nullus
3356 1787 3539 1842 credat
3572 1788 3782 1851 invitus,

533 1897 719 1949 camus
758 1898 878 1935 eum
911 1881 1101 1945 fecisse
1148 1896 1266 1948 qua:
1296 1878 1521 1947 odisset,
1552 1874 1843 1936 absurdum
1888 1883 1991 1940 est,
2023 1888 2112 1927 oc-

535 1983 784 2046 currente
807 1973 909 2026 alia
934 1971 1215 2040 scriptura,
1248 1978 1302 2023 et
1329 1969 1541 2022 dicente
1564 1984 1579 2020 :
1603 1965 1785 2035 Neque
1813 1966 1957 2033 enim
1988 1964 2112 2025 od;o

538 2065 741 2135 habens
770 2062 965 2133 aliquid
993 2060 1311 2115 constituis’i
1335 2076 1348 2123 ;
1376 2069 1429 2113 ct
1460 2057 1759 2110 nihilodisti
1790 2070 1973 2122 eorum
1998 2071 2115 2122 qua;

538 2156 733 2219 fecisti,
758 2165 846 2208 aut
891 2152 1236 2207 constituisti.
1286 2150 1402 2218 Quo
1434 2149 1573 2203 enim
1604 2148 1795 2218 merito
1837 2145 2008 2200 laetus
2033 2153 2116 2211 est

537 2248 658 2317 sol?
688 2257 774 2300 aut
805 2244 932 2315 quid
980 2243 1202 2298 offendit
1243 2243 1363 2295 luna
1394 2282 1409 2308 ,
1457 2250 1513 2294 ιιι
1542 2251 1689 2294 tanto
1715 2240 1808 2293 illo
1848 2233 2115 2304 inferior?

544 2337 635 2395 vel
669 2337 791 2406 quid
824 2333 1141 2405 promeruit,
1176 2343 1229 2387 ut
1260 2332 1527 2397 sideribus
1569 2329 1779 2398 cteteris
1825 2337 1971 2382 tanto
2003 2327 2115 2393 cla-

541 2428 648 2497 rior
669 2426 984 2489 crearetur?
1014 2425 1118 2480 Sed
1144 2424 1318 2485 omnia
1344 2424 1481 2477 bona
1512 2432 1690 2489 creata
1721 2429 1863 2486 sunt,
1893 2436 2116 2498 quaeque

541 2521 594 2590 in
616 2533 814 2589 genere
843 2532 962 2587 suo.
984 2518 1098 2571 Non
1125 2514 1270 2584 enim
1300 2513 1504 2577 diceret
1526 2512 1664 2566 Deus
1690 2530 1702 2583 ξ
1729 2511 1908 2567 Solem
1930 2510 2115 2577 dilexi,

547 2611 725 2682 lunam
757 2618 932 2664 autem
960 2607 1084 2661 odio
1109 2606 1301 2669 habui;
1337 2613 1429 2658 aut
1450 2620 1463 2657 :
1488 2604 1691 2657 Lunam
1724 2602 1907 2669 dilexi,
1936 2600 2117 2655 stellas

542 2712 721 2757 autem
754 2700 878 2755 odio
920 2699 1083 2754 habui
1110 2715 1123 2753 :
1155 2698 1296 2752 sicut
1335 2697 1469 2751 dixit
1497 2712 1511 2749 :
1542 2694 1708 2750 Jacob
1738 2693 1899 2766 dilexi
1929 2734 1946 2760 ,
1976 2693 2118 2764 Esau

541 2808 717 2865 autem
741 2792 864 2847 odio
896 2791 1072 2861 habui,
1129 2790 1235 2845 Sed
1266 2788 1356 2859 illa
1386 2787 1565 2843 omnia
1618 2786 1848 2851 dilexit,
1876 2784 2118 2854 quamvis

542 2886 879 2943 excellentia:
925 2882 1153 2937 diversis
1207 2880 1460 2950 gradibus
1505 2877 1749 2933 ordinata
1796 2894 1808 2928 :
1865 2876 2117 2948 quoniam

544 2977 676 3045 vidit
710 2977 852 3043 Deus
874 2975 997 3044 quia
1024 2974 1163 3042 bona
1193 2982 1336 3038 sunt,
1361 2985 1482 3025 cum
1513 2970 1655 3023 dicto
1695 2967 1811 3037 ejus
1833 2969 1940 3037 sint
1970 2968 2121 3024 iusti.-

547 3077 679 3128 tuta,
709 3066 775 3122 Ut
800 3075 975 3119 autem
1007 3063 1231 3119 odisset
1257 3065 1419 3134 Esau,
1451 3060 1555 3115 nisi
1595 3060 1874 3137 iniustitia:
1904 3059 2118 3127 merito,

2216 1881 2499 1950 Quomodo
2525 1879 2666 1936 enim
2697 1880 2917 1936 credent
2947 1879 2995 1934 ei
3021 1895 3180 1948 quem
3214 1895 3316 1933 nou
3355 1880 3678 1934 audierunt?
3701 1888 3784 1936 aul

2216 1972 2484 2043 quomodo
2544 1971 2761 2025 audient
2811 1973 2928 2025 siue
2981 1971 3346 2039 praedicante?
3386 1972 3557 2027 Nemo
3607 1972 3779 2040 itaque

2217 2064 2387 2129 credit
2419 2077 2521 2115 non
2552 2072 2769 2115 vocatus
2794 2102 2811 2127 ,
2844 2061 2937 2115 sed
2977 2077 3080 2115 non
3112 2062 3287 2115 omnis
3322 2062 3494 2116 credit
3523 2072 3775 2127 vocatus;

2218 2156 2368 2218 multi
2396 2155 2538 2213 enirn
2561 2163 2685 2206 sunt
2715 2154 2910 2221 vocati,
2954 2153 3105 2217 pauci
3131 2162 3306 2206 autem
3353 2153 3534 2207 electi.
3595 2153 3779 2223 Utique

2221 2246 2254 2306 ii
2281 2246 2371 2315 qui
2422 2254 2705 2305 vocantem
2750 2258 2857 2305 non
2902 2251 3357 2322 cmitempserunt,
3389 2244 3482 2297 sed
3514 2244 3776 2298 credendo

2219 2336 2391 2397 seculi
2426 2346 2571 2403 sunt,
2599 2336 2842 2391 volentes
2882 2347 3059 2392 autem
3086 2335 3202 2390 sine
3226 2336 3391 2390 dubio
3418 2336 3773 2392 crediderunt.

2220 2432 2356 2499 Quid
2395 2446 2523 2501 ergo
2567 2430 2710 2499 quod
2756 2430 3037 2497 sequitur?
3087 2428 3378 2498 lgiturnon
3410 2430 3667 2495 volentis,
3696 2446 3777 2485 ne-

2221 2539 2325 2593 que
2362 2521 2649 2587 currentis,
2678 2521 2772 2576 sed
2811 2520 3114 2575 miserearis
3138 2531 3222 2575 est
3253 2521 3368 2575 Dei.
3410 2522 3492 2575 An
3522 2522 3649 2591 quia
3693 2504 3781 2576 nec

2220 2614 2358 2687 velle
2386 2627 2688 2683 prrssumus,
2718 2611 2819 2666 nisi
2868 2612 3074 2665 vocati:
3101 2622 3153 2664 et
3182 2611 3313 2665 nihil
3359 2612 3502 2665 valet
3533 2612 3673 2668 velle
3698 2628 3783 2667 no.

2221 2716 2413 2771 strum,
2461 2703 2563 2759 nisi
2613 2712 2671 2757 ut
2717 2702 3055 2773 perﬁciamus
3100 2702 3316 2770 adjuvet
3347 2698 3690 2773 Deus?0pus
3714 2712 3788 2758 εει

2223 2811 2354 2867 ergo
2381 2797 2521 2859 velle
2543 2809 2782 2857 currere.
2818 2794 2932 2849 Non
2955 2794 3098 2848 enim
3149 2794 3344 2848 frustra
3391 2794 3697 2849 diceretur:
3735 2795 3784 2848 In

2227 2899 2367 2951 terra
2397 2904 2499 2957 pax
2553 2885 2859 2942 hominibus
2887 2886 3039 2940 bona:
3060 2886 3371 2940 voluntatis.
3399 2886 3497 2941 Et:
3536 2888 3629 2943 Sic
3677 2903 3788 2943 cur,

2226 2978 2354 3044 rite,
2402 2985 2457 3031 ut
2507 2976 3000 3046 comprelrendatis.
3060 2976 3178 3041 Non
3213 2985 3393 3034 tamen
3420 2979 3669 3043 volentis,
3704 2995 3790 3034 ne-

2226 3082 2331 3135 que
2352 3068 2639 3135 currentis,
2689 3066 2783 3122 sed
2822 3067 3131 3123 miserentis
3179 3077 3262 3122 est
3312 3068 3431 3134 Dei,
3464 3078 3523 3122 ut
3565 3077 3622 3124 et
3658 3070 3787 3138 quod

543 3159 796 3227 iniustum
823 3166 925 3212 est.
953 3155 1107 3223 Quod
1137 3154 1182 3208 si
1211 3151 1576 3217 concedimus,
1616 3151 1804 3224 incipit
1856 3160 1912 3205 et
1955 3150 2120 3205 Jacob
2150 3169 2196 3231 ο
2232 3159 2477 3213 volumus
2506 3157 2887 3227 adipiscamur,
2917 3168 2971 3212 et
2996 3174 3103 3227 quo
3134 3159 3377 3214 volumus
3405 3160 3786 3228 perveniamus.

540 3251 763 3321 iustitiae
787 3250 978 3305 merito
1008 3248 1176 3318 diligi.
1208 3244 1361 3313 Quod
1390 3245 1434 3300 si
1464 3259 1647 3300 verum
1671 3252 1772 3310 est,
1804 3242 1995 3299 falsum
2041 3253 2125 3299 εει

544 3344 684 3413 quod
736 3359 841 3398 non
889 3360 956 3397 ex
1015 3341 1291 3409 Operibus.
1326 3343 1403 3394 An
1452 3338 1588 3394 forte
1616 3354 1681 3394 ex
1729 3337 1935 3406 justitia
1964 3336 2124 3392 ﬁdei?

545 3436 681 3504 Quid
710 3450 839 3505 ergo
871 3446 921 3490 ιε
960 3433 1204 3503 adjuvat,
1233 3431 1366 3485 Cum
1414 3428 1556 3484 enim
1588 3426 1823 3483 nondum
1855 3427 1965 3481 nati
1992 3425 2124 3482 fuis-

544 3528 711 3582 sent?
740 3523 1169 3595 quandoquidem
1200 3522 1253 3574 in
1287 3519 1522 3574 nondum
1558 3525 1684 3571 nato
1707 3530 1806 3570 nec
1831 3515 2032 3585 ju:titia
2063 3514 2125 3568 ﬁ-

553 3618 639 3682 dei
697 3624 907 3685 poterat
935 3629 1077 3667 esse.
1135 3611 1274 3665 Vidit
1324 3612 1503 3678 itaque
1564 3607 1848 3677 Apostolus
1896 3606 2022 3676 quid
2060 3622 2127 3661 ex

548 3708 633 3777 his
679 3705 859 3759 verbis
885 3704 1053 3772 possit
1081 3703 1261 3755 animo
1287 3701 1552 3754 audientis
1583 3700 1663 3755 vel
1687 3697 1909 3768 legentis
1936 3714 2127 3753 occur-

552 3809 692 3857 rere,
727 3794 1013 3862 statimque
1042 3791 1271 3859 subjecit
1299 3804 1315 3845 :
1356 3788 1491 3855 Quid
1523 3803 1650 3857 ergo
1676 3788 1951 3843 dicemus?
1984 3788 2130 3843 Nun-

550 3886 680 3972 quid
704 3876 955 3954 iniquitas
979 3890 1063 3937 cst
1083 3883 1221 3949 arud
1242 3882 1448 3937 Deum?
1475 3882 1645 3937 Absit.
1672 3880 1737 3934 Et
1759 3881 1908 3951 quasi
1930 3882 2127 3937 docens

554 3977 826 4047 quomodo
852 3976 992 4030 absit
1018 3993 1029 4030 :
1068 3973 1235 4045 Moysi
1265 3976 1406 4029 enim
1433 3973 1582 4040 dicit,
1617 3974 1813 4042 inquit:
1838 3973 2131 4029 Miserebor

550 4071 636 4142 cui
664 4073 913 4125 misertus
938 4084 1052 4133 ero,
1086 4079 1141 4123 et
1163 4068 1585 4123 misericordiam
1615 4066 1882 4136 praestabo
1908 4067 1995 4121 cui
2025 4066 2129 4122 ml-

551 4160 785 4216 sericors
815 4160 868 4215 fu
904 4178 985 4217 ro.
1026 4160 1224 4225 Quibus
1256 4159 1431 4213 verbis
1478 4158 1638 4213 solvit
1657 4159 2032 4227 quaestionem,
2061 4173 2129 4212 an

552 4253 728 4321 potius
758 4255 960 4307 arctius
1018 4248 1333 4320 (-olligav;t‘l
1388 4249 1620 4318 ldipsnm
1664 4248 1807 4304 enim
1834 4258 1915 4303 est
1940 4288 1955 4315 ,
1988 4248 2128 4317 quod

551 4330 785 4411 maxime
831 4353 1048 4399 movet:
1096 4344 1141 4398 si
1172 4345 1458 4397 m’seretur
1488 4341 1572 4396 cui
1622 4341 1874 4403 misertus
1921 4339 2045 4404 erit,
2076 4347 2132 4405 et

554 4436 973 4497 miscrieordiam
1022 4435 1297 4515 praestabit
1334 4434 1419 4487 cui
1467 4431 1774 4487 misericors
1814 4431 2002 4496 fuerit,
2036 4445 2129 4483 cur

2229 3248 2407 3303 Noluit
2430 3263 2556 3318 ergo
2579 3248 2739 3315 Esau,
2774 3255 2831 3303 et
2866 3264 2971 3303 non
3000 3249 3235 3304 cucurrit
3263 3266 3278 3316 ;
3329 3249 3423 3304 sed
3456 3260 3511 3303 et
3533 3250 3581 3304 si
3612 3252 3789 3306 voluis

2228 3348 2333 3409 set,
2356 3348 2409 3394 et
2437 3338 2788 3406 cucurrisset,
2823 3338 2918 3393 Dei
2956 3339 3224 3408 adjutorio
3255 3341 3612 3409 pervenisset,
3636 3342 3722 3411 qui
3745 3342 3790 3396 ei

2228 3433 2388 3485 etiam
2418 3431 2553 3485 velle
2583 3440 2636 3485 ει
2664 3444 2880 3486 currere
2908 3430 3149 3485 vocando
3177 3439 3479 3500 praestaret,
3510 3432 3618 3486 nisi
3644 3448 3791 3488 voca-

2230 3524 2373 3578 tione
2419 3532 2725 3589 contempta
2783 3521 3047 3593 reprobus
3093 3523 3266 3579 ﬁeret.
3294 3524 3466 3579 Aliter
3493 3525 3639 3579 enim
3668 3525 3794 3579 Deus

2231 3621 2447 3684 praestat
2471 3624 2527 3668 ut
2558 3614 2776 3668 velimus
2804 3629 2817 3665 :
2850 3613 3001 3667 aliter
3030 3622 3246 3683 praestat
3292 3615 3429 3683 quod
3453 3614 3793 3687 volucrium.

2232 3704 2299 3759 Ut
2337 3704 2561 3759 velimus
2587 3705 2757 3771 enim,
2796 3713 2850 3758 et
2872 3718 3027 3758 suum
3056 3719 3175 3759 esse
3214 3705 3383 3759 voluit
3425 3714 3482 3760 et
3524 3717 3791 3761 nostrum:

2229 3812 2383 3851 suum
2424 3796 2688 3863 vocando,
2716 3804 2956 3849 nostrum
2980 3796 3273 3865 sequendo.
3305 3796 3459 3862 Quod
3501 3806 3680 3852 autem
3713 3810 3798 3851 vo-

2228 3889 2502 3953 luerimus,
2534 3888 2678 3943 solus
2706 3896 2925 3956 praestat
2949 3905 2963 3942 :
2995 3888 3048 3945 id
3074 3898 3177 3951 est,
3205 3903 3361 3956 posse
3383 3888 3521 3943 bene
3550 3903 3729 3958 agere,
3750 3897 3799 3942 et

2228 3994 2440 4050 semper
2469 3980 2620 4035 beate
2647 3979 2846 4032 vivere.
2880 3979 3254 4038 Verumtamen
3281 3978 3417 4039 Esau
3441 3979 3679 4035 nondum
3708 3996 3792 4034 na-

2232 4079 2338 4137 tus,
2371 4070 2502 4124 nihil
2547 4071 2734 4123 horum
2767 4068 2937 4137 possit
2963 4069 3118 4131 velle,
3171 4085 3266 4131 seu
3322 4070 3486 4130 nolle.
3538 4070 3647 4126 Cur
3681 4088 3799 4140 ergo

2231 4163 2282 4217 in
2315 4172 2467 4217 utero
2506 4161 2707 4231 positus
2756 4160 3085 4230 improbatus
3123 4161 3253 4217 est?
3296 4160 3525 4221 Reditur
3571 4165 3713 4217 enim
3737 4164 3797 4217 ad

2232 4257 2350 4319 illas
2390 4254 2764 4317 difﬁcultates,
2827 4268 2933 4306 non
2980 4253 3151 4305 solum
3193 4268 3289 4315 sua
3337 4254 3682 4315 obscuritate,
3713 4254 3798 4309 sed

2231 4352 2389 4403 etiam
2422 4354 2603 4410 nostra
2642 4344 2751 4414 jam
2784 4344 2947 4397 rrrulta
2974 4343 3292 4411 repetitione
3317 4344 3675 4399 rnolesriores.
3702 4344 3798 4405 Cur

2235 4439 2375 4493 enim
2406 4439 2541 4491 Esau
2568 4436 2882 4508 reprobatus
2910 4433 3240 4490 estnondum
3267 4443 3440 4499 tratus,
3471 4436 3562 4503 qui
3582 4450 3678 4489 nec
3692 4450 3801 4490 cre-

553 4530 669 4583 Ιιεε
710 4528 1069 4591 ιηὶεθΐίοτάίτι
1117 4528 1288 4583 defui!
1339 4526 1477 4581 E53“
1510 4568 1526 4592 ο
1588 4538 1645 4580 Ill
1685 4525 1847 4580 ﬁliam
1904 4539 1999 4593 Per
2053 4522 2118 4576 Η·
2158 4536 2209 4597 D
2234 4533 2359 4599 dere
2392 4538 2598 4601 poterat
2652 4527 2888 4593 vocmti,
2939 4541 3036 4580 nec
3067 4533 3416 4589 contemnere
3448 4525 3801 4587 vocationem,

556 4617 661 4671 lanr
719 4618 887 4670 bonus
916 4626 1097 4682 esset,
1146 4617 1591 4686 quemadmodum
1615 4630 1709 4689 per
1759 4615 1904 4668 illam
1960 4614 2131 4683 bonus

558 4708 726 4764 lactus
773 4717 854 4762 ett
888 4706 1092 4762 Jacob?
1140 4711 1222 4763 An
1271 4708 1390 4762 ideo
1439 4708 1638 4761 dictum
1674 4716 1753 4761 est
1793 4725 1804 4758 :
1844 4706 2133 4773 Miserebor

557 4799 640 4855 cui
668 4800 918 4854 misertus
965 4814 1101 4864 ero,
1160 4807 1214 4852 et
1261 4798 1683 4856 misericordiam
1737 4798 2001 4867 praestabo
2046 4798 2132 4869 cui

557 4891 861 4946 misericors
903 4890 1070 4957 luero,
1104 4890 1227 4960 quia
1250 4890 1332 4943 cui
1365 4890 1613 4943 misertus
1643 4898 1725 4944 est
1749 4888 1911 4956 Deus,
1933 4898 1988 4942 ut
2009 4906 2131 4944 eum

556 4993 734 5047 vocet,
761 4981 1103 5037 miserebitur
1133 4980 1249 5050 ejus
1290 4990 1346 5035 ut
1372 4981 1587 5048 credat;
1627 4988 1683 5036 et
1708 4981 1793 5035 cui
1825 4982 2132 5036 misericors

556 5076 715 5130 luerit
746 5084 803 5127 ut
850 5074 1051 5139 credat,
1089 5073 1508 5132 nri-ericordiam
1563 5073 1858 5142 praestabit,
1888 5075 1988 5126 hoc
2013 5084 2093 5126 est
2115 5114 2129 5136 ,

555 5166 714 5220 faciet
757 5180 876 5219 eum
928 5164 1352 5230 misericordem,
1380 5174 1434 5219 ut
1474 5164 1635 5219 etiam
1670 5164 1810 5221 bene
1838 5162 2135 5233 operetur!

559 5259 710 5314 Unde
748 5258 1102 5313 admonemur
1141 5272 1240 5312 nec
1282 5258 1411 5325 ipsis
1459 5257 1711 5323 Operibus
1755 5256 2134 5323 misericordiae

555 5362 875 5418 quemquam
923 5357 1174 5418 Oportere
1232 5347 1450 5417 gloriari
1500 5354 1555 5401 et
1600 5345 1807 5409 extolli,
1863 5344 2007 5414 quod
2056 5345 2134 5398 cis

526 5482 529 5489 .
557 5443 704 5501 κυιιεί
731 5442 845 5495 suis
870 5442 1034 5497 Deum
1063 5442 1419 5510 promeruerit
1445 5457 1455 5492 :
1490 5437 1924 5508 quandoquidem
1949 5447 2005 5489 ut
2035 5438 2132 5489 ha-

562 5531 713 5587 beret
742 5533 913 5593 ipsam
945 5531 1391 5594 misericordiam,
1435 5530 1525 5586 ille
1556 5529 1822 5598 przestitit,
1852 5528 1942 5597 qui
1974 5527 2134 5582 rnise'

559 5624 848 5678 ricordiam
880 5623 1159 5694 praestabit
1204 5624 1290 5678 cui
1339 5622 1648 5677 misericors
1693 5618 1875 5674 fuerit.
1907 5619 2055 5685 Quod
2089 5619 2132 5673 si

556 5729 674 5771 eam
700 5715 967 5788 credendo
996 5732 1053 5775 se
1084 5717 1349 5775 meruisse
1374 5716 1495 5787 quis
1537 5714 1723 5786 jactat,
1769 5714 1977 5782 noverit
2010 5728 2130 5775 eum

2239 4638 2336 4677 nec
2359 4621 2487 4688 boui
2511 4619 2596 4673 vel
2630 4618 2753 4681 mali
2781 4616 2977 4688 aliquid
3008 4617 3255 4685 operari?
3282 4616 3336 4675 Si
3364 4618 3703 4686 prmscientia
3731 4617 3804 4670 lu-

2238 4722 2370 4766 tum
2392 4710 2545 4771 mala:
2559 4708 2845 4777 voluntatis
2868 4708 3007 4781 ejus,
3027 4722 3124 4774 cur
3149 4723 3252 4761 non
3269 4716 3319 4763 et
3345 4707 3510 4769 Jacob
3524 4708 3805 4777 pra-scisne

2236 4803 2309 4855 tia
2335 4802 2427 4855 Dei
2475 4801 2798 4874 approbatus
2825 4810 2905 4854 est
2941 4801 3129 4863 futurae
3160 4800 3311 4856 bona:
3341 4799 3630 4854 voluntatis
3656 4799 3805 4868 ejus?

2237 4891 2385 4975 Quod
2419 4890 2461 4944 ei
2505 4890 2674 4945 semel
2717 4892 3048 4949 concesseris
3097 4890 3335 4958 potuisse
3377 4905 3699 4959 quemquam
3730 4888 3805 4943 vel

2236 4986 2518 5054 approbari
2549 4987 2629 5039 vel
2664 4985 2948 5053 iruprobari
2981 5000 3045 5040 ex
3073 4998 3139 5039 eo
3165 4984 3307 5053 quod
3339 4984 3575 5039 nondum
3627 4986 3679 5039 in
3719 4987 3804 5039 illo

2236 5088 2370 5145 erat,
2397 5080 2488 5131 sed
2514 5079 2633 5147 quia
2661 5078 2799 5132 Deus
2823 5080 3053 5132 l'utururn
3078 5094 3201 5133 esse
3226 5079 3540 5143 prtesciebat
3566 5080 3810 5134 :convin-

2235 5172 2370 5225 citur
2400 5170 2540 5223 enim
2568 5171 2802 5238 p0tuisse
2819 5172 2976 5223 etiam
2997 5185 3062 5224 ex
3086 5171 3339 5238 operibus
3359 5172 3673 5240 approbari,
3690 5186 3806 5240 qua

2238 5264 2289 5325 in
2315 5264 2400 5317 illo
2431 5262 2573 5317 Dcus
2605 5262 2778 5317 futura
2802 5277 2921 5317 esse
2947 5262 3282 5330 praesciebat,
3307 5266 3551 5333 quamvis
3575 5265 3805 5318 nondum

2238 5364 2381 5425 esset
2408 5354 2605 5423 aliquid
2638 5362 2918 5431 operatus;
2954 5362 3008 5407 et
3033 5354 3252 5409 cumino
3281 5366 3332 5409 te
3356 5353 3487 5411 nihil
3514 5353 3805 5425 adjuvabit,

2238 5447 2377 5517 quod
2412 5445 2644 5499 nondum
2686 5446 2793 5497 nati
2839 5453 3011 5509 erant,
3064 5459 3185 5498 cum
3212 5446 3412 5514 dictum
3441 5455 3587 5499 esset
3611 5465 3625 5499 :
3648 5446 3808 5513 Major

2238 5536 2435 5608 serviet
2458 5535 2681 5588 minori:
2716 5543 2774 5587 ut
2798 5535 2885 5589 hic
2911 5535 3165 5588 ostendas
3186 5536 3389 5600 dictqu
3413 5551 3519 5590 non
3547 5551 3613 5590 ex
3637 5535 3806 5603 operi-

2239 5630 2360 5698 bus,
2384 5628 2506 5697 quia
2530 5627 2765 5681 nondnm
2788 5629 3067 5697 quisquam
3092 5637 3206 5682 erat
3230 5638 3505 5698 operatus.
3531 5631 3625 5684 illa
3651 5631 3805 5685 etiam

2241 5720 2403 5789 verba
2430 5718 2478 5776 si
2511 5717 2798 5796 diligenter
2824 5718 3089 5789 attendas,
3119 5719 3276 5789 igitur
3304 5736 3411 5787 non
3439 5720 3689 5789 volentis,
3713 5736 3802 5781 ne-
