4004 6354
175 302 284 361 NII

1037 278 1102 359 ιιι
1136 298 1514 358 EPISTULAM
1556 300 1646 356 an
1685 293 2012 356 annuos
2050 300 2568 359 COMMENTARIA.

3333 309 3440 366 £82

171 443 285 493 que
315 421 602 489 ettrrentis,
626 420 719 476 Sed
753 421 1052 476 miserantis
1080 430 1165 476 est
1195 422 1285 476 Dei
1317 439 1330 474 :
1366 435 1471 474 non
1494 419 1596 473 hoc
1618 418 1757 487 Apo-
1788 412 1836 471 A
1864 426 2223 483 congruenter
2255 419 2425 472 vocati
2457 438 2467 471 :
2497 420 2571 473 illi
2591 426 2768 474 autem
2784 420 2871 488 qui
2903 436 3008 474 non
3040 426 3436 494 congruebant,

169 518 348 571 s'oitts
371 524 649 584 propterea
665 522 867 566 tantum
887 511 1087 567 dixisse
1102 511 1367 567 videbitur
1397 509 1536 578 quod
1552 510 1758 579 adjuto-

172 611 263 662 rio
290 608 380 662 Dei
402 606 467 659 ad
491 605 539 659 id
572 604 710 673 quod
729 604 971 657 volumus
996 604 1339 670 pervenimus
1364 600 1490 655 :sed
1513 602 1672 654 etiam
1691 615 1756 654 ex

170 699 268 752 illa
288 691 597 751 "iutenlione
640 711 742 765 qua
775 694 951 749 etalio
980 695 1097 747 loco
1129 693 1288 747 dicit:
1318 692 1450 745 Cum
1482 692 1674 745 timore
1703 690 1785 744 et'

172 795 417 845 tremore
444 796 676 841 vestram
708 786 941 853 ipsorum
986 783 1214 836 salutent
1243 780 1564 847 operamini.
1617 780 1755 834 Deus

171 880 419 935 cstenim
442 878 533 946 qui
564 884 818 945 cperatur
845 876 896 927 in
926 873 1079 927 vobis
1106 883 1160 927 et
1186 873 1324 928 velle
1344 879 1399 927 et
1425 871 1637 941 operari
1662 885 1757 938 pro

172 971 323 1024 bona
351 969 643 1022 voluntate.
690 965 786 1020 Ubi
818 966 948 1019 satis
989 964 1246 1029 ostendit,
1278 964 1440 1018 etiam
1469 966 1638 1032 ipsam
1663 963 1760 1018 bo-

172 1074 306 1115 nam
335 1060 662 1112 voluntatem
708 1056 759 1110 iu
789 1056 945 1110 nobis
989 1066 1247 1123 operante
1303 1056 1413 1109 Deo
1459 1054 1596 1109 fieri.
1624 1054 1755 1108 Nam

171 1154 221 1205 si
242 1160 533 1219 propterea
564 1150 733 1203 solum
772 1149 968 1202 dictum
1004 1156 1123 1202 est:
1158 1147 1272 1201 Non
1303 1148 1536 1203 volentis
1587 1162 1759 1215 neque

171 1242 466 1307 currentis,
482 1241 584 1295 sed
611 1240 917 1294 miserentis
941 1250 1022 1293 est
1056 1238 1149 1292 Dei
1176 1280 1192 1305 ,
1241 1238 1362 1308 quia
1389 1240 1632 1293 voluntas
1664 1239 1771 1294 ho"

176 1332 343 1385 minis
368 1333 483 1385 sola
501 1345 611 1384 non
636 1330 828 1384 suﬂicit
848 1338 905 1383 ut
922 1340 1068 1383 recte
1091 1327 1342 1398 justeque
1370 1329 1628 1395 vivamus,
1656 1329 1758 1384 nisi

175 1425 498 1493 adjuvemur
527 1423 898 1478 misericordia
923 1422 1017 1477 Dei
1044 1440 1056 1474 :
1084 1430 1263 1490 potest
1284 1430 1338 1476 et
1365 1424 1466 1476 hoc
1486 1421 1644 1476 modo
1674 1423 1773 1476 di-t

174 1516 228 1568 ci
258 1532 273 1566 :
304 1514 467 1582 Igitur
496 1527 601 1567 non
649 1512 958 1567 miserentis
986 1521 1064 1565 est
1104 1510 1218 1577 Dei,
1267 1509 1362 1564 sed
1413 1510 1642 1564 volentis
1679 1519 1763 1564 est

178 1604 448 1658 hominis:
477 1604 600 1672 quia
629 1601 995 1657 misericordia
1024 1601 1115 1655 Dei
1138 1600 1250 1655 sola
1281 1616 1386 1655 non
1410 1599 1626 1667 sufficit,
1656 1600 1762 1654 nisi

176 1704 480 1751 censensus
510 1706 707 1751 nostra:
730 1695 1017 1750 voluntatis
1044 1695 1293 1749 addatur;
1326 1695 1394 1749 At
1424 1695 1552 1749 illud
1588 1697 1760 1749 mani-

1863 520 2037 575 neque
2085 511 2851 579 (obtemperabantvocatioui
2905 529 3009 567 non
3063 516 3260 579 electi,
3317 521 3437 584 quia

1862 609 1968 649 non
2016 598 2207 662 secuti,
2239 601 2486 666 quamvis
2524 602 2717 656 vocati.
2768 603 2895 657 item
2930 620 3114 660 verum
3162 614 3245 659 cst
3278 625 3290 659 :
3322 608 3436 661 Non

1860 684 2087 737 volentis
2111 700 2282 753 neque
2315 689 2603 756 currentis,
2628 688 2723 743 scd
2752 693 3053 747 miserentis
3076 704 3158 748 est
3190 695 3280 750 Dei
3308 712 3321 748 :
3348 696 3437 764 qui

1861 771 2071 827 etiamsi
2103 776 2298 829 multos
2322 787 2496 842 vocet,
2540 794 2726 834 eorum
2758 790 2934 837 tamen
2982 785 3268 840 miseretur
3300 801 3437 855 quos

1864 863 1936 917 ita
1964 872 2140 928 vocat,
2165 868 2434 934 quomodo
2458 873 2637 924 vocari
2682 881 2863 939 aptmn
2904 885 2985 929 est
3016 886 3072 930 nt
3121 888 3457 946 sequantur-

1865 953 2077 1008 Falsum
2110 966 2191 1008 est
2221 965 2398 1011 autem
2424 958 2469 1012 si
2497 960 2617 1028 quis
2639 961 2767 1015 dicit
2793 980 2805 1016 :
2830 964 2990 1030 igitur
3012 980 3115 1019 non
3139 967 3439 1023 miserentis

1864 1045 1981 1109 Dei,
2010 1046 2103 1099 sed
2132 1047 2360 1102 volentis
2387 1058 2543 1118 atque
2569 1055 2838 1107 currentis
2880 1065 2963 1109 est
3015 1057 3278 1113 hominis:
3311 1059 3434 1124 quia

1863 1138 2058 1191 nullius
2085 1139 2222 1193 Deus
2257 1141 2449 1195 frustra
2484 1143 2786 1199 miseretur.
2837 1146 3001 1216 Cujus
3046 1158 3223 1204 autem
3272 1152 3435 1205 mise-

1862 1236 2034 1291 retur,
2067 1229 2147 1282 sic
2168 1244 2289 1283 eum
2316 1241 2473 1285 vocat
2514 1234 2783 1299 quomodo
2815 1238 2914 1293 scit
2943 1240 2989 1293 ei
3018 1254 3332 1309 congruere,
3377 1252 3434 1297 ut

1860 1327 2145 1374 vocantem
2189 1334 2292 1375 neu
2350 1332 2585 1391 respuat.
2619 1325 2714 1379 Hic
2738 1326 2869 1381 dicit
2899 1330 3132 1396 aliquis:
3164 1334 3438 1405 Curergo

1864 1408 2003 1462 Esau
2034 1426 2138 1463 non
2154 1413 2245 1465 sic
2273 1421 2359 1466 est
2399 1422 2642 1481 vocatus,
2704 1426 2761 1469 ut
2809 1417 2939 1471 velit
2985 1420 3247 1475 obedire?
3280 1423 3439 1478 Vide-

1863 1514 1980 1551 mus
2007 1500 2146 1554 enim
2177 1501 2310 1555 alios
2332 1502 2489 1558 aliter
2505 1504 2694 1559 iisdem
2735 1508 2894 1562 rebus
2940 1508 3319 1567 demonstratis
3356 1514 3439 1567 vel

1864 1590 2195 1657 signiﬁcatis,
2238 1592 2305 1646 ad
2364 1594 2690 1650 credendum
2730 1600 2971 1654 moveri:
3002 1602 3159 1667 sicut,
3205 1606 3439 1674 exempli

1864 1678 2055 1747 gratia,
2099 1680 2317 1737 Simeon
2350 1683 2405 1737 in
2455 1684 2738 1741 Dominum
2790 1698 3033 1743 nostrum
3061 1690 3244 1745 Jesuni
3278 1690 3438 1746 Ch‘ris

170 1777 380 1863 festum
408 1798 513 1855 εει,
544 1790 745 1843 frustra
779 1803 877 1843 nos
908 1787 1067 1851 velle,
1105 1787 1203 1841 nisi
1234 1786 1372 1841 Deus
1420 1786 1755 1842 misereatur.

1872 1778 2002 1824 stum
2046 1771 2219 1827 adhuc
2250 1772 2504 1829 infantem
2535 1778 2811 1846 parvulum
2861 1781 3112 1847 credidit,
3150 1782 3351 1852 Spiritu
3384 1785 3435 1839 ei

172 1877 316 1933 Illud
345 1888 525 1933 autem
558 1879 742 1934 nescio
779 1875 1050 1945 quomodo
1080 1875 1309 1939 dicatur,-
1360 1874 1552 1929 frustra
1595 1875 1760 1930 Deum

174 1969 451 2035 misereri,
478 1969 579 2023 nisi
604 1983 701 2023 nos
728 1967 977 2021 velimus.
1012 1966 1070 2021 Si
1092 1965 1233 2020 enim
1274 1965 1412 2019 Deus
1440 1966 1756 2033 miseretur,

173 2061 348 2115 etiam
390 2063 675 2127 volumus;
709 2060 775 2115 ad
813 2060 1061 2115 eamdem
1110 2060 1305 2129 quippe
1337 2058 1779 2121 misericordiam-

177 2149 440 2216 p'ertinet,
472 2150 790 2205 utvelimus.
836 2150 972 2204 Deus
997 2158 1079 2205 est
1120 2150 1263 2205 enim
1303 2149 1393 2218 qui
1434 2160 1689 2220 operatur
1709 2151 1763 2205 in

184 2238 351 2291 nobis
373 2248 428 2293 et
450 2239 587 2294 velle
613 2250 668 2295 et
686 2243 895 2311 operari
934 2256 1030 2309 pro
1062 2240 1200 2295 bona
1232 2240 1525 2295 voluntate.
1556 2241 1687 2294 Nam
1719 2241 1765 2296 si

177 2344 492 2397 queremus
513 2342 689 2386 utrum
719 2332 811 2386 Dei
840 2330 1041 2387 donum
1079 2331 1150 2386 sit
1187 2330 1433 2385 voluntas
1462 2330 1598 2385 bona
1619 2331 1768 2400 ,‘mi-

180 2434 306 2473 rum
328 2419 371 2473 si
418 2433 613 2491 negare
656 2421 940 2493 quisquam
987 2421 1201 2477 audeat.
1233 2422 1304 2479 At
1331 2422 1473 2476 enim
1505 2422 1627 2492 quia
1656 2436 1779 2478 non.

183 2509 441 2579 praecedit
460 2511 703 2566 voluntas
741 2512 880 2567 bona
923 2514 1288 2580 vocationem,
1319 2512 1415 2569 sed
1440 2514 1652 2569 vocatio
1670 2514 1768 2568 bo-

186 2614 314 2656 nam
326 2603 675 2671 voluntatem,
699 2613 984 2676 propterea
997 2619 1164 2661 vocan
1174 2606 1207 2660 ti
1228 2605 1337 2661 Deo
1352 2615 1497 2662 recte
1516 2606 1768 2662 tribuitur

188 2692 333 2761 quod
362 2692 499 2749 bene
540 2696 787 2751 volumus
825 2734 840 2749 .
870 2696 1025 2750 nobis
1076 2710 1208 2751 vero
1253 2696 1417 2752 tribui
1453 2712 1558 2752 non
1592 2705 1772 2767 potest

186 2785 332 2851 quod
383 2798 659 2841 vocamur.
708 2786 823 2841 Non
872 2788 1034 2857 igitur
1082 2787 1205 2843 ideo
1249 2788 1449 2843 dictum
1476 2788 1768 2857 putandum

191 2885 278 2929 est
308 2893 322 2929 :
359 2875 473 2933 Non
503 2877 748 2943 volentis,
782 2893 955 2947 neque
997 2879 1282 2943 currentis,
1329 2878 1424 2933 sed
1462 2878 1771 2935 miserentis

199 2976 285 3021 est
316 2967 416 3024 Dei
441 3007 459 3034 ,
488 2969 610 3038 quia
633 2970 732 3024 nisi
761 2969 880 3038 ejus
906 2969 1173 3038 adjutorio
1202 2984 1309 3025 non
1338 2985 1620 3039 possumus
1650 2971 1769 3025 adi-

196 3058 328 3128 pisci
358 3058 501 3129 quod
531 3060 775 3115 volumus
799 3077 813 3113 :
839 3060 936 3115 sed
965 3060 1085 3115 ideo
1110 3060 1305 3130 potius,
1363 3061 1485 3130 quia
1520 3061 1621 3116 nisi
1650 3061 1769 3130 ejus

1868 1860 2143 1917 rerelante
2179 1876 2533 1933 cognoscens.
2587 1866 2879 1923 Natbanael
2913 1872 2978 1924 ad
3026 1887 3182 1925 unam
3217 1877 3445 1928 sentcn-

1870 1950 1998 2004 tiam
2026 1967 2185 2022 quam
2233 1953 2301 2008 ab
2331 1954 2425 2009 illo
2446 1955 2647 2010 audivit
2680 1974 2697 2009 :
2727 1958 3040 2028 Priusquam
3078 1972 3136 2017 te
3168 1963 3445 2034 Philippus

1868 2049 2103 2106 vocaret,
2137 2056 2259 2097 cum
2303 2057 2453 2099 esses
2496 2045 2595 2099 sub
2640 2047 2834 2102 arbOre
2862 2048 2944 2103 fici
2966 2050 3082 2104 vidi
3114 2060 3188 2118 te,
3217 2067 3442 2121 respon-

1869 2129 1975 2184 dit:
2005 2131 2196 2199 Rabbi,
2227 2142 2280 2197 tu
2308 2149 2367 2190 es
2394 2134 2559 2190 Fi'ius
2581 2135 2699 2203 Dei,
2733 2146 2789 2192 tu
2822 2152 2884 2193 es
2927 2155 3020 2194 rex
3053 2142 3238 2196 Israel.
3287 2143 3439 2210 Quod

1874 2238 2021 2284 tanto
2052 2243 2174 2301 post
2200 2234 2322 2302 quia
2351 2235 2627 2291 confessus
2654 2245 2737 2292 est
2756 2239 2974 2304 Petrus,
3015 2244 3211 2297 meruit
3255 2246 3446 2300 audire

1871 2321 2013 2391 quod
2058 2322 2246 2378 beatus
2292 2324 2381 2390 sit,
2418 2334 2473 2380 et
2512 2327 2654 2396 quod
2692 2328 2741 2383 ei
2788 2331 3043 2386 darentur
3080 2334 3257 2389 claves
3297 2336 3447 2406 regni

1870 2418 2151 2474 calorum.
2206 2419 2460 2477 Miraculo
2502 2420 2642 2478 facto
2685 2423 2740 2480 in
2787 2425 2935 2481 Cana
2987 2428 3243 2501 Galiiate,
3291 2432 3437 2502 quod

1872 2508 2080 2566 initium
2102 2511 2376 2582 signorum
2408 2515 2741 2586 Evangeiista
2772 2530 3181 2588 commemorat,
3222 2538 3360 2594 aqua
3388 2526 3445 2581 in

1873 2602 2055 2656 vinum
2076 2616 2358 2671 conversa,
2387 2604 2731 2661 crediderunt
2782 2608 2837 2662 in
2879 2623 3001 2665 eum
3030 2610 3277 2681 discipuli
3306 2612 3443 2682 ejus.

1876 2694 2073 2750 Multos
2098 2695 2366 2768 loqqendo
2390 2697 2636 2753 invitavit
2666 2698 2731 2753 ad
2760 2687 2939 2769 ﬁdem,
2972 2703 3123 2757 multi
3153 2718 3251 2759 nec
3275 2704 3449 2761 susci-

1875 2786 1997 2841 tatis
2051 2791 2277 2845 mortuis
2315 2789 2678 2846 crediderunt:
2726 2780 2805 2847 De
2850 2808 3009 2849 cruce
3064 2802 3223 2865 atque
3277 2796 3450 2853 morte

1875 2876 1993 2946 ejus
2014 2879 2295 2933 conterriti
2324 2879 2483 2935 etiam
2511 2880 2757 2951 discipuli
2776 2881 3091 2950 titubarunt,
3110 2894 3162 2940 et
3180 2894 3354 2942 tamen
3380 2888 3451 2942 lae

1876 2977 1958 3023 tro
1988 2978 2112 3024 tunc
2141 2970 2390 3038 credidit,
2418 2985 2538 3027 cum
2580 2983 2707 3027 eum
2738 2988 2842 3027 non
2884 2977 3310 3042 praestantiorem
3364 2979 3446 3033 vi-

1875 3059 2025 3115 deret
2075 3059 2130 3115 in
2173 3063 2445 3130 opéribtts,
2502 3063 2598 3117 sed
2641 3064 2911 3119 consortio
2935 3069 3111 3121 crucis
3156 3070 3437 3138 :equaie‘m.

191 3153 473 3209 νοοειῑοηθ
494 3169 599 3209 non
623 3155 890 3209 volumus.
919 3153 1027 3210 Sed
1055 3155 1099 3209 si
1131 3155 1343 3210 vacatio
1371 3155 1470 3210 ista
1492 3156 1560 3210 ita
1590 3165 1673 3211 εει
1696 3156 1771 3211 cf.
1794 3140 1838 3193 Γ
1876 3148 2025 3203 Unus
2050 3149 2214 3204 etiam
2240 3149 2307 3205 de
2331 3165 2555 3207 numero
2575 3152 2955 3221 discipulorum
2984 3164 3103 3224 post
3126 3157 3242 3225 ejus
3271 3160 3449 3212 re'sur-

190 3244 383 3300 fectrix
404 3244 558 3300 bona:
586 3244 892 3309 voluntatis,
917 3252 976 3299 ut
998 3258 1115 3298 eam
1138 3243 1315 3298 omnis
1340 3253 1561 3299 vocatus
1582 3259 1770 3313 sequa-

190 3337 279 3390 tur
307 3364 324 3403 ,—
355 3335 621 3405 quomodo
653 3349 838 3390 verum
862 3334 993 3391 erit:
1012 3334 1158 3388 Multi
1188 3334 1383 3400 vocati,
1403 3334 1556 3404 pauci
1576 3334 1769 3390 electi?

190 3425 348 3493 Quod
376 3424 423 3480 si
439 3440 620 3481 verum
646 3434 749 3493 est,
768 3435 823 3480 et
846 3433 1237 3494 consequenter
1257 3425 1518 3481 vocationi
1547 3432 1772 3482 vocatus

190 3521 550 3586 obtemperat,
582 3527 740 3587 atque
766 3526 823 3571 ut
853 3530 958 3572 non
988 3518 1321 3589 obtemperet
1347 3520 1401 3574 in
1423 3518 1539 3589 ejus
1564 3528 1648 3575 est
1676 3535 1772 3591 po-

193 3610 361 3665 situm
392 3609 689 3675 voluntate,
719 3615 866 3664 recte
893 3608 1052 3664 etiam
1082 3609 1187 3664 dici
1229 3619 1444 3680 potest:
1472 3612 1635 3681 igitur
1662 3627 1769 3668 non

194 3702 503 3757 miserentis
517 3706 600 3756 est
618 3701 734 3768 Dei,
760 3701 855 3756 sed
886 3702 1116 3758 volentis
1136 3710 1294 3772 atque
1315 3704 1580 3758 currentis
1601 3703 1769 3759 homis

192 3796 315 3850 nis:
347 3795 467 3865 quia
499 3793 863 3850 misericordia
889 3794 1132 3850 vocantis
1160 3810 1267 3851 non
1295 3795 1515 3863 sufﬁcit,-
1546 3796 1649 3851 nisi
1677 3808 1773 3851 vos

189 3889 460 3943 cationem
473 3886 777 3943 obedientia
791 3896 1174 3958 consequatur.-
1206 3890 1289 3944 An
1303 3887 1439 3944 forte
1460 3888 1538 3944 illi
1563 3888 1654 3959 qui
1668 3889 1771 3944 hoc

190 3981 356 4037 modo
370 3983 541 4037 vocati
568 3998 675 4037 non
696 3983 937 4037 sentiunt
965 3982 1130 4054 [Alias
1151 3980 1540 4054 consentiunt].
1565 3983 1772 4051 possint

192 4073 303 4128 alio
332 4074 490 4128 modo
517 4074 693 4128 vocati
737 4073 1147 4128 accommodare
1172 4073 1293 4129 iidei
1323 4073 1685 4128 voluntatem:
1717 4082 1772 4129 et

193 4164 332 4220 illud
347 4180 528 4219 verum
553 4165 816 4220 sitzbiulti
846 4165 1206 4234 vocati,pauci
1224 4165 1422 4220 eiecti?
1447 4171 1505 4219 ut
1528 4166 1773 4235 quamvis

192 4256 346 4311 multi
378 4271 483 4311 uno
504 4256 663 4311 modo
690 4256 860 4311 vocati
901 4265 1046 4322 sunt,
1087 4265 1264 4310 tamen
1295 4254 1417 4323 quia
1448 4269 1554 4309 non
1583 4268 1771 4309 omnes

192 4360 303 4405 nuo
324 4347 482 4402 modo
505 4346 679 4402 aﬂecti
706 4358 851 4411 sunt,
867 4347 945 4400 illi
978 4347 1077 4401 soli
1100 4358 1392 4415 sequantur
1412 4346 1769 4412 vocationem,

194 4439 287 4508 qui
307 4439 355 4494 ei
384 4439 663 4507 capienda:
707 4438 1044 4505 reperiantur
1068 4435 1245 4490 idonei
1269 4455 1281 4488 :
1313 4446 1366 4491 et
1388 4436 1515 4490 illud
1539 4450 1645 4489 non
1668 4439 1770 4490 mi.

1872 3240 2188 3306 rectionem,
2222 3256 2325 3295 non
2357 3252 2463 3295 tam
2510 3242 2808 3297 viventibus
2858 3246 3134 3310 membris,-
3161 3252 3322 3314 qua’m
3355 3248 3446 3301 re-

1872 3329 2116 3385 centibus
2129 3330 2469 3385 cicatricibus
2486 3332 2731 3388 credidit.
2756 3332 2903 3388 Multi
2925 3349 2989 3388 ex
3003 3350 3186 3390 eorum
3206 3344 3449 3405 numero,

1872 3420 2119 3491 aquibus
2171 3420 2460 3476 cruciﬁxus
2527 3429 2638 3491 est,
2687 3424 2778 3493 qui
2825 3418 3064 3480 'vivente's
3118 3434 3239 3481 eum
3290 3430 3451 3483 mirae

1872 3514 1990 3568 cuia
2035 3513 2321 3569 facientem
2369 3523 2840 3583 contempserant,
2865 3515 3135 3585 discipulis
3165 3525 3287 3573 e'om
3319 3535 3453 3584 ιιι-ιιει

1872 3606 2202 3673 dicantibtts,
2236 3606 2372 3663 etin
2400 3607 2618 3662 nomine
2644 3606 2762 3676 ejus
2805 3608 2927 3663 talia
2975 3608 3286 3665 facientibus
3328 3624 3450 3664 cre-

1872 3697 2142 3753 diderunt.
2186 3695 2323 3753 Cum
2365 3708 2496 3769 ergo
2542 3697 2679 3754 alius
2707 3700 2785 3755 sic
2806 3744 2820 3770 ,
2850 3700 2983 3755 alios
3025 3710 3201 3757 autem
3232 3703 3309 3757 sic
3335 3708 3451 3757 mo-

1872 3800 2059 3844 veatur
2089 3789 2155 3844 ad
2213 3789 2408 3856 fidem,
2460 3789 2757 3860 eademque
2814 3800 2902 3847 res
2943 3798 3088 3863 stupe
3137 3794 3243 3847 aiio
3290 3795 3450 3848 modo

1871 3879 2012 3935 dicta
2042 3890 2278 3945 moveat,
2309 3882 2417 3937 alio
2458 3882 2618 3938 modo
2670 3882 2813 3938 dicta
2846 3898 2950 3938 non
2985 3894 3195 3938 moveut
3217 3926 3230 3949 ,
3260 3884 3449 3940 alium-

1870 3992 1974 4053 que
2001 3989 2235 4052 moveat,
2264 3983 2427 4038 alium
2459 3995 2565 4038 non
2599 3995 2832 4050 moveat,
2870 3985 2990 4054 quis
3030 3986 3222 4042 audeat
3265 3974 3455 4043 diccrd

1870 4074 2105 4130 defuisse
2158 4076 2271 4131 Deo
2315 4074 2533 4131 modum
2586 4076 2835 4141 vocandi,
2865 4094 2971 4145 quo
3014 4079 3177 4132 etiam
3212 4078 3351 4133 Esau
3380 4075 3450 4133 ad

1871 4182 1988 4221 eam
2023 4168 2181 4224 ﬁdem
2214 4178 2449 4225 mentem
2480 4168 2810 4237 applicaret,
2861 4170 3042 4223 volunt
3081 4180 3293 4239 temque
3324 4174 3453 4225 con~

1868 4257 2138 4327 jungeret,
2171 4258 2222 4311 iu
2254 4272 2358 4327 qua
2378 4258 2882 4325 Jacobjustiiicazus
2911 4258 3033 4311 est?
3059 4257 3207 4324 Quod
3234 4259 3277 4310 si
3308 4254 3451 4312 tanta

1873 4348 2043 4416 possit
2081 4361 2203 4401 esse
2248 4346 2541 4401 obstinatio
2590 4346 2899 4409 voluntatis,
2953 4356 3007 4398 ut
3047 4346 3233 4399 contra
3257 4351 3454 4400 omines

1876 4434 2065 4489 modos
2092 4434 2388 4488 vocationis
2412 4434 2732 4489 obduresca't
2763 4436 2955 4489 me‘ntis
2985 4436 3217 4501 aversio,
3252 4436 3450 4505 quatri-

198 4546 305 4585 nns
333 4544 516 4582 verum
542 4527 644 4582 sit:
674 4526 838 4596 igitur
865 4541 970 4581 non
993 4526 1246 4592 volentis,
1274 4541 1447 4594 neque
1488 4526 1769 4593 currentis,
1801 4508 1856 4567 Ι)
1881 4538 1965 4580 tur
1991 4536 2168 4581 utrum
2191 4525 2257 4580 de
2277 4524 2453 4580 divina
2478 4540 2633 4594 pteua
2664 4525 2731 4579 sit
2758 4525 2873 4595 ipsa
2902 4518 3120 4581 duritia.
3152 4527 3281 4583 Cum
3308 4528 3453 4583 enim

192 4619 292 4672 sed
322 4618 625 4672 miserentis
654 4627 737 4673 est
767 4618 862 4673 Dei
889 4634 905 4673 :
934 4620 1055 4687 quia
1090 4617 1191 4673 hoc
1234 4618 1394 4673 modo
1420 4620 1628 4674 vocavit
1664 4635 1771 4690 quo

194 4709 361 4764 modo
382 4718 561 4777 aptum
590 4718 706 4763 erat
733 4710 813 4764 eis
843 4709 931 4780 qui
963 4711 1131 4765 secuti
1161 4719 1285 4764 sunt
1308 4711 1662 4765 vocationem.
1692 4711 1771 4766 Ad

190 4804 334 4858 alios
361 4812 539 4857 autem
570 4802 779 4858 vocativo
817 4803 1030 4874 quidem
1056 4804 1301 4873 pervenit
1327 4822 1342 4857 :
1370 4803 1463 4859 sed
1497 4805 1618 4873 quia
1653 4804 1773 4860 talis

196 4895 314 4961 fuit,
343 4910 445 4966 qua
477 4896 677 4951 moveri
713 4911 819 4952 non
873 4905 1122 4966 possent,
1152 4912 1252 4954 nec
1294 4912 1412 4952 eam
1442 4912 1635 4966 capere
1660 4896 1769 4966 apti

196 4996 395 5053 essent,
429 4987 599 5042 vocati
640 4988 853 5062 quidem
887 4989 992 5043 dici
1020 4999 1288 5059 poterunt,
1319 4989 1413 5045 sed
1438 5005 1542 5043 non
1572 4989 1771 5045 eiecti:

196 5086 250 5131 et
271 5092 374 5130 non
403 5077 562 5132 etiam
585 5078 832 5135 similiter
848 5088 1033 5134 verum
1062 5087 1172 5134 est:
1194 5078 1356 5148 Igitur
1377 5095 1482 5134 non
1510 5080 1783 5136 miseren-'

199 5168 265 5222 tis
297 5169 414 5236 Dei,-
456 5172 548 5227 sed
590 5172 818 5229 volentis
838 5180 892 5228 et
920 5173 1187 5228 currentis
1214 5181 1299 5228 est
1334 5171 1592 5228 hominis.
1625 5172 1785 5240 Quo-‘

199 5258 342 5314 niam
372 5277 477 5316 non
509 5271 686 5333 potest
726 5264 947 5320 eii'ectus
987 5262 1370 5318 misericordia:
1404 5263 1498 5317 Dei
1551 5278 1673 5318 esse
1718 5264 1773 5318 in

200 5348 430 5406 hominis
462 5363 745 5420 potestate,
775 5363 831 5409 ut
862 5355 1055 5410 frustra
1078 5355 1164 5411 ille
1193 5354 1513 5410 misereatur
1537 5356 1581 5410 si
1613 5355 1775 5409 homo

201 5442 330 5494 nolit
356 5459 368 5494 :
399 5442 525 5507 quia
552 5444 596 5498 si
628 5444 753 5499 velit
774 5445 935 5499 etiam
963 5446 1204 5514 ipsorum
1237 5445 1508 5514 misereri,
1542 5459 1679 5514 opus
1706 5446 1777 5501 sit

202 5530 269 5585 ita
290 5548 509 5598 vocare,
541 5536 808 5605 quomodo
835 5537 941 5591 illis
968 5545 1150 5606 aptum
1201 5546 1369 5602 esset,
1404 5548 1463 5591 ιιι
1513 5547 1567 5591 et
1596 5552 1781 5592 move-

202 5632 405 5682 rentur.
438 5633 492 5677 et
541 5626 918 5695 intelligerent,
948 5635 1004 5681 et
1048 5638 1421 5698 sequerentur.
1472 5628 1665 5683 Verum
1696 5637 1782 5683 est

216 5728 377 5786 ergo:
407 5717 551 5772 Multi
578 5719 783 5785 vocati,
812 5720 962 5788 pauci
992 5720 1167 5774 eiecti.
1202 5720 1279 5773 Ilii
1315 5720 1461 5776 enim
1492 5718 1670 5787 electi,
1697 5720 1785 5790 qui

1880 4620 2023 4675 Deus
2052 4619 2253 4675 deserit
2299 4634 2406 4674 non
2460 4619 2537 4674 sic
2580 4620 2845 4686 vocando,
2898 4620 3163 4691 quomodo
3202 4622 3267 4674 ad
3296 4613 3454 4676 fidem

1880 4711 2080 4767 moveri
2105 4718 2276 4780 potest
2300 4710 2322 4764 ἲ
2350 4711 2479 4778 Quis
2503 4711 2644 4765 enim
2672 4705 2820 4766 dicat
2850 4711 3088 4777 modum,
3118 4728 3223 4782 quo
3246 4714 3293 4768 ei
3325 4726 3450 4781 pera

1879 4803 2195 4859 suaderetur
2219 4810 2277 4857 ut
2312 4802 2579 4869 crederet,
2601 4804 2760 4857 etiam
2785 4798 3151 4873 omnipotenti
3181 4791 3453 4859 defuisse?

1880 4893 1987 4950 Sed
2010 4893 2136 4963 quid
2172 4892 2273 4947 hoc
2303 4894 2612 4962 quaerimus,
2641 4896 2761 4948 cum
2779 4880 2955 4963 ipsum
2981 4894 3267 4964 subjungat
3313 4898 3456 4963 Apo-

1882 4986 2090 5043 stolus?
2124 4986 2260 5041 Dicit
2287 4988 2428 5041 enim
2464 4973 2733 5055 Scriptura
2766 4986 3063 5042 Pharaoni:
3093 4985 3224 5053 Quia
3254 4987 3321 5040 ad
3355 4986 3456 5041 hoc

1884 5085 1937 5131 te
1970 5074 2220 5141 excitavi,
2252 5083 2310 5129 ut
2342 5075 2619 5130 ostendam
2654 5079 2704 5129 in
2750 5084 2801 5129 te
2832 5078 3121 5149 potentiam
3159 5086 3356 5139 meam,
3397 5085 3455 5129 et

1883 5167 2226 5222 annuntietur
2253 5180 2446 5222 nomen
2469 5172 2647 5222 me’um
2670 5165 2722 5220 in
2754 5166 3001 5221 universa
3030 5174 3191 5221 terra.
3221 5157 3330 5219 li‘oe
3352 5167 3448 5218 ait-

1885 5266 1994 5312 tem
2026 5256 2260 5327 subjecit
2285 5256 2574 5327 Apostolus
2599 5248 3000 5324 documentum,
3044 5270 3150 5325 quo
3202 5248 3454 5322 probaret

1884 5348 2026 5419 quod
2052 5363 2212 5420 supra
2255 5347 2463 5404 dixerat
2487 5365 2500 5401 :
2523 5347 2684 5418 igitur
2713 5362 2819 5402 non
2849 5346 3102 5411 volentis,
3135 5343 3306 5413 neque
3336 5360 3459 5400 cur-

1886 5440 2078 5508 rentis,
2137 5439 2231 5495 sed
2275 5438 2580 5494 miserentis
2610 5446 2695 5493 est
2723 5437 2839 5492 Dei.
2882 5424 3174 5519 Tanquam.
3203 5434 3453 5491 diceret:

1886 5530 2039 5587 Unde
2070 5531 2173 5584 hoc
2208 5528 2407 5584 doces?
2450 5529 2588 5583 Dicit
2630 5527 2774 5582 enim
2820 5525 3091 5592 Scriptura
3149 5524 3455 5581 Pharaoni:

1886 5623 2018 5690 Quia
2040 5622 2106 5676 ad
2134 5622 2236 5677 hoc
2259 5624 2313 5677 te
2335 5620 2585 5685 excitavi,
2614 5628 2676 5672 ut
2704 5617 2980 5672 ostendam
3011 5617 3059 5668 in
3092 5625 3139 5669 le
3169 5618 3460 5685 potentiam

1889 5732 2087 5785 meam,
2117 5712 2171 5775 et
2211 5727 2271 5773 ut
2314 5714 2661 5771 annuntietur
2689 5727 2883 5769 nomen
2915 5727 3089 5767 meum
3129 5714 3179 5766 in
3209 5712 3461 5767 universa
