4004 6354
547 296 652 356 λεδ

1676 290 1967 346 ΡΒΙΜᾹΞΗ
2006 291 2445 347 ΑῡιιωηετΑκι
2489 292 2700 347 Ei‘ISC.

3710 288 3815 351 453i

549 424 711 483 terra,
738 416 918 483 utique
958 393 1041 468 ltic
1083 402 1390 473 Ostendens,
1417 407 1560 479 quod
1601 423 1704 461 non
1733 406 1979 469 volentis,
2027 420 2121 458 tie-
2151 410 2198 469 Α
2228 408 2391 476 perbe
2418 408 2653 475 jndicant
2674 406 2967 461 debitores.
2994 402 3450 472 Q..emadmodtrm
3474 409 3731 464 tenducti
3750 414 3820 463 ad

548 521 652 573 que
721 506 1025 573 currentis,
1069 503 1161 557 sed
1238 501 1535 554 tniserentis
1578 510 1657 551 est
1701 498 1816 551 Dei.
1847 496 2131 551 Concludit

552 598 760 666 itaque:
787 597 927 665 Ergo
955 595 1105 663 cujus
1133 593 1241 646 vult
1269 591 1571 652 miseretur,
1602 599 1657 643 et
1692 604 1849 656 quem
1886 587 1997 640 vult
2032 585 2131 639 ὁὶ)-

552 686 708 740 durat
735 704 748 738 :
778 688 897 740 cum
937 684 1178 752 superius
1205 697 1309 735 non
1342 692 1625 747 utrumque
1654 680 1745 733 sit.
1779 678 1961 746 Neque
1984 678 2127 732 enim

553 774 817 843 quomodo
866 774 1061 827 dictum
1099 780 1221 826 est:
1255 771 1369 824 Non
1400 770 1643 833 volentis,
1685 770 1778 824 sed
1826 768 2129 823 miserantis

553 878 635 922 est
664 867 777 930 Dei,
824 867 901 920 sic
944 864 1100 918 etiam
1128 863 1327 916 dictum
1356 858 1441 916 est
1470 878 1484 915 :
1518 862 1629 915 Non
1668 861 1923 928 Veientis,
1956 860 2126 930 neque

554 957 832 1021 currentis,
880 949 973 1007 sed
1016 952 1329 1007 obdurantis
1364 961 1447 1008 est
1484 952 1599 1007 Dei.
1650 952 1800 1007 Unde
1851 952 2009 1005 datur
2047 952 2131 1004 in-

559 1047 719 1114 telligi
760 1045 899 1113 quod
934 1043 1072 1097 infra
1110 1052 1392 1113 utrumque
1432 1045 1647 1113 posuit:
1681 1044 1819 1113 Ergo
1841 1042 1991 1112 cujus
2025 1042 2136 1096 vult

563 1137 647 1190 mi
665 1145 863 1198 eretur,
888 1134 943 1190 et
964 1137 1121 1204 quem
1148 1135 1262 1189 Vult
1283 1137 1530 1201 obdurat,
1556 1137 1625 1188 ita
1656 1135 1933 1191 sententia:
1976 1134 2134 1203 supe-

562 1224 687 1278 riori
715 1220 1007 1293 congruere
1030 1232 1206 1293 posse,
1238 1234 1297 1279 ut
1324 1225 1603 1278 obduratio
1633 1226 1722 1279 Dei
1747 1225 1818 1278 sit
1854 1223 2009 1291 velle.
2040 1224 2136 1277 mi-

561 1313 769 1368 sereri:
798 1322 858 1367 ut
882 1329 987 1368 nnn
1014 1307 1082 1367 ab
1112 1313 1207 1367 illo
1228 1314 1491 1382 irrogetur
1515 1312 1709 1381 aliquid
1739 1325 1844 1382 quo
1875 1311 1943 1365 sit
1973 1311 2133 1365 homo

561 1403 795 1458 deterior
829 1421 842 1455 :
877 1403 969 1458 sed
1010 1411 1212 1457 tantum
1255 1418 1361 1469 quo
1404 1403 1473 1456 sit
1516 1403 1723 1468 melior,
1760 1416 1865 1456 non
1915 1400 2137 1470 deroge-

561 1503 665 1549 tur.
700 1493 855 1561 Quod
904 1494 950 1547 si
986 1494 1044 1547 ﬁt
1089 1495 1230 1548 nulla
1273 1486 1610 1549 distinetioue
1643 1490 1973 1563 meritorum,
2014 1496 2135 1566 quis

563 1600 669 1640 non
697 1586 953 1655 irrumpat
996 1586 1049 1638 in
1079 1599 1194 1638 eam
1228 1599 1440 1650 vocem,
1478 1599 1635 1654 quam
1673 1585 1772 1640 sibi
1802 1586 1914 1655 ipse
1940 1587 2136 1656 objecit

567 1677 893 1745 Apostolus:
929 1677 1071 1731 Dicis
1096 1668 1273 1746 itaque
1300 1676 1448 1739 mihi,
1482 1676 1606 1747 quid
1654 1678 1824 1731 adhuc
1857 1679 2135 1748 conqueri;

2238 494 2381 552 illam
2414 500 2619 552 vineam
2652 498 2850 566 injuste
2884 495 3134 567 indiginti
3164 501 3307 564 situt,
3332 515 3450 553 cum
3480 504 3815 556 tantumdem

2235 588 2354 641 alis
2397 587 2705 651 donaretur,
2752 598 3005 657 quantum
3039 590 3165 658 ipsis
3209 585 3542 649 redderetur.
3583 594 3818 665 Ideoque

2238 680 2391 747 hujus
2429 679 2768 747 impudentia:
2817 682 3137 749 quzestiones
3168 680 3237 736 ita
3284 676 3521 740 retundit
3578 689 3813 754 Aposto-

2236 767 2354 822 lus:
2396 769 2439 825 0
2470 771 2652 835 liomo,
2694 781 2771 837 tu,
2830 774 2948 841 quis
2976 788 3056 839 es,
3088 775 3176 843 qui
3200 777 3529 845 respondeas
3562 779 3711 832 Deo?
3738 782 3813 833 sic

2235 856 2375 917 enim
2404 864 2820 932 respanditneo,
2851 876 2973 918 cum
2999 860 3099 920 boc
3129 867 3393 936 displicet,
3424 871 3568 938 quod
3600 872 3669 924 de
3690 887 3811 940 pec-

2235 953 2509 1006 catoribus
2536 958 2874 1022 conqueritur
2902 956 3038 1010 Deus
3069 973 3082 1008 :
3110 958 3262 1025 quasi
3303 975 3636 1029 quemquam
3674 961 3807 1015 Deus

2235 1042 2456 1111 peccare
2496 1056 2670 1113 rogat,
2694 1045 2789 1099 sed
2821 1048 3183 1102 tantummodo
3202 1049 3514 1118 quibusdam
3542 1051 3807 1119 peccanti-

2235 1133 2334 1188 bus
2362 1134 2777 1189 misericordiam
2814 1136 3207 1205 justiﬁcatio'nls
3235 1154 3345 1193 sua:
3383 1154 3487 1194 non
3533 1140 3801 1209 largiatur,

2235 1233 2290 1278 et
2317 1224 2387 1277 ob
2418 1223 2520 1278 hoc
2547 1225 2756 1279 dicatur
2783 1225 3045 1282 obdurare
3070 1238 3347 1296 peccantes
3368 1229 3658 1295 quosdam,
3688 1228 3802 1297 quia

2236 1327 2341 1366 non
2362 1327 2550 1367 eorum
2579 1314 2914 1379 misereatur,
2941 1330 3045 1370 non
3070 1318 3189 1385 quia
3212 1318 3439 1387 impellit
3459 1328 3519 1373 ut
3548 1328 3797 1389 peccent:

2236 1398 2423 1458 eorum
2454 1406 2630 1461 autem
2658 1406 2765 1461 non
2812 1404 3115 1476 iniseretiir,
3149 1411 3340 1479 quibus
3384 1406 3797 1468 misericordiam

2238 1504 2342 1548 non
2368 1511 2487 1552 esse
2515 1498 2848 1567 praebendam
2876 1501 3126 1569 mquitate
3156 1502 3514 1558 occultissima
3540 1512 3596 1559 et
3616 1504 3685 1558 ab
3712 1504 3797 1557 hu;

2246 1590 2419 1646 manis
2473 1593 2718 1647 sensibus
2767 1596 3118 1650 remotissima
3162 1596 3387 1663 judicat.
3442 1596 3795 1651 lnscru'abiiia

2236 1679 2376 1733 enim
2407 1691 2529 1735 sunt
2546 1680 2743 1750 judicia
2765 1682 2899 1751 ejus,
2914 1694 2967 1737 et
2982 1684 3375 1754 iuvest'gabiles
3398 1685 3497 1740 viae
3518 1686 3656 1754 ejus.
3673 1687 3795 1741 C0"-

565 1766 688 1820 tur?
736 1781 855 1821 nam
882 1767 1137 1821 voluntati
1187 1767 1303 1835 ejus
1356 1768 1474 1835 quis
1509 1768 1704 1822 resistit
1727 1768 1750 1820 1
1777 1765 2133 1837 Cenqueritur
2164 1762 2208 1830 Β
2236 1772 2476 1840 queritur
2500 1777 2680 1828 autem
2702 1774 2769 1830 de
2801 1774 3186 1844 peccatorlbus,
3210 1789 3461 1849 tanquam
3485 1779 3555 1834 de
3585 1780 3652 1834 iis
3675 1796 3794 1849 quos

565 1858 706 1911 enim
736 1857 968 1927 Spiritus
995 1874 1136 1927 saepe
1163 1859 1227 1912 de
1258 1858 1583 1925 hominibus,
1617 1860 1753 1914 Sitlll
1781 1876 1874 1929 per
1896 1862 2133 1916 innume-

567 1949 762 2003 rabiles
788 1961 1009 2019 apparet
1031 1950 1424 2019 Scripturarnm
1451 1952 1618 2015 loco’s,
1640 1952 1778 2021 quoi
1823 1952 1993 2006 nolint
2019 1968 2136 2009 cre-

568 2037 697 2091 dere
740 2047 795 2091 et
839 2048 982 2092 recte
1012 2040 1209 2092 vivere.
1251 2038 1402 2094 Unde
1430 2040 1635 2105 ﬁdeles,
1667 2052 1718 2096 et
1761 2041 2015 2099 iacientes
2041 2048 2134 2098 vo;

567 2123 820 2181 l'uhtatem
847 2128 962 2195 Dei,
987 2130 1289 2183 conversari
1317 2129 1565 2185 dicuntur
1590 2132 1707 2187 sine
1730 2135 1965 2202 querela,
1993 2131 2131 2204 quod

567 2216 633 2272 de
682 2220 786 2272 illis
824 2217 929 2273 non
971 2231 1225 2288 queratur
1253 2217 1548 2289 Scriptura.
1589 2223 1691 2278 Sed
1737 2226 1863 2292 quid
1906 2224 2134 2294 conque-

568 2311 723 2374 ritur,
750 2312 861 2364 ait:
896 2312 1025 2364 Nam
1056 2312 1313 2367 veluntati
1351 2313 1464 2380 ejus
1491 2314 1610 2382 quis
1639 2313 1876 2368 resistit?
1919 2316 2133 2384 quando

570 2400 723 2468 cujus
760 2400 869 2453 vult
898 2400 1201 2465 miseretur,
1233 2410 1288 2455 et
1311 2417 1467 2470 quem
1497 2402 1608 2454 vult
1651 2394 1900 2459 obdurat.
1943 2406 2008 2458 Et
2055 2392 2137 2458 ta-

570 2504 690 2546 men
718 2493 1015 2547 intueamur
1033 2493 1404 2560 superiora,fet
1438 2489 1560 2548 inde
1583 2498 1841 2562 uestram,
1867 2496 2122 2563 Quantum

568 2580 681 2649 ipse
724 2566 976 2634 Dominus
1013 2568 1245 2648 adjuvat,
1284 2578 1603 2635 sententiam
1656 2583 1969 2651 dirigamus.
2040 2584 2129 2640 Ait

565 2673 706 2727 enim
735 2671 892 2741 paulo
916 2684 1039 2725 ante
1070 2689 1082 2723 :
1115 2671 1249 2738 Quid
1289 2674 1417 2741 ergo
1448 2672 1723 2729 dicemus:
1750 2674 1994 2742 Nunquid
2030 2677 2135 2732 ini-

567 2761 742 2830 qbitas
782 2763 865 2815 est
888 2759 1027 2829 apud
1061 2746 1269 2814 Deum?
1311 2762 1486 2817 Absit.
1520 2763 1598 2817 Sit
1645 2763 1802 2832 igitur
1835 2764 1939 2820 hoc
1968 2765 2132 2821 ﬁxum

566 2860 728 2917 atque
776 2850 1046 2904 immobile
1091 2850 1142 2903 in
1176 2858 1352 2905 mente
1387 2852 1563 2907 sobria
1590 2855 1784 2922 pietate
1826 2865 1984 2925 atque
2024 2866 2136 2910 sta-

569 2943 660 2995 bili
694 2940 815 3005 ﬁde,
864 2940 1005 3010 quod
1054 2940 1189 2994 nulla
1220 2950 1300 2995 eat
1354 2942 1600 3012 iniquitas
1628 2945 1766 3014 apud
1797 2946 1981 3001 Deum.
2035 2949 2134 3002 At;

568 3039 674 3099 qu’e
703 3034 773 3086 ita
809 3034 1143 3088 tenacissime
1171 3033 1579 3105 ﬁrmissimeque
1608 3032 1873 3106 credatur,
1906 3040 2132 3108 idipsum

2235 1866 2349 1935 ipSe
2372 1867 2596 1936 peccare
2632 1884 2735 1922 non
2780 1866 2919 1936 cogit
2944 1886 2957 1923 :
2982 1864 3144 1924 Simul
3183 1868 3343 1925 etiam
3394 1863 3453 1926 ut
3490 1869 3549 1939 ii,
3581 1888 3790 1942 quorum

2233 1960 2536 2027 miseretur,
2570 1957 2708 2015 hanc
2723 1976 2935 2031 quoque
2958 1954 3185 2016 habeant
3206 1963 3567 2025 vocatiOnem.
3593 1973 3648 2018 ut
3679 1964 3789 2017 dum

2233 2051 2575 2121 conqueritur
2620 2052 2760 2105 Deus
2805 2050 2873 2106 de
2922 2051 3314 2121 peccatoribus,
3370 2056 3787 2122 compungantur

2233 2144 2419 2207 corde,
2449 2151 2609 2212 atque
2651 2142 2715 2196 ad
2753 2136 2869 2211 ejus
2916 2144 3140 2213 gratiam
3195 2152 3598 2198 convertantur.
3648 2144 3789 2198 Juste

2234 2232 2363 2303 ergo
2384 2233 2726 2302 conqueritur
2744 2242 2799 2287 ct
2819 2233 3258 2289 misericorditer.
3280 2234 3385 2289 Sed
3408 2235 3453 2289 si
3477 2234 3580 2289 hoc
3606 2245 3785 2299 movet,-

2233 2324 2375 2392 quod
2422 2324 2684 2379 voluntati
2733 2325 2851 2394 ejus
2894 2323 3071 2378 nullus
3123 2325 3349 2389 resistit,
3397 2324 3518 2393 quia
3550 2326 3633 2379 eui
3670 2326 3785 2388 vult,

2235 2415 2504 2480 Subvenit,
2536 2424 2589 2469 et
2613 2422 2768 2483 quem
2804 2414 2937 2479 vult,
2960 2410 3189 2470 deserit:
3212 2430 3335 2471 cum
3364 2426 3416 2471 et
3453 2416 3540 2471 ille
3566 2417 3648 2471 cui
3674 2417 3787 2469 sub-

2233 2506 2400 2571 venit,
2434 2516 2493 2562 et
2512 2506 2601 2561 ille
2616 2523 2771 2576 quem
2795 2504 3014 2573 deserit,
3041 2520 3104 2563 ex
3129 2509 3314 2563 eadem
3343 2524 3516 2563 massa
3550 2510 3654 2562 sint
3681 2525 3788 2577 pec-

2235 2605 2498 2664 catorum,
2546 2609 2601 2653 et
2636 2600 2879 2669 quamvis
2918 2598 3145 2654 debeant
3194 2606 3412 2670 uterque
3458 2596 3783 2669 supplicium,

2235 2687 2303 2742 ab
2332 2703 2435 2744 uno
2465 2698 2639 2743 tamen
2669 2690 2916 2759 exigitur,
2948 2688 3098 2743 alteri
3148 2688 3375 2742 donatur
3402 2706 3416 2753 ;
3461 2690 3503 2743 si
3537 2690 3638 2743 hoc
3675 2704 3785 2757 ergo

2234 2789 2407 2835 movet
2437 2798 2451 2833 :
2487 2780 2587 2846 Tu,
2618 2780 2736 2849 quis
2766 2796 2844 2845 es,
2872 2782 2959 2851 qui
3001 2782 3325 2851 respondeas
3356 2781 3496 2837 Deo?
3522 2767 3652 2837 Illud
3684 2784 3786 2835 tari-

2240 2871 2513 2926 tummodo
2552 2869 2863 2927 inccncussa
2909 2868 3016 2929 [ide
3067 2882 3325 2937 teneatur,
3376 2874 3516 2943 quod
3566 2888 3669 2927 non
3728 2869 3787 2924 sit

2237 2963 2489 3031 iniquitas
2526 2962 2664 3032 apud
2708 2963 2874 3018 Deum
2901 3004 2917 3028 ,
2963 2964 3051 3034 qui
3082 2964 3194 3019 sive
3236 2965 3415 3030 donet,
3466 2966 3577 3019 sive
3627 2967 3789 3035 exigit

2236 3054 2518 3122 debitum,
2570 3071 2669 3111 nec
2722 3057 2810 3112 ille
2845 3072 2874 3111 a
2925 3073 3027 3126 quo
3068 3059 3270 3128 exigit,
3324 3069 3467 3115 recte
3505 3069 3679 3127 potest
3731 3060 3789 3114 de

566 3122 707 3218 quod
734 3123 873 3177 Deus
898 3124 981 3218 cui
1024 3125 1137 3179 vult
1164 3128 1443 3218 miseretur
1463 3137 1702 3198 et,quem
1732 3130 1841 3184 vult
1865 3131 2089 3187 obdurat
2118 3151 2133 3190 :
2160 3132 2208 3195 C
2239 3147 2513 3216 iniquitate
2555 3148 2673 3215 ejus
2713 3122 2964 3218 conqueri
2992 3165 3008 3215 ;
3058 3122 3285 3204 nec-ille
3322 3151 3405 3205 cui
3433 3122 3617 3214 donat,
3644 3139 3789 3205 debet

568 3214 667 3270 lio‘c
698 3222 799 3277 est,
845 3215 997 3285 cujus
1045 3218 1158 3271 vult
1209 3217 1519 3285 miseretur,
1573 3230 1629 3275 et
1669 3222 1820 3291 cujus
1874 3238 1978 3279 non
2024 3225 2136 3280 vult

569 3321 671 3358 non
708 3304 1010 3369 miseretur,
1042 3321 1158 3359 esse
1182 3308 1408 3376 alicujus
1452 3309 1693 3375 occultae,
1723 3316 1882 3381 atque
1922 3313 1990 3366 ab
2030 3313 2133 3368 liu-

572 3412 730 3450 mano
778 3398 991 3451 modulo
1041 3396 1537 3469 itnperveetigabilis
1577 3403 1860 3471 aequitatis,
1909 3420 2026 3473 qu:e
2075 3414 2129 3460 et

575 3490 628 3543 in
697 3490 826 3557 ipzis
891 3490 1049 3545 rebus
1100 3491 1342 3546 immanis
1392 3495 1717 3563 terrenisque
1767 3497 2127 3552 contractibus

568 3580 1030 3634 animadvertenda
1059 3591 1158 3636 est.
1185 3583 1234 3633 in
1277 3582 1470 3650 quibus
1511 3584 1611 3637 nisi
1640 3600 1883 3652 superna:
1914 3588 2132 3654 justitia:

569 3670 806 3736 quaedam
840 3671 1094 3737 impressa
1135 3673 1356 3741 vestigia
1391 3682 1708 3739 teneremus,
1757 3693 2024 3747 nunquam
2079 3678 2132 3735 in

572 3759 745 3825 ipsum
775 3760 946 3812 cubile
974 3774 1034 3811 ac
1059 3762 1327 3827 penetrale
1350 3762 1706 3817 castissimum
1729 3772 1887 3835 atque
1914 3769 2136 3823 sanczis-

568 3849 758 3901 simum
790 3849 1103 3916 spiritalium
1153 3861 1532 3921 lirmceptorum
1576 3866 1768 3911 nostra:
1809 3858 2131 3916 inﬁrmitatis

566 3938 861 4004 susciperet
893 3947 1048 4004 atque
1076 3939 1303 3994 inliiarct
1325 3942 1563 3998 intentio.
1592 3946 1736 4002 Beati
1760 3949 1847 4018 qui
1889 3951 2130 4005 esuriunt

567 4027 811 4080 etsitittnt
834 4025 1375 4098 justiliam,qu0niam
1402 4032 1501 4100 ipsi
1524 4036 1921 4097 saturabuntut’.
1953 4043 2006 4096 ιη
2031 4040 2127 4099 ista

577 4116 735 4185 igitur
756 4116 991 4171 siccitate
1016 4118 1137 4171 vita:
1166 4122 1587 4191 eruditionisque
1612 4131 1845 4183 morta‘is
1866 4172 1881 4196 ,
1908 4133 2006 4187 nisi
2037 4136 2119 4189 a's~

571 4199 880 4275 pergeretur
905 4207 1136 4276 desuper
1182 4211 1320 4264 velut
1353 4212 1655 4270 tenuissima
1703 4221 1939 4287 quaedam
1986 4237 2118 4281 aura

560 4296 796 4367 justitite,
821 4298 975 4352 citius
1004 4308 1389 4355 aresceremus.
1422 4302 1759 4376 Quapropter
1798 4326 1918 4364 cum
1951 4313 2129 4369 dando

567 4402 619 4446 et
643 4392 949 4461 accipiendo
970 4394 1105 4447 inter
1130 4401 1187 4448 sc
1208 4394 1475 4451 hominum
1505 4401 1729 4455 so‘cietas
1752 4408 2122 4473 connectatur,

2236 3241 2302 3297 de
2327 3241 2435 3296 suis
2474 3242 2675 3296 meritis
2702 3239 2933 3309 gloriari.
2986 3244 3050 3298 Et
3086 3236 3173 3298 ille
3218 3246 3359 3299 enim
3390 3247 3491 3300 nisi
3530 3246 3670 3315 quod
3702 3247 3787 3299 do.-

2234 3328 2389 3388 betur
2439 3349 2544 3388 non
2594 3329 2819 3389 reddet:
2853 3344 2906 3389 et
2944 3334 3031 3391 ille
3069 3342 3171 3392 ηοτι
3204 3338 3362 3392 habet
3414 3338 3512 3392 nisi
3543 3338 3683 3405 quod
3713 3355 3789 3392 ac-

2234 3426 2393 3492 cepit.
2439 3424 2647 3479 Etenim
2694 3425 2973 3482 obduratio
3029 3428 3116 3481 illa
3171 3429 3452 3497 impiorum
3522 3439 3791 3501 utrumque

2234 3517 2594 3583 demonstrat,
2624 3528 2678 3572 et
2716 3520 2840 3586 qu’d
2889 3519 3174 3574 timendum
3206 3523 3293 3585 sit,
3325 3520 3380 3576 ut
3422 3519 3645 3592 qui-que
3689 3526 3791 3590 pie-

2234 3614 2340 3660 tate
2381 3617 2722 3662 convertatur
2760 3608 2822 3662 ad
2856 3598 3049 3672 Deum,
3094 3614 3147 3665 et
3188 3608 3395 3682 quantm
3438 3614 3657 3683 agendzc
3698 3613 3791 3667 sitit

2234 3696 2419 3765 gratiae
2451 3698 2830 3752 miseriCordlae
2861 3699 2973 3761 Dei,
3017 3701 3109 3769 qui
3138 3702 3188 3755 in
3217 3703 3438 3757 aliorum
3474 3718 3629 3772 paena
3677 3706 3790 3773 qui!

2233 3790 2352 3843 aliis
2382 3790 2545 3845 donet
2576 3791 2826 3845 Ostendit.
2857 3792 2909 3847 Si
2933 3799 3109 3848 au'em
3139 3795 3151 3848 i
3179 3795 3223 3848 la
3250 3810 3406 3863 quam
3437 3796 3506 3851 de
3532 3796 3654 3851 aliis
3692 3800 3790 3851 esi-

2232 3878 2304 3951 glt
2334 3899 2436 3937 nnn
2469 3884 2549 3938 est
2569 3885 2709 3952 justa
2734 3886 2911 3953 ptena,
2938 3886 3072 3940 nilttl
3095 3890 3254 3942 donat
3277 3885 3395 3942 aliis
3421 3888 3448 3941 a
3473 3890 3661 3957 quibus
3683 3890 3790 3942 eam

2233 3988 2336 4027 non
2359 3974 2542 4041 exigit.
2572 3971 2703 4039 Quia
2733 3989 2859 4028 vero
2884 3974 2969 4028 illa
2984 3968 3126 4045 justa
3149 3988 3250 4039 est,
3274 3989 3325 4031 et
3349 3980 3493 4031 nulla
3511 3989 3591 4031 est
3613 3974 3790 4047 iniqu?-

2233 4054 2314 4119 tas
2339 4065 2478 4132 apud
2508 4065 2859 4120 vindicantem
2898 4067 3083 4133 Deum,
3106 4068 3223 4136 quis
3244 4069 3471 4123 sufﬁciat
3492 4085 3650 4138 agere
3677 4085 3788 4138 gra-

2234 4155 2332 4208 tias
2355 4155 2425 4213 ei.
2456 4155 2548 4223 qui
2581 4155 2681 4209 hoc
2703 4157 2947 4215 remittit.
2979 4158 3120 4223 quod
3145 4160 3188 4211 si
3213 4160 3339 4213 velit
3379 4161 3615 4227 exigere,
3646 4160 3790 4214 remo

2232 4252 2291 4298 se
2322 4253 2467 4299 recte
2496 4244 2695 4300 diceret
2723 4260 2827 4299 non
2859 4247 3097 4302 debere?
3127 4252 3271 4315 Quos
3296 4257 3350 4303 et
3394 4250 3647 4303 vocavit:
3671 4250 3788 4311 Nos,

2233 4332 2423 4401 inquit,
2452 4348 2554 4387 non
2583 4334 2755 4388 solum
2782 4336 2847 4388 ex
2880 4336 3096 4400 Judreis,
3122 4338 3217 4392 sed
3242 4338 3400 4392 etiam
3430 4338 3496 4393 ex
3532 4341 3787 4407 gentibus;

2171 4470 2202 4507 th
2232 4423 2283 4475 id
2308 4433 2408 4485 est,
2433 4439 2555 4478 vasa
2582 4425 2961 4503 misericordiae
2983 4443 3099 4496 qua:
3140 4424 3452 4507 prufparavit
3481 4429 3533 4483 in
3554 4430 3787 4497 gloriam.

563 4483 753 4583 ξῘξτηίυΓ
782 4493 955 4583 τ’ξηοίᾟι
980 4494 1034 4538 ει
1070 4486 1391 4583 πίξῖβῖίιηιυις
1422 4490 1501 4542 vel
1553 4490 1725 4546 debila
1758 4496 1838 4547 νει
1874 4512 1974 4550 n0n
2019 4498 2117 4552 de-
2157 4485 2205 4548 ί)
2230 4511 2345 4564 Non
2375 4511 2515 4564 enim
2546 4528 2729 4568 omnes
2755 4483 3103 4579 Ῐιιάϊοε,ἐε‹ι
3126 4483 3191 4571 ex
3217 4483 3448 4583 ludatis;
3491 4483 3788 4573 necomnrs

560 4572 699 4639 bita,
741 4573 858 4643 quis
913 4574 1016 4626 iion
1078 4574 1253 4627 videat
1318 4578 1606 4646 iniquitatis
1657 4583 1805 4649 argui
1850 4585 2118 4640 neminem

560 4674 738 4737 poSse,
770 4664 855 4731 qui
883 4662 1020 4729 quod
1052 4662 1149 4715 sibi
1172 4665 1394 4718 debetur
1418 4669 1673 4735 exegerit,
1716 4686 1813 4725 nec
1842 4688 1962 4726 eum
2007 4690 2126 4728 cer-

561 4766 632 4817 te,
664 4752 751 4824 qui
780 4749 916 4818 quod
945 4749 991 4801 ei
1033 4749 1252 4803 debetur
1268 4752 1467 4807 donare
1500 4759 1769 4811 \oluerit?
1814 4760 1915 4815 boc
1944 4764 2123 4819 autem

566 4856 672 4893 non
703 4836 899 4890 essein
932 4852 1114 4890 eorum
1159 4839 1247 4906 qui
1278 4839 1544 4896 debitores
1583 4856 1726 4910 sunt,
1765 4847 1857 4901 sed
1904 4851 1954 4904 in
1982 4855 2121 4921 ejus,

560 4931 645 4985 cui
678 4929 919 4993 debetur,
944 4929 1185 4982 arbitrio.
1212 4930 1334 4985 llmc
1361 4932 1552 5001 imago,
1579 4937 1683 5001 vel,
1709 4948 1767 4991 ut
1793 4954 1950 5009 supra
1981 4945 2115 5012 dixi,

559 5021 836 5091 vestigium
869 5020 1087 5086 negotiis
1106 5019 1375 5076 hominum
1398 5023 1463 5078 de
1493 5025 1698 5095 fastigio
1722 5045 1932 5089 summo
1959 5041 2124 5108 tequi-

554 5112 681 5167 tatis
730 5112 1044 5179 impressum
1100 5116 1200 5165 est.
1236 5112 1370 5168 Sunt
1409 5116 1566 5184 igitur
1618 5135 1804 5177 omnes
1855 5125 2119 5201 homines,

553 5199 1001 5272 quanquuiiletn,
1025 5210 1082 5254 ut
1110 5200 1389 5271 Apostolus
1411 5209 1513 5263 ait:
1536 5209 1589 5263 ln
1612 5210 1781 5269 Adam
1802 5224 1985 5274 omnes
2008 5199 2121 5277 mo-

551 5294 779 5359 riuntur,
810 5307 838 5345 a
883 5294 987 5361 quo
1015 5294 1065 5346 in
1112 5295 1411 5350 universum
1452 5314 1617 5367 genus
1658 5301 1941 5361 humanum
1974 5310 2123 5380 origo

556 5384 766 5439 ducitur
796 5383 1103 5438 oll'ensionis
1137 5386 1247 5451 Dei,
1291 5403 1391 5441 una
1422 5394 1658 5458 quaedam
1692 5412 1863 5449 massa
1897 5405 2118 5469 peccati,

553 5478 868 5545 supplicium
893 5476 1091 5531 debens
1116 5478 1306 5532 divina:
1336 5485 1904 5555 sutnmmquejustitizc
1934 5510 1947 5545 :
1979 5497 2118 5563 quod

552 5566 663 5618 sive
709 5570 967 5637 exigatur,
1018 5570 1129 5624 sive
1172 5573 1416 5639 donetur,
1451 5578 1591 5630 nulla
1638 5590 1718 5632 est
1761 5582 2028 5651 iniquitas.
2072 5590 2118 5645 A

552 5654 739 5721 quibus
757 5668 931 5711 autem
960 5660 1274 5730 exigendum
1300 5673 1350 5717 et
1371 5666 1560 5735 quibus
1585 5668 1888 5727 donandum
1912 5678 2105 5741 sit,su-

2229 4600 2448 4654 Omnino
2477 4600 2718 4656 homines
2749 4605 3007 4671 gentiam,
3035 4606 3128 4659 sed
3163 4622 3226 4659 ex
3257 4608 3523 4673 gentibus.
3576 4606 3688 4660 Una
3714 4618 3787 4658 est

2230 4690 2371 4743 enim
2400 4705 2464 4743 ex
2492 4687 2660 4743 Adam
2695 4696 2868 4746 massa’
2904 4692 3237 4761 peccatorum
3294 4706 3350 4751 et
3402 4697 3707 4766 impiorum,
3740 4699 3786 4748 iu

2227 4794 2326 4847 qua
2358 4778 2524 4833 Judtei
2549 4792 2602 4834 et
2617 4793 2823 4850 gentes,
2849 4789 3047 4838 remeta
3072 4787 3234 4851 gratia
3263 4787 3375 4850 Dei,
3402 4788 3467 4841 ad
3499 4802 3654 4842 unam
3676 4790 3787 4856 per-

2232 4870 2399 4923 tinent
2421 4873 2877 4939 conspersionem.
2910 4876 2964 4929 Si
2988 4878 3126 4931 enim
3158 4879 3346 4946 ﬁgulus
3372 4881 3465 4934 luti
3494 4897 3559 4935 ex
3608 4882 3784 4936 eadem

2230 4961 2608 5027 conspersiune
2637 4962 2759 5017 facit
2805 4962 2947 5018 aliud
2999 4968 3090 5022 vas
3137 4961 3191 5022 in
3237 4970 3517 5035 honorem,
3548 4972 3691 5025 aliud
3740 4974 3786 5024 in

2229 5050 2630 5117 contumeliam,
2676 5055 3014 5109 manifestum
3066 5067 3149 5111 est
3201 5060 3378 5115 autem
3425 5061 3654 5129 quodex
3702 5061 3788 5115 Ju-

2227 5140 2357 5195 dmis
2385 5141 2486 5195 alia
2539 5153 2663 5198 vasa
2710 5146 2833 5198 sunt
2864 5146 2915 5200 in
2972 5147 3251 5216 notiorem,
3289 5151 3391 5204 alia
3423 5153 3475 5205 in
3525 5162 3793 5207 continue-

2230 5236 2376 5302 liam,
2393 5239 2530 5295 sicut
2554 5256 2617 5297 ex
2641 5245 2886 5312 gentibus
2909 5247 3180 5315 :sequitnr
3200 5258 3251 5300 ut
3274 5247 3340 5301 ad
3362 5264 3519 5302 unam
3543 5262 3789 5316 consper-

2227 5328 2430 5383 sionem
2461 5347 2649 5386 omnes
2694 5333 2957 5401 péhinere
2998 5337 3374 5406 intelligantur.
3408 5332 3467 5392 Si
3502 5338 3681 5404 fuerit,
3712 5338 3793 5391 in;

2223 5419 2358 5488 quit,
2378 5437 2633 5476 numerus
2655 5424 2884 5477 ﬁliorum
2917 5426 3072 5479 Israel
3102 5429 3249 5495 quasi
3277 5443 3439 5483 arena
3467 5432 3653 5493 mars,
3674 5430 3793 5483 reli-

2223 5510 2359 5575 quia:
2381 5512 2543 5564 saliua
2570 5511 2716 5566 ﬁent.
2746 5513 2949 5569 (ἔθειραι
2966 5531 3091 5585 ergo
3122 5504 3296 5582 turba,
3328 5534 3447 5573 Vasa
3473 5523 3703 5587 pet-tecta
3726 5520 3789 5572 ad

2225 5598 2599 5665 perditionem.
2625 5601 2860 5657 Verbum
2885 5607 3028 5659 enim
3056 5623 3429 5663 consummans
3452 5620 3503 5664 et
3521 5613 3779 5673 brevians,

2224 5687 2411 5758 inquit,
2449 5690 2601 5746 faciet
2631 5693 2885 5749 Dominus
2902 5712 3061 5765 super
3091 5707 3321 5754 terram:
3349 5700 3399 5755 id
3431 5712 3532 5767 est,
3566 5712 3619 5757 ut
3644 5709 3787 5757 Conté
