4004 6354
233 296 345 353 485

1054 278 1133 354 aa
1175 284 1560 355 EPISTOLAM
1601 297 1695 353 AD
1732 297 2055 356 nouauos
2092 300 2612 359 COMMENTARIA.

3400 312 3503 366 480

234 411 432 480 pendio
460 400 581 466 ﬁdei
605 424 700 481 per
721 403 945 480 gratiam
964 394 1149 467 salvos
1170 400 1339 468 iaciat
1365 413 1648 468 credentes
1675 429 1688 465 :
1712 428 1819 467 non
1851 415 1897 475 Λ
1926 413 2083 470 ritate
2110 416 2394 485 ferventia,
2425 422 2515 480 ille
2560 420 2765 489 tribuit,
2800 420 2887 477 ille
2925 420 3165 492 largitur.
3195 422 3390 497 Petere
3423 428 3508 495 ju-

234 518 332 570 per
371 501 791 557 innumerabiles
827 501 1252 569 observationes,
1281 505 1477 573 quibus
1515 504 1603 558 illa
1635 502 1819 557 multi-

231 596 364 649 tudo
418 593 687 648 serviliter
738 602 961 646 onerata
1012 594 1377 662 premebatur.
1437 595 1540 649 Per
1597 596 1820 664 gratiam

229 688 431 756 quippe
461 686 618 739 nobis
650 680 870 738 verbum
911 688 1291 740 consumimus
1332 697 1385 742 ει
1419 686 1669 741 ιπενίειιιε
1696 686 1825 742 fecit

228 794 397 847 super
424 789 647 846 terram,
676 778 861 834 dicens
882 779 1100 850 :Jugum
1131 795 1307 835 meum
1332 782 1496 834 s'uave
1522 788 1607 834 est
1632 794 1684 835 et
1706 797 1821 835 Sar-

227 870 350 924 cina
388 885 506 923 mea
540 869 673 925 levis
712 878 812 924 est.
858 870 1011 936 Quod
1056 879 1111 925 et
1133 871 1291 941 paulo
1320 882 1434 941 post
1469 870 1554 925 hic
1578 871 1817 926 dicitur:

218 946 288 1013 Ῥι
304 974 407 1028 ope
445 968 528 1014 est
554 959 779 1014 verbum
823 960 873 1013 in
917 976 1013 1014 ore
1048 971 1138 1014 tuo
1166 970 1219 1015 et
1248 960 1300 1014 in
1347 960 1511 1016 cerde
1557 970 1687 1014 tuo:
1721 963 1821 1017 hoc

226 1062 318 1108 est
342 1056 562 1109 verbum
594 1052 715 1107 tidel
745 1053 883 1122 quod
904 1053 1303 1121 pri-dicamus:
1332 1054 1457 1119 quia
1487 1054 1530 1109 si
1562 1056 1817 1109 conﬁtea-

228 1144 307 1197 ris
333 1145 386 1199 in
415 1159 511 1200 ore
542 1155 654 1213 tuo,
682 1146 804 1213 quia
836 1145 976 1199 Deus
1007 1145 1155 1199 illum
1193 1146 1478 1200 Suscitavit
1506 1161 1535 1199 a
1567 1146 1817 1213 mortuis,

227 1235 414 1290 salvus
456 1237 587 1291 eris.
628 1236 805 1290 COrde
850 1236 991 1289 enim
1023 1235 1259 1290 creditur
1302 1237 1367 1291 ad
1406 1235 1693 1305 justitiam,
1725 1240 1821 1292 ore

228 1333 410 1380 autem
438 1326 709 1381 confessio
734 1325 794 1380 fit
817 1328 881 1380 ad
910 1325 1159 1382 salutem.
1193 1314 1303 1382 Hoc
1329 1338 1411 1383 eat
1441 1330 1661 1383 verbum
1691 1342 1823 1382 eon-

224 1428 504 1471 summans
531 1426 585 1472 et
604 1418 880 1485 brevians,
912 1419 1054 1487 quod
1083 1419 1208 1473 fecit
1230 1419 1370 1473 Deus
1390 1434 1555 1488 super
1587 1428 1817 1475 terrain:

226 1522 334 1576 qua
362 1509 827 1565 consummatione
866 1518 1025 1579 atque
1050 1510 1311 1565 brevitate
1339 1511 1473 1564 lafro
1494 1508 1819 1580 justiﬁeatus

218 1608 336 1669 est,
363 1601 453 1672 qui
480 1601 670 1657 deﬁxis
702 1602 752 1656 in
780 1613 937 1656 cruce
960 1601 1209 1657 omnibus
1231 1604 1509 1669 membris,
1534 1613 1588 1657 et
1619 1602 1821 1660 habens

227 1689 397 1745 libera
429 1690 545 1745 bare
573 1690 703 1756 duo,
731 1690 895 1745 corde
913 1691 1144 1746 credidit
1173 1692 1237 1744 ad
1259 1691 1538 1760 justitiam,
1569 1707 1663 1748 ore
1692 1704 1821 1748 con-

1924 504 2229 575 bemur,,u't
2272 513 2633 582 accipiamus:
2659 528 2923 583 quarrere,
2957 524 3013 568 ut
3042 515 3379 569 inveniamus
3406 535 3420 571 :
3452 527 3508 573 et

1928 600 2162 666 pulsare,
2212 612 2271 657 ut
2308 607 2581 674 aperiatur
2621 608 2794 663 nobis.-
2831 605 3018 661 Nonne
3062 606 3348 676 aliquando
3390 609 3505 677 ipsa

1921 691 2093 745 oratio
2122 703 2302 751 nostra
2332 700 2408 752 sic
2433 690 2607 769 tepida
2629 711 2733 767 est,
2767 700 2848 754 vel
2877 700 3050 769 potius
3072 699 3258 769 frigida
3290 700 3341 756 et
3368 707 3506 769 pene

1924 782 2085 850 nulla,
2125 794 2182 838 ut
2210 801 2389 856 neque
2442 792 2543 846 hoc
2586 792 2639 846 in
2691 791 2846 846 nobis
2881 806 3002 845 cum
3032 790 3217 845 dolore
3258 792 3505 846 adverta-

1920 872 2075 927 ωιιεῖ
2113 876 2236 942 quia
2282 878 2329 931 si
2360 880 2446 934 vel
2477 880 2579 936 hoc
2623 882 2889 947 dolemus,
2929 881 3039 950 jam
3088 887 3324 937 oramus.
3364 886 3504 950 Quid

1919 980 2048 1035 ergo
2074 968 2220 1026 aliud
2249 974 2551 1030 08tenstur
2598 976 2773 1043 nobis,
2816 976 2921 1031 nisi
2953 977 3076 1047 quia
3113 984 3169 1031 et
3209 980 3413 1047 petere,
3451 982 3507 1034 et

1929 1059 2172 1130 quaerere
2200 1103 2215 1124 ,
2244 1073 2298 1117 et
2327 1066 2540 1132 pulsare
2571 1068 2660 1120 ille
2685 1070 2925 1121 concedit
2957 1110 2970 1131 ,
3002 1085 3091 1137 qui
3124 1072 3235 1122 haec
3261 1080 3315 1122 ut
3344 1072 3506 1124 iacia-

1930 1156 2048 1205 tnus
2066 1152 2240 1220 jubet.
2277 1153 2444 1223 Igitur
2467 1172 2571 1209 non
2601 1156 2829 1210 volentis
2851 1197 2865 1219 ,
2901 1172 3073 1225 neque
3102 1158 3386 1220 currentis,
3409 1158 3504 1214 sed

1933 1241 2235 1296 miserentis
2275 1250 2357 1295 est
2397 1242 2532 1296 Dei:
2576 1246 3005 1313 Quandoquidem
3052 1261 3149 1299 nec
3179 1247 3318 1301 velle
3350 1288 3363 1311 ,
3410 1261 3511 1301 nec

1932 1346 2151 1387 currere
2185 1374 2199 1396 ,
2250 1335 2351 1387 nisi
2380 1350 2447 1390 eo
2477 1348 2727 1390 monente
2769 1338 2931 1405 atque
2964 1339 3228 1392 excitante
3253 1378 3268 1402 ,
3312 1340 3511 1408 poteri-

1934 1436 2072 1475 mus;
2107 1422 2258 1486 Quod
2305 1423 2349 1476 si
2391 1425 2583 1477 electio
2616 1426 2671 1477 tit
2699 1425 2873 1493 aliqua
2904 1465 2917 1485 ,
2949 1434 3003 1478 ut
3033 1427 3109 1478 sic
3150 1427 3508 1495 intelligamus

1928 1510 2070 1578 quod
2105 1510 2304 1564 dictum
2352 1522 2437 1566 est
2483 1530 2495 1566 :
2529 1512 2791 1582 lleliquiie
2840 1529 2934 1581 per
2969 1516 3284 1570 electionem
3326 1517 3512 1586 gratia

1933 1601 2094 1653 salva:
2126 1602 2279 1667 facta:
2308 1606 2455 1667 sunt,
2484 1619 2587 1657 non
2613 1614 2670 1658 nt
2692 1605 3320 1673 justiﬁeatorumelectio
3340 1607 3511 1663 ﬁatau

1932 1692 2095 1744 vitam
2124 1702 2382 1747 aeternam
2413 1735 2427 1758 ,
2473 1696 2565 1750 sed
2599 1706 2656 1750 ut
2691 1698 2953 1767 eligantur
2978 1700 3066 1767 qui
3104 1699 3463 1766 justiﬁcentur
3486 1737 3503 1763 ,

225 1782 404 1838 fessus
432 1792 517 1838 est
543 1784 609 1837 ad
639 1783 893 1848 salutem,
924 1782 1211 1853 statimque
1240 1783 1425 1837 audire
1449 1785 1644 1839 meruit
1672 1802 1684 1839 :
1713 1785 1819 1839 llo-
1850 1784 1899 1846 B
1929 1781 2077 1838 certe
2108 1784 2181 1840 ita
2207 1787 2413 1841 occulta
2451 1795 2535 1841 est
2573 1788 2766 1841 electio
2800 1830 2813 1853 ,
2859 1799 2916 1844 ut
2961 1792 3012 1845 in
3046 1791 3232 1846 eadem
3259 1804 3513 1861 consper-

216 1876 319 1931 ‘die
348 1890 558 1931 mecum
607 1875 717 1930 eris
757 1876 809 1930 in
853 1873 1124 1946 paradiso.
1166 1874 1638 1945 Consequerentur
1676 1878 1819 1932 enim

216 1965 369 2021 bona
397 1982 562 2037 opera
592 1965 733 2038 ejus,
775 1968 819 2022 si
872 1974 1117 2038 per-cpta
1150 1967 1320 2038 gratia
1352 1967 1443 2021 diu
1474 1967 1613 2023 inter
1638 1967 1820 2023 hami-‘-

220 2069 329 2111 nes
357 2058 579 2115 viveret.
612 2057 723 2113 Nec
753 2066 930 2114 tamen
957 2074 1018 2114 ea
1048 2067 1460 2129 puere-serant,
1492 2067 1549 2112 ut
1573 2057 1817 2113 eamdem

220 2150 456 2218 gratiam
487 2160 805 2217 mereretur,
837 2168 902 2205 ex
927 2152 1209 2206 latrocinio
1240 2150 1374 2205 ﬁxus
1405 2152 1458 2204 in
1488 2164 1727 2216 crucem,
1753 2165 1820 2205 ει

216 2244 390 2297 ‘cruce
420 2242 475 2296 in
501 2243 808 2311 paradisum
832 2245 1142 2297 translatus.
1185 2243 1255 2297 Et
1280 2243 1419 2297 sicut
1448 2241 1711 2310 praedixit,-
1740 2245 1820 2295 in-

212 2330 360 2400 quit,
394 2330 595 2387 Isaias:
627 2334 738 2388 Nisi
771 2334 1030 2389 Dominus
1054 2334 1292 2389 Sabaoth
1326 2333 1631 2403 reliquisset
1658 2333 1819 2388 nobis

232 2436 445 2489 semen,
476 2425 614 2479 sicut
639 2425 871 2481 Sodoma
905 2428 1027 2482 facti
1059 2442 1322 2493 essemus,
1346 2437 1402 2483 et
1422 2429 1563 2483 sicut
1590 2426 1820 2482 Gomor-

226 2514 325 2568 rlia
357 2514 561 2569 similes
589 2512 900 2571 fuissemus.
937 2517 1089 2585 Quod
1121 2518 1208 2574 hic
1235 2519 1330 2587 ait,
1362 2518 1686 2590 Reliquisset
1717 2534 1815 2574 no-

227 2605 313 2660 bis
343 2620 529 2661 semen
559 2624 571 2658 :
602 2606 707 2661 hoe
734 2606 1115 2678 ibizlteliquia:
1135 2610 1299 2664 Stlle
1328 2609 1473 2665 ﬁent.
1509 2610 1699 2665 Caneri
1723 2622 1817 2665 an;

224 2708 338 2755 tem
381 2701 695 2771 perditiOnis
728 2718 855 2758 vasa
897 2702 1078 2759 debito
1117 2704 1379 2773 suppliCio
1406 2704 1697 2773 perierunt.
1749 2703 1816 2761 Et

218 2805 328 2845 non
365 2807 553 2848 omnes
584 2795 791 2863 perisse
829 2796 968 2850 sicut
999 2784 1230 2851 Sodoma
1256 2805 1311 2850 et
1340 2794 1662 2862 Gomorrha,
1706 2812 1812 2852 non

216 2882 470 2937 meritum
499 2897 684 2938 eorum
717 2885 861 2950 fecit,
892 2887 985 2941 sed
1020 2887 1185 2955 gratia
1215 2887 1309 2941 Dei
1349 2887 1703 2958 relinquentis
1726 2904 1812 2942 se-

216 2980 369 3040 men,
402 2976 543 3031 unde
573 2977 674 3031 alia
709 2979 901 3033 messis
927 2988 1038 3033 toto
1070 2979 1203 3034 orbe
1225 2987 1594 3049 consurgeret.
1627 2981 1737 3035 Hoc
1758 2988 1813 3035 ει

215 3068 381 3138 paulo
410 3079 526 3139 post
554 3086 568 3122 :
600 3068 690 3125 Sic
720 3085 870 3141 ergo,
899 3072 1091 3142 inquit,
1117 3084 1171 3128 et
1198 3072 1252 3127 in
1286 3074 1388 3128 hoc
1421 3082 1662 3142 tempore
1685 3074 1811 3128 relio‘

1928 1878 2083 1932 sione
2111 1878 2269 1932 nobis
2301 1886 2520 1947 prorsus
2553 1890 2813 1947 apparere
2843 1896 2946 1934 non
2982 1882 3182 1950 possit,
3216 1891 3309 1937 aut
3343 1882 3387 1936 si
3418 1894 3513 1951 ap-

1926 1962 2080 2036 paret
2109 1964 2429 2038 quibusdam
2456 2008 2474 2035 ,
2507 1984 2605 2038 ego
2637 1973 2687 2022 in
2716 1971 2815 2024 bac
2850 1985 2908 2025 re
2939 1971 3303 2026 inﬁrmitatem
3334 1986 3510 2027 meam

1926 2050 2119 2114 fateor.
2149 2059 2265 2114 Non
2292 2061 2436 2114 enim
2468 2060 2639 2116 habeo
2668 2061 2809 2130 quod
2832 2062 3043 2117 intuear
3070 2063 3122 2115 in
3146 2063 3404 2132 eligendis
3423 2063 3513 2117 Ιιοο

1930 2149 2167 2206 minibus
2196 2150 2262 2205 ad
2300 2152 2526 2221 gratiam
2556 2153 2847 2207 salutarem
2876 2193 2890 2217 ,
2922 2153 2966 2207 si
2996 2153 3062 2207 ad
3094 2167 3325 2208 examen
3351 2152 3511 2221 hujus

1924 2239 2204 2296 electionis
2231 2242 2407 2312 aliqua
2434 2242 2759 2311 cogitatione
2789 2242 3071 2312 permittor
3095 2288 3110 2311 ,
3145 2243 3249 2297 nisi
3275 2242 3358 2298 vel
3391 2250 3507 2297 mao'

1917 2326 2009 2397 jus
2034 2331 2305 2401 ingenium
2332 2371 2349 2398 ,
2392 2333 2474 2387 vel
2509 2332 2716 2387 minora
2748 2343 2963 2402 peccata
2994 2374 3008 2398 ,
3058 2334 3145 2387 vel
3176 2342 3502 2401 utrumque,

1923 2422 2182 2477 addamus
2212 2424 2397 2491 etiam,-
2423 2425 2471 2480 sl
2500 2426 2691 2496 plaeet,
2722 2426 2973 2483 honestas
3006 2427 3269 2497 utilesque
3308 2427 3511 2481 doctrié

1922 2527 2039 2567 nas.
2084 2513 2336 2582 Quisquis
2367 2531 2496 2585 ergo
2524 2516 2686 2571 fuerit
2724 2532 2879 2587 quam
2913 2519 3147 2572 minimis
3178 2516 3411 2587 peccatis
3437 2519 3509 2571 ir-

1922 2606 2114 2659 retitus
2149 2614 2311 2674 atque
2341 2609 2637 2662 maculatus
2667 2609 2812 2678 (nam
2840 2610 3001 2663 nullis
3031 2609 3153 2679 quis
3178 2617 3351 2676 potest
3365 2608 3433 2678 ηδ
3453 2616 3507 2663 ει

1919 2709 2044 2751 acer
2066 2698 2301 2767 ingenio,
2336 2708 2390 2754 et
2417 2700 2727 2756 liberalibus
2748 2703 2957 2757 artibus
2984 2703 3276 2772 expolitus,
3298 2703 3505 2772 eligené

1919 2790 2023 2847 dus
2062 2792 2273 2848 videtur
2301 2795 2366 2848 ad
2406 2798 2652 2865 gratiam.
2706 2796 2811 2854 Sed
2838 2808 2957 2853 cum
3006 2799 3109 2853 hoc
3137 2809 3399 2867 statuero,
3434 2805 3504 2854 ita

1929 2896 2015 2938 tite
2044 2883 2239 2939 ridebit
2267 2885 2355 2940 ille
2385 2889 2473 2954 qui
2504 2886 2717 2942 inﬁrma
2764 2889 2949 2943 mundi
2976 2889 3157 2959 elegit,
3189 2900 3245 2944 ut
3279 2890 3508 2945 confun-

1930 2976 2022 3030 dat
2058 2976 2239 3044 fortia,
2265 2988 2317 3032 et
2349 2979 2508 3033 stulta
2546 2981 2750 3046 mundi,
2777 2991 2833 3036 ut
2859 2985 3148 3037 confundat
3190 2986 3459 3055 sapientes
3487 3003 3503 3041 :

1928 3082 1984 3126 ut
2018 3088 2139 3127 eum
2185 3073 2400 3128 intuens
2442 3083 2498 3128 et
2533 3074 2738 3143 pudore
2781 3084 3077 3142 correctus,
3119 3092 3218 3146 ego
3256 3078 3508 3133 irrideant

215 3160 363 3228 quia:
392 3174 486 3229 per
510 3161 828 3216 electionem
862 3164 1045 3231 gratiae
1074 3163 1241 3216 salvm‘
1267 3162 1419 3217 facta:
1448 3173 1590 3218 sunt.
1630 3163 1686 3218 Si
1717 3162 1810 3216 ad-
1840 3168 1886 3232 α
1921 3163 2142 3226 inultos,
2169 3174 2223 3216 et
2255 3178 2363 3231 pra:
2387 3164 2704 3231 quibusdam
2738 3168 3106 3233 peccatoribus
3128 3169 3417 3235 castiores,
3451 3178 3507 3224 et

216 3252 331 3306 tem
363 3252 554 3320 gratia,
574 3252 684 3321 jam
709 3264 814 3306 non
840 3262 903 3308 ex
926 3254 1214 3323 operibus:
1241 3254 1475 3322 alioquin
1504 3255 1674 3324 gratia
1699 3255 1810 3323 jam

216 3356 331 3397 non
355 3351 437 3397 est
465 3345 655 3412 gratia.
690 3344 826 3411 Quid
852 3345 1013 3414 ergo?
1043 3345 1185 3413 quod
1209 3347 1481 3413 qua3rebat
1502 3346 1685 3411 Israel,
1713 3346 1814 3402 hoc

216 3449 329 3492 non
354 3445 438 3491 est
464 3445 804 3503 consecutus,
834 3438 1025 3492 electio
1060 3447 1236 3491 autem
1260 3446 1546 3493 consecuta
1578 3450 1679 3503 est,
1706 3456 1812 3493 cre-

216 3528 323 3584 teri
350 3544 479 3583 vero
510 3531 763 3584 excaecati
788 3540 932 3585 sunt.
962 3529 1262 3585 Censecuta
1294 3538 1419 3584 sunt
1447 3547 1567 3585 vasa
1600 3531 1811 3585 miseri-

215 3618 443 3688 cordiae,
485 3630 749 3676 exctecata
794 3632 918 3677 sunt
957 3632 1082 3676 vasa
1134 3624 1225 3677 irae
1251 3639 1263 3674 :
1289 3639 1352 3678 ex
1396 3624 1582 3679 eadem
1633 3634 1810 3679 tamen

216 3711 625 3779 c'onspersione.
669 3712 796 3779 Quis
827 3712 968 3768 enim
1000 3714 1247 3768 discutiet
1296 3730 1456 3783 opera
1492 3715 1701 3769 Domini
1743 3732 1810 3770 ex

213 3800 411 3856 eadem
440 3805 825 3874 canspersione
854 3808 1015 3857 unum
1048 3804 1373 3870 damnantis,
1400 3807 1626 3859 alterum
1654 3817 1811 3875 ιιιειι-

217 3892 493 3953 ῆειιιιιίετη
530 3892 782 3949 Liberum
834 3894 1123 3949 voluntatis
1178 3895 1457 3950 arbitrium
1518 3897 1808 3966 plurimum

214 3984 363 4039 valet
389 4003 403 4039 :
430 3985 537 4041 imo
566 4000 750 4041 verum
775 3996 857 4041 est
880 3987 1122 4056 quidem,
1154 3989 1247 4042 sed
1275 3989 1328 4042 in
1362 3990 1682 4043 venundatis
1711 3991 1813 4045 sub

218 4078 593 4149 peccatoiquid
621 4080 799 4133 valet?
826 4078 981 4145 Caro,
1017 4080 1211 4151 inquit,
1248 4083 1581 4152 concupiscit
1617 4084 1810 4138 adrer-

213 4181 313 4223 sus
356 4168 624 4237 spiritum,
670 4171 891 4240 spiritus
921 4173 1179 4243 adversus
1226 4188 1441 4229 carnem
1471 4192 1485 4228 :
1512 4184 1569 4228 ιιι
1613 4192 1715 4229 non
1747 4192 1809 4229 ea

216 4277 342 4332 qua:
365 4262 527 4317 vultis
558 4261 786 4319 faciatis.
813 4264 1130 4335 Praecipitur
1162 4275 1221 4319 ut
1245 4276 1390 4321 recte
1420 4268 1679 4332 vivamus,
1711 4267 1812 4321 hac

219 4354 408 4424 utique
445 4356 694 4415 mercede
736 4357 1031 4424 proposita,
1066 4368 1123 4410 nt
1164 4359 1218 4411 in
1260 4368 1520 4413 aeternum
1554 4361 1707 4415 beate
1734 4362 1811 4415 vi-

216 4462 349 4503 vere
378 4462 705 4502 mereamur.
730 4447 837 4503 Sed
863 4450 981 4516 quis
1008 4459 1183 4517 potest
1205 4460 1349 4503 recte
1372 4452 1573 4515 vivere,
1597 4460 1651 4506 et
1673 4453 1810 4507 bene
1870 4494 1875 4499 .

1920 3267 2029 3323 pra:
2059 3253 2376 3321 quibusdam
2410 3255 2763 3322 piscatoribus
2789 3264 3048 3311 oratores.
3084 3259 3271 3312 Nonne
3312 3259 3506 3313 adveré

1918 3345 2081 3397 timus
2123 3345 2318 3398 multos
2370 3345 2557 3400 ﬁdeles
2583 3355 2797 3401 nostros
2841 3348 3177 3403 ambulantes
3207 3350 3341 3404 viam
3385 3350 3503 3417 Dei,

1916 3447 1981 3486 ex
2025 3433 2171 3486 nulla
2203 3444 2354 3501 parte
2403 3434 2616 3504 ingenio
2648 3437 2954 3503 comparari
2983 3453 2997 3492 :
3031 3449 3136 3492 non
3167 3438 3341 3493 dicam
3371 3449 3503 3510 quo:

1917 3526 2162 3579 ruindam
2206 3526 2614 3590 haereticorum,
2664 3528 2759 3582 sed
2801 3532 2964 3583 etiam
3011 3531 3329 3586 mimorum?
3370 3535 3501 3588 ltent

1916 3630 2094 3670 nonne
2118 3616 2363 3671 videmus
2380 3618 2640 3687 quosdam
2670 3621 2913 3676 homines
2941 3623 3217 3693 utriusque
3243 3638 3424 3694 sexus,
3448 3626 3499 3681 in

1914 3709 2179 3778 coniugali
2214 3710 2458 3764 castitate
2507 3711 2755 3766 viventes
2785 3712 2901 3767 sine
2946 3715 3186 3783 qu:rela,
3234 3725 3289 3770 et
3323 3724 3503 3773 tamen‘

1917 3802 1995 3855 vel
2020 3800 2322 3868 ltzereticos,
2356 3802 2439 3857 vel
2470 3817 2731 3873 paganos,
2760 3804 2845 3859 vel
2876 3806 3036 3860 etiam
3075 3806 3127 3860 in
3156 3820 3282 3862 vera
3315 3809 3419 3864 lide
3452 3818 3506 3864 et

1915 3904 2038 3945 vera
2074 3892 2311 3947 Ecclesia
2356 3893 2435 3947 sic
2476 3895 2710 3963 tepidos,
2745 3904 2802 3951 ut
2838 3910 2938 3950 eos
2968 3898 3224 3954 miremur
3253 3902 3503 3955 meretri-

1914 3998 2033 4038 cum
2066 3994 2120 4039 et
2158 3984 2485 4039 histrionum
2523 3987 2707 4042 subito
2749 4001 3132 4044 conversurum
3174 4005 3281 4044 non
3328 3996 3502 4045 solum

1916 4078 2176 4146 patientia
2225 4085 2280 4131 et
2332 4080 2708 4147 temperantia,
2755 4081 2849 4133 sul
2894 4082 3056 4136 etiam
3102 4083 3225 4149 ﬁde,
3278 4100 3394 4154 spe,
3447 4094 3504 4139 et

1913 4168 2174 4222 cliaritate
2212 4169 2494 4236 superari?
2543 4170 2731 4224 licatat
2772 4186 2923 4240 ergo,
2972 4180 3029 4224 ut
3074 4172 3374 4227 voluntates
3404 4176 3504 4228 eli-

1914 4267 2148 4329 gantur:
2178 4258 2275 4312 sed
2314 4260 2564 4314 voluntas
2606 4260 2741 4329 ipsa,
2790 4261 2896 4315 nisi
2936 4261 3138 4328 aliquid
3180 4265 3499 4329 occurrerit,

1912 4348 2053 4416 quod
2093 4347 2323 4401 delectet
2364 4358 2523 4415 atque
2565 4349 2754 4401 invitet
2806 4348 3067 4411 animum,
3108 4354 3308 4401 moveri
3354 4352 3501 4404 nullo

1914 4438 2074 4491 modo
2109 4444 2300 4505 potest.
2338 4437 2451 4490 Hoc
2479 4446 2654 4489 autem
2688 4446 2746 4489 ut
2773 4447 3038 4499 occurrat,
3070 4452 3173 4490 non
3212 4450 3295 4491 est
3328 4440 3379 4492 in
3413 4440 3507 4493 ho-

217 4539 459 4606 θρα-πί,
490 4539 589 4592 nisi
623 4539 947 4607 iusiiﬁcams
977 4554 1042 4595 εχ
1077 4539 1219 4593 “de?
1252 4540 1564 4609 praecipitur
1593 4550 1652 4595 ιιι
1685 4557 1806 4596 σε-
1836 4542 1890 4603 D
1916 4527 2075 4580 minis
2106 4535 2392 4596 potestate.
2425 4526 2560 4593 Quid
2588 4524 2800 4579 volebat
2834 4525 3044 4591 Saulus,
3081 4527 3182 4581 nisi
3219 4528 3495 4597 invadere,

220 4627 433 4691 damus,
465 4637 519 4680 ut
543 4626 685 4681 dono
715 4638 936 4698 accepto
961 4628 1189 4697 Spiritus
1212 4631 1403 4692 sancti,
1438 4646 1533 4699 per
1563 4632 1807 4687 dilectio-

216 4731 345 4771 nem
390 4717 535 4781 bene,
570 4719 780 4787 cperari
824 4721 1114 4788 possimus.
1171 4720 1279 4776 Sed
1322 4722 1438 4783 quis
1478 4725 1653 4791 potest
1690 4740 1806 4778 cre-

219 4806 370 4877 dere,
418 4810 517 4864 nisi
566 4812 741 4882 aliqua
774 4814 1077 4880 vocatione,
1110 4813 1212 4869 hoc
1254 4824 1358 4880 est,
1407 4816 1582 4885 aliqua
1624 4832 1803 4872 rerum

219 4898 596 4959 testiﬁcatione
640 4904 926 4971 tangatur?
966 4903 1099 4971 Quis
1128 4904 1286 4959 habet
1320 4906 1372 4960 in
1406 4914 1670 4974 potestate
1712 4909 1804 4962 tali

220 4991 342 5043 visu
391 4992 577 5061 attingi
628 5002 859 5046 mentem
909 5007 1083 5059 suam,
1129 5010 1233 5063 quo
1262 4998 1377 5064 ejus
1415 4998 1660 5053 voluntas
1689 5012 1806 5052 mo,

219 5090 406 5135 veatur
433 5081 498 5135 ad
534 5082 718 5137 tidem?
759 5084 888 5152 Quis
917 5097 1094 5140 autem
1123 5088 1302 5141 animo
1329 5089 1685 5157 amplectitur,
1708 5093 1806 5145 ali-

220 5173 377 5240 quid,
401 5174 542 5242 quod
575 5193 695 5232 eum
725 5193 829 5231 non
862 5177 1125 5232 delectat?
1157 5180 1262 5234 Aut
1290 5180 1409 5249 quis
1436 5180 1594 5239 habet
1625 5184 1675 5238 in
1712 5200 1807 5253 po-

222 5266 436 5331 testate,
471 5275 527 5322 ut
557 5268 640 5323 vel
671 5278 941 5332 occurrat,
980 5269 1118 5337 quod
1149 5286 1267 5325 eum
1310 5271 1576 5327 delectare
1617 5275 1802 5341 possit,

221 5358 298 5412 vel
328 5357 556 5414 delectet
586 5376 705 5415 cum
738 5362 1070 5417 occurrerit?
1101 5362 1235 5417 Cum
1281 5377 1408 5431 ergo
1436 5378 1533 5417 nos
1563 5378 1625 5418 ea
1652 5364 1800 5419 dele-

221 5456 365 5501 ctant
396 5449 587 5519 quibus
629 5452 973 5520 proﬁciamus
1025 5452 1088 5505 ad
1129 5452 1317 5515 Deum,
1358 5453 1647 5521 inspiratur
1678 5453 1798 5521 hoc,

222 5549 271 5591 et
300 5540 571 5609 prmbetur
590 5544 757 5611 gratia
788 5543 903 5605 Dei,
934 5556 1037 5597 non
1074 5554 1205 5597 nutu
1238 5554 1418 5598 nostra
1440 5552 1492 5597 et
1519 5544 1797 5610 industria,

224 5640 314 5682 aut
359 5646 577 5700 operum
611 5649 723 5688 mer
749 5637 814 5688 tis
860 5645 1238 5702 comparatur:
1273 5637 1391 5705 quia
1427 5645 1480 5689 ut
1513 5634 1579 5688 sit
1622 5646 1799 5691 motus

220 5721 528 5789 voluntatis,
562 5733 614 5779 ut
644 5724 713 5779 sit
742 5725 1003 5779 industria
1033 5726 1215 5795 studii,
1259 5735 1315 5780 ut
1344 5727 1451 5781 sint
1479 5740 1643 5796 opera
1669 5728 1794 5781 cha-

1917 4620 2149 4686 trahere,
2203 4620 2426 4683 vincire,
2474 4629 2667 4673 necare
2705 4620 3071 4673 Christianos?
3101 4636 3259 4689 quam
3308 4625 3495 4680 rabida

1916 4714 2185 4779 voluntas,
2217 4727 2376 4781 quam
2402 4712 2624 4776 furiosa,
2651 4726 2810 4780 quam
2839 4713 3012 4767 caeca!
3046 4714 3146 4780 Qui
3178 4724 3354 4769 tamen
3391 4726 3496 4773 nna’

1912 4808 2144 4874 desuper
2175 4820 2308 4860 voce
2333 4814 2651 4874 prostratus,
2678 4813 2994 4859 occurrente
3024 4810 3206 4874 utique
3235 4808 3326 4861 tali
3352 4811 3496 4875 visu,

1910 4912 2016 4967 quo
2045 4913 2198 4951 niens
2229 4898 2315 4950 illa
2343 4906 2396 4951 et
2424 4896 2688 4962 voluntas,
2718 4895 2943 4950 refracta
2970 4896 3193 4960 szevitia,
3214 4908 3500 4970 retorque-

1913 4997 2059 5042 retur
2092 4998 2146 5042 et
2176 4989 2540 5058 corrigeretur
2576 4987 2643 5041 ad
2674 4987 2858 5052 ﬁdem,
2903 4996 3122 5055 repente
3153 5002 3217 5041 ex
3251 4988 3499 5055 Evanged

1916 5080 1970 5134 lii
2016 5080 2248 5135 mirabili
2280 5091 2647 5149 persecutore,-
2694 5080 2990 5135 mirabdior
3021 5080 3339 5148 praedicator
3366 5081 3497 5135 effe-

1911 5183 2031 5227 ctus
2060 5185 2161 5227 est.
2188 5174 2251 5227 Et
2280 5183 2459 5229 tamen
2491 5175 2615 5244 quid
2656 5172 2925 5229 dicimus?
2964 5174 3207 5241 Nunquid
3240 5174 3493 5242 iniquitas

1910 5277 1991 5318 est
2019 5266 2157 5333 apud
2190 5264 2392 5321 Deum?
2430 5267 2734 5337 exigentem
2765 5282 2795 5321 a
2834 5281 2939 5336 quo
2970 5266 3165 5335 placet,
3200 5268 3489 5320 donantein

1911 5357 1995 5410 cui
2023 5361 2197 5426 placet
2222 5376 2235 5412 :
2274 5360 2362 5428 qui
2393 5375 2730 5429 nequaquam
2760 5359 2924 5428 exigit
2947 5358 3265 5422 indebitum,
3291 5373 3494 5427 nequa-

1911 5463 2067 5515 qurim
2111 5448 2274 5503 «lauat
2318 5450 2575 5504 alienum.
2631 5448 2880 5516 Nunquid
2928 5447 3181 5516 iniquitas
3228 5456 3311 5501 est
3353 5446 3493 5514 apud

1915 5537 2125 5591 Deum?
2159 5540 2331 5593 Absit.
2358 5541 2535 5607 Quare
2561 5550 2735 5592 tamen
2771 5539 2888 5592 huic
2914 5540 3006 5605 ita,
3040 5551 3090 5591 et
3116 5538 3234 5590 Itttic
3259 5554 3362 5591 non
3389 5538 3495 5591 ita?

1909 5632 1952 5683 υ
1982 5632 2158 5695 homo,
2201 5645 2253 5684 tu
2288 5634 2407 5701 quis
2450 5633 2545 5687 es?
2576 5632 2811 5687 debitum
2842 5630 2887 5685 si
2931 5646 3035 5685 non
3080 5631 3280 5694 reddis,
3326 5631 3494 5686 habes

1906 5725 2045 5793 quod
2074 5725 2357 5793 gratuler-is
2379 5742 2393 5781 :
2419 5726 2463 5779 si
2495 5723 2699 5793 reddis,
2728 5738 2833 5778 non
2862 5724 3026 5779 habes
3058 5726 3194 5794 quod
3220 5728 3491 5795 queraris.
