4004 6354
513 287 613 343 887

1564 291 1859 348 PRIMASH
1902 290 2351 348 ADRUMETANI
2396 293 2608 350 EPISC.

3653 296 3757 357 483

508 403 799 458 Credamus
842 411 1067 466 tantum,
1094 405 1194 458 etsi
1235 418 1426 474 capere
1462 420 1565 458 non
1608 407 1880 458 valeamus
1909 449 1923 470 ,
1954 419 2084 472 quo-
2119 408 2164 466 Α
2192 407 2346 459 dico:
2381 408 2631 476 Nunquid
2677 407 2843 461 Israel
2888 424 2988 461 non
3020 409 3287 478 cognorit?
3313 408 3562 479 Nunquid
3599 409 3759 465 Israel

513 498 654 550 niam
680 499 769 566 qui
805 498 1106 552 universam
1147 509 1468 561 creaturam,
1498 508 1545 550 et
1571 499 1860 564 spiritalem
1891 510 1940 550 et
1966 513 2086 550 cor-

513 589 772 657 poralem,
816 589 937 642 fecit
969 599 1023 644 et
1044 589 1297 646 condidit.
1321 590 1496 641 omnia
1524 591 1573 642 in
1613 606 1855 653 numero,
1882 600 1935 643 et
1959 605 2088 657 pou-

511 681 660 743 dere,
702 690 754 736 et
793 697 1040 734 mensura
1090 682 1325 750 disponit
1366 681 1504 735 :sed
1545 684 1907 736 inscrutabilia
1965 691 2088 736 sunt

515 770 712 839 judicia
743 773 882 842 ejus,
908 783 960 825 et
998 772 1395 840 investigabiles
1438 773 1534 826 viae
1566 774 1700 841 r-jus.
1741 774 1987 825 Dicamus
2020 772 2092 824 al-

522 863 698 928 leluia,
749 874 802 917 et
847 863 1210 916 collaudcmus
1257 865 1542 926 canticum,
1586 876 1637 918 et
1678 881 1782 917 non
1826 865 2086 929 dicamus,

519 955 645 1024 quid
679 956 810 1008 hoc?
839 964 926 1006 aut
963 953 1086 1022 quid
1127 954 1244 1007 hic?
1271 954 1459 1007 Omnia
1490 955 1630 1008 enim
1653 954 1704 1008 in
1729 964 1966 1024 tempore
1994 969 2090 1008 suo

516 1055 693 1100 creata
723 1053 865 1100 SUDL

514 1201 671 1270 (Item
711 1204 773 1256 de
812 1203 942 1256 libro
978 1206 1505 1275 sccundo'AuJustini
1536 1209 1602 1258 ad
1646 1206 2090 1275 Simplicianum.)

584 1314 837 1369 Diabolus
879 1316 1039 1370 etiam
1075 1318 1260 1372 volens
1303 1333 1497 1372 nocere
1523 1320 1664 1386 illa“)
1703 1321 1816 1373 viro
1841 1319 1960 1382 Job,
1997 1336 2090 1376 no-

510 1405 664 1458 cendi
695 1406 906 1474 quidem
940 1407 1213 1462 voluntate
1255 1409 1499 1461 diabolus
1536 1421 1673 1471 erat,
1721 1411 1811 1462 sed
1849 1422 2025 1464 tamen
2060 1427 2089 1464 a

515 1495 744 1550 Domino
777 1497 886 1551 Deo
914 1508 1228 1567 potestatem
1274 1501 1509 1566 petebat,
1553 1502 1736 1555 d-cens
1763 1519 1776 1554 :
1805 1503 1948 1555 Mitte
1983 1522 2094 1557 tnu-

518 1603 644 1643 num
670 1598 836 1655 tuam,
861 1600 914 1644 et
951 1601 1109 1660 tange
1133 1608 1347 1647 carnem
1373 1595 1507 1662 ejus,
1536 1598 1775 1664 quamvis
1802 1599 1901 1650 hoc
1929 1609 2090 1665 esset,

513 1681 558 1734 si
590 1682 1002 1748 permitteretur,
1036 1685 1146 1750 ipse
1191 1684 1426 1737 facturus
1451 1700 1464 1738 :
1492 1686 1658 1752 ipsam
1691 1687 1828 1738 enim
1869 1689 2090 1754 permis-

2192 511 2294 548 nou
2320 501 2566 564 cognovit
2593 508 2779 566 gentes
2814 513 2934 552 esse
2962 499 3274 553 salvandas?
3313 501 3406 553 sed
3442 501 3655 568 quando
3688 502 3763 554 Ie-

2191 589 2383 654 gebant
2418 591 2742 653 testimonia,
2769 593 2834 644 de
2858 592 3143 661 proselytis
3175 591 3283 645 dici
3313 592 3628 656 credebant,
3656 608 3758 645 non

2190 678 2258 731 de
2299 681 2548 733 universo
2597 681 2812 734 mundo.
2858 681 3064 734 Primus
3106 680 3306 749 Moyses
3347 683 3515 734 dicit:
3549 681 3658 753 Ego
3697 683 3760 732 ad

2191 771 2565 822 inmutationem
2595 787 2678 823 cos
2701 773 2978 826 adducam.
3009 772 3145 838 Quia
3174 772 3432 826 debuistis
3461 775 3762 841 exemplum

2194 863 2452 930 praebere,
2481 875 2534 914 ut
2561 873 2746 932 gentes
2777 879 2871 918 vos
2899 865 3255 928 imitarentur,
3290 874 3345 918 ut
3377 865 3579 919 relictis
3610 866 3764 919 idolis

2193 965 2375 1004 verum
2407 952 2569 1004 Deum
2593 955 2854 1006 colerent.
2883 953 3032 1008 Nunc
3057 955 3138 1008 vel
3165 955 3286 1009 illos
3316 954 3619 1021 imitamini,
3646 955 3768 1023 quia

2188 1039 2295 1108 jam
2327 1043 2400 1095 illi
2435 1043 2571 1096 idola
2605 1060 2705 1096 tton
2743 1045 2944 1098 colunt.
2976 1045 3040 1097 In
3067 1062 3164 1098 non
3203 1055 3421 1115 gentem.
3465 1049 3766 1114 Antequam

2192 1134 2471 1188 crederent
2505 1135 2632 1203 Deo,
2664 1152 2765 1190 nun
2812 1148 2927 1190 erat
2958 1154 3085 1206 gens
3120 1139 3231 1192 Dei.
3262 1138 3424 1204 Quasi
3465 1138 3628 1194 dicat.
3678 1153 3769 1193 eos

2194 1227 2283 1294 qui
2331 1242 2432 1280 non
2473 1235 2625 1281 erant
2655 1245 2782 1296 gens
2823 1245 2934 1283 mei
2972 1246 3126 1294 voco,
3169 1240 3223 1284 et
3268 1230 3490 1284 credent
3541 1233 3672 1284 mihi
3704 1231 3766 1284 ad

2195 1315 2425 1370 vetitram
2471 1317 2942 1373 irritationemzut
2988 1322 3180 1388 quibus
3227 1321 3485 1374 debuistis
3535 1322 3768 1388 majores

2193 1420 2333 1470 esse,
2363 1408 2640 1474 gaudeatis
2677 1411 2718 1462 si
2752 1411 2829 1463 eis
2858 1411 3166 1478 :BqUumitti.
3197 1411 3344 1466 Sicut
3385 1413 3426 1464 si
3458 1411 3651 1479 aliquis
3681 1414 3766 1464 ha-

2195 1496 2318 1551 beat
2350 1497 2515 1552 liliutn
2562 1499 2978 1562 inobedienteni,
3022 1510 3074 1553 rt
3121 1501 3186 1553 ad
3231 1502 3608 1570 corrigendum
3649 1517 3764 1555 eum

2195 1590 2472 1643 dimidium
2499 1592 2874 1658 patrimOnium
2906 1594 2995 1647 dt-t
3017 1607 3191 1659 servo,
3229 1605 3282 1648 et
3308 1606 3491 1662 postea
3524 1596 3615 1650 ille
3645 1612 3764 1649 con-

2197 1696 2380 1735 versus
2404 1683 2630 1747 gaudeat
2658 1684 2703 1737 si
2737 1683 2883 1738 aliud
2913 1686 3186 1738 dimidium
3213 1688 3470 1741 meruerit
3501 1689 3759 1755 accipere.

516 1772 723 1826 sionem
754 1774 966 1841 petebat
993 1773 1090 1827 hoc
1117 1775 1298 1838 modo,
1337 1785 1389 1829 et
1420 1791 1632 1829 manum
1669 1777 1875 1829 Domini
1917 1781 2093 1846 appet-
2124 1771 2168 1830 Β
2199 1772 2259 1825 In
2283 1784 2479 1844 gentem
2507 1775 2826 1843 insipientem
2857 1777 2908 1830 in
2947 1780 3075 1830 iram
3108 1796 3194 1831 ros
3224 1782 3438 1832 mittant.
3473 1779 3617 1834 Gens
3645 1782 3760 1835 insi.

517 1862 679 1926 labat,
718 1865 1028 1931 permissam
1079 1880 1105 1915 a
1159 1865 1383 1918 Domino
1427 1881 1637 1919 manum
1680 1884 1849 1931 suam,
1893 1869 1940 1920 id
1988 1877 2088 1933 est,

518 1953 684 2020 ipsam
720 1962 1032 2021 potestatem
1075 1970 1231 2022 quam
1283 1958 1492 2010 volebat
1534 1957 1798 2023 amipere.
1833 1958 1926 2011 Cui
1967 1974 2093 2011 Cun-

518 2044 658 2110 gruit
693 2045 818 2097 illud
861 2046 912 2098 in
963 2045 1282 2113 Evangelia,
1341 2049 1483 2113 quod
1535 2049 1788 2102 Dominus
1819 2051 2093 2120 discipulis

513 2135 633 2186 ait:
666 2134 772 2188 llac
811 2144 966 2189 nocte
1007 2137 1294 2203 posmlavit
1337 2138 1565 2191 Satanas
1593 2155 1785 2194 vexare
1826 2157 1918 2194 vos
1957 2141 2095 2195 sicut

514 2228 767 2283 triticum.
815 2227 992 2283 Dictus
1041 2246 1167 2299 ergo
1206 2232 1423 2301 spiritus
1467 2234 1559 2286 Dei
1610 2235 1804 2301 mulus,
1854 2235 1951 2288 hoc
1989 2244 2092 2300 est,

513 2320 757 2374 minister
783 2319 874 2374 Dei
901 2321 964 2373 ad
996 2320 1293 2375 faciendum
1327 2323 1521 2376 malum
1549 2324 1598 2376 in
1624 2326 1769 2386 Saul,
1807 2325 1947 2392 qttod
1971 2341 2091 2378 eum

514 2411 620 2478 pati
674 2409 836 2476 judex
886 2411 1436 2478 omnipotentissimus
1478 2415 1784 2481 judicabat,
1840 2417 2090 2484 quoniam

513 2497 735 2565 spiritus
773 2497 861 2552 ille
887 2499 1157 2554 voluntate
1185 2515 1285 2569 qua
1319 2503 1486 2555 malus
1513 2513 1649 2565 erat,
1683 2518 1786 2556 non
1823 2513 1936 2556 erat
1966 2504 2087 2556 Dei:

511 2595 754 2644 creatura
784 2605 931 2652 vero,
957 2605 1058 2658 qua
1085 2592 1332 2645 conditus
1377 2607 1514 2660 erat;
1549 2604 1601 2647 et
1641 2605 1902 2662 poteStalc
1933 2611 2090 2664 quam

511 2693 618 2732 non
648 2693 764 2746 sua,
816 2679 909 2734 sed
954 2681 1161 2736 Domini
1217 2685 1452 2737 (.mnium
1498 2687 1744 2754 aequitate
1789 2696 2086 2754 acceperat,

511 2773 604 2828 Dei
631 2783 764 2830 erat.
797 2775 944 2840 item,
981 2776 1057 2829 ira
1103 2778 1332 2831 hominis
1363 2779 1561 2832 fervidi
1605 2791 1707 2845 θεῖε
1740 2790 1792 2834 et
1828 2795 1930 2834 non
1975 2781 2092 2834 sine

508 2865 748 2918 cruciatu
777 2866 938 2920 animi
972 2883 984 2920 :
1012 2867 1088 2920 ira
1120 2882 1246 2920 vero
1273 2868 1360 2921 Dei
1389 2869 1456 2922 de
1478 2884 1578 2937 qua
1610 2870 1803 2922 dicitur
1835 2871 1883 2921 in
1913 2870 2087 2922 Evan-

511 2956 688 3024 gelio:
733 2954 836 3009 Sed
874 2956 948 3008 ira
993 2955 1082 3008 Dei
1122 2965 1299 3009 manet
1338 2971 1500 3025 super
1539 2973 1685 3021 eum,
1721 2959 1811 3012 illo
1843 2959 1893 3012 in
1939 2969 2086 3011 trari-

508 3048 769 3116 quillitate
795 3048 995 3118 jugiter
1027 3059 1392 3114 permanente,
1431 3065 1550 3103 cum
1590 3060 1833 3106 creatura
1876 3051 2084 3107 subdia

450 3168 452 3170 τ
507 3151 722 3195 exercet
751 3138 1054 3193 admirabili
1097 3139 1346 3208 :equitate
1377 3139 1684 3195 vindictam.

578 3231 672 3286 llic
698 3231 805 3300 jam
832 3231 1018 3286 ordine
1040 3231 1106 3285 ad
1134 3241 1414 3286 tractatum
1452 3248 1700 3289 reversus
1721 3235 1959 3304 Apostoli
1984 3245 2084 3290 est.

511 3321 648 3378 Nam
677 3323 808 3375 idem
839 3320 1087 3376 Dominus
1130 3323 1355 3376 omnium
1384 3339 1402 3377 :
1433 3326 1567 3378 dives
1609 3327 1662 3378 in
1699 3343 1868 3380 omnes
1903 3329 1990 3394 qui
2018 3327 2091 3380 in-

504 3424 682 3467 vocant
720 3415 885 3468 illum.
925 3414 1103 3468 Omnis
1137 3416 1293 3480 enim,
1329 3418 1613 3487 quicunque
1657 3417 1961 3470 invocat-erit
2001 3434 2091 3470 no-

507 3522 619 3558 nnn
650 3507 878 3569 Domini,
916 3512 1084 3560 salvus
1121 3510 1234 3561 erit.
1268 3509 1414 3564 Unus
1459 3511 1598 3562 Deus
1624 3511 1888 3573 omnium,
1927 3518 1980 3562 et
2013 3510 2092 3563 di-

507 3611 602 3649 ves
641 3597 691 3649 in
742 3597 1143 3660 misericordia,
1189 3598 1414 3650 salutem
1461 3598 1648 3658 habet,
1700 3599 1838 3650 unde
1884 3597 2092 3664 utrique

507 3687 722 3739 tribuat.
759 3688 1023 3750 Quomodo
1052 3703 1169 3754 ergo
1200 3689 1499 3740 invocabant
1526 3689 1577 3740 in
1616 3704 1760 3755 quem
1788 3705 1888 3740 non
1918 3689 2084 3740 credi-

507 3777 727 3828 derunt?
756 3786 843 3828 aut
867 3776 1120 3844 quomodo
1144 3779 1344 3829 credent
1377 3779 1444 3842 ei,
1475 3794 1619 3842 quem
1649 3795 1747 3830 non
1781 3779 2092 3832 audierunt?

516 3872 834 3940 Interrogat,
870 3879 923 3926 et
952 3872 1285 3940 postmodum
1328 3873 1440 3942 ipse
1470 3873 1754 3942 respondet
1783 3892 1796 3928 :
1829 3875 2089 3939 Quomodo

513 3973 683 4015 autem
712 3965 920 4017 audient
948 3966 1056 4018 sine
1087 3968 1428 4034 pra'dicante?
1475 3967 1738 4032 Quomodo
1766 3982 1879 4019 vero
1906 3966 2091 4033 pracdi-

520 4056 722 4122 cabunt,
756 4057 852 4109 nisi
891 4057 1197 4111 mittantur?
1227 4061 1356 4126 Quia
1391 4075 1656 4126 nunquam
1697 4061 1761 4113 ad
1804 4061 1922 4113 illos
1968 4075 2090 4128 pro~

510 4146 686 4214 pheta:
725 4147 873 4203 misSi
913 4160 1056 4204 sunt.
1091 4150 1235 4204 Sicut
1267 4153 1509 4220 scriptum
1535 4161 1645 4206 est:
1673 4152 1838 4218 Quam
1877 4152 2090 4220 speciosi

505 4243 656 4307 pedes
693 4241 1145 4312 evangelisantium
1185 4261 1390 4313 pacem,
1435 4246 1890 4313 euangelizandum
1919 4245 2089 4297 bona!

505 4330 730 4386 Istorum
762 4334 924 4401 pedes
965 4339 1102 4389 bene
1132 4345 1373 4403 currunt,
1409 4346 1462 4390 et
1507 4337 1734 4402 ει)ροίσεὶ
1782 4345 1928 4402 sunt,
1996 4336 2084 4404 qui

501 4425 837 4477 annuntiant.
875 4426 1086 4479 Illorum
1129 4437 1304 4480 autem
1347 4429 1434 4494 qui
1489 4428 1554 4480 ad
1599 4429 1861 4481 vanitates
1903 4426 2082 4480 saeculi

505 4598 807 4668 Evangelia.
854 4601 909 4654 Si
958 4618 1022 4656 ne
1068 4604 1140 4656 illi
1176 4607 1390 4672 quidem
1435 4607 1752 4660 obedierunt
1779 4651 1792 4671 ,
1843 4608 1904 4659 ad
1946 4623 2080 4674 quos

505 4691 590 4744 isti
622 4690 988 4754 mittebantur,
1016 4697 1282 4761 quomodo
1321 4697 1392 4748 illi
1420 4699 1694 4758 obediunt,
1720 4701 1806 4766 qui
1843 4716 1945 4752 nun
1981 4716 2079 4754 au-

503 4783 748 4836 dierunt?
786 4783 954 4838 Isaias
981 4787 1112 4838 enim
1143 4789 1286 4849 dicit,
1327 4789 1557 4854 Domine,
1587 4793 1699 4859 quis
1739 4793 1952 4846 credidit
1981 4813 2078 4846 au-

502 4871 634 4924 ditui
673 4874 881 4927 nostro?
910 4875 1074 4940 Quis?
1105 4893 1200 4943 pro
1233 4879 1267 4930 d
1293 4881 1544 4934 lticultate
1587 4883 1730 4935 dicit.
1777 4881 1914 4952 Ergo
1954 4887 2026 4952 ﬁt!
2055 4905 2080 4941 s

500 4976 563 5014 ea:
605 4963 808 5028 auditu,
861 4963 1066 5017 auditus
1111 4975 1279 5020 autem
1334 4985 1422 5036 per
1465 4969 1666 5023 verbum
1713 4969 1922 5024 Christi.
1976 4972 2079 5027 Re-

499 5053 717 5120 sponsio
764 5053 1003 5122 Apostoli
1047 5055 1148 5110 hoc
1203 5059 1368 5126 magis
1417 5070 1600 5113 contra
1655 5060 1869 5116 Judreos
1926 5062 2073 5128 dicit,

497 5144 691 5209 quibus
721 5152 774 5197 et
800 5159 892 5213 per
923 5146 1091 5215 legem
1127 5157 1180 5200 et
1224 5165 1314 5215 per
1345 5153 1630 5218 prolihetas
1665 5151 1958 5218 promissus
1993 5163 2076 5205 est

497 5221 763 5300 Christus,
801 5247 856 5290 et
891 5240 1097 5291 venisse
1140 5246 1358 5295 cretere
1397 5228 1603 5296 nolunt.
1652 5243 1714 5295 Et
1740 5244 1898 5296 docet
1928 5242 2074 5296 testi-

499 5329 693 5381 tnoniis
741 5329 1087 5396 sequentibus
1128 5332 1244 5398 quia
1302 5332 1369 5384 ita
1417 5343 1522 5396 est,
1575 5341 1628 5386 et
1675 5335 2070 5387 excusationem

496 5405 692 5470 nullam
721 5417 1007 5472 habebunt.
1044 5419 1148 5475 Sed
1178 5422 1332 5474 dico:
1360 5421 1603 5489 Nunquid
1634 5438 1732 5475 non
1771 5423 2074 5476 audierunt?

493 5517 541 5560 et
573 5510 774 5573 quidem
802 5510 852 5562 in
894 5526 1089 5563 onmem
1122 5522 1304 5564 terram
1333 5513 1481 5564 exivit
1522 5528 1674 5565 sonus
1712 5528 1905 5574 eorum,
1943 5522 1991 5564 et
2020 5514 2071 5565 in

495 5601 622 5665 ﬁrm
657 5601 790 5654 orbis
819 5612 969 5656 terra:
1000 5603 1144 5656 verba
1191 5621 1385 5656 eorum.
1416 5606 1538 5658 Vult
1580 5607 1678 5659 hoc
1711 5607 2068 5661 testimonium

494 5706 588 5760 per
611 5691 917 5761 allegoriam
940 5693 1006 5749 de
1037 5695 1250 5749 vocibus
1278 5696 1655 5764 prophetarum
1692 5697 1934 5766 itllt'lligi.
1965 5698 2068 5750 Sed

2202 1866 2372 1933 picus,
2419 1879 2540 1934 qua:
2583 1867 2756 1936 legem
2790 1867 2882 1923 Dei
2917 1877 3021 1924 non
3074 1871 3322 1935 habebat,
3373 1872 3484 1925 sive
3514 1887 3620 1924 non
3657 1879 3761 1926 erat

2199 1970 2349 2023 gens,
2392 1957 2514 2024 quia
2549 1959 2743 2011 mortui
2795 1965 2950 2013 erant
2998 1960 3229 2028 peccatis
3261 1976 3353 2028 per
3391 1961 3758 2028 idololatriam,‘

2198 2049 2332 2100 sicut
2356 2047 2387 2100 d
2412 2049 2483 2100 cit
2512 2049 2578 2103 de
2609 2066 2712 2102 non
2746 2051 2996 2105 credente
3017 2067 3029 2104 :
3052 2051 3165 2106 Jam
3185 2051 3451 2120 judicatus
3473 2061 3576 2105 est.
3607 2054 3760 2104 Isaias

2196 2148 2361 2188 autem
2387 2138 2559 2202 audet,
2589 2147 2634 2191 et
2663 2141 2806 2192 dicit.
2841 2141 3034 2205 Audet,
3060 2142 3178 2206 quia
3205 2156 3306 2193 non
3337 2142 3486 2194 timet
3517 2141 3759 2209 populum

2195 2227 2521 2283 Judzeorum.
2557 2230 2797 2284 Inventus
2833 2248 2946 2285 sum
2986 2249 3083 2284 non
3114 2233 3452 2301 quaerentibus
3496 2249 3594 2286 me.
3631 2232 3759 2286 Gen-

2197 2328 2274 2373 tes
2303 2333 2421 2387 qute
2449 2335 2553 2374 non
2586 2322 2893 2388 quzcrebant
2937 2321 3102 2376 Deum
3134 2321 3286 2389 cujus
3331 2336 3429 2376 nec
3476 2322 3642 2390 legem
3676 2324 3758 2386 lia-_

2194 2409 2408 2474 hebant,
2456 2426 2549 2481 per
2588 2428 2748 2481 quam
2789 2427 2907 2466 eum
2949 2422 3267 2479 qurrerent.
3325 2410 3508 2462 Palam
3553 2412 3756 2479 apparui

2194 2501 2256 2553 iis
2291 2503 2379 2569 qui
2431 2517 2505 2553 me
2537 2518 2637 2554 non
2684 2499 3084 2570 interrogabant.
3133 2498 3328 2575 Gentes
3360 2513 3463 2552 non
3497 2499 3658 2551 Deum
3688 2500 3755 2564 in-l

2194 2591 2555 2660 terrogahant,
2605 2592 2698 2646 sed
2734 2591 2872 2658 idola
2919 2599 2972 2644 et
3021 2588 3441 2660 mathematicos.
3492 2588 3572 2639 Ad
3603 2586 3752 2639 Israel

2191 2690 2354 2734 autem
2396 2683 2540 2734 dicit.
2570 2683 2666 2747 Qui
2703 2694 2806 2736 tam
2839 2681 2977 2736 bene
3022 2681 3194 2736 sensit
3228 2679 3294 2732 de
3336 2668 3607 2748 gentibus,
3641 2693 3753 2731 ecce

2191 2772 2314 2842 quid
2340 2772 2468 2826 dicit
2501 2773 2568 2826 de
2595 2771 2813 2827 Judaeis.
2847 2771 2959 2824 Non
2992 2771 3164 2824 solum
3191 2785 3319 2838 ergo
3348 2776 3533 2835 gentes
3566 2769 3755 2837 eligen-

2191 2863 2309 2926 das,
2341 2863 2434 2917 sed
2457 2864 2615 2918 etiam
2642 2880 2706 2917 ex
2737 2863 2897 2918 lsrael
2927 2863 3228 2918 incredulos
3256 2861 3617 2931 repellendos,
3642 2874 3754 2915 ante

2194 2955 2505 3024 praedictum
2553 2965 2652 3008 est.
2707 2955 2809 3008 Per
2853 2955 3160 3023 allegoriam
3209 2953 3457 3007 extensio
3514 2967 3757 3026 manuum

2195 3062 2408 3100 crucem
2457 3046 2736 3115 signiﬁcat.
2779 3045 2907 3098 Tota
2951 3046 3033 3098 die
3062 3047 3282 3116 expendi
3313 3061 3494 3097 manus
3535 3061 3666 3097 meas
3691 3043 3756 3095 ad

2117 3129 2163 3193 C
2195 3140 2440 3206 papulum
2477 3154 2577 3191 non
2609 3138 2886 3191 credentem
2919 3146 2965 3191 et
2993 3138 3436 3191 contradicentem.
3469 3137 3604 3191 Toto
3630 3146 3756 3190 lem-

2193 3244 2322 3298 pore
2369 3229 2632 3283 mirabilia
2679 3229 2991 3293 ostendens.
3050 3239 3103 3285 et
3147 3244 3244 3284 nec
3296 3232 3375 3284 sic
3422 3229 3758 3302 credidistis,

2196 3330 2390 3387 quanta
2441 3319 2511 3372 sit
2554 3320 2722 3388 pietas
2765 3319 2856 3373 Dei
2885 3337 2900 3375 :
2927 3330 2982 3374 ut
3030 3321 3082 3374 in
3115 3321 3329 3374 modum
3372 3314 3619 3384 nuiricis,
3651 3307 3760 3389 quze

2195 3411 2303 3463 vult
2345 3410 2614 3480 parvulum
2666 3409 2924 3479 prolicere
2971 3422 3027 3465 ut
3083 3413 3358 3476 ambulet,
3397 3412 3489 3480 qui
3542 3415 3758 3464 necdum

2192 3504 2445 3567 amhulat,
2471 3503 2726 3570 expandit
2744 3519 2952 3569 manus,-
2987 3513 3043 3558 ut
3067 3505 3131 3558 ad
3156 3484 3297 3558 illam
3320 3504 3501 3558 veniat
3528 3519 3542 3556 :
3567 3516 3616 3558 et
3642 3504 3758 3556 dum

2193 3595 2257 3645 ad
2289 3594 2304 3645 i
2331 3595 2433 3671 lam
2466 3595 2606 3662 cupit
2641 3597 3475 3672 p8l‘\'Clllfe,ldiSC-IlDillblliLII'C.
3511 3597 3601 3650 Sic
3631 3597 3760 3650 Deus

2195 3666 2466 3737 beneliciis
2493 3686 2602 3737 suis
2643 3688 2857 3752 semper
2895 3666 2959 3739 ad
2988 3701 3045 3738 se
3082 3669 3366 3740 Colendum
3401 3686 3621 3740 Judmvs
3651 3702 3763 3753 pro—

2195 3779 2421 3848 vocavt,
2469 3777 2559 3828 sed
2604 3777 2676 3828 illi
2708 3776 2758 3830 iit
2810 3792 2902 3830 sua
2947 3777 3339 3848 claudicatione
3371 3787 3762 3844 remanserunt.

2262 3847 2390 3918 CAP.
2425 3881 2496 3919 tu.
2538 3848 2668 3918 Dico
2704 3883 2821 3934 ergo
2848 3882 2865 3920 :
2890 3849 3139 3936 Nunquid
3168 3870 3348 3937 repulit
3394 3855 3646 3921 Dominus
3675 3885 3762 3935 po-

2192 3956 2369 4025 pulum
2393 3959 2578 4009 suum?
2600 3956 2731 4022 Quia
2761 3960 2888 4009 satis
2920 3958 3039 4012 illos
3073 3958 3385 4022 ltumiliaiit,
3420 3957 3581 4010 modo
3620 3956 3762 4026 quasi

2192 4044 2361 4099 bonus
2393 4047 2578 4098 doctor
2614 4056 2666 4099 et
2701 4061 2767 4100 ne
2809 4031 3129 4101 ettacerbare
3164 4047 3281 4100 illos
3315 4048 3487 4115 potius
3527 4046 3764 4100 videatur

2192 4136 2314 4189 dum
2343 4147 2673 4206 provocaret,
2698 4138 2846 4206 quasi
2881 4140 3183 4192 consolatur
3212 4153 3325 4191 eos.
3359 4138 3522 4191 Absit.
3557 4139 3670 4190 Non
3695 4137 3764 4191 sic

2191 4233 2284 4283 eos
2329 4229 2538 4297 repulit,
2590 4240 2644 4282 ut
2672 4229 2778 4296 jam
2811 4245 2913 4283 non
2946 4231 3169 4296 recipiat
3207 4245 3321 4294 eos,
3353 4230 3397 4283 si
3439 4219 3762 4282 crediderint

2191 4308 2332 4372 dono
2384 4320 2610 4373 Domini.
2661 4320 2801 4374 Nam
2833 4331 2878 4375 et
2909 4339 2998 4392 ego
3035 4321 3279 4376 Israelita
3317 4337 3450 4374 sum.
3484 4322 3537 4377 Si
3581 4314 3762 4375 omnes

2191 4414 2401 4480 penitus
2433 4413 2732 4481 repulisset,
2767 4430 2866 4467 nec
2909 4429 2992 4468 me
3025 4416 3206 4483 utique
3248 4415 3595 4468 attraxisset:
3627 4411 3758 4482 quod

503 4524 742 4576 currunt,-
778 4522 956 4580 turpes
994 4525 1120 4568 sunt
1146 4519 1326 4584 pedes.
1366 4490 1472 4571 .Sed
1510 4534 1609 4569 non
1641 4534 1813 4570 omnes
1844 4517 2079 4570 obediunt

2190 4506 2230 4557 si
2262 4506 2442 4570 etiam,
2473 4512 2532 4558 ut
2563 4507 2632 4558 ita
2663 4507 2859 4571 dicam,
2901 4521 2962 4560 ex
3009 4506 3086 4559 eis
3112 4509 3248 4559 alius
3276 4521 3381 4558 non
3422 4505 3756 4569 credidisset,

2188 4597 2290 4650 nisi
2319 4612 2436 4666 ego,
2470 4595 2642 4650 fuerat
2664 4598 2714 4650 iu
2741 4613 2823 4650 tne
2851 4598 3114 4667 completa
3151 4597 3433 4667 promissio
3463 4591 3577 4660 Dei,
3608 4610 3758 4674 quam

2189 4689 2416 4741 Abrahae
2449 4688 2654 4740 locutus
2706 4698 2783 4742 est
2812 4706 2822 4739 :
2852 4704 2955 4741 non
3000 4688 3171 4741 dicam
3202 4687 3342 4756 quod
3386 4686 3508 4740 lude
3537 4697 3618 4738 tot
3649 4685 3761 4738 mil-

2187 4779 2254 4832 lia
2294 4777 2638 4832 crediderunt
2681 4777 2819 4831 dono
2863 4777 2998 4845 ejus.
3051 4778 3131 4830 Ea:
3170 4779 3360 4830 semine
3402 4777 3660 4830 Abraham
3704 4777 3761 4827 de

2187 4856 2318 4922 tribu
2345 4867 2631 4936 Benjamin.
2661 4864 2775 4922 Non
2805 4864 2867 4922 ei
2903 4869 3205 4938 proselytis.
3244 4867 3363 4920 Non
3397 4868 3588 4936 repulit
3623 4864 3760 4918 Deus

2185 4960 2376 5030 plebem
2401 4975 2547 5013 suam
2568 4977 2720 5030 quam
2751 4947 3022 5031 pra'scivit.
3046 4954 3217 5036 Quam
3243 4958 3510 5028 prtescivit
3533 4973 3547 5010 :
3584 4957 3632 5010 id
3662 4965 3759 5020 est,

2187 5052 2583 5121 praedestinavit
2604 5050 2910 5106 salvandam
2931 5069 2941 5102 :
2959 5051 3080 5119 quia
3100 5066 3162 5105 ex
3183 5051 3293 5118 ipsa
3311 5047 3466 5116 plebe
3487 5047 3760 5130 multicref

2183 5127 2426 5200 diderunt
2446 5130 2777 5214 donogratize
2801 5131 3133 5211 Cliristizqui
3156 5130 3249 5214 [Ρ.
3283 5135 3428 5208 quia]
3459 5139 3596 5206 apud
3618 5127 3760 5220 illuni

2182 5227 2355 5290 iulura
2379 5237 2487 5305 jam
2521 5237 2655 5311 facta
2685 5245 2808 5320 sunt
2835 5252 2847 5288 :
2880 5236 2993 5288 sine
3025 5224 3187 5288 dubio
3218 5250 3344 5304 ergo
3376 5232 3642 5301 praescivit
3669 5247 3681 5280 :
3711 5238 3762 5320 et

2182 5331 2302 5395 quia
2326 5321 2613 5397 praescivit,
2647 5311 3043 5395 praedestinn‘tit
3071 5343 3082 5378 :
3110 5325 3204 5379 sed
3244 5318 3653 5393 prmdcstinasse
3681 5311 3760 5372 est

2182 5399 2533 5487 disposuisse,
2566 5419 2703 5486 quod
2739 5419 2906 5470 fuerat
2938 5418 3048 5482 ipse
3081 5417 3334 5468 facturus.
3369 5416 3446 5466 An
3474 5413 3676 5466 nescitis
3705 5410 3758 5461 in

2190 5514 2308 5565 Elia
2337 5515 2457 5580 quid
2493 5512 2614 5564 dicit
2647 5509 2955 5575 Scriptura?
2983 5495 3078 5564 L’bi
3123 5510 3378 5576 scriptum
3413 5516 3496 5560 est
3525 5506 3591 5559 de
3625 5505 3763 5589 lilia.’

2185 5604 2628 5668 Quemadmodum
2689 5602 2978 5672 interpellat
3033 5601 3190 5653 Deum
3247 5601 3491 5653 adversus
3557 5593 3758 5650 Isracl.’

2181 5680 2414 5761 Domine,
2449 5693 2721 5763 praphetas
2754 5702 2867 5746 tuos
2900 5683 3190 5746 occiderunt
3223 5692 3448 5743 :altaria
3477 5700 3564 5742 tua
3594 5684 3754 5750 sti/Id-
