4004 6354
207 338 318 394 ιεο

1078 332 1146 394 ΙΝ
1188 337 1567 395 EPIST‘OLAM
1610 339 1699 394 AD
1736 335 2056 393 ROMANOS
2093 336 2608 394 COMMENTARIA.

3351 347 3455 405 ιῖῢ

202 454 395 505 derunt
420 464 439 505 :
462 456 510 504 et
546 464 638 520 ego
678 450 881 506 refictus
910 466 1022 505 sum
1049 454 1273 516 solus,et
1296 462 1527 519 quterunt
1554 454 1777 506 animum
1807 453 1858 511 Α
1886 448 2061 520 Elegit
2088 465 2184 504 nos
2226 452 2281 505 in
2309 453 2427 521 ipso
2470 459 2594 506 ante
2634 451 3063 509 constitutionem
3096 457 3299 512 mundi.
3331 460 3455 517 liae

204 556 395 595 meam.
436 541 546 595 lloe
582 541 736 605 dicit,
764 558 831 597 ne
869 543 1210 611 superbirent
1239 545 1430 598 iterum
1473 552 1682 613 gentes,
1715 558 1780 599 eo

203 631 352 701 quod
386 647 451 687 ex
481 631 608 700 ipsis
635 633 785 688 multi
812 634 1175 702 crediderunt,
1207 650 1273 690 es
1313 635 1421 689 illis
1448 651 1575 691 vero
1608 637 1779 704 pauci,

205 724 277 777 ad
323 726 776 793 comparationem
822 727 1174 781 multitudinis
1222 728 1479 797 gentium.
1526 727 1632 783 Sed
1656 730 1782 798 quid

205 817 332 869 dicit
374 814 455 869 illi
496 832 796 884 responsum
835 818 1101 871 divinum?
1148 816 1426 886 Pmplteta:
1471 817 1600 873 illud
1641 820 1780 873 scie-

202 906 358 971 bant,
392 905 533 974 quod
586 906 687 960 illis
730 907 1026 961 dicebatur.
1060 905 1190 961 Nam
1230 908 1276 963 si
1321 910 1497 962 omnia
1539 918 1780 974 nossem,

204 994 378 1050 divini
408 996 583 1064 potius
611 994 937 1053 dicerentur.
970 997 1116 1051 Dixit
1145 1009 1197 1052 et
1228 1013 1317 1053 rex
1358 999 1424 1052 ad
1465 999 1776 1063 Jeremiam,

204 1086 266 1141 Si
298 1095 378 1141 est
405 1086 623 1141 verbum
670 1086 759 1141 Dei
791 1087 842 1141 in
873 1097 944 1142 te.
994 1087 1197 1159 Reliqui
1237 1089 1359 1141 mihi
1382 1099 1571 1159 septem
1614 1089 1782 1143 millia

203 1177 452 1230 virorum.
484 1177 540 1230 Si
575 1175 889 1245 prophetam
925 1180 1056 1232 tanti
1098 1178 1389 1245 latuerunt,
1420 1195 1526 1234 .v'us
1555 1188 1781 1249 quantos

204 1274 364 1334 putas
394 1281 553 1336 posse
584 1268 747 1320 latere
773 1267 862 1336 qui
883 1268 1120 1322 salvandi
1148 1270 1300 1323 sunt?
1330 1270 1628 1324 Notandum
1659 1272 1780 1341 quia

203 1370 318 1411 non
347 1356 500 1421 dixit,
542 1356 744 1411 ReliCIa
779 1367 940 1413 sunt:
976 1358 1320 1430 sed,Rt-liqui
1353 1360 1504 1415 milii.
1540 1362 1638 1428 Qui
1679 1379 1781 1417 non

200 1456 545 1500 curvaverant
575 1464 741 1518 genua
772 1460 888 1502 ante
912 1448 1066 1503 Baal.
1108 1451 1387 1517 Quomodo
1418 1453 1572 1507 malis
1606 1456 1783 1524 operi-

204 1538 311 1593 bus
342 1538 481 1593 Deus
511 1548 752 1610 negatur,
787 1542 855 1595 ita
885 1552 938 1597 et
969 1543 1167 1597 idolum
1197 1544 1469 1598 adoratur.
1502 1545 1613 1599 Non
1637 1548 1781 1601 enim

204 1638 413 1684 tantum
450 1629 542 1685 ille
568 1631 617 1685 ei
647 1633 836 1698 servit,
875 1634 965 1702 qui
998 1634 1072 1688 illi
1104 1634 1367 1697 immolat,
1397 1636 1534 1689 sicut
1560 1636 1624 1689 de
1652 1652 1780 1691 ava-

203 1719 331 1773 ritia
358 1720 505 1783 dicit,
546 1736 665 1790 quan
700 1729 783 1775 cst
807 1722 1211 1778 simulacrorum
1256 1725 1505 1779 servitus.
1546 1723 1636 1780 Sic
1663 1743 1779 1797 ergo

1882 550 1965 596 est
1982 542 2064 595 illa
2076 541 2287 604 electio.
2303 559 2406 613 qua
2423 559 2516 599 eos
2535 559 2669 614 quos
2693 544 2857 600 voluit
2871 546 3027 616 elegit
3046 547 3096 602 in
3109 547 3455 607 Cbristoantc

1882 633 2313 687 constitutionem
2351 635 2553 702 mundi,
2588 646 2643 689 ut
2676 646 2854 691 essent
2903 638 3095 693 sancti.
3126 640 3311 695 σαπενὶ
3339 658 3454 696 vero

1881 723 2119 774 excwcati
2139 731 2275 789 sunt,
2289 723 2665 793 sicutscriptum
2680 736 2771 780 est.
2801 727 3059 782 Excatcati
3078 738 3205 784 sunt
3222 747 3313 800 per
3334 733 3456 787 iulio

1882 811 2151 867 delitatcm
2171 832 2183 866 :
2201 816 2335 869 sicut
2353 818 2457 871 seri
2466 827 2611 885 ptum
2630 829 2737 873 est:
2754 821 2863 875 Nisi
2887 823 3239 893 credideritis,
3255 841 3357 880 non
3373 827 3455 883 in.

1883 901 2150 971 telligetis.
2186 903 2339 957 Dedit
2364 907 2467 960 illis
2493 910 2724 979 spiritum
2754 915 3179 982 compunctionis,
3205 918 3375 971 oculos
3400 927 3457 973 ut

1881 1008 1985 1046 non
1999 994 2217 1061 videant,
2234 1005 2278 1048 et
2290 1013 2437 1050 aures
2452 1009 2504 1051 ut
2518 1016 2618 1052 non
2633 1002 2863 1056 audiant.
2882 1004 2938 1056 Et
2952 1004 3020 1058 ibi
3036 1007 3290 1075 propheta
3304 1008 3371 1063 de
3385 1011 3458 1064 in-

1884 1082 2129 1139 ﬁdelibus
2153 1088 2347 1152 aiebat,
2382 1096 2436 1142 et
2459 1091 2820 1157 peccantibus.
2852 1094 3001 1149 Dedit
3036 1096 3141 1151 illis
3165 1098 3456 1155 Deuszboc

1880 1184 1982 1239 est,
2000 1176 2213 1230 tradidit
2236 1177 2352 1232 illos
2365 1177 2506 1233 Deus
2528 1180 2577 1234 in
2594 1179 2857 1237 desiderio
2870 1198 2987 1238 suo.
3012 1186 3106 1241 Dei
3124 1190 3352 1255 tradere,
3374 1206 3459 1245 rc-

1884 1264 2123 1333 linquere
2137 1276 2239 1322 est.
2257 1269 2511 1337 Spiritum
2537 1286 2653 1325 com
2662 1275 2982 1340 punctionis,
3009 1291 3165 1343 quem
3180 1279 3453 1343 volebant,

1883 1356 2027 1411 dedit
2052 1358 2157 1411 illis
2179 1359 2317 1414 Deus
2344 1379 2356 1412 :
2378 1363 2500 1431 quia
2526 1376 2737 1431 semper
2760 1364 3017 1420 increduli
3047 1366 3257 1422 fuerunt
3283 1371 3458 1425 verbis

1884 1445 2066 1511 Dei,et
2086 1449 2410 1518 difﬁdentes,
2433 1464 2484 1507 et
2505 1452 2919 1522 ideojustosunt
2939 1451 3031 1510 Dei
3050 1456 3252 1525 judicio
3274 1460 3461 1515 dereli-

1883 1540 1954 1592 eti
1972 1556 1983 1590 :
1999 1539 2069 1593 ita
2082 1551 2136 1595 et
2149 1542 2701 1614 nuncCltristiani,qui
2717 1545 2955 1599 dubitant
2970 1545 3033 1600 de
3046 1550 3455 1616 resurrectione,

1884 1636 1932 1680 et
1965 1630 2185 1696 prtemio
2206 1669 2219 1694 ,
2248 1640 2298 1683 et
2328 1630 2573 1699 geheuna
2597 1672 2611 1697 ,
2638 1632 2879 1701 spiritum
2910 1636 3336 1703 compunctiou's
3366 1639 3459 1693 lia-

1886 1716 2282 1774 bentadiabolo
2312 1722 2561 1775 infusum.
2592 1723 2759 1792 Usque
2783 1725 2833 1777 in
2863 1724 3161 1779 hodiernum
3183 1726 3335 1782 diem.
3364 1728 3460 1783 Us-

201 1820 255 1866 et
280 1814 330 1865 in
359 1812 452 1867 hoc
473 1823 692 1881 tempore
720 1815 948 1882 reliquie:
982 1816 1256 1868 secundant
1281 1815 1575 1870 electionem
1602 1820 1784 1888 gratia:
1814 1818 1859 1878 B
1888 1821 2096 1877 ‘l‘le‘luo
2112 1819 2489 1865 οοηνθτιίηιιυτ
2509 1812 2570 1864 ί¹ι¹
2597 1812 2760 1867 Deum
2787 1831 2800 1867 ε
2825 1817 3089 1883 τιυοωοάυ
3111 1816 3178 1872 de
3200 1819 3461 1873 "Clamiﬂe

201 1902 365 1959 salva:
391 1904 539 1975 factm
563 1912 702 1959 sunt.
744 1902 895 1960 Sicut
932 1919 1059 1972 ergo
1098 1914 1221 1960 tunc
1250 1920 1353 1960 non
1395 1921 1578 1962 omnes
1611 1910 1782 1978 perie-

203 2005 357 2062 runt,
396 1997 466 2050 ita
508 2006 561 2051 et
598 2012 739 2052 nunc
782 1994 1038 2069 aliquanti
1081 1996 1390 2054 salvantur:
1421 2006 1627 2071 tempus
1666 2000 1781 2055 ele-

204 2086 406 2141 ctionis
454 2090 612 2143 modo
654 2098 735 2143 est
773 2108 785 2143 :
819 2102 1069 2146 caeterum
1110 2093 1200 2163 qui
1244 2096 1412 2153 credit
1458 2109 1620 2160 nunc,
1654 2103 1779 2150 tunc

207 2174 513 2230 mercedem
540 2178 782 2247 accipiet.
817 2178 878 2235 Si
899 2192 1064 2234 autem
1098 2183 1401 2251 gratio,non
1429 2201 1489 2238 ea:
1520 2184 1779 2254 operibus.

204 2266 355 2322 Inter
376 2271 594 2337 gratiam
619 2282 671 2326 et
695 2272 1215 2341 prazdestinatiouem
1244 2276 1344 2329 hoc
1366 2276 1608 2344 interest,
1639 2279 1778 2348 quod

201 2358 610 2425 praedestinatio
638 2370 719 2416 est
742 2364 925 2431 gratiae
957 2365 1302 2433 praeparatio:
1323 2367 1491 2436 gratia
1522 2383 1647 2422 vero
1671 2370 1776 2440 jam

202 2448 322 2517 ipsa
364 2449 603 2505 donatio.
643 2450 792 2519 Quod
833 2452 908 2507 ait
950 2454 1273 2521 Apostolus:
1303 2456 1472 2526 Ipsius
1514 2460 1655 2514 enim
1687 2475 1776 2515 su-

202 2552 325 2595 mus
369 2540 675 2612 ﬁgmentum
714 2544 881 2598 creati
921 2546 971 2598 in
1013 2545 1226 2601 Christo
1261 2547 1387 2604 Jesu
1428 2550 1479 2604 in
1525 2552 1779 2619 operibus

204 2632 361 2688 bonis
387 2652 400 2688 :
424 2637 592 2705 gratia
622 2644 723 2692 est.
754 2636 903 2704 Quod
948 2647 1126 2695 autem
1170 2644 1408 2711 seQuitnr
1436 2660 1449 2697 :
1476 2645 1602 2712 Qua:
1644 2661 1780 2715 pra--

203 2727 417 2793 paravit
447 2728 587 2783 Deus
629 2737 689 2784 ut
731 2730 785 2784 in
834 2731 937 2786 illis
977 2734 1333 2801 ambulemus,
1379 2739 1779 2806 praedestinatio

202 2827 308 2870 est.
340 2817 404 2872 Et
431 2833 495 2873 ne
512 2820 750 2875 dicerent
776 2821 851 2876 illi
877 2823 1023 2877 :Sub
1045 2824 1156 2878 Elia
1174 2824 1304 2895 justi
1333 2837 1505 2894 erant,
1540 2829 1627 2883 isti
1651 2843 1778 2884 vero

204 2917 514 2971 peccatores
552 2912 999 2980 suntzquomodo
1045 2928 1173 2984 ergo
1221 2929 1312 2969 eos
1367 2916 1494 2970 dicit
1541 2918 1775 2973 elec:os?

200 2998 469 3068 subjecit:
497 2999 627 3068 Quia
659 3016 749 3057 eos
795 3004 961 3072 gratia
994 3003 1117 3059 fecit
1155 3021 1275 3062 esse
1304 3010 1608 3077 credentes,
1658 3010 1779 3066 ideo

202 3100 331 3143 sunt
372 3091 534 3158 gratis
576 3093 783 3148 salvati.
833 3092 1013 3149 Gratia
1063 3098 1206 3152 enim
1254 3098 1377 3155 ideo
1411 3101 1623 3169 dicitur,
1655 3104 1776 3173 quia

1886 1899 2060 1953 carnis
2086 1898 2151 1954 ad
2180 1899 2486 1956 Corinthios
2514 1911 2735 1956 tractat:
2762 1904 2891 1959 Cum
2920 1907 3371 1965 conversifuerint
3390 1911 3456 1964 ad

1889 1991 2076 2059 Deum,
2103 1992 2369 2047 auferetur
2389 1994 2649 2048 velamen.
2677 1994 2741 2047 Et
2767 1996 2930 2050 David
2957 1998 3088 2052 dixit
3108 2016 3125 2051 :
3146 2000 3263 2053 Fiat
3289 2018 3462 2057 mensa

1882 2096 2057 2134 eorum
2080 2082 2130 2134 in
2151 2080 2409 2150 laqueum,
2434 2094 2478 2136 et
2505 2085 2555 2136 in
2579 2085 2884 2152 capionem,
2910 2096 2954 2139 et
2988 2088 3037 2140 in
3050 2091 3380 2161 scandalum,
3411 2104 3462 2148 cc

1883 2173 1935 2225 in
1964 2172 2342 2231 retributionem
2372 2175 2515 2249 ipsis.
2553 2176 2661 2234 lloc
2680 2176 2746 2234 de
2782 2178 2884 2235 illis
2911 2177 3071 2246 dicit,
3111 2182 3197 2253 qui
3228 2183 3465 2242 Salvato-

1882 2279 1993 2322 rem
2026 2273 2178 2323 aceto
2206 2280 2258 2323 et
2305 2269 2426 2324 felle
2457 2280 2769 2339 potaverunt
2816 2290 2828 2326 :
2871 2283 2925 2328 et
2970 2283 3145 2329 tamen
3176 2276 3303 2343 ipsis
3333 2277 3467 2335 dicit

1883 2358 2072 2416 Petrus
2103 2377 2119 2415 :
2154 2361 2217 2415 Et
2240 2376 2409 2431 nunc,
2446 2363 2667 2430 fratres,
2700 2364 2812 2420 scio
2841 2367 2959 2435 quia
2993 2383 3085 2437 per
3108 2369 3458 2439 ignoran'iam

1882 2450 2080 2507 fecistis
2107 2452 2206 2506 ltoc
2249 2470 2262 2504 :
2298 2453 2625 2522 pmnitemini
2665 2470 2824 2523 ergo,
2869 2466 2924 2511 et
2965 2459 3258 2525 baptizetur
3299 2479 3464 2521 unus-

1880 2542 2103 2609 quisque
2136 2553 2395 2598 vestrum.
2430 2545 2493 2597 Et
2536 2545 2650 2612 ipse
2694 2544 2885 2602 Paulus
2911 2558 3031 2617 post
3056 2553 3356 2609 modicum:
3391 2557 3464 2613 Et

1881 2621 1979 2697 illi,
2005 2631 2047 2684 si
2076 2647 2176 2684 non
2208 2634 2597 2701 permanserint
2624 2637 2674 2690 in
2708 2637 3096 2709 incredulitate,
3129 2642 3456 2703 inserentur.

1885 2721 2228 2776 Ubscurentur
2257 2726 2389 2778 oculi
2415 2742 2590 2779 eorum
2614 2768 2629 2793 ,
2658 2744 2721 2780 ne
2748 2730 2947 2785 videant
2978 2747 2996 2786 :
3027 2743 3071 2785 e:
3104 2734 3311 2791 dorsum
3340 2738 3464 2793 illo-

1878 2829 1993 2866 rum
2022 2830 2220 2883 semper
2262 2817 2486 2870 incurva.
2520 2819 2760 2883 Quantliu
2804 2821 2935 2875 tales
2972 2832 3118 2877 sunt.
3147 2824 3273 2880 Dico
3302 2844 3457 2897 ergo,

1880 2906 2133 2977 Nunquid
2159 2909 2232 2961 sic
2258 2907 2603 2974 o/I'enderunt,
2636 2918 2690 2964 ut
2719 2912 2997 2968 caderent?
3021 2913 3180 2971 Absit.
3216 2916 3326 2974 Hoc
3353 2931 3459 2987 est,

1879 3005 1938 3051 ut
1974 2998 2231 3053 caderent
2274 2999 2328 3053 in
2377 3001 2679 3054 teternum?
2725 3003 2895 3057 Absit.
2956 3004 3186 3061 Possunt
3240 3018 3458 3076 tamen,

1880 3091 2120 3155 quamvis
2160 3104 2253 3143 sua
2302 3091 2575 3144 voluntate
2616 3094 2945 3164 ceciderint,
2991 3098 3320 3154 illumi..ante
3365 3101 3459 3156 Dei

200 3182 370 3252 gratis
394 3181 571 3250 datur,
612 3184 768 3238 nullis
800 3186 1220 3254 praecedentibus
1260 3191 1485 3245 meritis.
1522 3192 1778 3248 Prmcedit

1884 3179 2068 3248 gratia,
2105 3193 2342 3248 surgere.
2370 3178 2475 3235 Sed
2502 3182 2707 3233 illorum
2738 3182 2919 3237 delicto
2942 3187 3079 3240 salus
3107 3196 3179 3241 est
3207 3190 3460 3259 gentibus,

201 3288 438 3345 namque
464 3290 569 3328 non
599 3274 799 3341 debita,
831 3277 924 3331 sed
951 3278 1177 3347 gratuita
1208 3284 1401 3349 grat'a,
1433 3291 1487 3337 ut
1517 3298 1612 3353 per
1633 3284 1780 3339 illam

202 3363 337 3419 ﬁant
385 3365 523 3419 bona
571 3381 753 3435 opera.
786 3366 865 3422 Ne
900 3368 943 3422 si
993 3380 1381 3438 praecesserunt
1422 3372 1559 3427 bona
1595 3389 1782 3444 opera,

201 3467 454 3526 tanquam
486 3457 734 3525 operibus
766 3459 1020 3514 reddatur
1050 3461 1246 3531 gratia,
1278 3478 1341 3517 ac
1373 3465 1449 3518 sic
1477 3466 1645 3536 gratia
1670 3470 1777 3533 jam

199 3562 305 3601 non
346 3549 413 3602 sit
441 3550 628 3619 gratia.
683 3550 935 3621 Quisquis
965 3567 1091 3607 vero
1130 3553 1274 3616 dicit,
1323 3556 1543 3625 gratiam
1577 3556 1669 3611 Dei
1714 3559 1782 3612 ab

200 3648 510 3704 hominibus
558 3650 816 3705 bonorum
862 3651 1055 3706 merito
1109 3652 1414 3722 praeveniri,
1461 3666 1512 3711 et
1552 3656 1781 3725 gratiam

198 3739 289 3796 Dei
330 3741 537 3795 meritis
565 3741 702 3806 dari,
736 3742 1052 3813 Pelagianus
1092 3753 1174 3798 est
1202 3761 1214 3797 :
1239 3760 1363 3799 nam
1397 3761 1500 3800 non
1538 3757 1623 3802 est
1652 3762 1781 3816 gra-

198 3832 290 3896 tia,
331 3834 373 3886 si
407 3848 511 3886 non
542 3834 707 3903 gratis
732 3833 886 3889 datur
912 3852 926 3889 :
954 3836 997 3890 si
1029 3834 1205 3890 debita
1239 3839 1571 3893 merentibus
1601 3839 1781 3893 reddi-

198 3930 283 3977 tur
310 3941 326 3978 :
356 3924 494 3993 quod
518 3925 674 3979 absit.
707 3926 839 3993 Quia
878 3942 972 3981 nos
1003 3926 1147 3982 Deus
1182 3927 1435 3995 praevenit
1476 3938 1531 3985 et
1574 3944 1778 3999 praeco-

198 4014 316 4070 dit:
347 4031 450 4071 non
481 4032 577 4071 nos
610 4017 796 4070 Deum.
828 4017 883 4072 In
930 4019 1109 4073 multis
1132 4018 1264 4073 locis
1290 4020 1390 4074 hoc
1436 4034 1578 4090 saipe
1613 4030 1779 4076 testa-

200 4113 309 4173 tur,
339 4107 459 4162 ﬁdei
492 4108 715 4177 gratiam
751 4124 1064 4178 praeponens
1092 4110 1342 4179 operibus
1363 4128 1375 4165 :
1394 4127 1499 4165 non
1528 4120 1586 4164 ut
1613 4127 1775 4181 opera

198 4204 528 4273 exstinguat,
558 4204 652 4259 sed
685 4214 741 4259 ut
766 4207 1014 4260 ostendat
1066 4219 1172 4259 non
1215 4219 1336 4260 es~e
1366 4220 1527 4271 opera
1565 4221 1771 4275 prtece-

198 4295 377 4351 dentia
405 4297 650 4365 gratiam,
689 4299 780 4352 sed
811 4299 1190 4366 consequentia
1217 4315 1231 4351 :
1260 4305 1318 4353 ut
1347 4298 1557 4352 scilicet
1584 4314 1689 4351 non
1714 4313 1774 4353 se

198 4390 430 4458 quisque
484 4390 770 4444 arbitretur
825 4390 945 4443 idco
989 4390 1291 4457 percepisse
1344 4391 1594 4458 gratiam,
1652 4390 1773 4458 quia

202 4477 342 4536 bene
370 4490 619 4547 operatus
645 4490 727 4532 est
754 4498 767 4532 :
794 4480 889 4533 sed
921 4480 1059 4533 bene
1088 4480 1299 4547 Operari
1328 4495 1432 4533 non
1463 4495 1643 4548 posse,
1671 4481 1772 4534 nisi

1883 3278 1938 3323 ut
1962 3271 2079 3324 illos
2105 3270 2428 3326 cernit/eatur.
2462 3271 2639 3342 Usque
2683 3274 2818 3329 adeo
2866 3275 3094 3343 dilexit,
3140 3288 3198 3332 ut
3244 3291 3462 3349 propter

1882 3359 2093 3414 illorum
2126 3361 2351 3415 salutem
2380 3372 2563 3430 gentes
2592 3365 2931 3418 salvarentur
2960 3382 2975 3422 :
3011 3379 3069 3421 ut
3113 3367 3188 3422 illi
3217 3368 3461 3429 videntes

1880 3461 2070 3521 gentes
2097 3448 2163 3507 ad
2195 3467 2415 3522 regnum
2450 3450 2541 3508 Dei
2568 3453 2779 3519 vocari,
2811 3462 2865 3508 et
2888 3455 3368 3527 confundere-utor,
3402 3473 3460 3518 et

1881 3552 2342 3598 Convertereu'ur.
2378 3544 2526 3612 Quod
2552 3546 2595 3598 si
2623 3546 2863 3600 delictum
2892 3546 3095 3602 illorum
3127 3550 3315 3604 divitiae
3337 3564 3459 3607 sunt

1881 3635 2079 3687 mundi.
2113 3634 2171 3690 Si
2194 3635 2443 3689 delictum
2475 3650 2659 3691 eorum
2705 3636 2857 3692 vobis
2905 3646 3107 3694 tantum
3150 3639 3369 3710 profuit,
3400 3652 3463 3699 ut

1880 3742 1978 3783 vos
2008 3728 2113 3784 illis
2153 3737 2389 3799 mqua'et
2415 3769 2435 3796 ,
2471 3738 2667 3798 quanto
2709 3731 2875 3800 magis
2914 3732 2959 3787 si
3004 3732 3165 3788 velint
3194 3734 3346 3790 multi
3389 3750 3459 3791 ex

1882 3819 1986 3876 illis
2016 3822 2253 3883 credere,
2291 3821 2371 3876 vel
2403 3836 2625 3889 omnes,
2658 3822 2911 3891 prodesse
2941 3824 3091 3880 vobis
3117 3836 3360 3895 poterant
3388 3830 3459 3883 ad

1880 3910 2219 3966 doctrinam?
2262 3913 2521 3967 Delicium
2566 3912 2869 3969 Judaaorum
2915 3915 3105 3970 ditavit
3148 3928 3367 3987 gentes,
3397 3929 3460 3975 ut

1881 4016 2065 4057 eorum
2097 4005 2211 4057 sine
2231 4003 2412 4059 labore
2433 4003 2562 4071 legis
2589 4005 2777 4061 ﬁerent
2804 4006 3130 4073 cobtcredes,
3154 4020 3209 4066 et
3233 4026 3463 4069 concor-

1882 4094 2110 4162 poralcs,
2138 4095 2276 4149 sicut
2301 4095 2365 4148 ad
2399 4096 2658 4166 Ephesius
2686 4098 2803 4167 ipse
2847 4113 3250 4157 commemorat.
3281 4106 3347 4159 Et
3375 4108 3459 4160 di-

1878 4183 2094 4235 minutio
2116 4200 2289 4235 carunt
2312 4185 2501 4237 divitia:
2520 4187 2782 4253 gentium:
2803 4198 2991 4256 quanto
3019 4192 3179 4259 magis
3198 4195 3459 4262 plenitudo

1880 4284 2053 4322 eorum
2076 4270 2096 4321 .'
2124 4271 2177 4323 Si
2221 4286 2253 4338 p
2288 4270 2370 4323 uci
2398 4286 2581 4324 eorum
2612 4272 2892 4328 credentes
2921 4283 3123 4329 tantum
3154 4279 3304 4334 vobis
3331 4297 3459 4349 pro-

1880 4357 2117 4425 fuerunt,
2169 4368 2366 4427 quanto
2393 4360 2559 4427 magis
2578 4361 2622 4413 si
2646 4360 2855 4429 plurimi
2878 4363 3263 4421 credidissent!
3302 4366 3455 4425 Vobis

1881 4449 2013 4500 enim
2043 4449 2155 4500 dico
2185 4450 2434 4517 gentibus.
2468 4449 2565 4514 Qui
2593 4464 2656 4503 ex
2692 4451 2937 4519 gentibus
2977 4455 3300 4513 credidistis.
3332 4459 3457 4518 Vult

198 4585 299 4638 per
338 4539 496 4623 ﬁdem
545 4569 839 4637 perce.erit
882 4539 1140 4638 gratiam.-
1168 4569 1407 4639 Alioquin
1453 4539 1640 4640 gratia,
1671 4585 1774 4624 non

1880 4539 2163 4595 ostendere
2192 4555 2252 4595 se
2282 4555 2374 4608 per
2401 4540 2518 4596 illos
2541 4541 2844 4599 .ludteorum
2875 4546 3099 4604 salutem
3131 4567 3455 4625 magnopere

197 4670 273 4713 est
303 4660 488 4729 gratia.
522 4659 577 4716 Si
599 4659 796 4727 aliquid
823 4672 945 4714 mue
974 4659 1226 4728 praecedit
1248 4658 1477 4714 hominis
1507 4660 1647 4716 unde
1672 4660 1779 4715 sal-

198 4766 231 4803 v
269 4758 377 4816 tur,
402 4748 511 4820 jam
544 4766 648 4805 non
674 4751 859 4820 gratis.
906 4750 1089 4805 Gratia
1118 4762 1321 4818 autem,
1352 4762 1409 4807 ut
1457 4752 1612 4819 dixit,
1655 4753 1777 4809 ideo

198 4842 417 4909 dicitur,
453 4845 573 4912 quia
606 4843 763 4897 nullis
807 4842 1230 4912 praecedentibus
1270 4845 1474 4899 meritis
1504 4844 1681 4913 datur,
1723 4854 1777 4900 et

198 4932 321 5000 quia
348 4935 512 5002 gratis
542 4942 756 5003 peccata
782 4932 1017 4986 dimttit.
1057 4933 1189 4998 Quid
1220 4933 1380 5003 ergo?
1410 4934 1545 5003 quod
1574 4952 1774 5002 qua‘re-

202 5025 283 5079 bat
311 5023 495 5093 Israel,
536 5025 632 5078 hoc
671 5042 773 5079 non
802 5035 876 5080 est
901 5035 1217 5079 consecutus.
1255 5026 1423 5081 Totus
1452 5027 1614 5082 Israel
1646 5029 1770 5084 ideo

203 5108 304 5170 non
334 5125 414 5171 est
442 5125 782 5178 consecutus,
811 5114 933 5184 quia
962 5129 1069 5168 non
1099 5130 1164 5169 ex
1204 5116 1309 5170 ﬁde
1349 5118 1642 5185 quaerebat,
1674 5119 1769 5175 sed

203 5220 294 5271 per
322 5208 600 5260 sabbatum
642 5214 847 5259 tantum
877 5212 933 5259 et
971 5205 1435 5261 circumcisionem
1464 5221 1523 5262 se
1556 5210 1774 5276 putabat

200 5296 496 5365 justiﬁcari,
546 5314 666 5353 cum
714 5306 906 5352 caetera
959 5297 1206 5352 mandata
1250 5308 1660 5356 contemneret:
1696 5304 1773 5357 sic

201 5400 316 5442 cum
346 5389 603 5457 justitiam
632 5398 916 5442 consecuta
939 5397 1062 5442 sunt
1087 5404 1209 5442 vasa
1237 5392 1643 5457 misericordias,
1677 5411 1771 5449 cx-

204 5493 391 5536 ctecata
437 5491 561 5537 sunt
589 5496 711 5535 vasa
758 5481 870 5535 irte.
919 5478 1114 5535 Elecio
1156 5492 1328 5535 autem
1366 5495 1637 5538 consecuta
1668 5496 1765 5541 est.

207 5570 427 5637 Electio,
461 5573 685 5643 populus
718 5573 910 5639 ﬁdelis,
934 5574 1021 5640 qui
1055 5573 1475 5629 miscricordiam
1505 5591 1767 5631 consecu-

207 5667 287 5714 tus
316 5674 417 5728 est,
450 5680 604 5734 quem
648 5665 785 5720 Deus
830 5663 1010 5731 elegit.
1062 5664 1194 5732 Ego,
1227 5664 1414 5735 inquit,
1458 5666 1590 5736 elegi
1628 5684 1769 5724 vos:

208 5764 305 5807 non
338 5769 430 5810 vos
454 5771 557 5811 me.
588 5757 844 5824 Cognovit
878 5756 1017 5811 Deus
1044 5758 1131 5825 qui
1166 5768 1288 5814 sunt
1322 5760 1457 5830 ejus.
1505 5760 1568 5817 Et
1597 5761 1725 5819 illud
1752 5782 1768 5820 :

648 5869 913 5926 Pareat.
948 5868 1216 5928 LXVIII.

1883 4645 2143 4698 qnterere.
2196 4630 2436 4696 Quandiu
2475 4633 2679 4703 quidem
2708 4650 2798 4706 ego
2835 4653 2948 4691 sum
2976 4644 3201 4710 gentium
3237 4645 3456 4716 Aposto-

1885 4719 1982 4773 lus.
2013 4721 2254 4788 Quandiu
2280 4736 2397 4775 sum
2426 4722 2478 4777 iu
2508 4737 2754 4793 corpore.
2794 4725 3135 4786 Ministerium
3171 4750 3334 4791 meum
3360 4739 3455 4793 Ito-

1881 4811 2176 4879 noriﬁcabo.
2195 4811 2486 4879 Illustrabo,
2505 4802 2869 4873 ltonoriﬁcabo
2881 4818 3232 4879 ministerium
3248 4842 3452 4898 meum,

1879 4903 1923 4956 si
1955 4918 2059 4956 non
2082 4905 2251 4958 solum
2280 4916 2487 4975 gentes,
2515 4906 2580 4961 ad
2610 4923 2742 4977 quas
2769 4910 2961 4966 missus
2986 4926 3102 4967 sum
3121 4955 3135 4977 ,
3169 4918 3262 4972 sed
3290 4921 3453 4975 etiam

1878 4990 2091 5047 Judteos
2119 4996 2353 5049 lucratus
2379 4996 2529 5053 fuero
2556 5000 2807 5069 exemplo
2833 5016 2973 5057 meo.
3003 5002 3063 5057 Si
3089 5020 3188 5073 quo
3211 5012 3360 5062 modo
3386 5013 3457 5064 ad

1874 5095 2222 5150 temulandum
2272 5113 2540 5167 provocent
2592 5115 2795 5154 carnem
2849 5118 3031 5157 meam.
3086 5103 3183 5159 llic
3237 5120 3451 5164 carnem

1876 5200 2025 5240 suam
2052 5185 2266 5241 Judteos
2295 5186 2462 5254 dicit,
2486 5203 2547 5243 ex
2580 5204 2803 5258 quozum
2846 5206 3045 5262 genere
3089 5194 3351 5250 veniebat.
3395 5198 3455 5255 Si

1874 5291 2193 5348 quocunque
2222 5278 2382 5335 modo
2410 5281 2487 5335 sic
2514 5296 2598 5337 me
2635 5282 2940 5348 exhibeam,
2968 5295 3026 5339 ut
3065 5300 3148 5340 me
3180 5286 3252 5341 illi
3280 5304 3452 5345 aemu-

1877 5378 2095 5446 lentur,
2140 5388 2194 5434 et
2234 5379 2543 5436 desiderent
2585 5382 2716 5436 tales
2762 5398 2901 5439 esse.
2956 5383 3018 5438 Et
3061 5386 3230 5441 salvos
3267 5392 3455 5459 faciam

1874 5479 2070 5543 aliquos
2114 5495 2175 5533 ex
2220 5479 2342 5535 illis.
2389 5482 2523 5549 Quia
2564 5483 2744 5537 volunt
2775 5498 2983 5550 omnes,
3036 5487 3117 5540 vel
3145 5488 3370 5559 aliquos,
3397 5504 3455 5551 ut

1875 5577 2174 5648 impleatur,
2209 5578 2463 5650 Reliquiae
2502 5582 2665 5637 salva:
2705 5584 2848 5637 ﬁent.
2885 5584 2947 5640 Si
2968 5587 3100 5640 enim
3138 5592 3347 5648 amissio
3369 5613 3455 5650 eo-

1876 5694 1989 5731 rum
2035 5679 2377 5733 reconciliatio
2421 5692 2494 5735 est
2538 5683 2738 5736 mundi.
2790 5683 2996 5753 Repetit
3042 5690 3182 5758 quod
3220 5692 3452 5753 dixerat.

1882 5766 2008 5834 Qua:
2034 5772 2333 5840 assumptio,
2367 5772 2465 5826 nisi
2495 5773 2595 5827 rita
2626 5776 2967 5833 exmortuis?
3012 5778 3160 5837 Unde
3205 5784 3453 5856 gentibus

2821 5884 2896 5947 {6
