4004 6354
523 351 623 406 est

1645 345 1939 402 PRIMASII
1973 342 2420 400 ADRUMETAN!
2463 341 2670 398 liPISC.

3678 337 3786 391 ιω

529 463 839 533 assumptio,
875 463 974 519 nisi
1003 478 1067 518 ex
1100 462 1306 516 illorum
1329 459 1533 512 morte?
1563 457 1637 512 Ex
1660 457 1858 513 Judaais
1880 457 2102 511 mortuis
2131 459 2182 519 Α
2212 465 2384 510 turam
2411 465 2513 522 est,
2538 455 2675 509 sicut
2697 454 2892 508 dictum
2917 463 3014 522 est,
3035 453 3320 509 oleastrum
3344 450 3497 506 olivae
3519 451 3790 504 inserere:

527 553 753 623 apostoli
794 554 900 608 vita
954 553 1165 607 fuerunt
1205 549 1552 618 assumptioni
1590 548 1849 618 gentium.
1883 548 2032 615 Quod
2059 547 2132 601 si'

525 645 770 701 delibatio
791 654 964 700 sancta
993 654 1085 710 est,
1109 653 1155 697 et
1178 658 1363 696 massa.
1390 640 1550 695 Pauci
1581 638 1866 696 credentes
1891 639 2060 695 sancti
2085 654 2100 694 :

526 748 582 792 et
607 752 812 802 omnes,
839 737 880 790 si
910 734 1150 800 credant,
1182 733 1294 788 ﬁeri
1320 739 1560 802 possunt.
1589 729 1644 785 Si
1667 729 1812 787 rivus
1836 729 2026 795 bonus,
2049 736 2105 785 et

528 832 665 885 fons.
700 830 762 884 Et
789 831 833 884 si
866 829 1017 882 radix
1053 839 1264 892 saneta,
1294 837 1340 879 et
1367 827 1515 879 rami.
1561 816 1729 879 Rodii
1778 823 2104 894 patriarcha-

527 939 670 991 rum,
693 923 792 976 hoe
814 931 916 989 est,
948 918 1103 988 primi
1133 927 1184 972 ct
1209 916 1504 983 novissimi,
1531 917 1617 985 qui
1649 931 1714 971 ex
1735 915 1842 970 illis
1861 914 2103 970 credide-

526 1024 668 1079 runt,
702 1013 866 1066 Sancti
896 1020 1036 1063 sunt.
1072 1009 1222 1076 Quod
1261 1010 1303 1062 si
1329 1007 1491 1076 aliqui
1519 1022 1582 1059 ea:
1609 1006 1764 1058 ramis
1791 1004 1942 1074 fracti
1960 1013 2097 1058 sunt.

524 1105 623 1170 Qui
653 1104 705 1157 in
726 1101 938 1158 Christo
959 1099 1181 1156 credere
1207 1098 1511 1156 noluerunt.
1539 1096 1614 1151 Tu
1637 1107 1822 1150 autem.
1850 1096 1962 1149 Non
1983 1095 2101 1150 ideo

524 1193 600 1248 illi
631 1194 782 1248 fracti
823 1200 974 1256 sunt,
1006 1199 1065 1247 ut
1094 1200 1148 1246 tu
1191 1190 1446 1248 inseraris
1478 1207 1490 1242 :
1525 1189 1618 1245 sed
1652 1189 1771 1244 ideo
1800 1197 2098 1257 consertus,

524 1288 644 1356 quia
677 1287 751 1340 illi
781 1285 929 1340 fracti
953 1298 1096 1339 sunt.
1127 1283 1254 1338 Cum
1286 1283 1497 1337 oleaster
1527 1298 1689 1343 esses,
1718 1281 1934 1334 insertus
1969 1296 2019 1333 es
2047 1281 2101 1333 in

523 1379 648 1432 illis.
675 1378 802 1432 Olca
824 1376 1061 1447 quidem,
1093 1375 1188 1431 sed
1221 1375 1416 1429 inculta
1435 1415 1450 1440 ,
1485 1373 1750 1427 silvestris
1774 1415 1787 1438 ,
1817 1371 1882 1426 de
1907 1373 2110 1440 genere

524 1471 639 1524 sine
665 1471 780 1539 lege
803 1479 851 1523 et
879 1467 1178 1536 promissis.
1201 1466 1398 1521 Contra
1431 1474 1673 1520 naturam
1697 1473 1779 1519 est
1800 1470 1856 1517 ut
1876 1464 2102 1517 oleaster

527 1563 578 1615 in
601 1560 748 1615 oliva
779 1561 1042 1614 inseratur
1066 1579 1076 1611 :
1101 1557 1193 1613 sed
1218 1558 1453 1628 potentia
1480 1557 1570 1610 Dei
1588 1557 1760 1612 omnia
1787 1556 2055 1626 possibilia
2087 1572 2099 1608 :

527 1665 626 1704 nec
654 1648 967 1703 contradic‘t
1009 1647 1208 1702 iactura
1239 1647 1448 1701 (actori.
1483 1646 1549 1698 Et
1593 1649 1758 1700 socius
1804 1646 1989 1698 radicis
2014 1687 2028 1711 ,
2057 1654 2103 1700 et

529 1741 851 1811 pinguedinis
882 1741 1026 1793 oliva:
1049 1740 1210 1804 factus
1235 1755 1306 1792 es.
1337 1738 1572 1806 Radicis,
1604 1737 1846 1802 Patrum;
1877 1739 2106 1807 pingue-

2207 547 2326 617 quia
2354 549 2518 616 magis
2549 548 2696 601 radix
2727 562 2878 601 ramo
2909 546 3048 602 solet
3069 546 3393 612 consentire,
3417 560 3575 613 quam
3601 559 3792 598 ramus

2205 639 2394 696 radici.
2428 639 2568 694 Nolo
2613 641 2745 694 enim
2793 655 2877 694 vos
2924 641 3197 710 ignorare,
3229 641 3429 709 fratres.
3478 637 3544 690 Et
3576 637 3684 690 hoc
3722 652 3795 691 ne.

2207 730 2541 801 superbirent
2567 743 2751 803 gentes
2773 741 2956 787 contra
2985 745 3099 786 eos.
3126 730 3423 801 Mysterium
3449 729 3570 782 hoc.
3595 729 3793 783 Secre—

2207 832 2336 878 tum.
2374 822 2441 878 Ut
2472 839 2572 878 non
2599 824 2710 878 sitis
2741 824 2875 877 vobis
2905 823 3028 892 ipsis
3059 824 3330 892 sapientes.
3362 820 3432 876 Ut
3457 836 3564 874 non
3593 833 3792 872 secun-

2203 915 2327 970 dum
2369 915 2638 970 carnalem
2688 924 2917 969 vestram
2948 915 3265 984 sap'emiam
3296 913 3482 969 dicatis
3527 930 3540 964 :
3583 912 3789 966 Meritis

2205 1009 2400 1063 nostris
2427 1022 2523 1064 nos
2547 1009 2688 1063 Deus
2715 1008 2890 1077 elegit,
2919 1008 3037 1062 illos
3060 1017 3237 1062 autem
3265 1007 3455 1076 abjecit
3481 1024 3493 1059 :
3517 1015 3573 1060 et
3598 1016 3653 1060 ut
3690 1021 3789 1059 nes

2202 1099 2446 1167 eligeret,
2479 1099 2597 1153 ideo
2618 1099 2738 1155 illos
2768 1099 2982 1170 repulit.
3004 1098 3137 1164 Quia
3163 1099 3362 1152 accitas
3387 1114 3451 1151 ea:
3488 1107 3634 1163 parte
3665 1114 3790 1150 con-

2203 1192 2314 1262 tigit
2334 1192 2389 1246 in
2419 1191 2604 1246 Israel.
2635 1191 2689 1246 lu
2717 1191 2798 1246 his
2821 1192 3032 1247 caecitas
3063 1191 3318 1257 contigit,
3354 1190 3475 1259 quia
3516 1206 3622 1244 non
3669 1206 3789 1244 cre-

2203 1283 2448 1337 diderunt
2478 1299 2493 1337 :
2526 1299 2659 1352 quos
2688 1291 2741 1339 et
2768 1283 2930 1338 Jacob
2957 1282 3274 1338 claudicatio
3298 1283 3567 1353 ﬁguravit.
3602 1282 3783 1335 Donec

2202 1372 2464 1441 plenitudo
2493 1374 2719 1444 gentium
2749 1373 2980 1440 intraret,
3004 1381 3050 1426 et
3099 1373 3172 1426 sic
3215 1373 3377 1426 omnis
3409 1371 3575 1426 Israel
3617 1374 3791 1426 saltus

2203 1463 2369 1531 ﬁeret.
2405 1465 2535 1517 Cum
2569 1464 2839 1533 plenitudo
2881 1466 3118 1534 gent‘um
3167 1463 3488 1529 crediderit,
3525 1463 3606 1516 sic
3642 1464 3787 1516 msti-

2205 1565 2416 1607 tuautur
2438 1555 2490 1607 in
2516 1553 2619 1608 line
2647 1554 2830 1609 seculi
2854 1552 3022 1608 Judaei
3043 1597 3056 1618 ,
3090 1553 3179 1622 qui
3211 1548 3409 1608 inventi
3442 1553 3638 1607 fuerint
3669 1569 3787 1608 cre-

2205 1642 2384 1698 dituri.
2423 1643 2703 1699 Plenitudo
2731 1645 2988 1714 gentium,
3019 1643 3295 1698 mult?tudo
3320 1644 3650 1697 credentium
3682 1653 3785 1708 est,

2206 1749 2271 1788 ex
2298 1735 2442 1789 ornni
2473 1750 2669 1804 genere
2707 1753 2721 1790 :
2756 1751 2860 1789 non
2897 1751 3081 1789 omnes
3131 1735 3348 1787 ouiuiuo
3379 1744 3567 1803 gentes
3591 1774 3606 1796 ,
3631 1734 3784 1802 juxta

526 1833 694 1899 diuis,
719 1833 937 1888 Christi.
972 1831 1096 1886 Noli
1121 1832 1331 1899 gloriari
1353 1831 1590 1884 adversus
1618 1848 1804 1884 ramos.
1836 1830 1950 1884 Noli
1979 1847 2105 1900 gau-
2209 1827 2424 1896 ligurum
2452 1827 2842 1898 synecdochen.
2876 1827 3017 1881 Sicut
3049 1829 3289 1894 scriptum
3312 1835 3404 1889 est,
3433 1824 3486 1877 in
3510 1825 3636 1878 lsaia
3664 1840 3739 1892 pr.
3759 1852 3786 1864 -

529 1923 680 1988 dere,
708 1939 777 1994 qu
816 1922 848 1977 d
881 1923 955 1978 illi
987 1923 1138 1979 fracti
1168 1931 1310 1977 sunt.
1347 1921 1496 1987 Quod
1535 1923 1578 1976 si
1606 1922 1870 1994 gloriaris,
1913 1941 2013 1977 non
2055 1932 2108 1977 tu

529 2013 755 2067 radigem
783 2023 973 2084 portas,
998 2015 1086 2069 sed
1114 2015 1263 2067 radix
1290 2023 1353 2068 te.
1371 2014 1427 2068 Si
1459 2014 1702 2084 gloriaris
1723 2054 1736 2076 ,
1769 2015 1867 2068 hoc
1895 2014 2106 2080 audies,

531 2108 652 2178 quia
677 2125 780 2164 non
814 2109 889 2164 illi
915 2125 1008 2178 per
1031 2118 1081 2163 te
1103 2118 1266 2174 stant,
1321 2107 1413 2162 sed
1440 2117 1492 2162 tu
1517 2123 1611 2178 per
1630 2107 1768 2162 illos.
1795 2108 1900 2162 Nec
1929 2117 1980 2160 tu
2005 2108 2108 2162 illis

531 2202 689 2255 vitam
719 2201 1034 2272 pt‘a-stitisti,
1083 2200 1177 2255 sed
1206 2201 1280 2254 illi
1305 2199 1415 2254 tibi.
1447 2200 1584 2254 Dicis
1609 2216 1722 2269 ergo
1755 2215 1774 2254 :
1803 2199 2110 2254 Fractisunt

531 2293 700 2362 rami,
737 2301 794 2346 ut
827 2304 875 2348 et
916 2309 1006 2364 ego
1049 2295 1263 2346 inserar.
1297 2290 1454 2356 Bene,
1479 2303 1681 2361 promer
1709 2293 2112 2346 incredulitatem

536 2386 684 2455 fracti
713 2395 850 2440 sunt.
877 2383 955 2438 Tu
980 2393 1143 2438 autem
1161 2383 1198 2452 ﬁ
1227 2387 1266 2438 'e
1289 2393 1413 2438 stas.
1442 2383 1580 2438 Dicis
1604 2398 1730 2453 ergo
1753 2382 1871 2437 illos
1897 2375 2110 2448 fraetos,

535 2487 595 2530 ut
625 2487 678 2531 tu
702 2476 976 2532 inseraris.
1016 2475 1298 2530 Videamus
1320 2516 1334 2542 ,
1379 2475 1422 2530 si
1469 2483 1686 2544 propter
1717 2475 1819 2530 hoc
1851 2494 1865 2528 :
1897 2474 1989 2530 sed
2037 2473 2112 2527 illi

538 2582 634 2638 per
670 2567 1092 2622 incredulitatem
1126 2565 1276 2622 tracti
1317 2573 1481 2632 sunt,
1517 2574 1572 2620 tu
1609 2576 1784 2620 autem
1815 2567 1971 2620 nullis
2012 2565 2115 2621 tuis

537 2661 745 2716 merit's
776 2659 879 2715 ﬁde
908 2661 1139 2714 insertus
1170 2673 1228 2714 es
1259 2659 1420 2729 gratis
1453 2675 1468 2712 :
1500 2675 1566 2714 ne
1595 2669 1747 2730 putes
1807 2659 1948 2730 quod
1998 2674 2115 2728 per-

537 2765 724 2805 sonam
768 2759 912 2805 tuam
957 2751 1222 2820 acceperit
1248 2791 1262 2816 ,
1305 2750 1425 2806 illos
1463 2751 1578 2806 sine
1622 2767 1778 2807 causa
1811 2752 2112 2821 proiecerit.

541 2840 667 2896 Noli
696 2841 858 2895 altum
888 2854 1083 2910 sapere,
1113 2841 1205 2895 sed
1228 2842 1367 2896 time.
1392 2841 1507 2896 Noli
1531 2843 1758 2912 superbe
1781 2858 1967 2912 sapere
1990 2857 2118 2896 cou—

541 2943 620 2987 tra
644 2947 770 2998 eos;
800 2932 895 2988 sed
922 2933 1090 3002 magis
1115 2933 1256 2999 dole,
1279 2943 1333 2988 et
1356 2947 1447 2986 ora
1478 2950 1572 3003 pro
1597 2934 1718 2988 illis.
1746 2934 1805 2989 Si
1825 2934 1957 2988 enim
1983 2933 2118 2989 Deus

542 3025 857 3078 naturalibus
886 3024 1043 3078 ramis
1065 3041 1163 3078 non
1191 3024 1435 3096 pepercit,
1462 3042 1523 3078 ne
1545 3029 1675 3095 forte
1700 3041 1788 3078 nt-c
1809 3025 1895 3078 tibi
1921 3034 2116 3095 parcat.

543 3114 601 3170 Si
643 3115 746 3169 illis
795 3129 898 3168 non
941 3115 1212 3183 pepercit,
1258 3114 1379 3184 quia
1414 3114 1666 3168 increduli
1700 3114 1911 3168 fuerunt
1937 3115 2023 3184 qui
2053 3130 2117 3169 ex

2211 1919 2363 1987 pheta
2396 1936 2407 1971 :
2445 1918 2622 1972 Veniet
2652 1935 2714 1972 ea:
2742 1918 2888 1983 Sion,
2931 1919 3019 1989 qui
3045 1919 3224 1986 eripiat
3254 1927 3302 1971 et
3329 1928 3518 1972 arertat
3548 1920 3782 1985 impieta-

2209 2019 2282 2063 tes
2307 2009 2369 2064 ab
2401 2010 2581 2064 Iacob.
2611 2010 2760 2078 Quod
2792 2018 2914 2064 ante
2942 2025 3099 2064 nemo
3130 2009 3304 2063 facere
3343 2009 3685 2078 prmvalebat.
3721 2009 3783 2062 Et

2211 2103 2304 2155 Ιιοε
2327 2103 2428 2157 illis
2448 2120 2478 2156 a
2497 2120 2571 2156 me
2592 2113 2958 2158 testamentum.
2980 2101 3376 2156 Testamentum
3404 2117 3618 2166 novum,
3641 2102 3781 2166 quod

2209 2194 2469 2251 Jeremias
2501 2196 2777 2265 promittit.
2811 2196 2937 2250 Cum
2965 2195 3219 2250 abstulero
3256 2206 3462 2264 peccata
3487 2209 3682 2248 eorum.
3720 2193 3780 2247 [ι

2213 2303 2306 2357 per
2334 2289 2654 2357 baptism:an
2687 2289 2919 2343 mandati
2953 2303 3146 2342 novum
3186 2289 3450 2358 accipiant
3495 2295 3781 2340 testamen.

2215 2388 2344 2433 tum.
2376 2381 2668 2434 Secundum
2720 2379 3053 2451 Evangelium
3096 2380 3295 2448 quidem
3339 2379 3530 2432 inimici
3581 2387 3781 2447 promer

2211 2491 2316 2528 eos.
2353 2472 2578 2540 lnimici,
2607 2475 2727 2542 quia
2758 2488 2852 2526 vos
2876 2471 2982 2526 illis
3005 2471 3231 2541 a'qoavi,
3255 2481 3307 2526 et
3334 2471 3457 2540 quia
3489 2471 3635 2524 vobis
3658 2485 3781 2539 prae-

2213 2565 2369 2626 dico,
2402 2565 2741 2634 prohibentes
2772 2581 2865 2618 nos
2896 2564 3140 2634 gentibus
3171 2565 3333 2635 loqui.
3363 2563 3496 2630 Quid
3527 2573 3614 2618 est
3635 2607 3650 2630 ,
3686 2563 3781 2618 Se-

2213 2657 2444 2711 cundum
2473 2658 2810 2725 Evangelium
2852 2655 3049 2710 inimici
3087 2664 3302 2725 propter
3343 2669 3462 2720 vos,
3507 2655 3606 2709 nisi
3647 2653 3781 2724 quod

2215 2762 2398 2801 eorum
2430 2747 2725 2809 inimicitia,
2759 2761 2861 2816 qua
2888 2735 3202 2801 occiderunt
3233 2743 3522 2809 Christum,
3555 2745 3786 2814 Ev.:nge-

2217 2841 2286 2895 lia
2317 2840 2561 2910 prolicit?
2600 2849 2654 2895 et
2691 2841 2791 2895 hoc
2820 2840 3053 2896 ostendit
3083 2855 3148 2895 ex
3192 2839 3285 2894 Dei
3315 2838 3666 2907 dispOsitioue
3694 2852 3782 2892 ve-

2219 2933 2379 2996 uisse,
2408 2934 2495 2999 qui
2524 2932 2658 2987 bene
2680 2932 2754 2985 uti
2777 2933 2922 2985 novit
2941 2931 3101 2985 edam
3131 2930 3285 2986 malis
3310 2949 3323 2983 :
3347 2930 3464 3001 quia
3492 2929 3786 2998 persecutio

2217 3009 2518 3078 Iud-morum
2567 3021 2854 3091 Evangelia
2899 3020 3164 3075 militavit.
3209 3021 3376 3074 Tanta
3421 3021 3490 3075 ab
3532 3021 3639 3073 illis
3679 3019 3787 3073 ﬁeri

2220 3113 2476 3182 permisit,
2503 3121 2694 3182 quanta
2718 3113 3011 3167 necessaria
3042 3113 3249 3165 luerunt
3275 3111 3580 3180 Evangelia.
3602 3111 3792 3165 Secun-

543 3206 746 3260 seiuine
786 3203 1015 3259 Abrahae
1048 3213 1170 3258 sunt
1201 3222 1214 3259 :
1259 3219 1356 3259 nec
1403 3203 1495 3258 tibi
1527 3215 1740 3272 parcet,
1771 3204 1815 3259 si
1855 3206 1906 3260 iu
1937 3205 2116 3275 aliquo
2143 3198 2189 3260 C
2218 3204 2340 3257 dum
2381 3205 2667 3257 electionem
2713 3211 2884 3255 autem
2905 3244 2915 3263 .
2939 3203 3242 3265 charissimi,
3272 3214 3480 3268 prapter
3516 3212 3706 3266 patres.
3739 3202 3792 3257 Si

544 3297 849 3352 incredulus
893 3297 1056 3352 lueris
1091 3315 1102 3350 :
1136 3297 1256 3366 quia
1306 3297 1540 3352 oleaster
1582 3313 1722 3352 eras.
1775 3299 2119 3354 lucredulitas

544 3396 757 3443 nonest
784 3388 940 3442 unius
965 3388 1177 3458 generis
1204 3407 1214 3440 :
1238 3388 1409 3443 Omne
1432 3400 1704 3457 peceatum
1728 3405 1793 3444 ex
1816 3391 2122 3446 inﬁdelitate

546 3480 860 3549 descendit,
893 3481 1030 3535 sicut
1069 3481 1367 3536 os:euditur
1406 3481 1456 3535 iu
1490 3482 1782 3551 Scripturis
1817 3501 1828 3536 :
1860 3483 1989 3548 Quia
2020 3499 2120 3538 non

547 3572 890 3627 crediderunt
942 3571 1118 3624 verbis
1173 3571 1304 3637 Dei,
1352 3572 1561 3625 etiamsi
1618 3573 1726 3626 Deo
1784 3574 2124 3628 crediderunt

547 3648 876 3732 peCcatorcs.
938 3660 1063 3715 Vide
1105 3677 1224 3732 ergo
1268 3661 1536 3714 bonitatem
1576 3671 1622 3716 et
1658 3663 1965 3716 scveritatem
2010 3663 2120 3720 Dsi.

546 3753 743 3806 Contra
800 3764 892 3804 eos
927 3751 1014 3818 qui
1056 3750 1213 3804 alium
1247 3751 1407 3805 Deum
1448 3751 1502 3818 ju
1537 3761 1666 3816 tum,
1697 3752 1853 3808 al.um
1884 3743 2126 3808 asserunt

549 3841 742 3893 bonum
769 3856 782 3891 :
806 3847 860 3892 et
888 3853 1071 3893 cou'ra
1101 3854 1196 3893 eos
1246 3840 1333 3907 qui
1365 3851 1552 3909 negqu
1581 3841 1742 3894 Deum
1775 3843 1824 3896 in
1860 3845 2125 3911 peccanti-

522 3934 648 3985 'bus
675 3930 964 3985 vindicare.
996 3927 1058 3983 In
1089 3945 1169 3982 ras
1199 3929 1399 3998 quidem
1427 3933 1512 3998 qui
1539 3932 1847 4000 reciderunt,
1887 3937 2125 3987 severita-

549 4032 650 4076 tem
677 4037 695 4076 :
720 4023 772 4074 in
803 4031 850 4074 te
879 4030 1065 4085 autem,
1095 4019 1365 4073 bonitatem
1397 4021 1509 4074 Dei.
1537 4023 1665 4090 Quia
1690 4038 1740 4077 et
1762 4025 1835 4077 illi
1857 4021 2126 4090 justilicati

554 4121 699 4175 sunt,
722 4121 776 4168 et
800 4113 871 4166 tui
904 4111 1316 4166 misericorditer
1349 4122 1400 4166 et
1438 4115 1727 4168 clementer
1756 4118 2003 4169 misertus
2025 4127 2125 4182 est,

552 4215 601 4259 et
632 4205 791 4258 nulLis
837 4203 939 4258 luis
986 4203 1190 4258 meritis
1233 4221 1245 4256 :
1283 4204 1421 4258 unde
1466 4207 1684 4258 omnino
1730 4207 1883 4261 dch
1919 4224 2129 4265 cessare

551 4294 907 4365 pru'sumptio.
950 4293 1008 4349 Si
1033 4297 1369 4366 permanseris
1399 4298 1448 4348 in
1480 4296 1720 4350 boni‘ate.
1759 4301 1807 4351 lu
1844 4300 1976 4363 lide,
2012 4316 2128 4368 qua:

551 4389 642 4440 tibi
673 4403 766 4455 per
795 4389 909 4454 ejus
965 4386 1250 4440 bonitatem
1301 4389 1494 4441 collata
1540 4398 1637 4444 est.
1691 4391 1930 4463 Alioquin
1983 4403 2026 4444 et
2075 4405 2127 4446 tu

549 4479 814 4531 excideris.
851 4479 913 4529 l-.t
935 4488 986 4530 tu
1016 4477 1061 4530 si
1084 4477 1390 4532 incredulus
1419 4479 1611 4545 lueris,
1638 4484 1974 4536 severitatem
2007 4498 2127 4536 scu-

2222 3305 2395 3348 autem
2422 3294 2665 3360 credant,
2689 3293 2893 3348 ehariss
2918 3295 2986 3346 mi
3015 3304 3154 3348 sunt.
3185 3293 3309 3346 Item
3329 3293 3486 3346 aliter
3510 3309 3522 3345 :
3552 3292 3653 3359 Qui
3679 3294 3791 3347 inde

2225 3385 2690 3455 praedestinatioue
2729 3387 2882 3440 electi
2928 3395 3085 3451 sunt,
3133 3401 3224 3455 per
3268 3385 3490 3456 gratiam
3522 3386 3792 3454 diligunt:

2223 3479 2308 3546 qui
2348 3478 2400 3532 iu
2445 3492 2542 3530 suo
2582 3491 2767 3531 errore
2808 3477 3013 3530 dim'ssi
3050 3487 3193 3543 sunt,
3223 3477 3526 3531 inimicitias
3551 3486 3794 3530 exercent

2227 3578 2440 3637 propter
2470 3567 2816 3636 Evangelium
2853 3584 2867 3620 :
2900 3582 3034 3637 quos
3065 3576 3119 3622 et
3144 3567 3306 3623 Jacob
3333 3567 3640 3622 claudicans
3673 3566 3795 3636 ligu-

2225 3662 2383 3715 ravit.
2413 3660 2538 3714 Sine
2563 3662 2853 3730 poenitentia
2880 3661 3009 3714 enim
3039 3671 3154 3712 sunt
3202 3663 3338 3713 dona
3383 3669 3429 3714 et
3459 3661 3654 3714 cocatio
3690 3660 3791 3712 Dei.

2229 3752 2280 3806 ld
2312 3761 2390 3805 est
2412 3793 2424 3811 .
2454 3753 2570 3806 sine
2600 3751 2888 3804 mutatione
2930 3752 3190 3805 stabiliter
3221 3751 3329 3804 lixa
3366 3760 3509 3804 sunt.
3545 3753 3624 3804 Ad
3672 3754 3796 3802 lane

2228 3844 2557 3895 vocationem
2587 3842 2673 3910 qui
2707 3841 2995 3910 pertinent,
3024 3857 3207 3896 omnes
3229 3853 3348 3896 sunt
3376 3841 3632 3896 docibil..-s
3667 3841 3754 3894 Dei
3778 3857 3793 3894 :

2229 3949 2325 3987 nec
2354 3943 2573 4001 possunt
2621 3933 2802 3987 dicere
2835 3950 2846 3985 :
2880 3932 3118 4001 Credidi,
3165 3943 3220 3986 ut
3264 3935 3343 3987 sic
3383 3945 3600 3988 vocaret
3634 3950 3647 3985 :
3683 3933 3794 4001 quia

2232 4025 2509 4077 Dominum
2535 4040 2636 4076 non
2667 4025 2884 4091 poenitet
2906 4025 3095 4078 semini
3122 4025 3347 4078 Abralne
3377 4025 3707 4092 promisis-e.
3738 4024 3796 4078 Et

2229 4119 2379 4171 aliter
2405 4134 2419 4170 :
2449 4117 2577 4171 Siue
2603 4117 2780 4186 aliquo
2805 4117 3119 4187 prmcedeuti
3147 4120 3336 4171 merito
3366 4119 3443 4172 vel
3481 4119 3659 4172 l..bo:e
3688 4120 3796 4172 data

2231 4218 2312 4262 est
2345 4209 2473 4263 lides
2503 4226 2593 4278 per
2615 4210 2840 4279 gratiam
2871 4210 3028 4263 Chris
3058 4210 3091 4264 i.
3127 4209 3392 4264 Paenitere
3429 4209 3562 4275 Dei,
3603 4220 3797 4263 mutare

2231 4309 2334 4366 est,
2366 4302 2504 4355 sicut
2534 4303 2754 4368 legimus
2790 4319 2802 4355 :
2834 4301 3056 4354 l’teuitet
3086 4316 3168 4354 me
3199 4301 3320 4354 Saul
3351 4315 3529 4369 regem
3569 4302 3753 4353 fecisse
3779 4316 3793 4351 :

2234 4393 2314 4445 vel
2349 4393 2474 4447 illud
2510 4409 2522 4446 :
2556 4393 2677 4447 Jura
2719 4395 2757 4448 it
2797 4395 3082 4456 Dominus,
3116 4410 3213 4447 nec
3261 4393 3526 4459 pteuitebil
3563 4410 3683 4446 eum
3711 4410 3721 4443 :
3749 4400 3796 4444 et

2237 4488 2432 4555 reliqua
2469 4504 2481 4539 :
2513 4488 2613 4541 hoc
2650 4497 2758 4552 est,
2792 4487 3155 4542 Saecrdmium
3188 4485 3324 4539 istud
3368 4500 3472 4538 non
3521 4485 3797 4538 mutabitur

553 4570 654 4624 ties
686 4587 698 4619 :
725 4578 778 4621 et
808 4569 883 4620 illi
914 4568 1224 4634 bonitatem,
1253 4571 1295 4624 si
1344 4573 1688 4626 crediderint.
1727 4575 1831 4628 Sed
1867 4587 1914 4628 et
1963 4577 2057 4639 illi,
2087 4579 2128 4627 si
2161 4569 2210 4628 D
2236 4581 2371 4633 sient
2403 4587 2659 4632 mutatum
2690 4588 2769 4632 est
2800 4578 3103 4632 Judteorum
3137 4595 3150 4630 :
3191 4577 3261 4630 ita
3290 4585 3344 4630 et
3379 4576 3464 4631 hic
3493 4577 3614 4630 sine
3644 4577 3796 4645 pteuio

553 4675 653 4712 non
687 4660 1050 4728 permanserint
1080 4662 1132 4714 in
1158 4663 1532 4729 incredulitate,
1548 4667 1851 4718 inserantur.
1877 4667 1929 4718 Si
1957 4679 2130 4722 autem

559 4752 612 4804 in
643 4750 950 4804 inﬁdelitate
976 4765 1069 4818 per
1094 4781 1101 4800 ε
1128 4753 1384 4818 anserini,
1411 4770 1512 4806 non
1539 4757 1861 4810 inscrentur.
1887 4756 2131 4814 Ostendit

555 4856 651 4896 eos
679 4842 818 4895 dono
851 4840 942 4894 Dei
991 4855 1144 4910 posse
1193 4845 1410 4896 reverti.
1465 4843 1651 4897 Potens
1692 4854 1765 4899 est
1809 4847 1941 4901 enim
1994 4849 2130 4903 Dcus

552 4935 735 4988 iterum
761 4933 978 4987 inserere
1001 4933 1137 4986 illas.
1173 4935 1322 5004 Apud
1363 4935 1603 4991 homines
1630 4939 1844 5008 quidem
1885 4941 2129 5012 impossi-

553 5025 662 5080 bile
693 5033 774 5079 est
805 5025 984 5078 arfdzs
1007 5026 1249 5080 surculos
1273 5027 1362 5080 rel"
1390 5045 1599 5084 rmore:
1623 5031 1728 5086 Deo
1750 5044 1927 5088 autem
1950 5036 2132 5089 omnia

553 5116 824 5184 possibilia
855 5127 997 5170 sunt.
1027 5116 1160 5169 Nam
1187 5119 1231 5170 si
1259 5129 1308 5171 tu
1332 5135 1394 5174 ea;
1419 5123 1644 5175 naturali
1669 5125 1866 5179 excisus
1890 5142 1940 5178 es
1970 5126 2132 5179 oleas-

553 5219 654 5264 tro.
681 5207 781 5274 Qui
809 5208 924 5278 jam
955 5209 1080 5262 olim
1109 5210 1158 5263 in
1193 5212 1430 5280 patribus
1463 5216 1587 5281 luis,
1617 5218 1705 5286 qui
1744 5217 1891 5272 obliti
1920 5231 2132 5273 naiura-

553 5303 656 5358 lem
683 5301 878 5370 legem,
908 5287 1367 5370 degeneraverunt
1399 5319 1426 5356 τι
1458 5318 1667 5371 natura,
1699 5311 1858 5361 et'am
1889 5325 1981 5376 per
2009 5325 2131 5362 suc-

553 5392 826 5447 cessiones
854 5392 1105 5460 peccandi
1129 5394 1460 5448 consuetudo
1490 5401 1784 5451 crescendo
1816 5402 2129 5467 permansit,

553 5485 703 5556 quasi
727 5486 1034 5540 naturaliter
1057 5486 1226 5539 amari
1270 5487 1479 5541 luerunt
1514 5507 1523 5540 :
1561 5505 1664 5542 non
1695 5491 1863 5542 solum
1915 5507 2008 5559 per
2031 5494 2132 5546 ori.

553 5577 730 5646 giuale
760 5587 1066 5646 peccatum,
1108 5577 1204 5633 sed
1244 5581 1404 5636 etiam
1451 5595 1544 5647 per
1581 5583 1805 5635 actuale.
1855 5581 1919 5634 lit
1961 5593 2135 5637 contra

553 5680 792 5723 naturam
818 5672 1034 5724 insertus
1059 5687 1108 5725 es
1137 5671 1188 5724 in
1219 5671 1397 5724 bonum
1424 5672 1630 5738 olivam,
1679 5685 1866 5740 quanto
1899 5677 2059 5743 magis
2084 5677 2134 5729 lii

553 5761 829 5820 secundum
877 5775 1116 5817 naturam
1159 5763 1438 5816 inserentur
1464 5779 1570 5817 sua:
1614 5765 1792 5820 olit‘d’?
1818 5767 2013 5821 Contra
2045 5783 2135 5822 ua-

2236 4669 2395 4723 tentia
2419 4680 2538 4723 sunt
2563 4670 2701 4722 dona
2734 4667 2858 4733 Dei,
2886 4677 2941 4722 et
2963 4667 3171 4723 voeatio
3204 4685 3220 4723 :
3247 4668 3347 4723 hoc
3375 4680 3487 4733 est,
3513 4684 3647 4736 quos
3679 4683 3797 4736 prato

2234 4760 2551 4824 dcst=navit,
2600 4759 2696 4813 hos
2741 4766 2797 4813 et
2840 4761 3069 4814 vocavit.
3099 4759 3230 4826 Quia
3271 4758 3410 4814 Deus
3440 4775 3544 4814 non
3589 4759 3798 4814 mutabit

2234 4849 2524 4904 vocationis
2574 4864 2684 4903 sum
2729 4851 3090 4914 sententiam;
3123 4851 3216 4904 scd
3266 4865 3402 4921 quos
3451 4863 3577 4905 ante
3631 4850 3796 4906 mundi

2233 4953 2296 4992 eo
2336 4941 2665 4994 stitutionem
2697 4940 2748 4995 in
2782 4941 3115 5010 prmscientia
3144 4955 3237 4994 sua
3261 4942 3450 5010 elegit,
3484 4941 3613 5008 ipsis
3642 4944 3798 4994 rlicltt-
3853 4949 3860 4954 '

2233 5046 2324 5085 rus
2366 5042 2446 5086 est
2488 5049 2500 5084 :
2534 5031 2742 5096 Venite,
2773 5033 3034 5087 benedicti
3083 5034 3250 5086 Patris
3281 5033 3383 5086 mei
3415 5074 3431 5098 ,
3502 5042 3553 5086 et
3583 5034 3796 5102 reliqua.

2235 5123 2376 5179 Sicut
2402 5126 2529 5177 enim
2552 5125 2826 5192 aliquando
2847 5133 2892 5177 et
2916 5141 2997 5176 ros
3019 5141 3115 5175 nun
3138 5124 3424 5176 credidit”
3448 5121 3570 5175 Deo.
3591 5124 3798 5190 Quando

2233 5218 2406 5271 adimo
2439 5218 2511 5270 illi
2541 5217 2848 5272 credebant.
2888 5215 3039 5268 Nunc
3068 5226 3236 5269 autem
3258 5216 3653 5268 misericordiam
3681 5231 3800 5267 con-

2232 5311 2387 5362 secuti
2409 5311 2526 5364 estis
2557 5319 2760 5378 }ropter
2793 5308 2997 5361 illornnt
3024 5309 3447 5361 incredulitatem.
3478 5307 3592 5362 Non
3624 5307 3799 5362 merito

2236 5411 2432 5455 vestro.
2470 5400 2552 5453 Ita
2579 5411 2625 5454 et
2657 5401 2739 5453 isti
2769 5415 2902 5452 nunc
2930 5415 3032 5452 non
3060 5399 3382 5452 crediderunt
3411 5401 3463 5452 in
3502 5408 3664 5452 vestra
3705 5398 3800 5449 mi-

2235 5493 2530 5545 sericordia.
2583 5491 2939 5547 Misericordia
2993 5493 3232 5560 gentium
3297 5490 3543 5544 Chrisms
3583 5499 3662 5543 est
3700 5506 3711 5541 :
3750 5497 3800 5541 ut

2236 5594 2281 5634 et
2301 5583 2396 5649 ipsi
2419 5581 2816 5633 misericordiam
2841 5591 3228 5650 consequantur.
3255 5580 3306 5633 lu
3334 5587 3535 5632 tantum
3559 5594 3662 5632 nou
3693 5593 3798 5632 cre-

2236 5673 2500 5735 diderunt,
2525 5679 2581 5724 ut
2607 5680 2662 5724 et
2690 5671 2785 5739 ipsi
2818 5687 2920 5726 non
2951 5687 3014 5725 ex
3045 5671 3296 5740 operibus
3318 5671 3693 5738 justiticentur,
3715 5666 3796 5719 sed

2238 5765 2598 5821 misericordia
2619 5809 2634 5835 ,
2679 5767 2817 5823 sicut
2863 5783 2985 5834 vos,
3017 5767 3331 5837 quandocuu
3355 5782 3438 5835 rue
3471 5760 3796 5817 crediderint.
