4004 6354
202 378 310 444 483

1062 376 1129 440 ἸΝ
1172 380 1554 440 ENSTOLAM
1598 383 1687 437 AD
1732 378 2050 437 RUMANOS
2089 372 2601 432 CUMMENTANA.

3351 372 3453 421 ΜΗ

199 500 465 557 Cnmlusit
498 500 627 552 enim
669 497 802 552 Deus
836 498 1004 552 omnia
1039 499 1092 550 in
1124 498 1497 551 incredulitate.
1530 496 1677 563 Quos
1705 496 1783 548 in-
1816 498 1861 555 Β
1886 506 2046 546 sensu
2072 490 2335 545 revelatur
2365 488 2564 541 renatis
2588 500 2681 557 per
2697 484 2939 555 gratiam.
2965 482 3126 548 Bona,
3158 490 3204 536 et
3225 481 3461 549 benepla-

202 594 351 646 venit
400 592 451 645 in
496 588 864 645 incredulitate
897 606 911 642 :
942 589 1041 643 hoc
1066 596 1180 652 est,
1222 587 1436 644 Indicos
1473 602 1693 653 omnes,
1730 587 1784 640 et

202 692 413 752 gentes,
465 684 561 735 hos
602 678 883 745 conclusit,
932 681 1055 749 quia
1095 688 1219 734 ante
1267 678 1433 733 Judazi
1476 689 1783 747 peccatores

202 781 381 837 eaant,
429 784 533 824 non
588 769 777 839 perﬁdi
828 785 839 820 :
894 777 1169 837 postquam
1202 779 1377 823 autem
1415 768 1632 823 Christo
1676 783 1782 821 non

202 861 573 923 crediderunt,
606 859 836 928 aequales
858 869 979 912 sunt
1004 858 1268 926 gentibus,
1299 867 1351 915 et
1382 860 1449 912 ita
1482 859 1784 913 misericor-

204 950 293 1004 dia
326 951 559 1018 indigent
588 964 773 1003 omnes
802 958 856 1003 et
885 958 1304 1017 consequuntur.
1343 940 1410 1003 Ut
1438 950 1661 1003 omnium
1690 951 1787 1002 nti-

204 1050 457 1095 sereatur.
492 1041 616 1095 lizcc
654 1039 780 1094 fecit
810 1054 965 1095 causa
1007 1048 1065 1094 ut
1112 1040 1363 1095 omnibus
1426 1040 1741 1094 misereatur
1767 1080 1782 1105 ,

205 1129 329 1199 ψη
384 1144 573 1184 omnes
623 1129 899 1198 aequaliter
954 1129 1258 1183 incredulos
1309 1127 1683 1197 deprehendit.
1744 1129 1788 1181 0

204 1220 429 1275 altitudo
455 1219 742 1272 diritinum
766 1220 1050 1285 sapientia;
1080 1219 1282 1273 Laudat
1313 1233 1440 1288 ergo
1472 1219 1787 1290 sapientiam

210 1313 341 1375 Dei,
376 1312 464 1382 qui
493 1312 672 1365 tandiu
696 1312 1029 1378 exspectavit
1058 1311 1348 1366 secundum
1378 1310 1787 1380 priescicntiam,

208 1406 384 1459 donec
411 1419 599 1458 omnes
625 1404 899 1474 mqualiter
938 1405 1239 1475 indigerent
1284 1403 1643 1458 misericordia
1668 1444 1684 1471 ,
1737 1411 1793 1457 ut

209 1511 372 1549 nemo
400 1495 618 1552 haberet
654 1496 795 1551 unde
839 1496 1054 1566 gloriari
1089 1504 1299 1564 posset,
1340 1511 1399 1551 se
1440 1511 1506 1551 ex
1542 1496 1794 1565 Operibus

205 1586 578 1657 iustiﬁcatam,
608 1605 725 1659 quin
752 1605 849 1644 εις-ο
879 1589 1022 1644 fecit.
1067 1588 1177 1644 Hoc
1216 1597 1392 1643 autem
1441 1601 1600 1643 nemo
1638 1587 1796 1641 intel-

214 1678 537 1748 lexit,justo
590 1680 679 1734 Dei
726 1680 957 1750 judicio,
1008 1680 1148 1735 unde
1195 1679 1464 1734 admirans
1511 1678 1796 1748 Apostolus

212 1777 420 1824 tantum
475 1768 795 1840 profundum
831 1811 845 1835 ,
896 1771 1058 1825 nullis
1114 1770 1317 1824 meritis
1373 1770 1796 1839 praecedentibus

1885 600 2021 647 rens,
2049 591 2093 635 et
2127 583 2367 652 perfecta.
2402 581 2545 634 Bona
2565 622 2579 645 ,
2614 578 2801 633 melior
2833 587 2885 633 et
2923 577 3144 647 Optima.
3173 575 3301 629 Dico
3329 578 3462 629 enim

1886 690 1973 743 per
2002 673 2218 744 gratiam
2249 689 2361 741 qua!
2381 672 2503 725 data
2533 680 2605 725 est
2631 670 2779 723 mihi.
2810 669 2923 724 Non
2951 683 3109 723 sensu
3141 668 3355 738 praprio
3383 668 3459 720 lo-
3500 704 3503 709 μ

1884 780 2021 832 quor
2050 782 2064 819 :
2096 764 2187 817 sed
2216 764 2382 831 gratia
2415 764 2611 819 Christi
2645 762 2874 833 loquitur
2911 763 2963 816 in
2994 777 3080 817 me
3109 778 3122 814 :
3151 761 3302 832 quasi
3332 775 3458 832 pro-

1888 854 2076 910 hibens
2099 854 2250 909 aliter
2270 834 2469 922 sapere
2492 869 2651 924 quam
2685 848 2919 923 praecipit
2947 854 3029 909 lex
3060 853 3256 909 divina.
3289 853 3465 907 Omni-

1888 946 1979 998 bus
2010 946 2098 1015 qui
2149 954 2268 997 sunt
2321 946 2453 999 inter
2488 961 2593 999 ros.
2624 945 3003 1002 Sacerdotibus
3037 953 3090 999 et
3124 944 3464 1006 doctoribus,

1888 1051 2113 1106 quorum
2163 1037 2467 1105 exemplum
2519 1040 2696 1091 caeteri
2746 1047 3113 1107 sequerentur.
3176 1036 3295 1090 Nan
3352 1038 3468 1108 plus

1886 1144 2081 1197 sapere,
2099 1144 2247 1197 quam
2266 1136 2460 1198 oportet
2488 1144 2663 1196 sapere
2690 1144 2705 1180 :
2729 1129 2817 1182 sed
2839 1144 3013 1196 sapere
3039 1129 3108 1181 ad
3130 1128 3467 1184 sobrietatem.

1892 1218 2020 1273 Plus
2054 1221 2212 1287 sapit,
2243 1216 2332 1287 qui
2366 1218 2470 1284 illa,
2503 1234 2619 1288 qum
2651 1220 2732 1273 lex
2767 1235 2870 1272 non
2904 1220 3031 1273 dicit
3063 1220 3302 1290 inquirit,
3332 1219 3470 1275 sicut

1889 1308 2020 1363 dicit
2046 1310 2297 1362 Salomon
2344 1326 2355 1360 :
2402 1308 2605 1362 Altiora
2649 1318 2699 1361 te
2740 1325 2804 1364 ne
2853 1312 3143 1379 qumsieris.
3190 1310 3470 1378 Unicuique

1889 1400 2019 1453 sicut
2046 1399 2184 1453 Deus
2215 1400 2405 1453 divisit.
2432 1399 2730 1454 Nomadum
2762 1405 2899 1469 quod
2931 1402 3185 1469 Spiritum
3227 1409 3469 1455 sanctum

1891 1489 2033 1544 dicat
2060 1490 2223 1545 Deum
2256 1508 2269 1543 :
2300 1506 2456 1558 quem
2482 1492 2546 1544 ad
2576 1492 2902 1556 Corinthios,
2929 1492 3164 1546 dividere
3186 1492 3311 1546 dicit
3332 1493 3468 1547 dona

1892 1582 2113 1651 singul‘s
2138 1591 2295 1649 prout
2319 1584 2452 1637 vult.
2483 1584 2775 1637 Mensarum
2800 1584 2944 1652 ﬁdei.
2969 1583 3113 1639 Sicut
3134 1584 3268 1638 enim
3291 1586 3343 1637 in
3372 1600 3471 1638 uno

1893 1687 2102 1737 corpore
2144 1674 2302 1725 multa
2338 1674 2560 1726 membra
2609 1676 2870 1728 hrtl'emus.
2926 1673 2992 1729 Ut
3042 1688 3392 1744 agnoscamus
3443 1691 3471 1723 ει

1898 1761 2008 1816 Deo
2045 1762 2199 1816 nobis
2234 1763 2395 1817 etiam
2439 1764 2604 1829 ipsam
2648 1765 2801 1819 ﬁdem
2844 1766 3051 1821 donari.
3080 1766 3265 1818 Omnia
3306 1775 3475 1818 autem

211 1867 404 1928 gentes
445 1860 783 1915 intromissas
808 1900 822 1925 ,
878 1869 929 1915 et
979 1860 1143 1914 multa
1194 1860 1411 1929 perﬁdia
1461 1860 1796 1931 praecedente
1828 1855 1870 1914 Β
1900 1854 2119 1907 membra
2148 1870 2252 1907 non
2282 1856 2513 1908 eumdem
2542 1866 2705 1909 actum
2732 1858 2931 1912 habent.
2959 1858 3071 1912 Non
3099 1868 3272 1928 potest
3293 1860 3475 1914 oculus

211 1949 501 2005 derelictos
527 1950 761 2014 Judazos,
791 1952 1054 2006 exclamat
1078 1968 1091 2004 :
1120 1953 1163 2005 υ
1188 1951 1410 2005 altitudo
1438 1952 1452 2005 Ι
1486 1952 1551 2005 Et
1578 1952 1623 2004 si
1644 1954 1796 2021 Apo-
1822 2002 1825 2011 ,

215 2044 399 2098 stolus
428 2044 529 2099 hoc
552 2044 702 2109 dicit,
726 2054 925 2114 quanto
948 2022 1114 2115 τιθείς
1139 2060 1234 2099 nos
1256 2044 1431 2098 dicere
1451 2044 1798 2107 debemus,et

215 2150 326 2188 non
352 2136 619 2190 discutere
649 2137 743 2191 Dei
765 2135 961 2205 judicia
992 2153 1005 2191 :
1033 2136 1126 2191 sed
1154 2136 1217 2189 ad
1246 2135 1383 2189 istud
1414 2136 1792 2201 testimonium,

215 2224 365 2279 velut
390 2225 455 2279 ad
485 2236 691 2294 portum
723 2226 1028 2295 confugere,
1064 2237 1118 2281 et
1145 2228 1286 2280 velut
1313 2226 1377 2279 ad
1414 2226 1794 2280 validissimam

211 2318 508 2370 anchoram
539 2333 636 2373 nos
666 2321 880 2373 tenere!
904 2318 971 2371 Et
1007 2319 1226 2372 scientias
1258 2318 1352 2371 Dei
1383 2333 1404 2372 :
1428 2334 1578 2387 quant
1607 2320 1795 2371 incom-

212 2406 575 2477 prehensibilia
597 2421 711 2465 sunt
717 2411 918 2482 judicia
938 2412 1069 2481 ejus,
1092 2420 1140 2465 et
1163 2411 1527 2481 investigabiles
1550 2411 1641 2464 vite
1660 2410 1800 2480 ejus!

213 2498 671 2555 Considerandum
716 2503 856 2571 quod
913 2503 1000 2556 l‘ei
1042 2503 1262 2556 scientia
1310 2501 1557 2556 omnibus
1598 2500 1799 2555 divitiis

216 2594 565 2662 praeponitur.
601 2594 725 2659 Quis
752 2595 883 2646 enim
925 2596 1153 2665 coquovit
1188 2610 1390 2649 sensum
1425 2594 1677 2647 Domini?
1710 2602 1797 2645 aut

214 2685 329 2754 quis
354 2687 679 2739 consiliarius
708 2687 815 2756 ejus
843 2685 979 2754 fuit?
1008 2688 1135 2753 Quis
1168 2701 1260 2752 pro
1303 2686 1615 2740 difﬁcultate
1654 2685 1797 2754 posi-

216 2786 327 2829 tum
354 2787 453 2830 est.
489 2778 586 2831 Aut
614 2779 723 2840 quis
756 2779 893 2846 prior
931 2776 1068 2829 dedit
1099 2776 1174 2829 illi
1200 2817 1215 2843 ,
1269 2784 1316 2829 et
1363 2776 1668 2829 retribuetur
1714 2773 1799 2828 ei?

215 2867 350 2933 Quis
394 2867 539 2936 prior
582 2867 708 2923 fecit
745 2867 941 2936 aliquid
985 2867 1105 2920 b0ui
1150 2867 1264 2921 sine
1296 2866 1439 2932 Deo,
1484 2876 1536 2919 ttt
1570 2882 1670 2919 non
1706 2867 1797 2919 Dei

214 2958 640 3012 misericordiam
666 2958 944 3027 gloriﬁcet,
973 2957 1065 3011 sed
1094 2972 1189 3011 suo
1221 2972 1321 3011 me:
1340 2959 1412 3010 ito
1442 2971 1501 3010 se
1529 2956 1798 3023 recepisse

214 3048 516 3115 glorietur?
544 3049 697 3116 cujus
735 3057 819 3103 est
857 3048 1104 3101 bonitatis
1131 3048 1291 3102 etiam
1339 3046 1477 3117 quod
1513 3062 1694 3102 sumus
1744 3057 1799 3103 et

214 3141 477 3205 vivimus,
512 3157 617 3194 non
648 3152 848 3195 tantum
878 3141 1017 3210 quod
1052 3142 1320 3195 credimus
1348 3158 1359 3193 :
1390 3140 1511 3210 quia
1543 3142 1596 3194 in
1627 3144 1799 3195 omni-

215 3230 319 3286 bus
342 3231 506 3299 ipsius
532 3231 893 3286 misericordia
922 3232 1291 3301 prmvenimur.
1316 3233 1379 3285 Et
1404 3233 1796 3306 sciamusqu'a,
1825 3231 1865 3289 (ἶ

215 3324 262 3377 si
296 3323 421 3377 boui
450 3324 645 3393 aliquid
688 3324 929 3388 facimus,
969 3325 1076 3392 jam
1116 3324 1183 3377 ab
1225 3324 1317 3377 illo
1356 3324 1674 3391 accipimus,
1714 3327 1799 3378 cui

217 3429 382 3468 nemo
413 3414 556 3481 prior
585 3414 749 3467 dedit.
781 3414 1033 3478 Quoniam
1062 3429 1124 3465 ex
1146 3414 1278 3482 ipso,
1309 3421 1355 3465 et
1388 3430 1476 3479 per
1505 3414 1686 3481 ipsum.
1720 3414 1802 3468 Ab

216 3505 339 3575 ipso
378 3522 483 3560 non
518 3511 686 3562 solum
721 3508 894 3560 omnis
933 3516 1173 3561 creatura
1220 3506 1286 3559 dc
1318 3505 1483 3559 nihilo
1524 3505 1659 3560 facta
1697 3514 1799 3568 est,

216 3596 312 3653 sed
343 3614 403 3651 cx
430 3600 544 3667 ip~~o
574 3609 655 3652 est
681 3613 840 3652 omne
868 3598 1064 3653 bonum
1086 3639 1099 3662 ,
1125 3596 1549 3652 dicentelaeobo
1580 3613 1592 3650 :
1622 3596 1664 3651 A
1696 3613 1801 3666 quo

215 3700 301 3744 est
342 3705 500 3744 omne
535 3691 732 3744 donum
765 3690 1040 3760 optimum.
1085 3689 1151 3744 Et
1186 3692 1237 3743 in
1268 3692 1377 3759 ipsa
1419 3700 1556 3743 sunt.
1590 3690 1644 3743 In
1686 3690 1801 3758 ipso

217 3779 558 3834 concluditur
595 3798 607 3834 :
645 3782 757 3851 ipse
797 3780 1175 3851 gloriﬁcandus
1219 3796 1248 3835 a
1297 3782 1450 3835 nobis
1488 3790 1589 3834 est.
1618 3779 1802 3833 Omnia

217 3871 319 3941 ἕρδ’
350 3871 516 3943 gloria
542 3874 593 3926 in
626 3876 832 3927 srecula.
867 3872 1044 3927 Amen.
1075 3874 1129 3929 Si
1160 3874 1357 3938 omnia,
1391 3884 1443 3927 et
1469 3874 1618 3927 ﬁdes.

289 3962 423 4020 Car.
453 3980 541 4018 ut.
568 3966 784 4021 Obsecro
806 3969 970 4039 itaque
991 3984 1096 4033 vos,
1116 3973 1315 4039 fratres.
1344 3969 1551 4023 lttitium
1583 3984 1754 4023 causa:
1783 3986 1798 4022 :

218 4052 355 4118 Quia
386 4054 453 4107 dc.
483 4072 640 4111 sensu
668 4059 872 4113 Domini
906 4059 1142 4124 dixerat,
1173 4062 1331 4113 modo
1371 4061 1527 4115 docet
1566 4065 1651 4128 qui
1681 4077 1802 4116 e~sc

219 4144 685 4216 debeantzqoales
712 4163 768 4202 se
802 4150 891 4203 Dei
922 4151 1184 4220 adiutorio
1209 4152 1436 4206 debeant
1457 4153 1801 4214 exhibere,ut

218 4248 434 4291 sensum
467 4239 671 4293 Domini
699 4241 893 4296 habere
923 4252 1244 4295 mereantur.
1277 4241 1379 4297 Per
1408 4243 1799 4296 misericordiam

220 4330 340 4384 Dei.
385 4332 497 4396 Qua
537 4334 723 4387 salvati
760 4336 891 4387 estis
927 4353 937 4386 ε
971 4336 1099 4389 nihil
1139 4337 1278 4389 enim
1313 4336 1480 4403 majus
1513 4334 1797 4389 habebant.

222 4418 293 4474 Ut
331 4421 603 4474 exitibeatis
633 4437 848 4491 corpora
895 4436 1077 4475 vestra.
1125 4425 1331 4488 Quanto
1386 4424 1551 4490 magis
1599 4424 1803 4476 animas

218 4511 466 4566 vestras?
504 4528 606 4564 non
658 4513 851 4565 arietes
890 4523 943 4566 et
984 4514 1160 4568 hircos
1192 4531 1209 4566 :
1252 4515 1347 4583 qui
1385 4522 1559 4567 tamen
1602 4515 1703 4567 vivi
1745 4524 1799 4568 et

1900 1944 2103 2009 audire,
2129 1961 2226 2001 nec
2252 1947 2395 2000 auris
2418 1948 2618 2003 videre.
2640 1948 2722 1999 Ita
2746 1949 2895 2001 multi
2915 1966 3069 2003 unum
3096 1965 3278 2020 corpus
3299 1966 3475 2003 sumus

1898 2035 1954 2089 in
1986 2036 2203 2090 Christo.
2236 2038 2313 2091 Ad
2341 2039 2597 2092 unitatem
2629 2048 2679 2093 ct
2710 2056 2892 2107 pacem
2921 2041 3199 2094 hortatur:
3234 2057 3339 2095 non
3370 2057 3475 2110 po-

1902 2134 2005 2179 test
2028 2142 2164 2181 unus
2186 2130 2363 2183 omnia
2390 2130 2605 2199 habere,
2637 2147 2702 2184 ne
2747 2132 3018 2200 superbiat
3040 2132 3081 2186 si
3105 2133 3300 2187 nullius
3329 2134 3476 2187 indi-

1898 2232 2037 2289 geat.
2074 2222 2247 2277 Nolite
2275 2240 2402 2292 ergo
2440 2226 2779 2289 contristari,
2811 2227 2931 2295 quia
2984 2240 3088 2280 non
3140 2225 3299 2281 habet
3336 2241 3472 2281 unus

1898 2311 2038 2382 quod
2066 2313 2230 2367 alium
2256 2314 2452 2370 habere
2472 2318 2757 2385 perspexit.
2782 2316 2987 2385 Singuli
3011 2325 3178 2371 autem
3203 2316 3331 2371 alter
3354 2318 3478 2371 alte-

1898 2404 2005 2457 rius
2036 2406 2273 2458 membra.
2306 2407 2576 2462 Alterutro
2599 2419 2909 2477 prmstemus
2934 2409 3072 2478 quod
3103 2407 3381 2475 habemus,
3423 2421 3478 2463 ttt

1899 2499 2200 2565 prmstaudo
2231 2499 2284 2554 in
2314 2500 2627 2555 alterutrum
2672 2501 2810 2570 quod
2859 2501 3153 2566 habemus,
3199 2503 3368 2571 magis
3416 2516 3479 2554 ac

1899 2592 2067 2659 magis
2080 2592 2309 2646 eharitas
2322 2593 2687 2648 conﬁrmetur.
2700 2594 2958 2649 [labentes
2975 2606 3139 2649 autem
3154 2595 3472 2660 donationes,

1898 2682 2178 2733 secundum
2213 2684 2450 2753 gratiam,
2493 2701 2605 2753 qua:
2652 2687 2772 2738 data
2810 2697 2885 2740 est
2931 2687 3106 2750 uoltis,
3165 2685 3476 2753 di/ftrentes.

1900 2772 2035 2825 Audi
2058 2772 2392 2841 donationes,
2424 2784 2477 2830 et
2508 2788 2622 2831 tace
2649 2777 2712 2830 de
2742 2778 2965 2832 mentis.
2996 2778 3125 2832 Novi
3149 2778 3475 2832 Testamenti

1900 2863 2095 2919 donum
2121 2876 2221 2930 est,
2252 2869 2389 2936 quod
2416 2884 2478 2923 ex
2512 2869 2664 2924 nobis
2697 2884 2799 2924 non
2823 2878 2905 2925 est
2938 2888 2949 2922 :
2982 2870 3228 2925 omnibus
3254 2869 3478 2924 creden-

1899 2959 2041 3012 tibus
2063 2961 2228 3027 gloria
2257 2962 2429 3015 futura
2459 2964 2807 3032 promittitur.
2835 2965 2937 3020 Sed
2974 2964 3080 3031 jam
3122 2964 3172 3016 iu
3228 2963 3473 3033 praesenti

1900 3054 2098 3105 renatis
2132 3052 2386 3107 Dominus
2415 3054 2742 3109 differentias
2770 3057 3045 3120 virtutum,
3084 3057 3247 3125 gratia
3288 3054 3472 3109 disrrio

1901 3140 2115 3199 bucnte.
2151 3141 2388 3211 largitur.
2424 3142 2540 3195 Sive
2564 3145 3205 3214 prophetiam:secundum
3230 3147 3475 3198 rationem

1902 3232 2043 3300 fidei.
2080 3231 2266 3295 Fidei,
2296 3248 2399 3283 non
2434 3232 2565 3302 legis
2599 3249 2612 3287 :
2641 3234 2733 3287 sed
2770 3235 2907 3288 illius
2948 3235 3015 3289 ﬁd
3053 3236 3066 3289 i
3108 3250 3225 3304 qua:
3272 3250 3365 3303 per
3390 3234 3474 3288 di-

1904 3320 2075 3373 lectio.
2101 3337 2187 3374 em
2225 3331 2477 3387 cperatur
2504 3338 2519 3385 ;
2551 3322 2642 3375 sed
2682 3323 2779 3377 ista
2819 3324 3032 3378 dileCIio
3082 3340 3176 3394 per
3216 3326 3471 3393 Spiritum

1902 3420 2147 3467 sanctum
2175 3413 2487 3467 intenditur.
2523 3414 2615 3468 γει
2644 3416 2803 3470 etiam
2847 3418 2986 3471 illam
3017 3417 3347 3487 prophetiam
3382 3432 3471 3472 vc-

1904 3519 2037 3569 ram,
2068 3520 2188 3574 qua:
2218 3504 2506 3560 secundum
2538 3508 2694 3562 [idem
2726 3519 2825 3563 CSl.
2876 3509 2991 3563 Sive
3034 3509 3392 3579 ministerium,
3424 3512 3473 3561 in

1904 3596 2261 3649 ministrando.
2292 3597 2652 3653 Sacerdotalc.
2684 3600 2801 3654 Sive
2826 3602 2912 3671 qui
2934 3602 3095 3667 docet,
3119 3603 3169 3654 in
3200 3602 3473 3655 doctrira:

1901 3687 1990 3756 qui
2018 3688 2340 3753 exhortatur,
2374 3689 2427 3742 in
2455 3689 2787 3744 exhortando.
2820 3693 2917 3758 Qui
2964 3692 3153 3757 docet,
3199 3692 3367 3761 major
3395 3705 3477 3747 cst

1902 3794 1967 3834 eo
1994 3782 2084 3849 qui
2108 3781 2428 3836 exhortatur
2462 3799 2476 3835 :
2509 3782 2779 3837 exhortari
2806 3784 2947 3838 enim
2984 3792 3203 3851 possunt
3228 3793 3281 3838 ct
3307 3784 3475 3852 ignari

1904 3889 1998 3942 pro
2030 3875 2231 3930 \it‘ihus
2254 3876 2364 3930 suis
2399 3892 2412 3929 :
2450 3874 2645 3932 docere
2684 3887 2859 3931 autem
2898 3878 3174 3931 doctorum
3217 3887 3316 3930 est.
3363 3876 3477 3931 lluc

1903 3980 2067 4036 usque
2088 3966 2245 4022 dona.
2275 3967 2406 4022 llinc
2432 3968 2542 4035 jam
2573 3968 2758 4033 docet,
2798 3977 2855 4021 ut
2896 3968 3081 4033 deiet,
3117 3978 3170 4021 ut
3210 3967 3363 4022 denis
3391 3982 3479 4021 ac-

1901 4060 2071 4127 ceptis
2098 4060 2234 4115 bene
2264 4071 2489 4115 utamur.
2528 4061 2629 4127 Qui
2665 4061 2861 4124 tribuit,
2896 4060 2946 4111 in
2977 4061 3318 4129 simplicitate.
3348 4060 3477 4113 Um-

1904 4156 2059 4208 niltns
2091 4156 2434 4223 simpliciter,
2466 4155 2515 4209 id
2548 4164 2629 4209 est
2660 4171 2791 4223 puro
2817 4154 2980 4208 corde
3008 4155 3167 4208 debet
3196 4154 3306 4207 dari
3344 4171 3355 4203 :
3388 4154 3477 4220 qui

1902 4250 2044 4303 cnim
2066 4250 2361 4317 susceperit
2384 4248 2692 4318 pmphetam
2718 4248 2769 4301 in
2784 4249 2996 4302 nomine
3019 4247 3308 4315 prophetae,
3340 4261 3479 4300 mer-

1903 4340 2086 4393 cedent
2114 4343 2382 4409 prophetm
2408 4340 2650 4405 accipiet.
2688 4338 2787 4405 Qui
2813 4345 3013 4405 protest,
3038 4338 3087 4388 in
3115 4336 3474 4389 sollicitudine.

1906 4429 2177 4494 Ecclesize,
2203 4430 2283 4481 vel
2314 4428 2586 4481 fratribus.
2620 4428 2718 4494 Qui
2738 4428 3023 4480 miseretur.
3052 4425 3276 4479 Maxime
3308 4425 3482 4481 mise-

1905 4519 2134 4573 ricordia
2176 4520 2315 4572 circa
2363 4526 2680 4587 a‘grotantes
2720 4516 3176 4583 exhibenda-cst,
3236 4519 3509 4587 quamvis

220 4602 339 4654 sine
369 4604 574 4655 macula
602 4602 975 4658 offerebantur.
1010 4604 1242 4660 Hostiam
1272 4608 1631 4663 riventemAb
1652 4609 1794 4663 οηιηί
1828 4604 1879 4663 Ι)
1901 4613 2167 4682 generalis
2212 4612 2298 4667 sit.
2342 4613 2410 4666 In
2454 4612 2731 4668 hilaritate.
2778 4612 3009 4668 Hilarem
3053 4614 3191 4667 enim
3236 4614 3477 4670 datorem

224 4704 566 4762 peccatorum
640 4706 811 4751 morte
873 4699 1121 4755 alienam.
1175 4702 1437 4756 Sanctam.
1499 4702 1688 4756 Puram
1746 4710 1801 4755 et

221 4794 422 4841 castam
452 4804 463 4838 :
489 4787 819 4843 Sanctiﬁcate
845 4792 985 4845 enirn
1013 4807 1129 4858 νινε,
1153 4795 1245 4857 ait,
1270 4810 1297 4846 a
1327 4793 1656 4849 mulieribus.
1692 4792 1799 4847 Deo

221 4882 524 4949 placentem.
558 4882 671 4934 Non
719 4883 1018 4938 lintiiitilbus
1049 4886 1240 4938 solum.
1288 4887 1609 4940 Ratiouabile
1652 4887 1796 4939 obse-

221 4972 396 5041 quium
414 4981 645 5024 t-estrum.
664 4974 848 5026 Untn‘a
877 4976 1145 5042 sapienter
1168 4975 1402 5032 facienda
1422 4995 1434 5031 :
1454 4984 1571 5044 quia
1591 4977 1797 5032 etiamsi

222 5073 625 5118 Consumtuatus
658 5066 774 5129 quis
810 5065 994 5132 fuerit,
1026 5077 1077 5121 et
1107 5067 1335 5122 abfuerit
1360 5070 1428 5123 ab
1459 5070 1547 5123 illo
1576 5070 1801 5124 scientia

227 5157 338 5221 Di-i,
365 5157 416 5211 itt
448 5158 668 5212 nihilum
700 5158 1055 5225 deputabitur.
1082 5157 1147 5211 Et
1174 5160 1259 5211 nol
1281 5168 1327 5213 te
1349 5162 1658 5229 conformari
1686 5161 1802 5213 huic

225 5255 429 5306 siccato.
470 5251 643 5308 Nolite
678 5252 870 5307 iterum
915 5253 1114 5307 similes
1152 5268 1273 5307 esse
1311 5254 1433 5308 filiis
1467 5256 1669 5320 mundi,
1713 5256 1798 5325 qui

227 5342 348 5397 fat-ti
377 5344 505 5398 estis
537 5344 626 5398 ﬁlii
654 5344 766 5399 Dei.
798 5344 903 5400 Sed
932 5346 1279 5414 reformamini
1302 5346 1352 5397 in
1380 5346 1597 5398 novitate
1625 5361 1801 5400 sensus

224 5436 391 5485 ‘t'cstti.
422 5434 687 5489 Itenovate
708 5434 848 5488 dono
872 5434 964 5489 Dei
989 5448 1203 5489 sensum
1238 5446 1493 5501 vestrum,
1524 5453 1615 5503 per
1641 5453 1797 5507 quem

228 5524 431 5594 regitur
460 5540 686 5593 corpus,
718 5536 772 5579 et
808 5526 983 5579 omnia
1016 5526 1250 5580 membra
1283 5527 1597 5596 diriguntur.
1632 5528 1693 5581 Et
1725 5528 1795 5581 ita

227 5630 421 5685 corpus
446 5616 779 5670 renovabitur
812 5633 823 5667 :
852 5624 902 5670 et
933 5630 1052 5670 cum
1087 5616 1185 5670 hoc
1217 5616 1467 5680 feceiitis,
1503 5626 1625 5670 tunc
1654 5628 1802 5684 pote-

228 5705 342 5757 r'tis
376 5706 698 5759 voluntatem
742 5705 863 5773 Dei,
903 5714 955 5759 et
996 5720 1211 5759 sensum
1243 5706 1357 5774 ejus
1388 5720 1696 5774 agnoscere.
1732 5705 1799 5760 Ut

232 5796 447 5863 probetis
472 5814 583 5865 quae
608 5797 669 5851 sit
692 5798 823 5851 rolur
846 5806 923 5851 tas
950 5797 1059 5851 Dei.
1090 5797 1211 5851 Ιῐίρε
1235 5799 1377 5851 enim
1406 5797 1628 5855 nonnisi
1662 5813 1799 5854 novo

1901 4706 2075 4776 diligit
2113 4709 2248 4762 lleus
2284 4725 2295 4760 :
2335 4708 2540 4760 triSIem
2582 4708 2696 4761 sine
2735 4706 2896 4759 dubio
2938 4707 3069 4763 odit.
3118 4708 3328 4762 Dilectio
3372 4710 3481 4763 sine

1900 4799 2246 4853 simulatione.
2279 4798 2377 4865 Qui
2411 4797 2563 4852 ﬁctus
2590 4806 2673 4851 est
2701 4799 2750 4851 in
2781 4797 3064 4865 eharitate,
3097 4799 3341 4869 injuriam
3366 4801 3478 4856 Deo

1902 4887 2042 4952 facit,
2070 4890 2157 4957 qui
2189 4890 2425 4943 cha-itas
2456 4899 2556 4943 est.
2589 4891 2771 4959 Magna
2796 4892 2935 4944 enim
2968 4890 3111 4947 fraus
3137 4902 3238 4957 est,
3269 4892 3314 4946 si
3345 4908 3478 4948 auro

1904 4982 2174 5049 plumbum
2203 4984 2499 5037 admisceas
2535 5001 2547 5035 :
2578 4995 2775 5053 quanto
2804 4984 3036 5053 gravius,
3078 4984 3119 5038 si
3152 4987 3291 5039 malo
3311 4988 3477 5041 simu-

1906 5074 2138 5140 lationis,
2172 5084 2425 5142 quantum
2456 5074 2507 5128 in
2540 5083 2592 5127 te
2618 5082 2733 5140 est,
2768 5075 2960 5128 bonum
2989 5076 3207 5130 mdeste
3235 5091 3477 5129 corrum-

1907 5162 2030 5231 pas?
2063 5163 2192 5216 Tota
2223 5163 2423 5232 puritas
2450 5163 2608 5219 debet
2638 5178 2762 5219 esse
2783 5164 2834 5217 in
2862 5165 3196 5233 Christiano,
3228 5166 3365 5219 sicut
3390 5168 3474 5219 di-

1904 5258 1996 5319 cit,
2029 5255 2165 5309 Deus
2196 5253 2283 5307 lux
2322 5263 2423 5308 est.
2457 5255 2522 5308 Et
2564 5254 2613 5307 in
2653 5254 2958 5308 Christiano
2994 5256 3254 5310 serenitas
3285 5258 3478 5311 mentis

1904 5347 2061 5402 debet
2094 5360 2235 5403 csse.
2261 5347 2549 5400 Servorum
2576 5358 2651 5400 ρει
2688 5347 2737 5400 in
2769 5345 3014 5414 praesenti
3055 5360 3281 5415 pavere,
3332 5356 3384 5401 ct
3424 5351 3475 5402 in

1907 5437 2111 5494 absenti
2132 5437 2409 5493 detrahere
2433 5453 2446 5491 :
2466 5448 2517 5492 et
2539 5436 2692 5502 illud,
2723 5436 2836 5490 Non
2863 5436 3141 5506 diligamus
3168 5439 3353 5503 verbo,
3382 5440 3477 5494 sed

1905 5549 2068 5603 opere
2094 5544 2146 5588 et
2164 5534 2405 5597 veritate,
2432 5545 2483 5587 ut
2512 5533 2752 5597 etiam,si
2787 5547 3006 5587 necesse
3030 5542 3132 5598 est,
3163 5536 3474 5591 moriamur.

1910 5625 2146 5678 0dientcs
2171 5625 2379 5678 malum.
2410 5625 2533 5679 Sive
2560 5640 2714 5691 opus,
2748 5625 2859 5678 sive
2888 5624 3157 5681 hominum
3183 5638 3333 5682 actus
3365 5645 3478 5683 ma-

1907 5716 2006 5769 los.
2032 5717 2353 5771 Adhtrrcntes
2380 5718 2528 5769 bona.
2562 5718 2704 5768 Sicut
2741 5734 2752 5769 :
2787 5715 2999 5772 D.verte
3029 5735 3055 5768 a
3086 5722 3224 5771 malo
3252 5762 3265 5785 ,
3302 5732 3353 5775 et
3395 5723 3475 5776 lac

1906 5806 1939 5861 b
1977 5823 2120 5861 num.
2150 5808 2370 5864 lit'adit‘a
2394 5808 2607 5873 malum,
2640 5817 2690 5862 ut
2719 5810 2949 5866 sentines
2975 5811 3191 5867 bonum.
3219 5808 3475 5869 Citaritats
3504 5850 3507 5855 ι
