4004 6354
479 364 583 419 695

1579 345 1875 404 PRIMASII
1917 342 2367 400 ADRUMETANI
2410 340 2623 397 EPISC.

3658 280 3777 381 iis

424 480 431 485 '
482 473 833 546 fraternitatis.
867 471 1140 540 Tanquam
1169 482 1233 522 ex
1271 480 1375 519 uno
1404 473 1557 517 utero
1584 461 1725 523 nati,
1752 462 1821 513 ita
1862 475 1956 511 vos
1985 459 2065 513 di-
2093 464 2140 519 Α
2172 463 2397 521 homini,
2420 456 2511 508 sed
2534 453 2735 508 utsolis
2766 452 3068 503 hominibus
3096 448 3323 518 placeas.
3345 444 3403 499 Si
3436 443 3552 512 ﬁeri
3573 451 3779 546 potest,

484 569 650 639 ligite.
707 564 931 618 lnriccm
980 561 1200 629 ben'gni.
1250 556 1429 618 Sient,
1477 553 1708 608 Invicem
1759 549 2064 619 superiores

480 660 867 715 existimantes.
914 653 1122 708 Honore
1154 650 1359 703 invicem
1410 645 1787 713 prwvenientes.
1834 642 2065 695 Maxime

484 764 699 819 semper
722 746 1009 803 tenendum
1041 752 1153 806 est,
1186 750 1245 794 ut
1270 753 1485 805 semper
1516 746 1567 791 te
1596 736 1859 790 minorem
1886 734 2063 788 omni-

483 843 587 896 bus
613 841 908 901 existimes,
938 845 990 889 et
1014 835 1090 888 sic
1118 832 1412 885 servabitur
1440 820 1744 889 humilitas,
1776 835 1831 880 et
1858 830 2065 894 patien-

486 934 557 986 tia
586 935 745 1001 :quia
783 925 1037 998 quidquid
1078 923 1274 991 pateris
1313 937 1342 974 a
1386 920 1619 987 majore,
1650 926 1937 971 contentus
1983 929 2063 969 es.

486 1022 845 1080 Sollicitudine
884 1034 983 1071 non
1016 1015 1168 1084 pigri.
1216 1013 1332 1067 Non
1382 1013 1553 1066 solum
1589 1011 1655 1063 ad
1695 1024 1858 1078 quem
1890 1016 2069 1062 manet

483 1112 787 1171 sollicitudo
831 1108 1083 1163 Ecclesia:
1129 1105 1352 1173 impiger
1389 1103 1549 1157 debet
1593 1116 1717 1156 esse
1756 1110 1810 1155 et
1839 1100 2017 1153 alacer
2045 1137 2064 1165 ,

481 1204 577 1259 sed
603 1203 761 1259 etiam
792 1199 1013 1255 invicem
1045 1196 1112 1250 di:
1150 1196 1389 1264 profectu
1420 1204 1473 1247 et
1509 1192 1617 1247 vita
1660 1206 1833 1246 ves.ra
1862 1191 2069 1245 delictis

482 1312 605 1355 esse
636 1293 875 1351 solliciti.
921 1291 1122 1359 Spiritu
1163 1292 1426 1358 ferventes.
1470 1285 1619 1339 Tunc
1662 1283 1851 1352 Spiritu
1882 1283 2069 1336 ferve-

481 1402 622 1453 mus,
647 1385 693 1440 si
722 1401 751 1439 a
773 1383 1077 1437 carnalibus
1102 1380 1308 1432 actibus
1341 1376 1603 1445 fugiamus
1630 1390 1643 1426 :
1668 1375 1786 1440 quia
1814 1372 1941 1425 Dom
1970 1385 2069 1425 nus

482 1483 538 1535 in
569 1477 761 1544 tepidis
799 1488 1054 1527 nauseam
1098 1470 1315 1540 patitur.
1356 1466 1576 1519 Domino
1622 1466 1911 1518 servientes.
1953 1462 2067 1515 Non

480 1570 680 1626 seculo
702 1610 714 1628 ,
750 1580 847 1620 nec
882 1564 1025 1617 vitiis
1052 1604 1067 1626 ,
1099 1562 1191 1615 sed
1225 1560 1591 1626 Redemptori.
1640 1556 1743 1623 Spe
1772 1556 1906 1624 θαμά
1938 1565 2066 1619 ntes,

482 1663 536 1715 in
572 1658 897 1712 tribulatione
932 1654 1174 1723 patientes
1217 1668 1235 1706 :
1271 1651 1493 1705 orationi
1528 1650 1797 1702 instantes.
1846 1647 2071 1714 Propter

480 1752 731 1822 gaudium
764 1748 956 1803 futurae
982 1748 1094 1815 spei
1129 1747 1179 1799 in
1212 1744 1553 1799 tribulatione
1584 1756 1757 1797 estoe
1786 1744 2067 1811 patientes.

2169 548 2304 615 quod
2329 562 2393 599 ea:
2420 544 2555 597 vobis
2585 552 2683 607 est,
2714 558 2828 595 cum
2851 543 3084 594 omnibus
3127 537 3415 591 hominibus
3461 550 3641 604 pacem
3669 533 3777 587 ha-

2168 638 2355 691 bentes.
2388 634 2517 689 Sive
2541 649 2606 687 es
2626 632 2775 687 vobis
2800 641 2883 686 est
2905 640 2963 685 ut
2991 629 3103 684 fieri
3129 629 3315 698 possit,
3344 626 3486 695 quod
3520 634 3779 679 vestrum

2168 739 2269 793 est,
2305 744 2401 781 vos
2435 726 2684 780 habetote
2716 739 2896 791 pacem
2921 732 3120 777 etcum
3149 720 3357 784 amicis,
3385 728 3441 770 et
3482 731 3605 771 cum
3667 715 3779 770 ini-

2171 821 2347 885 micis,
2379 830 2431 874 ct
2456 820 2618 873 dicite
2645 832 2765 870 cum
2800 817 3054 885 propheta
3086 832 3100 867 :
3127 812 3258 868 Cum
3283 814 3347 867 iis
3397 814 3488 881 qui
3531 812 3780 866 oderunt

2171 926 2354 979 pacem
2372 926 2515 965 erant
2552 910 2835 979 pacificus.
2866 907 3005 961 Nulli
3035 921 3163 975 ergo
3184 905 3442 961 debemus
3464 904 3671 958 malum
3705 902 3779 956 de

2171 1005 2362 1076 injuria
2394 1006 2595 1071 facere,
2649 1003 2734 1058 vel
2786 1017 3022 1058 nocere:
3077 1002 3172 1055 sed
3229 1000 3399 1070 magis
3455 998 3779 1053 econtrario

2171 1108 2357 1165 optare
2376 1097 2598 1151 Salutem
2621 1110 2828 1161 eorum,
2851 1104 2905 1148 et
2931 1094 3334 1147 conversionem
3355 1091 3422 1142 ad
3450 1089 3775 1142 Dominum.

2176 1188 2241 1243 Ut
2266 1189 2463 1242 bonum
2495 1185 2609 1241 fieri
2637 1185 2825 1253 possit,
2862 1198 3068 1237 merces
3111 1183 3181 1237 sit
3212 1180 3503 1235 voluntatis
3525 1190 3634 1234 tua:
3675 1197 3688 1230 :
3718 1187 3779 1232 ut

2173 1297 2253 1335 \‘el
2269 1299 2300 1333 o
2324 1281 2437 1334 fieri
2461 1296 2565 1334 non
2592 1280 2779 1346 possit,
2806 1279 2958 1344 culpa
2982 1278 3052 1331 sit
3077 1276 3436 1331 dissensionis
3448 1274 3670 1328 alienaa.
3694 1272 3777 1326 Tu

2175 1389 2301 1428 vero
2337 1390 2457 1429 cum
2488 1375 2746 1441 prOpheta
2784 1370 3066 1442 pronuntia
3097 1387 3110 1421 :
3141 1364 3274 1424 Cum
3308 1368 3372 1421 iis
3420 1368 3506 1436 qui
3534 1367 3777 1419 oderunt

2174 1483 2357 1537 pacem
2385 1482 2529 1521 erant
2560 1466 2836 1533 pacificus.
2865 1462 3020 1529 Quod
3049 1462 3151 1517 hoc
3194 1462 3354 1514 modo
3381 1459 3599 1528 imples,
3638 1456 3775 1511 dum

2174 1563 2320 1615 utilia
2350 1571 2403 1614 et
2432 1559 2687 1613 salutaria
2718 1570 2872 1628 Optas
2893 1556 3145 1621 inimicis,
3170 1555 3290 1623 quia
3308 1552 3613 1620 liujnsmodi
3644 1562 3779 1605 νοω

2173 1655 2239 1709 ad
2261 1662 2533 1723 optantem
2558 1658 2836 1718 permanet
2863 1650 3088 1711 fructus,
3131 1647 3233 1701 etsi
3281 1647 3348 1696 ab
3392 1647 3563 1699 altera
3612 1655 3773 1711 parte

2175 1746 2473 1816 negligatur
2502 1743 2745 1798 allectus.
2774 1739 2893 1794 Non
2921 1740 3243 1809 vosmetipsos
3267 1737 3617 1806 defendentis,
3643 1734 3772 1787 cha-

481 1842 883 1913 0mne,inquit,
907 1839 1154 1910 gaudiqu
1182 1836 1641 1900 existimate,cum
1666 1835 1717 1888 in
1746 1835 2071 1888 tentationes
2100 1844 2149 1905 Β
2174 1838 2383 1892 rissimi.
2410 1837 2462 1889 Id
2492 1845 2594 1901 est,
2620 1849 2724 1888 non
2755 1841 2933 1901 partes
2954 1840 3159 1885 vestras
3186 1831 3362 1884 terbis
3382 1826 3768 1887 defendentes,

478 1940 657 1992 varias
686 1932 999 1989 incideritis.
1025 1929 1177 1982 Omni
1197 1938 1421 1997 tempore
1448 1927 1815 1979 benedicentes.
1852 1924 1905 1978 In
1940 1941 2068 1995 pro-

480 2028 651 2097 Speris
692 2034 745 2078 et
768 2024 819 2077 in
841 2019 1097 2076 adversis.
1120 2017 1512 2072 Necessitatibus
1539 2026 1830 2071 sanctorum
1852 2032 2073 2069 commu-

479 2121 726 2172 nicantes.
746 2117 1071 2169 Mementote
1099 2110 1292 2180 quibus
1318 2108 1570 2178 Operibtts
1602 2109 1767 2162 sancti
1794 2109 2071 2177 paruerint

478 2209 613 2275 Deo,
637 2216 877 2262 etestute
906 2202 1196 2274 participes
1221 2216 1431 2269 eorum,
1462 2209 1516 2254 et
1537 2200 1834 2254 ministrate
1855 2200 1957 2264 eis,
1980 2199 2071 2270 qui

476 2302 655 2356 Omnia
685 2314 781 2353 sua
803 2304 1241 2365 eonteinpsetunt
1262 2302 1481 2364 propter
1502 2292 1891 2359 Christum,sic
1920 2304 1973 2346 ut
1998 2292 2069 2347 ibi

480 2405 657 2448 vestra
685 2388 1013 2444 abundantia
1038 2387 1251 2441 illorum
1269 2387 1787 2455 inopamsupplca’,
1806 2385 2072 2440 utetillo-

483 2501 601 2539 rum
625 2482 950 2537 abundantia
964 2488 1154 2533 vestra-
1178 2479 1368 2546 inopite
1390 2486 1459 2531 st
1484 2478 1936 2547 supplementum.
1960 2475 2071 2530 llo-

482 2576 813 2645 spitalitatetn
828 2583 1094 2627 sectantes.
1116 2572 1263 2626 Sicut
1290 2571 1423 2623 Loth
1448 2571 1606 2624 titiam
1639 2572 1827 2625 invitos
1846 2570 2072 2639 cogebat

482 2669 739 2735 uoSpites.
775 2664 840 2719 Et
868 2665 1003 2719 sicut
1032 2664 1162 2717 dict
1198 2702 1209 2715 .
1250 2663 1670 2731 lloSpitalitaiem
1698 2663 1859 2716 nolite
1882 2663 2071 2716 oblivi-

481 2758 577 2817 δή,
599 2773 690 2828 per
706 2756 845 2811 hanc
862 2758 1002 2812 enim
1027 2757 1341 2825 pl..cucrtint
1364 2752 1598 2821 quidam,
1620 2752 2071 2823 attgeliShOspitiO

484 2851 715 2919 receptis
751 2866 761 2903 :
795 2858 849 2904 ct
878 2859 1069 2903 caetera
1102 2848 1427 2902 testimonia.
1461 2843 1750 2899 Benedicite
1778 2862 2071 2916 persequen-

484 2942 619 2996 tibus
650 2957 755 3009 vos,
783 2942 1079 3005 benedicite,
1111 2950 1156 2993 ct
1182 2941 1337 2992 nolite
1362 2938 1677 2993 maledicere.
1722 2938 1799 2992 Ne
1854 2953 2070 3008 putare-

484 3052 603 3092 mus
627 3051 909 3106 imumque
933 3035 1042 3088 fieri
1076 3049 1252 3103 posse,
1278 3048 1382 3087 non
1407 3032 1580 3086 Solum
1604 3046 1707 3084 non
1740 3046 1797 3085 re
1842 3030 2067 3084 ntaledi‘

481 3131 708 3183 centium
739 3138 841 3194 est,
875 3128 966 3182 sed
997 3127 1156 3180 etiam
1180 3125 1600 3179 benedicendum
1629 3125 1803 3180 :sicut
1827 3125 1901 3178 ait
1939 3139 2069 3195 apo-

2177 1928 2572 1991 contentiones,
2603 1927 2723 1980 odia
2769 1923 3117 1994 praeparetis:
3168 1920 3262 1975 sed
3312 1921 3481 1988 magis
3542 1918 3769 1972 furentis

2178 2021 2509 2077 iracundiam
2542 2018 2782 2072 cedendo
2831 2002 3077 2069 vincaﬁs.
3138 2015 3271 2080 Quia
3316 2013 3507 2066 aliena
3547 2011 3769 2064 malitia

2179 2116 2434 2183 impetum
2459 2112 2676 2180 fugisse,
2702 2122 2985 2178 superasse
3012 2117 3092 2162 est
3122 2125 3133 2159 :
3169 2107 3270 2161 hoc
3297 2106 3456 2161 modo
3508 2104 3770 2171 importu-

2179 2220 2299 2259 nam
2329 2202 2720 2257 animositatein
2745 2209 2834 2253 aut
2856 2199 3065 2254 ratione
3090 2199 3318 2267 mitiges,
3345 2208 3435 2251 aut
3466 2195 3766 2250 humilitate

2178 2297 2434 2350 dceiines.
2462 2295 2565 2350 Sed
2595 2298 2712 2347 date
2735 2295 2901 2345 locum
2922 2293 3035 2347 irw.
3054 2296 3155 2346 Aut
3187 2291 3369 2361 fugite,
3398 2302 3492 2344 aut
3549 2290 3766 2359 permit-

2179 2388 2276 2442 tite
2302 2387 2451 2441 vobis
2484 2386 2687 2440 noceri.
2715 2384 2977 2453 Scriptum
3002 2393 3073 2436 est
3113 2383 3247 2436 enim
3278 2398 3297 2436 :
3338 2380 3393 2434 Μ
3416 2380 3471 2433 hi
3514 2380 3756 2432 vindicta.

2178 2482 2290 2551 Ego
2320 2480 2469 2550 quasi
2496 2494 2689 2545 meam,
2728 2495 2775 2531 ιιι
2802 2495 2834 2530 ιι
2867 2488 3096 2531 vestram
3153 2476 3401 2546 injuriam
3458 2474 3756 2535 vindicabo.

2175 2575 2425 2644 quoniam
2454 2571 2543 2641 qui
2572 2587 2668 2624 vos
2696 2571 2880 2640 tangit,
2907 2580 2963 2624 et
2997 2569 3246 2638 pUpillam
3276 2582 3448 2621 meam
3492 2583 3505 2619 :
3570 2574 3625 2621 et
3676 2564 3761 2634 qui

2176 2667 2810 2724 scandalizaveritunum
2858 2679 2922 2717 ex
2958 2663 3165 2732 pusillis
3218 2662 3368 2724 istis,
3412 2669 3470 2714 et
3538 2660 3758 2727 reliqua.

2176 2760 2288 2832 Ego
2311 2762 2611 2821 retribuam,
2661 2758 2780 2809 dicit
2824 2754 3095 2809 Dominus.
3139 2754 3445 2810 Secundum
3490 2753 3759 2806 Listoriam

2176 2869 2324 2922 Spem
2368 2850 2616 2905 vindicta:
2641 2849 2747 2903 illis
2780 2847 3060 2917 promittit.
3096 2855 3152 2900 ut
3185 2848 3263 2900 vel
3293 2850 3369 2899 sic
3401 2845 3522 2900 illos
3578 2857 3763 2913 provo—

2173 2957 2260 3001 cet
2287 2945 2351 2998 ad
2381 2942 2695 3013 patientiam
2739 2952 2794 2996 et
2846 2940 3270 2994 misericordiam
3303 2954 3318 2993 :
3359 2953 3467 2991 non
3496 2937 3571 2990 illi
3604 2952 3758 3005 nega-

2176 3050 2317 3105 rent,
2347 3037 2485 3107 quod
2522 3037 2659 3089 Deus
2688 3034 2813 3087 nulli
2858 3042 3035 3102 negat.
3058 3031 3161 3085 Sed
3206 3032 3247 3083 si
3277 3030 3510 3084 esurierit
3531 3029 3761 3083 inimicas

2173 3144 2308 3197 tn.s,
2338 3133 2446 3185 ciba
2469 3129 2637 3195 illum;
2667 3130 2710 3183 si
2734 3129 2859 3191 sitit,
2884 3137 3061 3197 potum
3089 3128 3155 3177 da
3176 3124 3270 3178 illi.
3307 3123 3419 3177 lloe
3448 3134 3551 3190 est,
3573 3132 3629 3176 ut
3656 3137 3761 3175 ma-

482 3222 649 3274 stolus
698 3220 889 3274 Petrus
919 3236 929 3270 :
966 3218 1077 3271 Non
1108 3217 1396 3272 redden'es
1428 3218 1626 3270 tnalum
1656 3234 1752 3286 pro
1782 3218 1943 3283 malo,
1977 3216 2059 3273 vel
2092 3219 2139 3297 (ζ
2171 3226 2278 3280 Ιιιιη
2311 3223 2638 3293 benTgnitate
2661 3220 2978 3285 confundas,
3009 3228 3063 3273 et
3085 3218 3255 3285 gratia
3305 3219 3535 3284 castiges
3594 3218 3764 3285 ingra-

484 3312 822 3368 tnaledictum
848 3326 943 3380 pro
992 3311 1311 3366 maledicto:
1343 3311 1437 3365 sed
1489 3313 1791 3364 econtrario
1844 3311 2067 3366 benedi-

482 3418 685 3460 centes.
714 3402 954 3459 Gaudere
993 3420 1104 3456 cum
1127 3403 1483 3473 gaudentibus.
1519 3401 1623 3457 Sed
1657 3404 1815 3456 modo
1845 3403 1898 3458 id
1947 3419 2067 3474 per-

484 3516 636 3555 verse
669 3498 855 3567 lit,qni
888 3498 1077 3551 llemus
1108 3511 1229 3549 cum
1276 3495 1632 3566 gaudentibus
1658 3511 1673 3549 :
1699 3496 1743 3549 si
1787 3496 1905 3562 quis
1960 3498 2073 3550 lau-

482 3594 659 3653 datur,
694 3589 1039 3645 invidemus:
1092 3588 1135 3640 si
1158 3590 1275 3657 quis
1314 3588 1476 3651 cadit,
1533 3589 1867 3654 gaudemus:
1911 3590 1953 3641 si
2005 3590 2075 3644 de

482 3696 712 3750 corpore
740 3695 813 3735 es.
830 3694 1002 3744 emus,
1026 3678 1329 3732 doleremus
1356 3694 1517 3731 unum
1551 3680 1847 3733 membrum
1872 3680 2072 3735 abscis-

485 3789 604 3828 sum
635 3773 701 3825 de
726 3785 953 3838 corpore
978 3778 1181 3823 nostro.
1211 3767 1364 3823 Flere
1391 3785 1507 3823 cum
1560 3772 1817 3839 ﬂintibns.
1868 3772 1946 3825 Ad
1977 3775 2073 3827 [le—

487 3877 599 3919 tum
630 3862 808 3917 Maria:
830 3862 1045 3916 fletibus
1078 3873 1399 3931 pi-ov.;c.itur
1429 3862 1706 3928 Dominus,
1744 3864 1897 3917 nobis
1941 3881 2075 3934 pra:-

485 3957 622 4013 betts
645 3955 982 4024 exemplum,
1008 3971 1113 4008 nun
1144 3970 1238 4024 pro
1269 3954 1491 4021 Lazaro,
1551 3972 1722 4025 neque
1756 3974 1847 4027 pro
1869 3957 2076 4014 Juda'o-

489 4067 607 4105 rum
632 4050 1003 4105 incredulitate
1056 4068 1071 4106 :
1129 4053 1250 4120 quia
1306 4066 1410 4105 non
1461 4062 1587 4107 tunc
1627 4053 1852 4121 pritnum
1909 4054 2077 4123 signis

487 4144 606 4216 ejus
636 4160 740 4199 non
760 4144 1123 4209 crediderunt,
1149 4145 1288 4199 sicut
1319 4145 1531 4216 quidam
1557 4155 1757 4215 putant.
1788 4145 2074 4201 Flerecmn

488 4237 738 4294 flentibus
765 4255 780 4293 :
814 4254 912 4294 nos
934 4248 1167 4308 oportet,
1199 4239 1633 4309 subintelligitur.
1676 4239 1731 4295 Si
1787 4240 1913 4308 quid
1940 4242 2075 4311 pati-

488 4342 576 4387 tur
608 4349 768 4387 unum
794 4333 1120 4397 membrum,
1165 4331 1756 4398 compatiunturomnia
1813 4338 2074 4385 membra.

490 4427 727 4496 ldipsuin
750 4428 963 4480 invicem
983 4428 1271 4481 sentientes.
1307 4424 1376 4481 Ut
1401 4427 1537 4479 sicut
1565 4435 1689 4490 tum,
1725 4425 1794 4479 ita
1817 4438 1871 4479 et
1897 4425 2075 4481 fratris

490 4519 792 4571 necessitati
826 4518 1055 4584 perlecta
1081 4517 1284 4571 charita
1313 4532 1344 4571 e
1366 4516 1693 4571 consentias.
1722 4516 1844 4571 Non
1868 4520 1972 4571 alta
1995 4536 2077 4571 sa-

2176 3331 2311 3374 tum.
2338 3316 2451 3371 [Ioc
2477 3316 2612 3368 enim
2640 3314 2853 3384 faciens,
2880 3312 3124 3366 carbones
3163 3310 3297 3382 ignis
3337 3326 3575 3381 congeras
3618 3324 3763 3375 ηψπ

2176 3425 2330 3483 caput
2359 3414 2493 3485 ejus.
2528 3411 2591 3465 Ut
2623 3425 2742 3464 cum
2778 3407 3101 3463 intellexerit
3129 3405 3225 3459 sibi
3253 3403 3515 3458 cnrbones
3542 3416 3763 3472 congre-

2173 3509 2289 3579 gari
2328 3523 2420 3577 per
2451 3518 2592 3562 tuam
2622 3505 2722 3561 sibi
2760 3520 2862 3558 non
2893 3502 3128 3557 debitam
3170 3498 3597 3555 misericordiam
3625 3540 3640 3564 ,
3665 3514 3759 3567 po-

2176 3613 2288 3655 stea
2334 3611 2680 3654 convertatur
2725 3607 2779 3654 e‘t
2827 3596 3013 3665 diligat
3052 3610 3207 3663 quem
3235 3602 3359 3648 ante
3395 3595 3583 3648 oderat
3610 3610 3623 3645 :
3648 3609 3762 3645 nam

2178 3708 2282 3745 non
2312 3700 2396 3745 est
2426 3693 2814 3758 misericordia,
2845 3694 2886 3744 si
2914 3690 3058 3746 illam
3102 3688 3221 3742 ideo
3246 3685 3429 3750 facias,
3483 3695 3540 3740 ut
3572 3686 3647 3739 illi
3672 3686 3765 3738 ali-

2177 3785 2303 3852 quid
2330 3783 2482 3853 pejus
2512 3786 2744 3851 eveniat,
2786 3785 2873 3854 qui
2919 3780 3125 3852 jubcris
3184 3794 3283 3852 pro
3330 3778 3551 3833 ίηὶιιιίοο
3596 3794 3762 3832 orare.

2182 3876 2305 3931 Noli
2333 3876 2686 3940 vinciamalo,
2716 3877 2804 3930 sed
2832 3877 2971 3930 vince
2998 3877 3050 3929 in
3076 3878 3204 3930 bono
3232 3879 3444 3931 malum.
3500 3870 3557 3933 lt:
3602 3886 3764 3934 scas.-

2182 3970 2277 4024 bus
2308 3970 2391 4024 vel
2421 3970 2651 4024 motibus
2700 3972 3001 4023 animorum
3054 3970 3148 4025 ille
3174 3970 3370 4025 dicitur
3419 3972 3633 4037 vicisse,
3680 3974 3759 4042 qui

2180 4063 2405 4116 alterum
2430 4063 2496 4117 ad
2527 4078 2677 4116 suam
2713 4064 2929 4118 traxerit
2958 4071 3184 4134 partem,
3243 4065 3383 4119 sicut
3435 4067 3758 4130 htcreticum,

2181 4170 2269 4211 aut
2302 4172 2585 4227 paganum.
2610 4156 2665 4209 Si
2696 4172 2820 4225 ergo
2845 4157 2966 4210 mali
2996 4158 3419 4213 vicissitudinem
3452 4174 3480 4210 a
3530 4170 3582 4214 te
3634 4176 3763 4214 rece-

2182 4253 2338 4321 perit,
2373 4252 2463 4305 ille
2518 4262 2568 4305 te
2612 4251 2758 4314 vicit,
2794 4260 2845 4305 ct
2887 4252 3153 4321 passionis
3208 4253 3615 4308 similitudinem
3644 4255 3760 4307 vitio

2183 4358 2280 4398 suo
2306 4342 2565 4400 sublidit.
2597 4344 2649 4397 Si
2679 4353 2854 4395 autem
2890 4359 2982 4411 per
3009 4345 3315 4413 patientiam
3369 4355 3510 4399 tuam
3560 4362 3760 4400 cessare

2182 4450 2301 4490 eum
2326 4437 2392 4488 ab
2416 4437 2488 4488 ira
2522 4436 2600 4488 vel
2634 4434 2822 4498 iu,ur‘t:t
2850 4432 3061 4501 foveri,
3085 4446 3139 4489 tu
3170 4436 3380 4504 vicisti,
3435 4447 3489 4491 et
3541 4440 3610 4493 de
3658 4455 3761 4508 pec-

2184 4537 2304 4580 cato
2357 4525 2422 4580 ad
2456 4520 2698 4580 salutem
2734 4568 2748 4593 ,
2811 4526 3135 4597 acquirendo
3183 4530 3480 4599 proximum
3512 4571 3527 4596 ,
3591 4531 3760 4585 trimu—

491 4607 705 4675 pientes.
735 4606 973 4671 Superbe
995 4612 1152 4674 sapit.
1172 4612 1259 4677 qui
1288 4610 1395 4662 Di-o
1417 4624 1564 4662 suam
1590 4626 1695 4663 non
1729 4622 1962 4664 reservat
1993 4614 2074 4664 in-
2116 4638 2161 4697 ο
2192 4616 2383 4686 pliasti.

488 4701 705 4769 juriam.
742 4698 845 4753 Sed
869 4699 1145 4753 luunlibns
1173 4703 1561 4755 consentientes.
1620 4702 1939 4769 llumilibus,
1978 4702 2079 4759 huc

492 4803 595 4859 est,
628 4792 934 4848 humilitati.
962 4791 1136 4846 Nolite
1156 4808 1262 4845 esse
1281 4794 1551 4859 prudentes
1572 4793 1710 4861 apud
1728 4796 2075 4863 vosmetipsos.

492 4884 669 4940 Nolite
700 4885 752 4939 in
784 4885 1012 4937 humana
1042 4882 1304 4951 sapientia
1334 4883 1550 4952 gloriari
1578 4900 1591 4937 :
1624 4884 1717 4938 sed
1736 4886 1882 4940 stulti
1905 4899 2079 4943 estote

492 4982 546 5032 in
570 4980 669 5033 hoc
688 4978 911 5041 sazt-ulo,
940 4988 995 5029 ut
1016 4975 1133 5029 sitis
1156 4979 1447 5043 sapientes,
1481 4977 1619 5030 sicut
1658 4978 1914 5049 scriptum
1944 4989 2025 5035 est
2059 4997 2074 5036 :

493 5070 711 5135 Beatus,
739 5085 897 5139 quem
955 5078 1008 5122 ιιι
1067 5067 1349 5135 erudieris,
1378 5067 1622 5134 Domine,
1648 5081 1702 5126 et
1731 5073 1797 5126 de
1832 5076 1945 5143 lege
1990 5082 2076 5127 tua

503 5165 737 5219 locueris
766 5178 909 5217 eum.
947 5162 1093 5235 Nulli
1119 5162 1308 5215 malum
1352 5178 1446 5234 pro
1470 5163 1606 5217 malo
1642 5166 1924 5219 reddentes.
1980 5165 2079 5220 Sa-

497 5256 691 5326 pientia
718 5255 950 5309 humana
979 5264 1083 5321 est,
1108 5256 1151 5309 si
1171 5270 1378 5324 qnasras
1401 5257 1671 5325 quomodo
1687 5258 1857 5312 vicem
1884 5258 2077 5314 reddas

509 5350 657 5402 nalo.
692 5347 825 5403 Nam
853 5347 1077 5401 stultitia
1109 5357 1191 5402 est
1221 5347 1270 5400 in
1305 5347 1527 5410 sarculo,
1551 5348 1596 5401 si
1626 5349 1941 5415 percutienti
1966 5364 2079 5403 ma-

493 5438 699 5504 sillam,
732 5440 973 5507 praebeas
1001 5449 1055 5491 et
1078 5439 1319 5491 alteram.
1344 5437 1443 5503 Qui
1467 5438 1509 5490 si
1543 5447 1699 5491 tanta:
1727 5441 1995 5506 patientiae
2020 5450 2076 5494 et

497 5530 836 5599 benignitatis
868 5530 1053 5593 fueris,
1086 5545 1186 5582 non
1210 5530 1381 5581 solum
1405 5544 1586 5582 coram
1621 5531 1745 5593 lieo,
1792 5532 1887 5584 sed
1911 5534 2072 5587 etiam

493 5621 635 5688 apud
687 5621 929 5675 homines
960 5620 1242 5689 probabilis
1275 5620 1510 5675 habet-is.
1560 5621 1889 5677 Providentes
1944 5626 2077 5680 bona

495 5728 598 5765 non
631 5721 825 5765 tantum
855 5729 1024 5767 coram
1049 5712 1174 5781 Deo,
1234 5714 1323 5767 sed
1349 5715 1503 5767 etiam
1529 5729 1699 5767 coram
1721 5718 1953 5771 omnibus
1982 5718 2078 5773 ho-

496 5805 731 5863 minibus.
759 5805 984 5864 Tantum
1016 5820 1144 5863 cave
1173 5821 1239 5861 ne
1270 5805 1391 5864 ideo
1414 5805 1601 5877 facias,
1646 5818 1701 5865 ut
1729 5822 1835 5866 non
1886 5812 1991 5868 ltco
2022 5823 2078 5869 et

2256 4708 2387 4762 C\P.
2418 4724 2532 4763 xm.
2563 4707 2742 4763 Omnis
2768 4711 2939 4764 animo
2962 4711 3312 4780 potestatibus.
3348 4710 3475 4766 llzcc
3502 4726 3657 4765 causa
3680 4712 3762 4765 ad-

2185 4818 2396 4857 versum
2424 4802 2546 4858 illos
2593 4805 2681 4874 qui
2728 4819 2787 4859 se
2842 4807 3096 4872 putabant
3143 4805 3213 4858 ita
3273 4806 3471 4861 debere
3531 4807 3761 4861 libertate

2183 4894 2486 4949 Christiana
2506 4897 2685 4962 uti,ut
2723 4898 2849 4951 nulli
2882 4906 2975 4951 aut
3023 4900 3278 4952 honorem
3329 4898 3623 4968 deferrent,
3682 4910 3761 4953 aut

2191 4986 2390 5040 tributa
2419 4987 2706 5043 redderent
2739 4990 2961 5058 :quibtts
2993 4992 3062 5043 ita
3094 4990 3242 5056 dicit,
3271 5004 3329 5045 ut
3364 5008 3457 5047 eos
3489 4993 3758 5048 liumiliet:

2183 5077 2276 5131 sed
2309 5087 2363 5131 et
2384 5084 2448 5131 de
2463 5079 2842 5133 ecclesiasticis
2867 5082 3217 5150 potestatibus
3246 5092 3421 5152 potest
3447 5084 3687 5157 intelligi.
3712 5096 3761 5139 ut

2184 5170 2554 5224 sacerdotibus
2595 5172 2824 5228 humiles
2853 5176 3166 5227 existamus.
3225 5176 3624 5232 Sublimioribus
3656 5179 3760 5231 stib-

2185 5266 2388 5317 ditasit.
2417 5264 2827 5332 Ecclesiasticis,
2863 5268 2942 5320 vel
2976 5270 3180 5322 Stcculi.
3220 5269 3338 5323 Non
3362 5280 3434 5324 est
3480 5273 3614 5323 enim
3636 5284 3759 5342 pute-

2184 5365 2289 5409 stas
2324 5358 2424 5410 nisi
2445 5374 2476 5410 a
2507 5356 2629 5413 Deo.
2658 5359 2784 5426 Qua:
2804 5371 2971 5414 autem
2999 5372 3116 5415 sunt
3134 5404 3147 5426 ,
3173 5379 3205 5415 a
3232 5364 3335 5416 Deo
3361 5366 3611 5419 ordinata
3633 5376 3751 5420 sunt.

2181 5450 2366 5520 [tique
2388 5454 2474 5524 qui
2519 5457 2701 5509 resistit
2754 5458 3022 5525 potestati,
3072 5457 3168 5511 Dei
3212 5461 3526 5515 ordinatium’
3566 5463 3752 5518 resistit.

2180 5542 2293 5597 N0a
2325 5548 2438 5598 vult
2466 5546 2821 5602 Christianum
2853 5566 2969 5604 esse
3016 5553 3327 5620 superbum,
3375 5570 3441 5609 ne
3486 5572 3592 5610 non
3651 5573 3754 5625 pro-

2185 5647 2301 5706 pter
2350 5639 2642 5706 Christum,
2700 5643 2792 5696 scd
2857 5654 3073 5712 pr0pler
3133 5645 3439 5715 superbiam
3524 5650 3748 5715 patiatur,
3808 5684 3821 5695 .

2184 5730 2323 5783 sicut
2351 5731 2476 5786 alibi
2500 5732 2629 5786 dicit
2675 5751 2687 5786 :
2723 5733 2909 5790 Videte
2965 5737 3232 5804 quomodo
3263 5749 3419 5791 caute
3462 5740 3743 5799 anilmletis,

2187 5820 2512 5879 redimentcs
2543 5833 2775 5897 tempus,
2802 5827 3051 5897 quoniam
3076 5829 3187 5888 dies
3210 5829 3336 5887 mali
3384 5841 3510 5887 sant
3568 5848 3583 5892 ;
3634 5832 3742 5886 sicut
