4004 6354
245 379 349 435 497

1100 387 1160 441 lN
1204 387 1589 445 El‘lSTOLAM
1627 390 1718 444 AD
1758 388 2084 447 ROM.\NOS
2122 391 2635 450 COMMENTARIA.

3416 400 3519 457 ωε

243 494 361 562 ipe
379 509 436 548 re
460 493 603 549 lcm'l
636 504 865 566 tempus,
892 512 1008 552 cum
1037 499 1191 565 dixit,
1235 502 1447 567 Optime
1486 501 1635 558 Felix
1671 520 1684 555 :
1725 515 1828 556 non
1862 502 2160 581 A‘lembis,‘
2195 502 2313 557 Non
2345 504 2583 569 occides;
2630 504 2749 559 Non
2809 506 3061 576 furabcris
3092 523 3110 572 ,'
3161 508 3279 563 Non
3331 512 3518 581 falsum

242 589 659 658 idcircojustus,
697 609 815 646 nam
841 596 1134 648 secundum
1159 597 1481 671 desiderium
1528 596 1646 667 ejus
1673 596 1829 651 datur

239 681 290 734 t-i
318 699 331 735 :
363 685 483 751 quia
515 684 643 738 dicit
674 686 949 753 Salomon,
982 688 1241 755 Quoniam
1267 690 1387 742 data
1415 701 1497 746 est
1548 691 1700 746 vobis
1726 705 1825 760 po-

240 783 406 829 testas
436 791 462 829 a
491 776 601 831 De)
632 794 644 830 :
672 778 762 834 sed
788 795 907 833 cum
964 780 1154 835 essetis
1184 781 1410 836 ministri
1460 783 1609 855 regni
1660 781 1825 849 illius,

237 869 832 937 nontcctajudieastis.
862 871 1229 928 Constituetur
1279 875 1422 928 enim
1473 886 1529 929 ut
1575 876 1718 945 juste
1773 886 1827 932 te

232 959 459 1029 judicct,
488 973 540 1016 et
567 972 622 1016 ut
650 964 897 1029 timentis,
921 976 974 1019 et
996 965 1077 1020 vel
1124 968 1200 1020 sic
1222 982 1327 1021 non
1382 976 1601 1031 peccent
1642 985 1656 1022 :
1689 983 1825 1037 quo-

237 1052 400 1105 modo
422 1068 550 1123 ergo
584 1053 842 1123 propheta
870 1056 1025 1121 dixit,
1048 1056 1181 1124 Quia
1205 1066 1582 1125 regnaverunt,
1614 1068 1669 1113 et
1720 1075 1824 1112 non

236 1155 335 1211 per
359 1159 442 1197 me
469 1162 482 1198 :
509 1161 602 1213 per
633 1148 933 1215 pecuniam,
965 1158 1017 1204 et
1050 1164 1252 1219 magos,
1289 1150 1608 1204 ambitiones
1631 1165 1823 1220 regna-

236 1235 386 1289 bant.
421 1236 522 1302 Qui
550 1249 714 1291 autem
737 1240 1001 1308 resistunt,
1046 1241 1145 1311 ipsi
1196 1241 1293 1295 sibi
1338 1242 1823 1297 damnationemae-

233 1327 601 1397 quirunt.Quia
634 1346 728 1399 per
751 1333 1054 1399 superbiam
1080 1348 1230 1388 suam
1281 1334 1629 1389 damnantur.
1686 1334 1826 1389 Nunt

232 1422 488 1492 principes
510 1440 611 1478 non
634 1434 751 1478 sunt
776 1427 949 1480 timori
978 1426 1095 1480 boni
1143 1428 1332 1497 aperis.
1391 1428 1542 1483 Sicut
1587 1428 1718 1483 dicit
1758 1430 1824 1483 de

234 1512 509 1580 bmretico,
542 1530 661 1569 cum
693 1518 761 1571 sit
793 1517 1230 1587 propriojudicio
1255 1519 1665 1573 condemnatus.
1718 1519 1823 1573 Sed

232 1606 373 1657 mali.
407 1606 574 1659 Malus
604 1608 777 1673 timet,
810 1608 981 1663 bonus
1011 1617 1213 1675 autem,
1250 1609 1295 1663 si
1321 1607 1454 1681 [Pro
1478 1610 1523 1664 si
1554 1609 1823 1680 legendum

231 1694 345 1769 vel]
364 1712 459 1761 pro
483 1696 685 1766 justitia
716 1700 850 1753 mori
883 1714 985 1754 non
1011 1700 1185 1754 timet.
1228 1699 1312 1753 Vis
1335 1709 1502 1753 autem
1524 1716 1627 1754 non
1650 1702 1825 1754 timere

229 1790 569 1855 potestatem?
612 1788 813 1843 Bonum
862 1790 966 1860 (ac,
1012 1799 1059 1845 et
1100 1790 1301 1845 habebis
1345 1790 1551 1845 laudem
1602 1809 1662 1846 ra:
1708 1793 1819 1845 illa.

1915 577 2271 646 testimonium
2301 596 2467 659 dices;
2500 595 2620 649 Non
2665 599 3031 666 concupisces;
3076 609 3121 653 et
3166 602 3209 653 si
3257 605 3393 665 quod
3444 615 3519 658 est

1928 684 2074 736 aliud
2103 686 2423 753 mandatum,
2454 688 2508 741 in
2536 689 2630 742 hoc
2660 691 2804 743 verba
2827 700 3165 744 restauratur.
3199 693 3389 764 Diliges
3416 695 3518 750 Do-

1928 775 2131 829 minum
2165 777 2326 832 Deum
2359 785 2505 832 tuum
2538 779 2795 848 perfecte,
2818 782 3427 852 propteridololatriam,
3454 798 3509 840 et

1928 870 2230 935 proximum
2264 870 2399 923 sicut
2426 880 2501 935 te,
2556 884 2771 941 propter
2820 875 3156 944 injustitiam.
3189 876 3316 931 Inde
3371 878 3513 933 enim

1928 958 2194 1029 injustitia
2219 963 2365 1016 nasci
2395 979 2478 1027 ur,
2504 964 2625 1033 quia
2646 965 2763 1034 plus
2785 968 2992 1023 cmtcris
3016 984 3114 1025 nos
3136 984 3400 1025 amamus.
3423 970 3517 1023 Di-

1927 1052 2050 1121 liges
2087 1056 2373 1120 proximum
2427 1065 2569 1108 tuum
2596 1057 2727 1112 sicut
2758 1070 2804 1112 te
2832 1060 3018 1130 ipsum.
3049 1061 3268 1115 Dilectio
3295 1064 3516 1132 proximi

1928 1149 2119 1201 malum
2149 1166 2248 1202 non
2281 1160 2541 1221 Operalur.
2570 1153 2753 1209 Omnis
2785 1156 2867 1210 lex
2902 1166 2954 1212 et
2983 1161 3257 1229 p:ophetae
3318 1165 3367 1218 itt
3414 1162 3515 1218 hoc

1929 1248 2095 1295 vt-r'o
2126 1242 2669 1300 continenturzsicut
2693 1249 2833 1302 enim
2858 1266 2963 1304 non
2990 1253 3069 1307 vis
3093 1257 3183 1311 tibi
3238 1259 3350 1314 lieri
3401 1274 3485 1312 ma

1928 1334 2058 1398 lu:n,
2093 1335 2165 1389 sic
2191 1335 2268 1389 vis
2290 1337 2382 1391 tibi
2414 1338 2529 1391 fieri
2560 1338 2777 1394 bonum.
2816 1341 3092 1399 Plenitudo
3122 1364 3242 1418 ergo
3286 1351 3412 1422 legis
3441 1359 3515 1404 est

1927 1424 2154 1479 dilectio.
2180 1426 2586 1484 Consumntatio
2618 1430 2750 1500 legis
2782 1450 2793 1484 :
2821 1436 2941 1502 quia
2982 1448 3035 1490 et
3060 1440 3252 1495 barum
3284 1457 3387 1496 non
3437 1444 3514 1497 la-

1926 1535 2071 1583 cere,
2103 1522 2297 1575 malum
2323 1532 2424 1578 est.
2448 1523 2513 1577 Et
2541 1525 2635 1579 Itoc
2647 1528 2880 1592 scientes,
2907 1539 3102 1598 tempus
3121 1535 3240 1601 quia
3267 1534 3395 1589 liora
3417 1545 3511 1590 est.

1928 1610 2043 1664 Non
2080 1628 2209 1683 ergo
2236 1615 2440 1669 debetis
2471 1632 2684 1687 semper
2738 1621 2940 1688 parvuli
2981 1637 3100 1677 esse
3129 1633 3184 1678 et
3233 1625 3511 1691 lactentes,

1927 1705 2068 1759 sicut
2090 1705 2217 1761 dicit
2248 1710 2314 1761 ad
2346 1708 2623 1769 Hebraeos.
2657 1713 2965 1780 Enumerat,
3017 1717 3131 1771 sive
3178 1720 3510 1787 recapitulat.

1928 1798 2125 1852 llozam
2154 1815 2251 1869 pro
2278 1809 2518 1871 tempore
2548 1803 2984 1871 posuitJamnos
3018 1810 3264 1863 desomno
3284 1827 3511 1881 surgere.

230 1876 511 1934 Damnatio
562 1883 845 1948 malorum,
882 1881 997 1937 laus
1043 1882 1307 1938 bonorum
1355 1890 1469 1947 est;
1510 1883 1820 1938 naturaliter
1855 1881 1897 1939 Β
1927 1889 1999 1944 De
2026 1905 2217 1947 somno
2248 1895 2471 1964 pigritiae
2501 1903 2557 1949 et
2580 1895 2891 1966 ignorantia
2919 1901 3348 1969 surgamusJam
3371 1876 3514 1957 enim

229 1974 373 2025 enim
398 1988 585 2028 omnes
612 1982 808 2028 norunt
833 1983 886 2028 et
917 1974 1278 2029 innocentiam
1307 1975 1551 2044 prtemio,
1586 1984 1637 2029 et
1672 1975 1823 2028 ntali-

230 2064 362 2116 tiam
397 2063 485 2135 dig
525 2082 609 2119 am
643 2081 762 2120 esse
806 2067 1092 2136 supplicio.
1127 2066 1328 2121 Bonum
1374 2067 1475 2133 lac,
1510 2076 1562 2121 ct
1601 2066 1822 2126 habebis

192 2199 198 2203 .
232 2155 445 2209 laudent
474 2172 539 2209 ex
571 2155 679 2210 illa.
711 2157 822 2212 Επεὶ
862 2174 966 2213 non
1002 2159 1067 2212 ab
1099 2159 1210 2226 illa,
1243 2166 1418 2212 tamen
1455 2174 1521 2213 ex
1574 2160 1681 2214 illa.
1718 2161 1821 2213 Aut

229 2249 376 2299 enim
410 2245 555 2315 justc
583 2249 711 2317 agis,
742 2262 791 2304 et
820 2250 961 2319 justa
995 2260 1228 2319 potestas
1257 2249 1483 2304 laudabi:
1527 2261 1599 2316 te,
1630 2253 1822 2318 autju—

228 2346 312 2389 διο
341 2348 584 2407 agentem
614 2341 820 2395 etiamsi
854 2351 1086 2409 potestas
1108 2341 1299 2409 injusta
1325 2341 1537 2396 damnet
1572 2352 1644 2409 te,
1681 2342 1820 2397 Deus

228 2430 399 2497 justus
426 2432 702 2485 coronabit
733 2443 803 2487 te.
833 2436 908 2486 Ac
932 2448 1023 2502 per
1053 2432 1153 2488 huc
1184 2443 1237 2486 tu
1262 2434 1523 2502 justitiam
1566 2446 1709 2497 tene,
1763 2443 1819 2488 tu

228 2520 375 2574 bene
402 2520 539 2575 vive.
568 2522 630 2575 Et
664 2522 776 2578 sive
831 2521 1068 2589 damnet,
1119 2523 1233 2578 sive
1279 2525 1546 2593 absolvat,
1602 2527 1631 2579 h
1670 2525 1819 2581 bebis

227 2610 441 2665 laudem
492 2629 555 2668 ex
590 2614 699 2668 illa.
736 2614 833 2669 Dei
879 2618 1017 2671 enim
1042 2617 1275 2671 minister
1300 2629 1370 2671 est
1398 2618 1491 2671 tibi
1512 2619 1564 2673 in
1611 2619 1815 2673 bonum.

228 2700 291 2756 Si
317 2713 487 2757 autem
518 2706 649 2759 male
677 2706 879 2775 feceris,
910 2708 1047 2762 time.
1096 2708 1233 2776 Quia
1280 2723 1381 2778 pro
1432 2719 1518 2764 tua
1559 2709 1820 2764 sollicitus

225 2802 310 2846 est
338 2796 536 2863 quit-tr.
570 2793 690 2850 Non
714 2798 848 2850 enim
876 2799 987 2852 sine
1016 2815 1174 2852 causa
1203 2799 1435 2870 gladium
1463 2811 1655 2872 portat.
1703 2801 1820 2858 Gla-

224 2885 375 2941 dium
407 2888 623 2957 spiritus
652 2906 807 2958 quem
839 2890 1082 2959 portabat
1112 2892 1329 2959 Petrus,
1360 2900 1413 2948 et
1456 2893 1570 2964 ipse
1601 2893 1815 2960 Paulus,

222 2990 280 3036 et
310 2981 363 3035 in
395 2992 447 3036 te
477 2982 635 3036 habet
659 2983 891 3037 olliciunt
915 2984 958 3039 si
995 2987 1325 3054 peccaveris.
1369 2987 1480 3042 lloc
1528 2988 1819 3057 spirituali-

223 3079 334 3128 tcr.
361 3071 456 3125 Dei
482 3073 613 3126 enim
645 3075 876 3127 minister
905 3084 1001 3141 est,
1043 3077 1235 3131 vindex
1262 3079 1314 3131 in
1341 3080 1471 3131 iram
1524 3080 1571 3134 ei
1598 3082 1684 3149 qui
1707 3093 1819 3133 ma-

220 3164 339 3219 lum
369 3168 496 3237 agit.
527 3166 655 3221 Ideo
679 3170 973 3223 necessitate
998 3170 1188 3225 subditi
1208 3180 1383 3225 estote.
1414 3171 1564 3227 Sicut
1593 3173 1816 3228 Ananitc

1925 1983 2062 2037 lucet
2094 1984 2316 2040 scientia
2347 1985 2461 2041 Dei.
2490 1985 2646 2040 Nunc
2668 1989 2801 2041 enim
2829 1992 3036 2060 prapior
3061 2002 3134 2045 est
3159 2005 3330 2047 nostra
3351 1995 3513 2049 salus.

1926 2074 2057 2128 Dum
2086 2078 2477 2148 appropinquat
2497 2078 2717 2132 scicntia
2738 2079 2855 2143 Dei,
2884 2096 3068 2151 appro;
3091 2083 3163 2137 i.tt
3217 2086 3392 2149 salus,
3420 2100 3515 2152 ap-

1924 2168 2245 2237 prapinquat
2269 2168 2425 2224 saluti
2459 2169 3075 2241 perfectusiutellectus,
3121 2186 3174 2229 et
3225 2176 3427 2231 lirmior
3457 2179 3517 2230 lit

1920 2259 2208 2315 credendo.
2246 2261 2411 2327 Quam
2442 2279 2553 2316 cum
2576 2264 2907 2319 credidimus.
2960 2264 3093 2320 Cum
3120 2268 3345 2336 primum
3394 2284 3515 2323 crc-

1921 2350 2174 2407 didimus.
2216 2351 2337 2406 Non:
2368 2354 2645 2422 prwcessit,
2688 2353 2797 2409 dies
2843 2366 3012 2410 autem
3064 2361 3511 2430 apprOpinqun-it.

1922 2446 2208 2514 Contparat
2240 2446 2383 2500 nocti
2444 2446 2823 2517 ignorantiam,
2873 2448 2979 2502 diei
3037 2466 3163 2504 vero
3209 2451 3512 2508 scietttiatu.

1920 2540 2237 2611 Abjiciamus
2267 2557 2384 2611 ergo
2415 2556 2568 2612 opera
2599 2542 2943 2606 tenebrarum,
2977 2550 3022 2595 et
3066 2544 3343 2597 indunmur
3371 2561 3517 2598 arma

1922 2632 2071 2686 lucis.
2089 2630 2219 2686 Cum
2246 2632 2543 2702 ignorantia
2574 2631 2889 2702 abjiciamtts
2916 2634 3072 2688 simul
3098 2646 3152 2690 et
3174 2651 3336 2703 opera
3363 2639 3517 2706 igno-

1922 2723 2132 2787 rantiae,
2165 2732 2219 2776 et
2253 2723 2536 2777 itnluatnus
2566 2737 2713 2777 arma
2747 2725 3010 2791 scientiae,
3068 2724 3169 2779 hoc
3219 2737 3303 2781 cst
3352 2744 3515 2797 opera

1922 2811 2084 2867 bona.
2112 2813 2210 2880 Qui
2230 2812 2370 2867 male
2395 2813 2523 2884 agit,
2557 2811 2672 2867 odit
2700 2814 2873 2869 lucem
2904 2833 2915 2867 :
2941 2817 3031 2885 qui
3062 2827 3238 2871 autem
3269 2816 3396 2873 filCil
3428 2836 3515 2875 vc°

1921 2906 2155 2971 ritatem,
2182 2905 2408 2961 ven‘tad
2434 2908 2627 2974 lucem,
2659 2919 2714 2962 ut
2741 2908 3152 2964 matiiicsteutur
3181 2926 3341 2981 opera
3374 2912 3513 2979 ejus,

1920 2998 2043 3069 quia
2073 2999 2124 3053 in
2158 2999 2269 3053 Deo
2294 3009 2418 3053 sunt
2442 2999 2601 3055 facta.
2633 2999 2779 3055 Sicut
2812 3002 2862 3053 in
2910 3000 2992 3055 die
3047 3004 3254 3056 honeste
3300 3006 3505 3058 ambula

1919 3107 2052 3146 mus.
2088 3091 2331 3146 Scieulcs
2362 3093 2451 3147 Dei
2477 3094 2646 3147 oculis
2677 3108 2894 3162 semper
2923 3094 3114 3147 videri.
3173 3096 3343 3149 Omne
3392 3110 3514 3162 pcc-

1920 3195 2098 3239 catum
2124 3193 2280 3238 nocte
2310 3184 2535 3238 liberius
2565 3187 2651 3248 tit;
2676 3184 2728 3237 itt
2752 3184 2838 3237 die
2859 3197 3036 3238 autem
3073 3199 3293 3251 peccare
3318 3200 3420 3238 non
3444 3186 3478 3239 li
3507 3217 3516 3226 -

219 3270 279 3312 et
307 3257 572 3327 Sapbirre,
596 3268 651 3313 et
675 3259 826 3328 Mago
860 3278 871 3312 :
904 3261 1028 3331 quia
1058 3262 1199 3317 Deus
1233 3264 1523 3318 emendare
1552 3263 1664 3317 vult
1693 3278 1818 3333 pec-
1844 3266 1887 3327 C
1921 3276 2050 3331 bere
2080 3284 2276 3345 potest,
2325 3284 2539 3344 prcpter
2588 3275 2831 3329 timorem
2869 3284 2921 3329 et
2969 3275 3250 3343 pudorem.
3282 3274 3402 3329 Non
3458 3277 3513 3331 in

220 3370 460 3410 calores.
492 3354 614 3410 Non
642 3356 809 3411 solum
839 3372 1046 3430 prapter
1072 3361 1222 3426 iram,
1252 3362 1339 3414 sed
1367 3369 1416 3414 et
1462 3373 1671 3433 prapter
1691 3378 1818 3416 con-

220 3447 513 3502 scientiam.
540 3447 656 3503 Non
682 3451 854 3504 Solum
882 3466 947 3506 ue
998 3453 1277 3513 irascatur,
1335 3452 1429 3507 sed
1482 3454 1642 3508 etiam
1694 3454 1818 3523 quia

219 3543 329 3598 scit
359 3542 448 3596 ille
480 3558 506 3594 a
533 3542 691 3612 justis
717 3544 877 3600 etiam
932 3546 1190 3600 honorem
1251 3545 1436 3603 deberi
1488 3546 1820 3618 principibus

222 3639 411 3707 populi
446 3639 541 3705 ttti,
575 3639 663 3708 qui
691 3647 912 3707 possunt
936 3637 1097 3692 etiam
1146 3639 1263 3694 sine
1301 3652 1462 3694 causa
1512 3640 1813 3709 insurgere,

219 3732 322 3787 sed
354 3743 406 3787 ct
432 3748 499 3787 ne
527 3748 621 3802 pro
649 3730 852 3801 peccati
900 3731 1231 3786 conscientia
1284 3731 1635 3787 damnemiui.
1687 3731 1817 3787 Ideo

218 3823 359 3876 enim
390 3834 434 3877 et
456 3823 646 3877 tributa
668 3824 940 3893 pra'statis.
970 3821 1199 3878 Reddite
1244 3839 1365 3894 quae
1419 3825 1647 3881 Caesaris
1694 3834 1817 3880 sunt

218 3915 421 3970 Cmsari
448 3934 461 3970 :
490 3917 791 3987 quicunque
819 3916 963 3970 enim
984 3915 1146 3971 habet
1174 3917 1315 3971 unde
1370 3918 1625 3972 tributum
1675 3934 1812 3987 pra:-

219 4018 350 4071 Stet,
382 4008 648 4076 quomodo
677 4016 853 4077 potest
883 4022 986 4061 non
1015 4023 1137 4063 esse
1170 4008 1443 4077 subjectus
1490 4010 1543 4064 in
1596 4010 1660 4063 iis
1691 4025 1810 4078 quzc

219 4102 299 4157 illi
328 4116 355 4154 a
388 4101 495 4156 Deo
518 4110 643 4154 sunt
671 4099 957 4155 constituta
980 4100 1128 4155 ?lloc
1143 4101 1277 4155 etde
1299 4102 1685 4156 sacerdotibus.
1714 4102 1816 4154 tili-

219 4198 518 4252 uistrienim
545 4195 638 4250 Dei
664 4206 802 4261 sunt,
822 4196 875 4250 in
896 4196 989 4249 hoc
1014 4195 1176 4264 ipsum
1192 4195 1481 4247 servientes.
1514 4193 1710 4261 Dignus
1735 4202 1811 4247 est

218 4290 499 4359 Operatius
526 4289 771 4344 mercede
792 4303 917 4343 sua:
949 4300 1003 4341 ut
1031 4286 1114 4341 vel
1138 4285 1213 4339 sic
1242 4285 1547 4352 crederent,
1572 4302 1639 4339 ne
1666 4286 1815 4340 vide-

220 4389 371 4436 retur
395 4380 642 4434 Christus
698 4382 868 4448 magis
910 4377 1219 4446 superbiam
1269 4375 1519 4429 docuisse
1551 4393 1564 4429 :
1596 4378 1719 4429 dum
1760 4378 1811 4430 in

220 4474 600 4541 peccatoribus
638 4472 932 4538 vindicant,
983 4470 1096 4522 Deo
1153 4469 1457 4522 ministrare
1498 4469 1807 4536 probantur.

221 4566 444 4620 Reddite
460 4550 891 4619 onmibus'debita
922 4578 940 4617 :
968 4563 1049 4616 cui
1077 4562 1343 4625 tributum,
1400 4560 1663 4615 tributum.
1720 4561 1807 4615 ln-

1922 3385 2062 3423 conte
2089 3366 2394 3423 sationibus.
2421 3365 2755 3422 Comessatio
2781 3374 2865 3420 est
2890 3366 3106 3420 collatio
3131 3365 3380 3420 convivii.
3405 3366 3514 3421 Nos

1922 3460 2083 3531 igitur
2115 3475 2222 3515 non
2254 3460 2408 3527 tales,
2439 3457 2534 3513 sed
2566 3456 2869 3527 spirituales
2928 3456 2996 3513 de
3042 3458 3298 3527 Apostnlo
3346 3459 3512 3515 babe-

1921 3570 2041 3608 mus
2069 3552 2510 3609 comessationes.
2542 3551 2675 3606 Cum
2702 3550 3018 3618 convenitis,
3042 3551 3233 3621 inquit,
3259 3551 3509 3616 invicem,

1920 3647 2286 3717 unusquisque
2310 3654 2543 3702 vestrum
2574 3645 2838 3713 psalmum
2868 3643 3049 3707 habet,
3097 3654 3150 3698 et
3171 3644 3392 3714 reliqua.
3442 3642 3511 3697 Et

1918 3740 2269 3803 ebrietatibus,
2290 3754 2389 3791 non
2418 3738 2728 3791 incubilibus
2750 3747 2796 3791 et
2819 3737 3169 3806 impudicitiis,
3192 3754 3293 3791 non
3321 3740 3371 3792 in
3390 3755 3513 3792 con-

1919 3833 2141 3886 lenlione
2178 3840 2227 3883 et
2263 3830 2607 3885 azmulatione.
2633 3830 2906 3885 Attendite
2932 3829 3104 3897 Vobis,
3130 3846 3196 3886 ne
3228 3830 3362 3887 fcrte
3390 3846 3514 3899 gra-

1919 3934 2110 3978 ventur
2132 3920 2297 3977 corda
2324 3936 2499 3976 veStra
2524 3922 2577 3976 in
2617 3922 2853 3991 crapula,
2884 3930 2935 3975 et
2963 3930 3157 3976 cratera
3186 3921 3253 3977 de
3278 3922 3503 3977 ebrieta-

1920 4027 1969 4069 te
1986 4015 2308 4070 testimonia.
2333 4014 2587 4085 Sequitur
2612 4014 2928 4069 ebrietatem
2954 4014 3284 4084 impudicitia
3306 4034 3319 4071 :
3340 4016 3509 4070 ebrie-

1919 4114 1997 4160 tas
2028 4106 2171 4161 enim
2206 4109 2427 4161 materia
2456 4116 2538 4161 est
2569 4107 2811 4161 luxuriat.
2844 4106 2949 4162 Sed
2985 4109 3146 4164 etiam
3171 4108 3216 4162 si
3265 4109 3365 4163 ista
3400 4124 3504 4163 non

1919 4198 2135 4263 fuerint,
2170 4208 2222 4253 et
2253 4198 2415 4252 luerit
2450 4200 2658 4254 aeluset
2683 4199 2899 4265 invidia,
2926 4214 3029 4252 non
3058 4199 3213 4253 nobis
3242 4214 3361 4253 esse
3390 4200 3503 4267 glo-

1918 4289 2163 4344 riandum
2213 4287 2446 4344 Jacobus
2477 4290 2667 4358 probat
2710 4288 2896 4343 dicens
2929 4306 2943 4339 :
2976 4288 3150 4341 Nolite
3187 4288 3401 4355 gloriari
3450 4292 3497 4339 et

1918 4382 2205 4437 mendaces
2230 4396 2349 4435 esse
2370 4381 2629 4436 adversus
2650 4381 2948 4445 veritatem,
2971 4390 3023 4434 et
3052 4380 3274 4447 reliqua.
3292 4379 3398 4434 Sed
3424 4379 3504 4439 in:-

1918 4473 2136 4528 duimini
2169 4472 2444 4525 Dominum
2464 4470 2643 4525 Iesum
2667 4469 2948 4537 Christum,
2978 4480 3026 4524 et
3049 4472 3218 4525 carnis
3245 4487 3416 4524 curam
3443 4487 3506 4524 ne

1918 4566 2159 4638 feceritis.
2185 4564 2285 4633 Qui
2313 4563 2443 4619 dicit
2470 4580 2529 4619 sc
2552 4564 2605 4618 in
2638 4561 2849 4619 Christo
2888 4577 3124 4628 manere,
3159 4563 3317 4618 debet
3372 4578 3503 4632 quo-

221 4655 361 4709 clioa
397 4656 611 4725 pauperi
635 4670 819 4710 aurem
845 4663 1013 4723 tuam,
1043 4663 1099 4709 et
1124 4653 1290 4708 redde
1320 4653 1558 4709 debitum
1614 4664 1758 4709 tuum
1791 4672 1807 4711 :
1841 4643 1893 4704 D
1923 4658 2083 4713 modo
2114 4656 2206 4711 ille
2234 4655 2544 4722 ambulavit,
2574 4654 2853 4711 ambulare
2894 4673 2906 4708 :
2942 4656 3087 4711 solus
3143 4652 3388 4710 Christus
3426 4656 3507 4709 vi-

219 4746 380 4800 etiam
409 4748 749 4820 eleemosyna
773 4745 1013 4801 debitum
1068 4745 1386 4817 appellatur.
1446 4745 1541 4801 Cui
1571 4748 1808 4820 vectigal,

219 4839 457 4910 vectigal.
494 4839 728 4910 Vectigal
754 4848 994 4895 nostrum
1026 4847 1129 4909 est,
1172 4849 1230 4894 ut
1287 4842 1685 4896 transeuntibus
1712 4841 1810 4896 de—

220 4947 364 4998 mus,
398 4932 480 4986 vel
514 4940 848 4987 transeuntes
870 4932 1180 4988 sedentibus
1211 4931 1274 4986 ad
1306 4934 1445 4987 viam
1490 4943 1543 4988 et
1572 4932 1811 5003 indigen-

218 5022 360 5077 tibus
385 5022 693 5093 largiamur.
727 5023 964 5094 \‘ectigal
988 5032 1166 5078 autem
1215 5038 1243 5077 a
1300 5023 1543 5079 vehendo
1594 5025 1809 5083 dicitur.

218 5112 312 5167 Cui
341 5114 595 5181 timorem,
628 5114 860 5167 timorem
890 5128 909 5167 :
932 5115 1016 5166 cui
1047 5115 1307 5176 honorem,
1354 5114 1613 5170 honorem.
1667 5116 1809 5184 Quo-

216 5208 379 5261 modo
407 5221 556 5276 ergo,
591 5214 735 5275 praet
757 5221 785 5261 r
811 5206 1000 5275 Deum,
1032 5220 1099 5260 ne
1152 5205 1393 5260 timueris
1449 5208 1610 5260 alium
1637 5208 1660 5261 ?
1710 5208 1807 5264 sed

217 5302 316 5369 sic,
343 5301 528 5370 inquit,
564 5311 615 5355 te
643 5313 762 5370 age,
789 5308 847 5354 ut
886 5301 1156 5355 neminem
1191 5298 1419 5353 timeas:
1448 5301 1606 5355 timor
1658 5301 1804 5357 enim

217 5390 312 5447 Dei
344 5390 560 5461 expellit
590 5392 835 5445 timorem
891 5391 1205 5445 humanum.
1262 5389 1471 5445 Nemini
1524 5392 1805 5462 quidquam

219 5484 463 5549 debeatis,
493 5484 593 5538 nisi
637 5493 691 5537 ut
716 5485 929 5538 invicem
976 5484 1221 5556 diligatis.
1266 5483 1378 5539 Hoc
1422 5486 1595 5541 solum
1643 5486 1806 5542 debet

218 5592 435 5633 manere
468 5596 479 5630 :
508 5591 722 5646 semper
751 5577 1056 5633 dilectionis
1082 5576 1341 5643 debitum,
1399 5577 1540 5647 quod
1591 5592 1804 5648 semper

216 5677 296 5721 est
326 5671 706 5726 necessarium.
744 5671 847 5740 Qui
896 5672 1033 5726 enim
1078 5672 1248 5743 diligit
1286 5674 1594 5743 proximum,
1641 5673 1802 5745 legem

215 5757 458 5831 implevit.
479 5760 756 5817 Proximus
777 5771 880 5829 est,
904 5763 1195 5817 secundum
1219 5763 1417 5819 dictum
1437 5763 1665 5829 Domini,
1686 5780 1802 5819 om-

217 5851 299 5907 nis
327 5853 486 5908 horno
511 5853 596 5923 qui
631 5854 995 5930 misericordia
1035 5856 1251 5927 indiget.
1314 5855 1455 5911 Nam
1506 5874 1606 5912 non
1649 5858 1799 5911 adul-

1914 4750 2104 4806 deatur
2132 4750 2182 4804 in
2208 4749 2384 4815 nobis,
2419 4763 2525 4803 non
2554 4748 2714 4803 homo
2743 4757 2914 4803 vetns.
2942 4745 3009 4802 In
3028 4748 3316 4802 desideriis.
3344 4736 3500 4801 Salo-

1917 4858 2043 4897 mon
2074 4860 2087 4899 :
2120 4841 2249 4895 Post
2272 4840 2735 4911 concupiscentias
2764 4848 2880 4894 tuas
2911 4855 2978 4895 ne
3033 4854 3145 4903 eas,
3182 4850 3238 4895 et
3260 4841 3453 4894 iterum
3485 4858 3510 4895 τ

1917 4936 1972 4993 Si
2004 4935 2216 4990 dederis
2244 4932 2732 5003 concupiscentiam
2764 4932 2956 4987 animae
3009 4941 3133 4997 tute,
3164 4932 3320 4986 faciet
3346 4942 3401 4986 te
3448 4933 3503 4985 in

1915 5028 2163 5100 gaudium
2195 5027 2425 5081 inimicis
2457 5026 2583 5081 tuis.
2627 5025 2858 5082 Omnino
2914 5024 3210 5079 faciendun
3263 5040 3372 5079 non
3418 5036 3504 5080 est

1914 5119 2053 5191 quod
2077 5133 2203 5172 caro
2234 5117 2523 5173 desiderat.

1981 5212 2110 5266 CAP.
2142 5226 2251 5265 xw.
2280 5208 2554 5277 lit/irntum
2584 5220 2752 5264 autem
2776 5210 2964 5267 iit/ide.
2998 5208 3133 5263 Hinc
3160 5207 3351 5277 incipit
3390 5207 3495 5264 diss

1909 5318 2092 5359 serere
2114 5303 2251 5356 inter
2277 5316 2370 5357 eos
2394 5303 2481 5371 qui
2511 5301 2851 5357 crediderant
2874 5299 2928 5355 in
2971 5299 3211 5365 Chrism,
3253 5300 3375 5371 quia
3406 5300 3500 5355 alit

1907 5408 2094 5450 eorum
2120 5401 2276 5447 erant
2306 5391 2531 5463 perfecti
2564 5392 2613 5445 in
2640 5391 2766 5457 lide,
2796 5391 2881 5445 alii
2908 5389 3085 5445 adhuc
3129 5389 3308 5446 minus
3338 5388 3493 5445 ﬁrmi.

1908 5485 1972 5538 Et
2010 5483 2044 5538 ii
2076 5485 2163 5554 qui
2193 5481 2415 5553 perfecti
2437 5491 2612 5549 erant,
2636 5482 2796 5536 etiam
2822 5480 2889 5534 de
2931 5480 3282 5535 intmolatitiis
3321 5484 3499 5537 carni-

1906 5576 2035 5643 bus,
2055 5576 2197 5632 sicis
2222 5577 2418 5647 aliquis
2443 5574 2769 5645 apponebat,
2794 5583 3044 5645 tanquam
3086 5574 3320 5646 reliquos
3346 5576 3498 5632 cibos
3563 5572 3573 5586 '

1906 5673 2025 5727 sine
2051 5672 2376 5727 discretione
2402 5671 2679 5739 aequaliter
2736 5660 3163 5728 manducabant.‘
3201 5675 3307 5730 Alii
3364 5691 3497 5732 vero

1907 5764 2249 5831 ltmsitabant,
2278 5773 2332 5818 et
2354 5778 2447 5819 eas
2471 5762 2615 5818 velut
2643 5762 2945 5819 immundas
2990 5766 3250 5833 vitabant,
3299 5769 3496 5838 quibus

1907 5854 2115 5923 dicitur,
2143 5863 2199 5911 ut
2244 5854 2362 5910 olus
2407 5852 2744 5911 manducent.
2774 5853 2975 5914 Tamen
3008 5857 3166 5931 aliqui
3198 5860 3490 5931 capitulum
