4004 6354
497 320 601 377 4⁸29

1602 322 1892 379 ΙἮΙΜΑΞΙΙ
1932 319 2375 376 ADRUMLTANI
2415 319 2626 378 EPlSC.

3628 313 3726 368 5Ωο

497 437 638 492 istud
660 436 727 493 de
754 437 817 494 iis
837 438 927 511 qui
946 447 1010 496 ex
1040 438 1236 495 iudicis
1265 447 1317 494 et
1342 453 1406 494 ex
1435 438 1678 508 gentibus
1699 435 2055 498 crediderant,
2089 441 2137 494 Α
2165 448 2264 488 nos
2293 447 2418 488 vero
2439 433 2757 497 econtrario,
2782 441 2873 486 aut
2899 431 3050 486 nobis
3090 430 3339 495 vivimus,
3374 438 3468 484 aut
3509 427 3732 483 homini—

498 527 698 584 dictum
764 541 981 600 putant,
1033 532 1154 602 quia
1210 529 1298 600 qui
1369 545 1432 584 ex
1479 529 1674 584 ludatis
1728 529 2066 584 crediderant

499 620 675 676 adhuc
698 623 849 690 quasi
869 623 1160 679 secundum
1184 623 1352 692 legum
1407 631 1462 676 et
1509 635 1697 676 carnes
1745 621 1948 690 aliquas
1974 620 2045 674 im

501 714 745 780 innodas,
769 723 822 769 et
849 715 961 770 dies
1009 715 1213 785 aliquos
1259 715 1552 770 sanctiores
1577 714 1860 784 putabant,
1904 713 2063 766 veluti

501 804 803 871 sabbatum,
836 814 924 859 aut
950 805 1293 860 neomenias:
1327 807 1453 873 ipsis
1481 807 1630 877 quasi
1659 804 1885 858 infirmis
1913 803 2066 871 jube-'

503 903 590 947 tur
613 895 755 950 olera
780 896 1100 951 manducare
1133 915 1148 952 :
1187 912 1306 966 quae
1329 897 1691 951 indifferenter
1716 895 2066 953 comeduntur

503 987 570 1037 ab
594 988 854 1041 omnibus.
879 990 977 1057 Qui
1005 989 1264 1045 firmiores
1291 1000 1441 1045 erant
1468 991 1518 1044 in
1546 989 1789 1057 tide,_noe
1835 999 1936 1054 e5t,
1979 987 2064 1057 qui

503 1090 567 1130 ex
616 1077 858 1147 gentibus
907 1081 1264 1144 crediderant,
1318 1096 1504 1136 omnes
1527 1096 1715 1136 carnes
1765 1089 1817 1134 et
1882 1093 2067 1133 oatnes

502 1164 613 1221 dies
657 1187 684 1219 u
704 1170 884 1237 quales
915 1187 1033 1226 esse
1089 1172 1376 1226 Credebant
1407 1190 1419 1227 :
1452 1173 1565 1226 irtis
1607 1172 1796 1226 dicitur
1838 1179 1894 1225 ut
1939 1169 2067 1224 nihil

503 1257 767 1311 :cstimcnt
796 1273 1074 1314 commune
1101 1277 1198 1331 per
1229 1263 1422 1331 ipsum,
1450 1262 1547 1314 nisi
1598 1263 1643 1316 ei
1678 1261 1764 1331 qui
1787 1275 2069 1314 commune

503 1348 825 1416 crediderit,
852 1353 983 1404 sicut
1016 1353 1200 1406 subter
1257 1353 1631 1422 adjecit:Scio
1655 1362 1707 1406 et
1761 1352 1970 1406 confido
2014 1352 2065 1404 in

504 1440 744 1508 Domino,
775 1443 892 1511 (μιῇ
925 1444 1052 1499 nihil
1082 1463 1362 1501 commune
1391 1463 1481 1516 par
1504 1450 1692 1515 ipsum,
1746 1456 1799 1501 et
1838 1447 2060 1514 reliqua.

475 1531 1074 1605 -Assmnite.Suscipi'e,
1105 1543 1182 1592 vel
1235 1542 1513 1597 augtinetc.
1564 1539 1786 1610 Oblique
1840 1539 1956 1594 illos
1986 1541 2065 1593 in-

477 1635 686 1693 -etepat
711 1628 798 1696 qui
831 1643 887 1683 se
937 1629 1096 1683 fortes
1125 1633 1396 1701 putabant,
1427 1633 1741 1686 utcarnibus
1773 1640 2064 1686 uterentur.

479 1755 482 1759 -
513 1714 628 1769 Non
657 1719 707 1771 in
735 1720 1177 1788 (incantationibus
1225 1725 1610 1793 cogita'ionum.
1653 1725 1830 1780 Nolite
1881 1739 2073 1779 secun-

2171 528 2267 582 bus
2299 527 2574 582 morimur.
2606 524 2722 580 Sive
2746 541 2870 596 ergo
2895 525 3126 588 vivimus,
3151 540 3253 577 sive
3297 522 3567 582 morimur,
3626 519 3732 574 De-

2170 619 2297 672 mini
2319 634 2516 674 sumus.
2540 616 2606 670 In
2634 617 2727 670 hoc
2750 615 3124 671 eaimCIaristus
3153 625 3383 666 mortuus
3407 621 3477 666 est
3500 621 3547 666 et
3570 627 3731 665 resur-

2171 712 2320 775 rexit,
2354 720 2408 763 ut
2435 719 2479 762 et
2508 709 2735 762 visorum
2761 717 2806 760 et
2834 721 3146 760 mortuorum
3175 706 3482 757 dominetur.
3527 701 3731 757 Adven-

2172 813 2256 858 tus
2288 803 2380 858 Dei
2412 812 2465 856 et
2494 804 2644 854 vivos
2666 799 2918 862 inveniet,
2942 809 2994 853 et
3020 809 3255 852 mortuos
3272 795 3568 850 suscitabit.
3594 794 3728 848 Nihil

2172 912 2298 967 ergo
2320 896 2631 967 prsejudicat
2659 913 2671 948 :
2705 905 2882 949 utrum
2907 904 2957 948 te
2987 895 3163 948 vivum
3197 889 3373 946 inveni
3393 899 3448 952 it,
3481 896 3577 941 aut
3600 901 3735 941 resu-

2173 992 2350 1057 scitet,
2381 999 2580 1044 tantum
2604 997 2661 1044 ut
2674 988 2852 1058 jusms
2869 987 2961 1042 sis.
2991 986 3062 1039 Tu
3075 995 3240 1039 autem
3260 985 3380 1052 qui.l
3403 982 3610 1052 jmlicus
3635 984 3737 1048 [ra-

2173 1093 2295 1136 trem
2327 1094 2468 1134 tuum
2483 1084 2508 1135 7
2521 1081 2632 1149 Qua
2647 1079 2996 1134 auctoritate?
3013 1077 3162 1143 quasi
3194 1090 3296 1130 neu
3323 1084 3537 1142 prepter
3550 1071 3737 1137 Deinn,

2173 1175 2265 1230 sed
2290 1185 2506 1244 propter
2528 1175 2700 1243 gulam
2721 1173 3024 1226 manducet.
3047 1170 3144 1223 Aut
3175 1179 3230 1222 tu
3249 1185 3408 1237 quare
3429 1166 3628 1236 spernis
3640 1167 3740 1233 {ra-

2174 1278 2300 1320 trem
2329 1267 2505 1320 tuum?
2529 1266 2689 1333 Quasi
2723 1263 3192 1334 propterhomines
3221 1260 3506 1313 abstineat.
3555 1255 3740 1310 Omnes

2173 1363 2302 1415 enim
2326 1361 2588 1414 stabimus.
2615 1359 2764 1413 Tunc
2793 1360 2858 1412 de
2887 1358 3002 1412 istis
3019 1357 3271 1411 Dominus
3297 1353 3560 1424 judicabit
3587 1353 3708 1421 quid
3726 1393 3741 1416 ,

2175 1452 2440 1523 quomodo
2455 1451 2752 1506 fecerimus.
2771 1450 2896 1503 Ante
2917 1447 3131 1501 tribunal
3149 1445 3260 1499 Dei.
3284 1448 3444 1499 lteum
3463 1458 3584 1496 8:58
3596 1442 3746 1497 Chri-

2175 1556 2340 1612 stum,
2369 1546 2456 1614 qui
2481 1545 2815 1614 judicaturus
2845 1559 2920 1597 est
2975 1558 3078 1596 non
3110 1541 3339 1595 dubites.
3385 1539 3650 1608 Seriptum
3677 1549 3746 1592 est

2179 1637 2353 1691 enim:
2389 1636 2509 1690 Vivo
2537 1651 2653 1705 ego,
2677 1635 2800 1688 dicit
2829 1635 3072 1688 Dominus
3099 1648 3116 1686 :
3151 1634 3394 1697 quoniam
3418 1632 3542 1683 mihi
3583 1634 3746 1700 ﬂecte-

2181 1739 2261 1783 tur
2286 1745 2433 1784 omne
2459 1745 2612 1798 genu,
2637 1739 2682 1782 et
2711 1729 2872 1782 omnis
2901 1729 3074 1798 lingua
3103 1726 3423 1792 conﬁtebitur
3458 1724 3586 1778 Deo.
3618 1724 3745 1777 Pro-

509 1808 629 1862 Jnln
659 1824 864 1864 tte-Siras
894 1815 1238 1878 cegitationes
1263 1816 1523 1886 judicare,
1557 1833 1713 1887 quem
1739 1818 1819 1871 lex
1847 1833 1950 1871 non
1976 1817 2068 1887 ju-
2105 1818 2151 1878 Β
2180 1823 2269 1876 bat
2297 1821 2574 1891 scriptum,
2600 1820 2740 1891 quod
2757 1834 2940 1873 omnes
2955 1819 3052 1873 soli
3077 1819 3185 1872 Deo
3211 1815 3435 1870 reddent
3464 1816 3744 1872 rationem.

511 1900 670 1959 dit-at.
700 1903 844 1956 Alius
876 1906 1007 1957 enim
1030 1907 1184 1960 crrdit
1208 1924 1260 1962 se
1286 1909 1594 1963 manducare
1618 1908 2078 1975 omnia.Quiscili-

480 2005 588 2046 .cct
621 1995 799 2048 senior
825 2006 940 2061 est,
975 2007 1063 2050 aut
1083 1996 1189 2066 jam
1219 1999 1452 2054 edomuit
1477 2016 1708 2063 ezrnem,
1739 2011 1829 2055 aut
1879 2009 2076 2056 ttntam

511 2083 664 2140 tidem
710 2086 965 2154 hahe',ut
1013 2105 1116 2144 non
1149 2094 1538 2158 [οεεὶιηιονεεὶ
1591 2096 1654 2148 ad
1688 2095 1947 2149 luxuriam
1994 2095 2078 2149 vel

511 2188 804 2244 peccatum.
822 2182 919 2246 Qui
939 2197 1104 2237 autem
1123 2185 1353 2254 inﬁrmus
1376 2195 1470 2250 est,
1491 2188 1601 2240 olus
1625 2187 1910 2240 manducet.
1929 2187 2080 2241 Infir-

512 2285 647 2330 mus.
673 2275 964 2327 secundum
1000 2276 1161 2330 Deum
1182 2323 1195 2344 ,
1221 2286 1315 2330 aut
1339 2278 1694 2347 iuventutem,
1727 2290 1815 2332 aut
1838 2279 2079 2346 corporis

512 2361 766 2432 calorem,
796 2367 878 2420 vel
900 2368 1076 2422 iidem.
1120 2365 1176 2423 Is
1200 2369 1288 2438 qui
1315 2370 1587 2423 manducat
1627 2387 1724 2424 non
1763 2370 2080 2423 manducan-

513 2463 614 2508 tam
641 2472 739 2508 non
759 2467 982 2528 spernat.
1016 2457 1081 2511 Et
1107 2461 1195 2530 qui
1225 2476 1325 2514 non
1348 2462 1644 2528 manducet,
1694 2463 2082 2516 manducantem

515 2549 835 2618 aonjudicet.
870 2551 1141 2607 Habebunt
1170 2553 1305 2609 inter
1333 2569 1390 2610 se
1419 2556 1806 2612 mutilationem
1858 2557 1944 2625 qui
1979 2572 2081 2609 non

517 2642 934 2710 manducabant,
961 2645 1340 2702 manducantes
1366 2647 1674 2715 judicabant
1704 2648 1855 2716 quasi
1891 2663 2082 2701 carna-

522 2735 619 2801 tes,
653 2745 699 2788 et
720 2733 792 2788 illi
827 2736 942 2789 illos
973 2737 1282 2805 irritlebant,
1309 2741 1456 2808 quasi
1504 2741 1612 2793 cito
1653 2739 1893 2793 volentes
1925 2741 2083 2813 mori,

517 2838 567 2878 et
599 2826 854 2887 inlirmos,
886 2827 972 2896 qui
1002 2827 1072 2882 de
1119 2828 1466 2882 immolatitiis
1499 2828 1898 2882 manducarent.
1952 2827 2086 2882 Deus

517 2916 648 2968 enim
676 2915 822 2968 illum
865 2919 1160 2986 assumpsit.
1189 2920 1447 2975 Similiter
1500 2920 1766 2990 quomodo
1795 2931 1846 2974 et
1902 2930 1973 2974 te.
2007 2918 2087 2972 Tu

524 3008 640 3076 quis
675 3025 724 3061 rs
753 3009 1059 3078 quijudias
1087 3012 1308 3064 alienum
1335 3010 1727 3066 sertumF‘SIcut
1752 3011 1830 3064 'ait
1875 3019 2090 3066 sanctus

520 3103 749 3158 Jacohus
781 3121 793 3157 :
820 3103 919 3172 Qui
943 3104 1146 3173 judicat
1177 3106 1414 3169 fratrem,
1435 3104 1638 3175 judirat
1660 3105 1828 3176 legem
1861 3104 2085 3169 scilicet,

2177 1915 2360 1988 Itaque
2380 1916 2721 1986 unusquisque
2743 1925 2970 1968 nostrum
2993 1931 3084 1985 pro
3097 1931 3148 1969 se
3167 1915 3412 1966 rationem
3433 1914 3601 1966 redde.
3620 1911 3743 1966 Dea.

2176 2008 2292 2064 Non
2328 2024 2422 2077 pro
2450 2009 2578 2072 alio,
2607 2021 2703 2061 nec
2727 2005 3027 2060 hominibus
3055 2020 3150 2073 pro
3188 2020 3248 2057 se
3276 2004 3535 2058 rationein
3568 2003 3747 2057 reddet

2179 2101 2245 2154 de
2281 2100 2363 2155 his
2383 2100 2572 2169 quibus
2598 2100 2681 2152 lex
2715 2107 2872 2152 tacet.
2912 2098 3040 2150 Nam
3071 2097 3114 2150 si
3149 2095 3374 2149 tacuerit
3405 2095 3595 2149 videns
3633 2109 3750 2163 pecs

2180 2202 2412 2256 cantem,
2443 2190 2628 2246 reddet
2659 2190 2915 2244 rationem
2949 2203 3044 2257 pro
3071 2203 3155 2242 eo.
3181 2185 3581 2254 SPCCUIaIOlClll
3607 2184 3751 2252 posui

2183 2294 2234 2338 te
2255 2283 2435 2337 domui
2459 2281 2644 2347 lsrael,
2668 2282 2863 2336 dicitur
2888 2281 2952 2333 ad
2978 2281 3312 2348 prophetam.
3343 2276 3462 2331 Non
3493 2293 3615 2347 ergo
3644 2293 3746 2328 am-

2183 2373 2315 2444 plius
2334 2374 2541 2426 invicem
2562 2374 2876 2442 iudicemus.
2911 2370 3118 2426 Sufficit
3149 2368 3286 2437 quod
3314 2383 3453 2424 nunc
3480 2368 3748 2434 hucusque

2183 2463 2487 2532 ignorantes
2517 2461 2744 2516 fecistis.
2775 2461 2882 2516 Sed
2908 2459 3241 2532 ltocjutlicat:
3270 2460 3463 2531 magis,
3499 2475 3562 2512 ne
3601 2474 3751 2527 pona-

2185 2555 2249 2607 tis
2279 2553 2641 2621 o/fendiculum
2669 2553 2837 2622 fratri,
2870 2551 2946 2606 vel
2970 2552 3287 2605 scandalum.
3325 2550 3462 2603 ll.nc
3492 2548 3748 2602 subtiliter

2186 2651 2481 2721 ingreditur
2510 2651 2576 2706 ad
2606 2651 3002 2716 abstinentiam,
3031 2659 3086 2705 et
3115 2651 3242 2703 dicit
3268 2666 3370 2703 non
3415 2650 3537 2704 illos
3564 2648 3754 2702 debere

2189 2745 2536 2813 manducare,
2560 2745 2796 2812 quamvis
2829 2744 2965 2798 firmi
2993 2746 3118 2812 sint,
3143 2760 3209 2798 ne
3233 2742 3474 2814 juniores
3504 2743 3751 2812 exeniplo

2189 2832 2420 2897 illorum,
2453 2845 2542 2888 aut
2571 2833 2890 2888 infirmiores
2917 2833 3255 2899 manducent,
3276 2840 3329 2885 et
3352 2831 3646 2896 offendant,
3668 2840 3755 2886 aut

2189 2923 2634 2977 scandalizentur.
2667 2922 2786 2978 Scio
2806 2935 2854 2978 et
2884 2924 3084 2992 conﬁdo
3112 2926 3162 2975 in
3194 2922 3412 2976 Domino
3464 2921 3611 2987 Jesu,
3639 2924 3757 2992 quia

2192 3015 2319 3067 nihil
2341 3031 2623 3068 commune.
2655 3014 2732 3070 Ne
2757 3014 3014 3076 dicerent,
3031 3031 3147 3084 qua:
3166 3015 3303 3069 Deus
3317 3015 3533 3078 crearit,
3555 3025 3759 3068 tucom.

2195 3104 2525 3176 muniadicis
2553 3118 2670 3158 esse
2698 3123 2710 3159 :
2737 3121 2841 3158 non
2876 3107 2976 3158 hoc
3001 3105 3117 3159 ideo
3145 3105 3287 3172 dico,
3336 3115 3393 3159 ut
3423 3104 3623 3174 aliquid
3665 3119 3760 3172 pu-

522 3209 574 3252 et
604 3198 982 3268 sapientiorem
1003 3213 1062 3253 se
1087 3198 1281 3252 indie-ut
1312 3199 1445 3267 lege.
1482 3197 1588 3254 Suo
1615 3199 1820 3251 domino
1863 3206 1960 3252 stat
2001 3208 2088 3250 aut
2119 3181 2164 3244 Ο
2199 3208 2302 3254 tem
2331 3214 2448 3255 esse
2503 3214 2804 3255 commune.
2841 3198 2938 3253 Per
2969 3201 3150 3267 ipsum.
3198 3199 3296 3254 Per
3344 3199 3617 3254 Christum
3646 3212 3758 3251 om-

521 3290 680 3346 cadit.
710 3290 832 3345 Sive
862 3289 1012 3356 vivit,
1047 3289 1158 3346 sive
1185 3290 1431 3357 moritur,
1465 3289 1588 3358 quia
1627 3299 1682 3344 et
1729 3288 1819 3342 ille
1874 3297 2091 3357 prepter

528 3381 689 3435 Deum
719 3380 968 3448 abstinet,
1000 3390 1053 3436 et
1082 3381 1176 3436 ille
1202 3392 1416 3450 prupter
1457 3380 1734 3434 Dominum
1785 3379 2088 3434 minducat.

526 3475 692 3530 Stabit
721 3488 890 3530 au't'm
919 3491 938 3529 :
988 3487 1162 3546 potens
1195 3485 1267 3528 est
1319 3476 1449 3527 enim
1482 3471 1618 3527 Deus
1660 3481 1875 3526 statuere
1923 3471 2088 3525 illum.

532 3568 668 3624 Dc'us
696 3570 781 3638 qui
836 3577 942 3622 tres
981 3583 1175 3636 pntros
1220 3565 1573 3636 leguminibus
1616 3572 1794 3633 pastos
1845 3562 2093 3616 meliores

527 3661 653 3715 fecit
673 3648 950 3729 apparere,
976 3673 1130 3727 quam
1158 3659 1276 3712 illos
1303 3659 1388 3726 qui
1430 3657 1497 3711 de
1545 3670 1728 3710 mensa
1776 3654 1916 3722 regis
1971 3653 2096 3707 ede-

529 3753 680 3816 bant,
711 3757 886 3817 potest
911 3757 966 3805 et
986 3749 1082 3803 ista
1118 3749 1292 3803 facere
1320 3767 1331 3802 :
1364 3750 1413 3803 in
1458 3763 1682 3817 corpore
1702 3745 1902 3800 diutius
1931 3751 2092 3806 stare,

531 3849 621 3895 aut
639 3839 902 3910 ji-junare,
930 3850 1022 3894 aut
1044 3839 1287 3896 carnibus
1315 3839 1605 3892 abstinere.
1652 3836 1790 3891 Nam
1851 3836 1985 3890 alius
2007 3837 2098 3906 ju-

532 3933 668 3986 dieut
721 3932 854 3985 diem
909 3931 1040 3984 inter
1096 3929 1422 3984 diem:alius
1455 3929 1657 4001 judicat
1707 3943 1898 3982 omnem
1940 3926 2094 3978 diem.

533 4023 701 4079 Judazi
733 4023 874 4078 diem
899 4023 1035 4078 inter
1073 4023 1210 4078 diem
1244 4039 1346 4077 non
1401 4029 1645 4092 peierarit
1687 4020 1951 4088 judicare,
1977 4019 2098 4088 quia

533 4115 601 4171 de
619 4115 826 4187 jejunio
852 4117 931 4170 lex
965 4131 1072 4170 non
1122 4125 1204 4170 est
1247 4114 1439 4184 posita,
1482 4113 1574 4168 sed
1619 4111 1885 4182 quomodo
1927 4118 2101 4177 potest

536 4210 914 4279 unusquisque,
946 4217 1034 4260 aut
1064 4207 1171 4260 vult
1202 4222 1216 4260 :
1243 4205 1331 4276 qui
1367 4215 1542 4260 autem
1567 4205 1682 4274 plus
1705 4203 1929 4272 jejunat,
1961 4215 2101 4255 mer-

534 4301 715 4356 cedem
741 4301 990 4371 majmetn
1023 4299 1198 4354 habet.
1225 4298 1645 4368 Unusquisquein
1663 4311 1754 4348 suo
1767 4311 1916 4348 sensu
1942 4295 2102 4346 abun-

535 4395 638 4450 det.
673 4392 726 4445 lu
757 4391 844 4446 tali
893 4405 1048 4445 causa
1096 4392 1348 4444 duntaxat
1415 4387 1776 4458 unusquisque
1801 4387 1877 4439 sic
1917 4382 2096 4446 faciat,

534 4483 801 4551 quomodo
829 4484 1020 4538 melius
1052 4492 1214 4552 putat,
1246 4492 1335 4535 aut
1365 4489 1556 4549 potest,
1575 4489 1665 4534 aut
1690 4479 1930 4547 corporis
1958 4476 2103 4529 vale-

2196 3292 2280 3348 nia
2320 3293 2570 3347 mundata
2596 3302 2721 3347 sent
2743 3310 2755 3346 :
2781 3308 3064 3348 commune
3097 3292 3236 3348 enim
3267 3301 3381 3347 erat
3426 3291 3684 3361 quidquid
3714 3291 3764 3346 in

2195 3400 2316 3440 esca
2349 3399 2454 3439 non
2484 3384 2752 3454 excipitur
2778 3383 3102 3439 Judaeorum.
3142 3382 3260 3438 Nisi
3305 3385 3351 3437 ei
3399 3383 3488 3451 qui
3513 3382 3763 3436 exs:th

2195 3479 2317 3550 quid
2343 3495 2607 3532 commune
2639 3494 2767 3541 esse,
2790 3477 2871 3531 itii
2901 3493 3162 3532 commune
3190 3487 3283 3532 est.
3335 3477 3390 3532 In
3442 3475 3767 3530 conscientia

2197 3583 2314 3625 sua.
2338 3568 2398 3624 Si
2422 3571 2552 3622 enim
2583 3579 2790 3640 propter
2817 3568 2981 3622 cibum
3028 3570 3189 3639 frater
3246 3578 3363 3622 tuus
3415 3568 3763 3621 contristatur.

2194 3659 2312 3715 Non
2343 3661 2475 3714 dixit
2505 3659 3014 3730 propterjejunium,
3045 3661 3090 3716 si
3115 3660 3265 3714 illum
3311 3668 3402 3712 aut
3431 3673 3596 3726 cogas
3623 3673 3768 3711 man~

2199 3751 2414 3818 durare,
2440 3760 2528 3805 aut
2558 3761 2652 3806 tuo
2679 3751 2926 3820 exemplo
2950 3764 3228 3817 provoces,
3269 3749 3360 3818 qui
3391 3747 3590 3801 invitus
3616 3761 3764 3799 man-

2198 3843 2379 3912 ducat,
2411 3845 2551 3913 quod
2574 3859 2678 3898 non
2705 3851 2881 3913 potest
2903 3842 3189 3897 sustinere.
3219 3839 3340 3894 lam
3371 3856 3472 3893 non
3493 3839 3771 3892 secundum

2200 3937 2497 3989 charitatem
2523 3935 2770 3992 ambulas.
2795 3933 2910 3989 iam
2944 3949 3049 3988 non
3086 3933 3262 4002 diligis
3284 3933 3584 4002 proximum
3640 3931 3772 3985 sicut

2204 4037 2253 4081 te
2281 4027 2473 4095 ipsum,
2505 4027 2551 4081 si
2582 4041 2686 4080 non
2707 4026 2846 4081 illius
2863 4026 3069 4079 ruinam
3095 4024 3399 4078 consideras
3421 4023 3578 4093 quasi
3609 4032 3772 4078 tuam.

2157 4180 2162 4184 ,
2206 4115 2332 4170 Νοιὶ
2358 4116 2466 4169 cibo
2504 4125 2590 4169 tuo
2619 4116 2766 4169 illum
2793 4116 3024 4187 perdere,
3054 4131 3148 4185 pro
3168 4131 3262 4183 quo
3293 4112 3519 4168 Christus
3547 4123 3774 4165 mortuus

2203 4219 2294 4262 est.
2327 4207 2438 4262 Non
2461 4207 2596 4262 dixit
2625 4205 2945 4262 abstinentia
2970 4214 3082 4258 tua.
3117 4203 3237 4258 Non
3264 4220 3382 4274 ergo
3407 4202 3774 4270 blasphemetur

2205 4317 2385 4354 nomen
2416 4311 2666 4354 nostrum.
2695 4300 3098 4367 Dlasphematur
3115 4309 3312 4363 autem,
3331 4296 3376 4349 si
3393 4307 3605 4365 propter
3627 4309 3773 4350 escas

2204 4395 2576 4446 Contentiones
2627 4393 2880 4445 oriantur.
2909 4389 3029 4444 Non
3081 4399 3155 4444 est
3232 4390 3365 4442 enim
3425 4404 3638 4458 regnum
3686 4387 3778 4438 Dei

2206 4497 2318 4535 t’sca
2340 4492 2384 4536 et
2411 4492 2577 4550 potus.
2603 4481 2715 4535 Non
2749 4496 2842 4550 per
2868 4495 3042 4534 escam
3067 4478 3421 4549 j'ustilicamur
3446 4494 3457 4529 :
3479 4463 3532 4532 et
3564 4493 3668 4531 non
3699 4477 3773 4528 di-

541 4573 666 4624 tudo
694 4573 968 4638 permittit.
1021 4574 1121 4637 Qui
1143 4576 1271 4642 sapit
1298 4572 1451 4634 ίίὶι-ἰη,
1496 4570 1712 4624 Domino
1735 4571 1887 4638 sapit.
1922 4565 1986 4620 Et
2019 4583 2084 4636 qu

2209 4578 2312 4639 xit,
2353 4575 2613 4645 jejunium
2657 4584 2710 4628 et
2751 4573 3034 4640 sobrietas,
3071 4570 3163 4626 sed
3205 4584 3328 4626 esca
3369 4580 3419 4626 et
3465 4578 3644 4638 potus.
3677 4566 3776 4621 Sid

540 4667 828 4727 manducat,
862 4660 1080 4716 Domino
1133 4665 1431 4717 m'ndncat.
1493 4663 1718 4718 Domino
1763 4661 1901 4731 sapit
1936 4660 2100 4727 diem,

540 4755 629 4822 qui
653 4752 854 4824 jejunat
884 4765 1094 4822 propter
1117 4755 1298 4814 Deum,
1327 4755 1439 4807 sive
1464 4753 1551 4822 qui
1580 4752 1855 4823 sapientia:
1885 4751 2104 4805 studens

541 4845 788 4898 abstinet.
817 4844 1024 4899 Gratias
1051 4844 1183 4898 enim
1213 4846 1316 4915 agit
1348 4843 1470 4897 Deo.
1495 4843 1540 4897 E
1573 4845 1660 4912 qui
1685 4859 1786 4896 mn
1809 4842 2103 4906 manducet,

541 4931 762 4990 Domino
793 4951 890 4988 non
924 4934 1214 4996 manducet,
1243 4944 1287 4988 et
1342 4933 1536 5004 gratias
1558 4935 1662 5003 agit
1708 4932 1832 4986 Deo.
1867 4931 2109 5001 Evange-

542 5029 670 5080 lum
693 5028 965 5097 prtndicat,
999 5041 1093 5096 per
1115 5027 1252 5096 quod
1277 5029 1460 5097 gratia:
1511 5026 1732 5081 Domino
1761 5025 2059 5080 referantur
2091 5039 2105 5077 :

541 5123 664 5191 quia
697 5133 913 5192 propter
951 5122 1116 5177 Deum
1143 5123 1446 5191 manducet,
1475 5133 1529 5177 ut
1553 5125 1717 5193 possit
1763 5123 1958 5177 habere
2004 5122 2111 5176 vir-

541 5223 706 5269 tutem
731 5214 1028 5268 :cdnticaudi
1050 5230 1242 5284 corpus
1269 5214 1469 5269 ChriSIi
1501 5231 1514 5268 :
1539 5231 1641 5269 non
1675 5225 1890 5284 propter
1910 5215 2108 5283 gulam,

542 5317 640 5357 nec
663 5315 876 5373 propter
906 5305 1184 5358 luxntiam.
1213 5304 1378 5358 Nemo
1401 5306 1532 5358 enim
1557 5315 1783 5358 nostrum
1835 5304 1928 5357 sibi
1971 5304 2108 5370 ttirit,

541 5402 588 5448 et
618 5408 761 5448 nemo
790 5394 885 5448 sibi
907 5397 1140 5449 moritur.
1173 5396 1274 5450 Per
1297 5397 1435 5450 illius
1482 5396 1783 5464 exemplum
1817 5394 1968 5449 multi
2014 5394 2115 5448 sal-

543 5493 736 5538 vantur
763 5495 812 5537 et
837 5486 1035 5553 gratias
1055 5498 1210 5556 agunt
1238 5489 1362 5543 Deo.
1398 5488 1495 5553 Qui
1545 5488 1688 5541 enim
1741 5502 1871 5541 voce
1916 5487 2113 5552 gratias

451 5569 463 5580 '
527 5576 674 5642 agit,
707 5574 852 5628 solus
879 5579 1008 5645 agit,
1034 5579 1121 5646 qui
1151 5588 1327 5632 autem
1356 5592 1540 5647 opere,
1571 5576 1764 5632 multos
1792 5591 1948 5646 agere
1968 5576 2113 5632 facit.

553 5663 667 5716 Siue
693 5667 826 5718 enim
854 5667 1084 5734 vivimus,
1111 5668 1329 5722 Domino
1346 5670 1578 5732 vivimus;
1607 5669 1985 5733 sivemorimur,
2016 5667 2117 5720 Do-

546 5753 682 5809 mino
711 5757 972 5813 morimur.
1001 5759 1192 5815 Beatus
1221 5760 1310 5828 qui
1334 5759 1509 5815 omnia
1536 5769 1750 5830 propter
1774 5759 1937 5815 Deum
1963 5758 2114 5813 facit:

2197 4671 2430 4742 justitia,
2456 4679 2503 4723 et
2533 4685 2662 4736 pax,
2691 4676 2736 4721 et
2765 4667 3007 4738 gaudium
3036 4666 3084 4718 in
3112 4664 3310 4736 Sp'ritu
3337 4673 3532 4716 sancto.
3559 4661 3660 4714 Sed
3691 4675 3778 4728 per

2204 4761 2466 4831 jejunium
2499 4759 2704 4813 facilius
2735 4759 3048 4828 acquiritur.
3079 4756 3178 4811 Ubi
3204 4754 3407 4827 justitia
3447 4763 3692 4821 tanquam
3722 4764 3778 4802 se

2211 4851 2509 4920 proximum
2555 4848 2911 4918 diligendum,
2948 4848 3017 4900 ibi
3046 4857 3098 4901 et
3149 4861 3248 4914 pax
3277 4862 3288 4897 :
3319 4853 3371 4898 et
3400 4842 3487 4896 ubi
3538 4857 3666 4909 pax,
3709 4838 3775 4891 ibi

2214 4955 2268 5000 et
2313 4941 2596 5010 gaudium,
2639 4941 2760 5009 quia
2802 4939 2889 4993 ubi
2938 4938 3224 5001 dissensio,
3273 4934 3348 4990 ibi
3395 4933 3631 4987 tristitia.
3682 4929 3782 4994 Qui

2211 5034 2342 5087 enim
2380 5033 2430 5085 in
2463 5033 2557 5084 ltoc
2582 5031 2731 5084 servit
2770 5029 2972 5082 Christo
3003 5069 3015 5093 ,
3047 5029 3209 5098 placet
3241 5024 3346 5079 Deo
3371 5034 3416 5080 et
3446 5023 3685 5096 probatus
3713 5032 3782 5074 cst

2213 5125 2518 5179 hominibus.
2561 5122 2728 5176 Nemo
2767 5131 2944 5190 potest
2972 5121 3215 5173 dubitare
3245 5117 3384 5188 quod
3433 5126 3655 5171 sanctus
3694 5115 3778 5168 sit.

2216 5213 2394 5282 Itaque
2421 5229 2534 5282 qua:
2561 5212 2698 5283 pacis
2728 5220 2842 5265 sunt
2863 5252 2877 5274 ,
2908 5219 3174 5263 sei-temur.
3203 5208 3269 5263 Ut
3296 5223 3401 5262 non
3446 5207 3667 5261 invicem
3697 5204 3781 5273 juo

2214 5303 2475 5358 dicemus.
2507 5301 2575 5355 Et
2597 5318 2709 5373 qua:
2738 5301 3088 5368 a'di/icationis
3120 5310 3272 5366 sunt,
3299 5300 3506 5352 invicem
3536 5297 3785 5351 custodia-

2214 5411 2349 5448 mus.
2378 5393 2684 5449 zEditicatio
2725 5403 2806 5448 est
2836 5392 3156 5448 abstinentia
3191 5408 3206 5446 :
3236 5409 3358 5448 nam
3399 5406 3545 5457 esca,
3583 5388 3785 5446 etiam-i

2217 5505 2324 5542 non
2350 5489 2538 5559 perdat
2563 5487 2815 5555 fratrem,
2843 5503 2946 5542 non
2975 5487 3219 5542 azdilicat.
3247 5486 3373 5540 Noli
3398 5494 3603 5556 prapter
3628 5497 3785 5538 escam

2221 5581 2480 5635 destruere
2502 5596 2627 5651 opus
2661 5580 2775 5634 Dei.
2809 5579 2922 5634 lien
2949 5581 3087 5635 inem
3117 5595 3274 5650 quem
3315 5579 3454 5633 Deus
3491 5577 3635 5632 fecit.
3665 5575 3784 5628 0m-

2223 5674 2306 5724 ηία
2331 5674 2531 5741 wide"!
2559 5671 2750 5724 munda
2778 5682 2914 5723 sunt.
2951 5670 3194 5741 Repetit,
3221 5684 3290 5725 ne
3317 5677 3613 5724 creaturam
3654 5666 3783 5718 dant-

2224 5774 2350 5817 nare
2390 5761 2646 5817 videatur.
2687 5761 2788 5816 fed
2818 5762 3006 5815 malum
3052 5771 3122 5815 est
3170 5761 3382 5814 homini.
3420 5759 3595 5828 Ipsum
3645 5773 3783 5808 num-
