4040 6458
240 382 302 435 5C
319 382 347 434 1ο

1110 369 1170 423 ΙΝ
1215 366 1589 425 EPISTULA“
1630 366 1720 421 AD
1761 362 2082 419 ROMANOS
2119 361 2633 425 COMMENTARM.

3382 359 3485 414 $32

243 495 370 551 dum
410 488 600 543 malum
630 484 685 539 lit
720 484 817 539 illi.
851 483 951 550 Qui
991 499 1078 553 per
1109 480 1469 547 oﬂ'endiculum
1515 478 1887 555 manducat.A
1922 474 2054 527 Deus
2107 482 2273 526 autem
2316 474 2570 540 patientia:
2607 481 2652 524 et
2692 471 2858 525 solatii
2896 471 2979 525 det
3020 473 3175 527 t'obis.
3223 474 3335 530 Non
3381 475 3482 529 itu-

244 583 502 645 Alterius,
533 594 637 632 non
665 593 838 629 suum.
874 577 1071 627 Bonum
1108 584 1177 625 est
1211 590 1313 624 non
1359 572 1671 624 manducare
1700 584 1815 619 car-

246 678 358 729 item
377 714 390 735 ,
420 682 464 725 et
492 687 592 724 non
619 669 782 723 bibere
810 667 1003 719 vinum.
1035 665 1263 734 Exponit
1292 664 1416 732 qide
1446 672 1527 717 est
1560 677 1652 729 per
1675 660 1814 730 quod

247 764 470 819 olTeudit
497 762 760 815 in'Prmus.
789 758 965 827 Neque
990 758 1040 809 in
1068 773 1167 825 quo
1198 760 1353 824 frater
1378 766 1491 807 tuus
1520 754 1811 837 o/fenditur,

252 862 340 911 aut
372 853 768 908 scandalizatur.
800 851 853 904 In
883 863 1199 919 quocuniue
1226 849 1343 901 cibo
1388 856 1477 900 aut
1520 856 1643 914 potu
1685 846 1818 897 alter

248 949 659 1011 standalizatur,
704 960 808 997 non
851 955 929 997 est
975 940 1335 1007 acciiiendus.
1366 940 1462 992 Aut
1507 939 1817 1005 inﬁrmatur.

249 1042 295 1096 Α
333 1040 453 1094 tide.
485 1038 674 1090 Vinum
714 1044 767 1088 et
820 1033 1066 1087 mulieres
1098 1040 1400 1098 apostattrc
1448 1029 1647 1083 faciunt
1676 1028 1820 1081 viros

249 1129 540 1195 sapientes.
570 1124 647 1178 Tu
678 1124 828 1192 ﬁdem
858 1121 1009 1174 habes
1041 1137 1187 1189 penes
1212 1130 1259 1172 te
1281 1121 1474 1186 ipsum,
1503 1119 1625 1171 [tabe
1651 1133 1820 1169 coram

254 1216 383 1272 Deo.
412 1216 465 1271 Si
506 1216 558 1268 in
589 1214 686 1266 hoc
714 1224 766 1266 te
798 1212 1002 1263 title'em
1036 1219 1212 1277 putas,
1255 1209 1331 1261 sic
1373 1207 1651 1269 mamluca,
1684 1215 1740 1259 ut
1772 1216 1821 1260 lc

255 1323 416 1361 neu-.0
454 1305 632 1357 videat
676 1302 953 1355 inlirmus:
986 1300 1122 1369 quod
1170 1298 1281 1352 ﬁeri
1329 1314 1433 1350 non
1483 1306 1681 1365 p0'est,
1724 1311 1824 1350 nec

252 1396 443 1458 debet,
474 1405 528 1446 ιιι
558 1393 793 1446 inclusus
825 1390 1127 1444 manducet.
1153 1387 1339 1442 Beatus
1381 1391 1464 1456 qu'
1499 1403 1599 1440 non
1623 1387 1823 1458 judicat

249 1485 574 1554 semetipsum
604 1483 652 1535 in
682 1498 741 1535 eo
769 1482 903 1549 quod
935 1480 1133 1550 probat.
1168 1480 1267 1546 Qui
1300 1495 1357 1532 sc
1389 1496 1435 1532 ιισ
1460 1496 1493 1531 ιι
1525 1479 1827 1532 conside'at

250 1575 308 1628 in
348 1591 452 1642 quo
480 1589 541 1629 se
572 1574 759 1643 probat
786 1574 1083 1637 inﬁrmum,
1108 1574 1199 1625 sed
1242 1574 1465 1625 altermn
1498 1572 1651 1624 timet
1695 1586 1821 1637 per-

251 1667 354 1719 irc.
394 1667 491 1733 Qui
539 1677 706 1719 autem
744 1666 1010 1729 discernit,
1039 1666 1083 1718 si
1111 1682 1223 1717 man
1246 1664 1519 1729 fucaverit,
1560 1662 1828 1714 damnatus

252 1766 353 1810 est.
395 1759 448 1811 Si
495 1757 798 1811 considerat
844 1758 981 1825 quod
1027 1756 1252 1821 dixerit,
1285 1756 1517 1825 jodicat,
1561 1755 1658 1808 hoc
1702 1754 1827 1807 dicit

1918 564 2205 635 patientia),
2237 580 2333 617 nec
2360 564 2589 618 dissensi
2628 565 2731 630 nis,
2760 564 2852 618 sed
2881 565 3146 633 patientia:
3194 574 3249 621 et
3278 567 3485 632 solatii,

1916 675 2083 725 usque
2108 659 2173 711 ad
2202 659 2748 722 consummationem,
2781 659 2901 725 quia
2932 658 3045 713 sine
3075 659 3191 727 ipso
3230 658 3362 713 nihil
3392 675 3485 714 su-

1918 764 2072 803 mus:
2102 749 2169 802 ab
2196 750 2311 817 ipso
2341 760 2422 801 est
2463 750 2603 802 enim
2638 748 2888 818 patientia
2927 764 3061 803 mea.
3105 747 3171 803 Id
3211 751 3378 820 ipsum
3406 766 3491 803 sa-

1918 857 2033 910 pere
2086 841 2138 892 in
2194 842 2496 893 alterutrum
2555 841 2828 893 secundum
2877 839 3055 894 Jesum
3106 839 3378 894 Christum.
3423 841 3491 895 Ut

1921 930 2285 997 unusquisque
2312 929 2387 986 sic
2411 939 2607 998 qumrat
2632 930 2855 983 salutem
2879 932 3117 995 alterius,
3140 931 3290 1001 quasi
3317 946 3486 997 suam,

1922 1021 2056 1075 utin
2098 1021 2201 1074 (ide
2246 1021 2567 1075 unanimiter
2600 1034 2923 1089 persev-‘ret.
2958 1024 3024 1078 Ut
3064 1026 3348 1089 unanimes,
3390 1043 3489 1078 un;

1923 1130 2008 1166 are
2038 1112 2376 1179 honoriﬁcetis
2414 1110 2578 1165 Deum
2614 1124 2659 1165 et
2689 1112 2899 1166 Patrem
2933 1113 3139 1169 Domini
3171 1118 3326 1168 nostri
3365 1115 3491 1168 Jesu

1926 1203 1964 1258 C
2003 1203 2137 1255 risti.
2168 1203 2316 1255 Tunc
2344 1202 2484 1255 Deus
2513 1217 2636 1256 vere
2667 1203 3065 1268 honoriliratur,
3093 1207 3135 1259 si
3176 1222 3280 1259 nuo
3316 1209 3492 1259 annuo

1927 1305 1978 1349 et
2006 1295 2257 1347 concordi
2300 1309 2430 1347 voce
2470 1294 2730 1348 laudatur.
2772 1295 2826 1348 Si
2874 1296 3066 1349 iuerint
3108 1298 3213 1349 duo
3258 1298 3338 1350 vel
3387 1309 3490 1351 tres

1928 1388 2233 1455 congregati
2262 1387 2311 1438 in
2349 1386 2561 1440 nomine
2600 1402 2739 1451 tneo,
2771 1394 2823 1441 et
2854 1388 3077 1456 rvIana.
3108 1387 3322 1456 Propter
3361 1390 3495 1458 quod

1927 1482 2164 1545 suscipite
2210 1480 2450 1543 invicem,
2495 1481 2624 1532 sicut
2672 1490 2716 1532 et
2764 1480 2995 1532 Christus
3040 1482 3256 1551 suscz'pit
3296 1498 3401 1548 vos,
3443 1483 3494 1533 in

1928 1571 2169 1625 honorem
2222 1571 2331 1625 Dei.
2374 1572 2601 1626 Invicem
2642 1586 2803 1625 onera
2851 1582 3021 1625 vestra
3064 1582 3288 1640 portate,
3323 1584 3375 1625 et
3417 1573 3495 1625 sic

1931 1664 2288 1730 adimplebitis
2320 1664 2489 1732 legem
2520 1664 2740 1718 Christi.
2791 1664 2845 1720 Si
2890 1664 2978 1718 ille
3021 1666 3249 1733 portavit
3290 1674 3498 1718 nostras

1935 1756 2293 1817 inﬁrmitates,
2327 1768 2377 1809 et
2409 1757 2641 1824 sust'epit
2674 1772 2767 1809 nos
2796 1757 3008 1825 impios,
3035 1759 3155 1826 quia
3188 1758 3323 1810 Deus
3351 1766 3494 1810 erat:

252 1849 554 1918 discernit,
593 1858 644 1903 et
679 1849 932 1917 jtttllCillttl
974 1849 1115 1901 enim
1162 1864 1225 1903 ex
1263 1848 1585 1901 discretione
1625 1857 1737 1911 est,
1776 1854 1829 1900 et
1865 1843 1908 1902 Β
1936 1857 2133 1914 quanto
2174 1846 2344 1915 magis
2383 1862 2478 1900 nos
2518 1848 2774 1901 debemus
2813 1848 3037 1901 invicem
3085 1851 3367 1912 sustinere,
3412 1849 3500 1916 qui

253 1938 513 1992 discretio
544 1955 609 1993 ex
637 1940 856 2005 judicio,
892 1939 998 1992 imo
1040 1938 1089 1991 id
1122 1942 1289 2005 ipsum
1323 1950 1425 1993 est.
1463 1940 1593 2003 Qu’a
1625 1955 1724 1989 non
1770 1953 1831 1991 ex

256 2031 380 2098 ﬁde.
436 2030 547 2083 Non
599 2046 663 2084 ex
722 2032 821 2082 title
872 2046 987 2093 qum
1044 2048 1136 2099 per
1185 2032 1249 2085 (h
1272 2034 1498 2085 nitatem
1554 2041 1823 2098 cperatur.

259 2118 425 2172 Omne
444 2130 609 2171 autem
640 2120 772 2182 quod
801 2137 897 2171 non
922 2129 993 2172 est
1023 2136 1086 2172 ex
1114 2122 1241 2186 ﬁde,
1271 2131 1527 2189 peccatum
1555 2132 1645 2173 est.
1675 2119 1833 2183 Quid-

256 2210 383 2281 quid
411 2226 513 2264 non
534 2211 751 2264 :udilieat
773 2253 786 2274 ,
804 2228 903 2261 non
920 2221 1073 2264 estex
1091 2213 1211 2275 lide,
1231 2220 1283 2264 et
1310 2211 1429 2265 ideo
1446 2219 1712 2277 reccatum
1727 2218 1832 2264 est.

333 2303 461 2356 Car.
491 2317 578 2354 xv.
613 2301 856 2354 Debemus
887 2312 1051 2354 autem
1083 2319 1170 2355 nos
1209 2303 1480 2369 ﬁrmiores,
1514 2303 1829 2355 imbecillita-

259 2402 337 2446 trs
378 2391 697 2459 inﬁrmorum
738 2395 1002 2447 sustinere.
1040 2394 1091 2446 Si
1125 2409 1249 2445 vere
1290 2392 1426 2445 lirmi
1472 2395 1622 2455 estis,
1654 2394 1729 2447 sic
1760 2393 1834 2447 la-

259 2484 386 2547 cite,
418 2482 682 2550 quomodo
710 2496 807 2549 ego
839 2482 1005 2535 lactus
1046 2498 1159 2535 sum
1208 2483 1435 2535 inﬁrmis
1476 2482 1741 2548 inﬁrmus,
1777 2491 1833 2535 ιιι

262 2571 505 2624 inlirtnos
534 2570 917 2625 lucrilacercm.
951 2571 1013 2623 Et
1043 2588 1143 2624 non
1174 2573 1317 2623 nobis
1350 2574 1562 2639 placere.
1592 2572 1703 2626 Νιιιι
1737 2589 1833 2627 nos

262 2661 401 2730 ip~i,
432 2660 523 2714 sed
564 2661 794 2731 proximi
844 2663 1091 2725 laudent,
1133 2663 1255 2731 quia
1312 2662 1568 2715 Dnminus
1613 2664 1837 2732 dissipat

263 2769 386 2808 ossa
422 2754 691 2807 hominum
725 2755 823 2807 sibi
875 2754 1194 2823 placentium
1226 2772 1239 2807 :
1272 2756 1410 2808 sicut
1445 2770 1544 2823 ego
1589 2756 1836 2809 omnibus

265 2862 365 2917 per
394 2848 569 2902 omnia
600 2847 795 2915 placeo,
830 2863 934 2900 ιιοτι
963 2861 1207 2916 qurrens
1237 2846 1373 2913 quod
1407 2847 1535 2899 mihi
1569 2846 1696 2901 utile
1722 2857 1797 2902 est
1818 2886 1833 2911 ,

262 2940 362 2996 sed
393 2940 531 3010 quod
575 2941 777 3007 multis,
812 2949 866 2995 ut
897 2943 1188 2996 salveutur.
1228 2940 1579 3009 Unusquisque
1621 2950 1836 2993 vestrum

263 3050 329 3104 pr
362 3034 501 3087 ximo
531 3050 621 3086 suo
649 3037 867 3102 placeat.
901 3034 1010 3086 Non
1047 3035 1187 3087 enin
1220 3033 1485 3086 aid‘aﬁcare
1517 3042 1690 3101 potest
1717 3048 1835 3087 eum

262 3127 350 3181 eui
404 3142 508 3179 nun
563 3126 819 3194 p‘acuerit
871 3141 964 3194 per
1008 3126 1356 3192 exemplum:
1397 3130 1518 3193 quia
1572 3132 1839 3193 nequeunt

1932 1939 2136 1992 similes
2176 1939 2389 1991 sumus!
2429 1936 2554 1990 Dico
2595 1938 2729 1991 enim
2771 1937 3021 1991 Christum
3063 1937 3258 1992 Jesum.
3305 1938 3499 1991 lterum

1934 2029 2149 2085 iudaros
2192 2039 2246 2082 et
2294 2039 2479 2095 gentes
2524 2027 2587 2081 ad
2639 2029 2895 2082 unitatem
2934 2028 3171 2083 adducit.
3213 2028 3502 2082 Consentio

1932 2117 2084 2177 vobis
2134 2121 2274 2189 quod
2314 2121 2558 2175 Christus
2588 2121 2652 2175 ad
2689 2135 2781 2174 vos
2820 2122 3055 2186 venerit,
3108 2122 3331 2187 primum
3374 2138 3499 2189 pro-

1935 2213 2131 2266 missus
2160 2211 2309 2266 vobis
2336 2228 2429 2281 per
2458 2212 2765 2281 propin-tas,
2790 2223 2843 2266 et
2863 2222 3048 2280 gentes
3073 2220 3285 2280 propter
3307 2214 3438 2264 mise
3472 2214 3484 2263 i

1934 2308 2169 2360 cordiam
2206 2307 2296 2361 Dei
2330 2315 2565 2359 vocatae:
2600 2319 2739 2358 nunc
2762 2314 2937 2359 tamen
2966 2320 3123 2357 unum
3153 2320 3344 2373 corpus
3375 2306 3506 2358 estis

1936 2398 2107 2451 eilecti
2140 2412 2233 2464 per
2264 2406 2491 2449 mortem
2518 2395 2739 2449 Christi.
2778 2394 3066 2449 Minislrum
3101 2395 3256 2464 fuisse
3287 2396 3504 2447 circum-

1936 2487 2161 2553 cisiouis,
2197 2494 2401 2555 propter
2426 2486 2682 2537 ceritatem
2718 2484 2828 2537 Dei.
2860 2484 2970 2537 Non
2999 2486 3139 2537 enim
3170 2494 3383 2537 venerat
3414 2484 3504 2537 mi-

1939 2578 2185 2641 nistrari,
2221 2577 2314 2630 sed
2359 2577 2686 2641 ministrare,
2725 2583 2779 2630 et
2816 2576 2946 2628 dare
2990 2576 3221 2628 animam
3264 2590 3411 2628 suam
3458 2574 3506 2627 in

1940 2670 2364 2737 redemptionem
2400 2684 2495 2737 pro
2537 2668 2741 2721 multis.
2772 2668 2852 2721 Ad
2884 2668 3259 2735 conﬁrmandus
3297 2668 3499 2733 promis-

1937 2763 2102 2816 sioues
2132 2772 2357 2831 patrum.
2386 2760 2520 2826 Quia
2560 2760 2665 2813 illis
2706 2759 2999 2828 promissus
3032 2759 3200 2813 fuerat
3243 2759 3507 2821 Christus.

1938 2853 2082 2907 sicut
2121 2854 2235 2919 ipse
2265 2851 2431 2906 dicit:
2465 2853 2579 2906 Non
2611 2851 2729 2905 veni
2767 2852 2867 2905 nisi
2910 2852 2974 2905 ad
3020 2866 3145 2905 ονιιε
3181 2867 3299 2920 qua:
3341 2852 3505 2920 per3e~

1939 2953 2065 2998 runt
2106 2943 2295 2997 domus
2337 2944 2517 2997 Israel.
2551 2941 2734 2996 Gentes
2770 2952 2938 2997 autem
2974 2959 3128 3009 super
3170 2943 3505 2995 misericordi:

1942 3038 2193 3091 honorare
2225 3035 2402 3091 Deum.
2434 3036 2566 3103 Quia
2601 3035 2831 3102 impares
2859 3044 2982 3088 sunt
3012 3044 3201 3106 gentes
3226 3036 3288 3088 ad
3318 3036 3505 3104 gratias

1942 3130 2197 3198 agendas,
2228 3129 2519 3183 secundum
2548 3128 2687 3196 quod
2734 3128 2841 3183 illis
2881 3130 3165 3196 gratuitam
3210 3130 3486 3183 misericor

264 3214 517 3269 aediﬁcari
550 3214 743 3277 verbis,
792 3217 880 3284 qui
923 3217 1272 3267 destruantur
1317 3215 1602 3283 exemplis.
1647 3214 1711 3268 lu
1753 3215 1838 3269 bo-
1870 3212 1914 3274 C
1946 3219 2087 3271 diam
2121 3219 2259 3272 Deus
2298 3218 2555 3271 donavit:
2588 3219 2699 3271 sive
2745 3227 2957 3285 propter
3007 3218 3167 3271 Israel
3215 3217 3492 3272 miserieoa

264 3314 388 3357 num
419 3303 486 3355 ad
513 3303 920 3355 a'diﬁcationcm.
969 3302 1167 3355 Etenim
1198 3303 1422 3357 Christus
1469 3321 1564 3357 non
1596 3306 1689 3357 sibi
1730 3308 1842 3376 pla-

263 3392 390 3445 cuit.
430 3391 671 3446 Ostendit
723 3394 935 3445 modum
988 3392 1259 3459 ilacendi,
1295 3408 1361 3447 ne
1391 3394 1453 3446 ad
1509 3409 1697 3448 vanam
1730 3396 1840 3464 glo-

262 3483 401 3536 riam
447 3481 791 3549 placeamus:
834 3482 991 3536 simul
1043 3490 1095 3535 et
1147 3497 1265 3535 cum
1316 3483 1480 3548 dicit,
1523 3484 1587 3537 ad
1647 3488 1838 3539 bonam

263 3572 516 3626 trditicati
543 3587 711 3635 tneo,
754 3580 1013 3626 monstrat
1053 3588 1175 3629 esse
1223 3574 1439 3629 malum.
1494 3575 1597 3642 Qui
1644 3576 1839 3631 Christi

264 3662 558 3732 discipulus
589 3665 721 3726 erit,
757 3677 860 3716 non
892 3662 1081 3731 qua-nit
1114 3664 1385 3732 proprium
1410 3706 1423 3730 ,
1454 3666 1720 3733 quomodo
1752 3665 1841 3721 ille

264 3753 410 3807 enim
442 3761 659 3822 prepter
696 3753 920 3806 aliorum
965 3753 1189 3807 salutem
1239 3754 1397 3807 etiam
1450 3766 1692 3808 mortuus
1724 3765 1837 3818 est,

259 3845 596 3898 amarissima
635 3844 887 3897 εειειὶιιιιὶι
917 3844 1201 3912 opprobria
1242 3844 1527 3899 dicentium
1563 3864 1576 3901 :
1613 3846 1722 3899 Vah
1752 3848 1837 3913 qui

260 3937 494 3990 destruis
533 3938 821 4004 templum;
860 3945 914 3989 et
948 3953 959 3988 :
1004 3936 1060 3989 Si
1102 3935 1267 3991 Filius
1312 3936 1403 3989 Dei
1447 3946 1562 4003 est,
1610 3936 1835 3991 descen.

259 4031 354 4084 dat
384 4030 451 4084 de
479 4044 656 4094 cruce,
687 4040 739 4083 et
768 4030 957 4083 liberet
986 4042 1066 4089 se.
1099 4038 1151 4082 ct
1177 4044 1207 4083 c
1226 4036 1395 4083 itera.
1427 4029 1532 4082 Sed
1562 4029 1687 4081 sicut
1715 4033 1839 4082 scri-

260 4137 405 4193 p'utn
439 4130 552 4176 est:
586 4119 903 4190 Improperiu
943 4121 1393 4187 impmperantium
1427 4120 1515 4169 tibi
1549 4120 1841 4173 ceciderunt

259 4226 413 4283 super
440 4228 537 4266 me.
564 4211 901 4280 Qumcunque
930 4212 1131 4265 sanctis
1164 4211 1595 4279 improperantur
1623 4224 1841 4278 prOpter

264 4304 430 4357 Deum
451 4344 464 4367 ,
496 4304 604 4357 Deo
630 4304 1084 4371 imprOperautur,
1114 4300 1250 4353 Sit'lll
1279 4301 1408 4354 dicit
1437 4319 1450 4354 :
1487 4301 1619 4353 Dum
1650 4301 1842 4354 dicitur

260 4395 391 4449 mihi
420 4394 678 4462 quotidie,
710 4393 796 4445 ubi
827 4401 906 4444 est
939 4393 1074 4443 Deus
1108 4389 1260 4442 tuus?
1288 4388 1413 4449 Vel,
1446 4389 1537 4456 qui
1574 4403 1666 4440 vos
1694 4403 1839 4454 sper-

263 4486 373 4548 nit,
405 4498 491 4535 me
518 4481 741 4550 spernit.
774 4480 1094 4544 Quacunque
1115 4478 1247 4528 enim
1274 4481 1463 4544 scripta
1492 4486 1630 4537 sunt,
1652 4480 1717 4527 ad
1747 4492 1838 4527 no-

1943 3309 2085 3364 diam
2116 3317 2303 3379 gentes
2332 3319 2533 3363 vocum
2573 3317 2724 3372 sunt,
2762 3318 2818 3361 ιιι
2847 3309 2966 3363 illos
3003 3308 3337 3362 aemulentur.
3370 3308 3497 3361 Sim

1943 3404 2190 3469 scriptum
2228 3409 2331 3464 est,
2380 3411 2645 3470 propterea
2691 3399 2970 3468 conﬁtebor
3012 3400 3099 3452 tibi
3154 3400 3204 3450 in
3251 3399 3482 3469 gentibus

1943 3492 2185 3559 Domine,
2216 3502 2263 3546 et
2302 3492 2496 3544 nomini
2526 3502 2611 3544 tuo
2653 3491 2886 3544 cantabo.
2916 3477 3165 3545 Ostendit
3205 3506 3231 3543 a
3271 3491 3513 3560 gentibus

1943 3580 2176 3650 mlieres
2207 3580 2317 3634 Deo
2361 3580 2561 3649 gratias
2591 3578 2937 3634 referendas:
2972 3580 3068 3655 Cui
3101 3581 3243 3634 enim
3287 3581 3406 3650 plus
3435 3582 3488 3634 di

1943 3673 2191 3738 mittitur,
2224 3672 2341 3740 plus
2369 3670 2581 3740 diligit:
2610 3680 2665 3725 et
2702 3670 2903 3724 Judaeis
2946 3671 3304 3740 arrogantiam
3347 3669 3513 3724 tollit.

1943 3764 2067 3815 dum
2098 3773 2147 3815 et
2178 3761 2417 3831 gentium
2467 3760 2692 3815 salutem
2737 3761 2986 3815 similiter
3022 3759 3178 3815 docet
3216 3774 3337 3815 esse
3381 3775 3499 3828 prr-

1943 3852 2171 3915 dictam,
2213 3849 2459 3919 quamvis
2497 3850 2596 3918 ipsi
2644 3864 2911 3920 nunquam
2954 3850 3237 3903 audierint.
3287 3850 3342 3903 Ιιι
3384 3849 3515 3919 ipsis

1942 3943 2186 3996 (luridus
2225 3940 2507 3995 c0nfitetur
2558 3954 2652 3995 eos
2695 3941 3114 3995 misericordiam
3166 3948 3509 4003 consecutos,

1942 4035 2061 4101 quia
2102 4044 2155 4085 et
2194 4031 2292 4099 ipsi
2337 4034 2388 4083 in
2427 4032 2543 4099 eius
2590 4040 2712 4085 sunt
2752 4046 2995 4099 corpore.
3034 4030 3098 4085 Et
3139 4031 3318 4085 iterum
3350 4030 3512 4084 dicit.

1946 4125 2236 4187 La'tamini,
2258 4134 2443 4193 gentes,
2468 4140 2579 4175 cum
2610 4124 2748 4190 plebe
2769 4126 2898 4194 ejus.
2917 4123 2980 4176 Et
3010 4124 3193 4175 iterum
3215 4140 3234 4176 :
3260 4122 3514 4187 Laudate,

1944 4228 2112 4265 ornnes
2159 4222 2345 4279 gentes,
2374 4211 2673 4276 Dominum,
2720 4222 2767 4265 et
2815 4213 3134 4279 magni/irate
3178 4228 3316 4275 eum,
3344 4227 3514 4265 oumes

1942 4303 2141 4371 pepuli.
2184 4302 2316 4365 Quia
2352 4316 2469 4355 cum
2513 4303 2640 4368 ipsis
2687 4302 2751 4353 ad
2791 4300 3017 4353 salutem
3058 4302 3185 4352 estis
3214 4300 3403 4351 vocati.
3451 4299 3514 4350 Et

1942 4406 2121 4443 rursus
2162 4388 2332 4442 Isaias
2368 4391 2439 4442 ait
2468 4405 2487 4443 :
2526 4388 2639 4442 Erit
2674 4390 2826 4441 radix
2861 4386 3025 4440 Iesse.
3068 4387 3230 4452 Cujus
3263 4387 3403 4439 [ilius
3431 4395 3515 4440 est

1947 4481 2143 4543 David,
2180 4494 2245 4534 ex
2296 4479 2447 4547 cujus
2490 4478 2696 4532 semine
2742 4478 2938 4545 Maria,
2970 4492 3034 4530 ex
3081 4492 3183 4544 qua
3230 4484 3386 4530 natus
3432 4486 3515 4530 est

265 4582 423 4625 stram
450 4570 734 4621 doctrinam
775 4570 968 4635 scripta
1005 4576 1141 4618 sunt.
1178 4563 1315 4617 Nihil
1348 4580 1476 4634 ergo
1520 4565 1638 4617 sine
1679 4580 1837 4618 causa
1871 4567 1917 4624 1,)
1944 4573 2218 4635 Christus;
2250 4580 2305 4626 et
2331 4571 2459 4625 illud
2491 4570 2612 4624 huic
2643 4570 2760 4624 loco
2787 4579 2966 4636 aptum
2994 4578 3078 4624 est
3115 4587 3126 4620 :
3159 4569 3269 4623 Non
3299 4568 3515 4623 deﬁciet

266 4662 523 4729 scriptum
552 4668 664 4726 est,
708 4658 820 4714 sive
865 4672 1033 4724 paena:
1085 4665 1451 4723 peccatorum,
1499 4654 1613 4707 sive
1655 4653 1842 4708 merita

260 4753 550 4821 justorum,
577 4750 690 4805 sive
718 4748 1039 4803 tentationrs
1067 4745 1332 4815 iustorum
1361 4760 1373 4798 :
1400 4759 1519 4797 nam
1546 4750 1600 4798 et
1632 4742 1740 4797 Deo
1788 4754 1842 4797 et

265 4842 369 4897 sibi
401 4842 511 4894 noti
539 4847 722 4904 erant,
746 4840 837 4893 sed
865 4848 922 4891 ιιι
951 4852 1048 4891 ιιοε
1076 4852 1168 4890 eos
1194 4836 1247 4891 in
1276 4836 1521 4889 omnibus
1548 4834 1838 4899 imitemur,

264 4931 389 4989 ideo
416 4946 599 4985 eorum
629 4938 775 4998 gesta
825 4928 1148 4983 referuntur.
1191 4924 1257 4982 Ut
1297 4941 1385 4995 per
1424 4924 1738 4995 patientium.
1772 4921 1842 4977 Ut

267 5034 321 5077 et
352 5038 450 5076 nos
486 5036 583 5093 pro
630 5021 711 5074 md
736 5020 982 5073 ticatioue
1028 5018 1282 5082 fratrum,
1306 5018 1349 5070 si
1382 5031 1601 5071 necesse
1649 5014 1836 5081 luerit,

268 5116 428 5168 etiam
488 5114 602 5167 hare
652 5110 901 5165 similiter
956 5109 1243 5178 patiamur.
1294 5106 1362 5159 Et
1421 5106 1837 5160 consolationem.

269 5203 575 5259 Consolatio
602 5212 686 5257 est
734 5201 1003 5269 patientia:
1047 5206 1263 5263 nostrae,
1295 5198 1341 5252 si
1378 5213 1511 5267 quos
1552 5212 1651 5251 nos
1702 5196 1839 5265 pati-

272 5308 391 5349 mur
416 5338 430 5361 ,
462 5294 744 5346 Dominum
787 5300 837 5345 et
870 5298 1087 5345 sanctos
1114 5288 1345 5343 sciamus
1372 5301 1492 5341 esse
1535 5300 1840 5355 perpessos.

270 5386 411 5438 sicut
435 5385 559 5439 dicit
590 5402 603 5437 :
643 5383 815 5438 Nolite
848 5381 1026 5436 mirari
1058 5380 1104 5435 si
1132 5380 1241 5435 odit
1271 5393 1367 5432 vos
1408 5378 1655 5433 mundus.
1698 5378 1843 5433 Scri-

271 5487 537 5546 pturarum
572 5490 710 5543 spem
758 5475 1052 5528 habeamus.
1096 5470 1197 5525 Per
1226 5470 1617 5539 Scripturarum
1648 5482 1838 5523 conso-

274 5566 522 5621 lationem
557 5580 708 5633 spem
738 5564 968 5618 futuram
1001 5561 1251 5632 patientia
1280 5571 1671 5629 exspectamus,
1700 5560 1840 5614 sicut

273 5659 527 5726 scriptum
557 5669 637 5727 est
663 5674 677 5711 :
709 5658 817 5712 Pax
860 5657 1023 5710 multa
1055 5655 1088 5708 (ι
1114 5650 1399 5723 ligenlibus
1446 5652 1615 5722 legem
1662 5663 1801 5705 tuam
1821 5692 1837 5720 ,

276 5761 328 5805 et
360 5769 462 5806 non
492 5761 573 5807 est
606 5752 707 5806 illis
738 5752 1067 5805 scandalum.
1099 5750 1213 5804 Non
1255 5756 1472 5818 possunt
1501 5762 1629 5818 ergo
1653 5747 1842 5816 despe-

278 5857 415 5910 rare,
445 5843 528 5899 vel
569 5858 595 5896 a
646 5842 747 5897 ﬁde
792 5842 1019 5908 moveri,
1063 5842 1150 5911 qui
1199 5841 1557 5897 consolatione
1602 5850 1834 5895 utuntur.

1946 4663 2054 4716 dux
2090 4661 2158 4716 de
2198 4660 2489 4715 lenioribus
2519 4658 2651 4713 Juda
2679 4675 2692 4711 :
2721 4670 2907 4714 contra
2944 4658 3178 4723 ludi-os,
3224 4659 3345 4727 quia
3383 4673 3511 4714 vere

1946 4753 2190 4809 Christus
2232 4752 2404 4816 venit,
2446 4752 2529 4806 cui
2570 4765 2761 4805 omnes
2806 4760 2991 4820 gentes
3035 4749 3395 4805 crediderunt.
3445 4750 3511 4803 Et

1944 4844 2029 4912 qui
2059 4850 2289 4911 exsurget
2330 4856 2501 4910 regere
2542 4850 2752 4911 gentes;
2779 4840 2832 4892 in
2867 4855 2979 4892 eum
3007 4848 3176 4908 gentes
3220 4838 3515 4904 sperabunt.

1946 4932 2297 4993 Nediceieut,
2319 4931 2387 4984 de
2407 4930 2688 4998 proselytis
2713 4930 2913 4985 dictum
2942 4938 3041 4983 est.
3067 4927 3206 4983 Deus
3224 4939 3387 4984 autent
3409 4933 3517 4997 spei

1944 5010 2141 5094 repleat
2186 5039 2269 5075 vos
2309 5022 2446 5074 omni
2493 5021 2703 5090 gaudio.
2739 5020 2795 5072 In
2837 5034 2941 5087 quo
2985 5033 3173 5073 omnes
3218 5034 3512 5087 speramus.

1949 5116 2121 5168 Omne
2152 5110 2403 5180 gaudium
2434 5109 2676 5177 spiritale
2709 5108 2952 5162 ﬁdelibus
2982 5108 3033 5162 in
3064 5122 3159 5177 spe
3192 5107 3363 5161 futura
3393 5122 3517 5162 esse

1945 5204 2123 5259 debet.
2171 5199 2239 5253 Et
2281 5214 2403 5267 pace
2447 5198 2500 5251 in
2543 5197 2819 5266 credendo,
2848 5208 2901 5251 ut
2943 5197 3229 5251 abundetis.
3269 5197 3515 5251 Omnium

1946 5295 2196 5365 gaudium
2217 5333 2232 5357 ,
2268 5293 2354 5345 ubi
2397 5305 2535 5358 pax:
2567 5290 2770 5344 nullum
2816 5304 2947 5345 vero
2975 5290 3252 5359 gaudium,
3284 5289 3371 5343 ubi
3401 5290 3513 5344 dis-

1946 5384 2151 5450 sensio,
2184 5381 2275 5435 sed
2309 5378 2579 5434 mamilla.
2610 5376 2676 5432 In
2706 5395 2813 5448 spe,
2847 5379 2897 5433 in
2925 5380 3107 5433 virtute
3135 5380 3362 5449 Spiritus
3392 5397 3516 5434 san-

1946 5480 2032 5533 cti.
2083 5475 2395 5531 Coiiaolatio
2444 5474 2558 5542 spei
2609 5483 2951 5538 sanctorum,
3002 5473 3222 5529 virtutes
3278 5474 3511 5544 Spiritus

1946 5569 2115 5625 sancti
2156 5574 2299 5622 sunt.
2330 5564 2504 5619 Certus
2543 5581 2657 5619 sum
2698 5574 2897 5634 autem,
2940 5570 3123 5636 fratres
3170 5569 3297 5633 mei,
3336 5578 3384 5623 et
3420 5585 3515 5640 ego

1954 5663 2065 5731 ipse
2103 5661 2166 5713 de
2212 5658 2368 5712 vobis.
2409 5658 2583 5711 Βοιιιιε
2628 5657 2814 5713 doctor
2857 5659 3118 5715 laudando
3161 5670 3411 5729 provocat
3448 5663 3515 5718 ad

1950 5751 2242 5821 profectum
2264 5789 2277 5812 ,
2309 5758 2365 5801 ut
2394 5748 2707 5803 erubescant
2757 5749 2888 5805 tales
2917 5765 2977 5806 se
3019 5765 3123 5804 non
3152 5765 3290 5815 esse,
3320 5752 3504 5820 quales

1951 5858 2071 5898 esse
2100 5851 2369 5912 putantur.
2405 5840 2670 5906 Quomodo
2698 5851 2744 5896 et
2775 5843 2869 5911 ipsi
2900 5843 3013 5899 estis
3052 5842 3186 5914 pleni
3217 5845 3512 5901 dilectione.
