4004 6354
561 250 665 306 503

1654 257 1948 315 ΡΙΗΜᾹΞΙΙ
1986 259 2432 319 ΑΟῘΠΠΙΕΤΑΝΙ
2473 258 2679 316 EPISC’.

3695 262 3802 319 503

558 344 901 413 Netauqtam
923 349 1283 404 eoutcntiosos
1301 350 1537 419 arguisse
1562 349 1853 417 videretur,
1878 362 1933 407 et
1961 355 2119 408 dissi-
2146 357 2195 414 Α
2229 352 2355 415 fuit,
2385 362 2440 406 ut
2467 352 2648 406 multis
2678 350 2830 405 annis
2858 350 3204 407 detineretur.
3246 350 3370 406 Cum
3403 352 3455 405 in
3488 352 3803 423 Hispaniam

555 436 765 505 dentes,
790 448 846 495 et
874 439 1085 507 stultos,
1112 441 1264 495 simul
1288 441 1522 496 ostendit
1546 441 1877 497 Christianos
1905 458 2117 513 semper

550 542 612 586 se
641 531 952 586 alterutrum
983 548 1199 588 monere
1222 534 1438 588 debere.
1471 534 1672 599 Περιειὶ
1712 536 1850 588 omni
1877 537 2113 603 scientia,

549 623 624 675 ita
652 632 705 676 ut
734 626 935 694 possitis
964 626 1261 678 alterutrum
1303 642 1525 680 monere.
1558 626 1624 679 Et
1655 627 1858 683 Veteris
1890 638 1943 682 et
1980 628 2111 683 Novi

549 713 896 769 Testamenti.
922 716 1179 769 Audacius
1210 724 1379 769 autem
1403 716 1586 785 scripsi
1629 716 1787 782 vobis,
1818 720 2021 787 fratres,
2050 735 2113 771 ea:

546 818 708 873 parte.
735 808 846 862 lmo
870 808 986 864 ideo
1016 810 1183 879 magis
1205 810 1472 865 scribendi
1504 810 1750 864 fiduciam
1782 811 1962 879 habui,
1987 813 2107 881 quia

545 899 655 953 seio
686 914 778 953 vos
804 906 861 955 ut
889 901 1179 968 prudentes
1209 900 1316 955 cito
1344 902 1585 970 accipere
1618 902 1895 957 rationem.
1934 904 2111 975 Argue

544 988 839 1054 sapientem
868 997 923 1043 et
958 990 1160 1043 amabit
1194 999 1265 1043 te.
1294 989 1560 1059 Tanquam
1591 992 1641 1043 in
1688 993 1979 1047 memoriam
2024 1011 2110 1049 vos

540 1077 803 1132 reducens.
831 1078 1016 1134 Sciens
1039 1094 1195 1150 quam
1226 1081 1493 1149 sapientes
1523 1081 1661 1137 sitis.
1696 1082 1917 1151 Sapiens
1947 1085 2106 1141 etiam

540 1168 773 1223 nutibus.
818 1167 1032 1240 Pmpter
1072 1172 1287 1242 gratiam
1316 1190 1430 1243 quea
1467 1173 1587 1227 data
1626 1183 1697 1227 est
1740 1176 1865 1229 mihi
1903 1193 1934 1227 a
1975 1176 2102 1231 Deo.

537 1257 651 1312 Non
679 1269 895 1329 propter
916 1261 1056 1315 dona
1078 1262 1326 1328 humana,
1355 1264 1435 1319 vel
1464 1274 1521 1319 ut
1550 1266 1731 1321 lauder
1752 1282 1781 1321 a
1808 1269 1980 1334 vobis,
2008 1270 2102 1323 sed

535 1356 595 1402 ut
622 1348 860 1404 officium
905 1366 1082 1407 meum
1125 1353 1395 1423 impleam.
1427 1355 1495 1411 Ut
1536 1360 1631 1411 sim
1660 1360 1884 1413 minister
1911 1360 2101 1416 Christi

534 1437 663 1494 Iesu
700 1444 951 1511 gentibus.
996 1443 1271 1499 Hevocms
1302 1446 1381 1501 illi
1420 1463 1602 1503 servos
1629 1452 1892 1519 quondam
1927 1452 2100 1522 fugiti-

535 1548 657 1587 vos.
685 1534 1023 1599 Sanctiﬁcans
1054 1536 1386 1608 Evangelium
1419 1541 1527 1594 Dei.
1565 1542 1681 1596 Mox
1707 1546 1953 1615 exemplo
1982 1561 2100 1600 san-

532 1635 678 1681 etum
703 1631 1010 1689 ostendens,
1044 1631 1182 1697 quod
1228 1647 1346 1687 cum
1390 1641 1536 1687 tanto
1586 1635 1773 1690 timore
1814 1638 2094 1704 ministro;

2218 444 2478 513 proﬁcisci
2520 460 2735 515 mpero.
2779 443 3103 499 Promiserat
3140 444 3386 515 quidem,
3431 447 3525 502 sed
3564 448 3803 519 dispes-

2221 548 2372 595 sante
2408 540 2521 595 Deo
2569 555 2673 594 non
2704 539 3012 594 ambulavit.
3047 541 3211 611 Spero
3240 542 3377 610 quod
3411 544 3701 610 prieteriens
3724 546 3801 598 rt-

2218 633 2366 682 deam
2395 646 2501 696 nos,
2529 638 2576 683 et
2599 646 2631 683 a
2658 630 2793 683 vobis
2822 630 3045 683 deducor
3070 630 3215 683 illuc.
3243 630 3375 697 Quia
3406 647 3503 686 vos
3533 634 3611 687 sic
3642 635 3795 689 exhi-

2219 720 2374 785 betis,
2404 730 2458 775 ut
2498 736 2593 775 nec
2622 721 2673 774 in
2705 722 2855 774 vobis
2886 721 3059 774 locum
3110 722 3333 777 habeam
3367 722 3563 777 diutius
3594 728 3783 781 immo-

2216 813 2386 867 randi.
2422 812 2482 868 Si
2525 814 2663 867 vobis
2708 814 2927 879 primum
2967 829 3029 867 ea:
3075 823 3215 881 parte
3266 817 3452 884 fruitus
3497 817 3667 887 fuero.
3715 819 3789 873 Ex

2215 914 2403 970 parte:
2438 904 2562 973 quia
2608 904 2715 972 jam
2747 903 3073 971 credidistis,
3112 904 3181 957 ad
3225 906 3621 962 confirmandos
3672 924 3785 975 vos,

2212 993 2335 1047 ideo
2364 1009 2428 1047 ex
2463 1004 2631 1062 parte,
2665 995 2806 1047 nulla
2854 995 3107 1061 temporis
3138 996 3449 1065 magnitudo
3473 998 3635 1052 satiat
3664 1001 3788 1052 cha-

2210 1084 2446 1137 rilatem.
2494 1084 2645 1136 Nunc
2677 1085 2833 1156 igitur
2872 1086 3166 1154 proﬁciscar
3203 1088 3257 1140 in
3292 1088 3632 1142 Hierusalem.
3678 1090 3785 1146 [loc

2209 1173 2381 1227 solum
2432 1173 2560 1227 mihi
2609 1184 2804 1239 restat,
2854 1183 2912 1228 ut
2958 1176 3191 1230 veniam.
3235 1175 3535 1231 Ministrare
3574 1183 3781 1233 sanctis.

2208 1265 2386 1319 Sancti
2430 1273 2583 1320 erant
2622 1266 2672 1320 in
2716 1266 3074 1335 llierusalem,
3121 1268 3209 1336 qui
3244 1270 3493 1324 omnibus
3540 1280 3780 1324 contem-

2208 1355 2335 1424 ptis,
2368 1365 2421 1410 et
2449 1367 2574 1410 ante
2604 1356 2765 1424 pedes
2792 1359 3152 1426 apostolorum
3177 1358 3359 1428 jactis,
3388 1360 3634 1423 lectioni,
3666 1376 3781 1415 ora-

2208 1446 2336 1500 tioni
2375 1455 2430 1501 et
2470 1447 2728 1501 doctrina:
2771 1448 3049 1501 vacabant.
3093 1449 3288 1514 Quales
3345 1466 3472 1521 ergo
3507 1461 3695 1515 erant,
3725 1461 3781 1507 ut

2205 1538 2492 1604 Apostolus
2535 1539 2649 1607 ipse
2692 1549 2937 1608 pergeret
2987 1539 3092 1594 illis
3140 1540 3461 1604 ministrare,
3492 1552 3549 1596 et
3588 1542 3777 1612 quibus

2204 1640 2353 1698 Optat
2384 1640 2655 1699 acceptam
2686 1646 2834 1684 suam
2880 1631 3236 1697 oblationem,
3269 1633 3313 1685 si
3342 1648 3460 1687 cam
3491 1635 3771 1701 dignentur

533 1718 621 1785 qui
646 1720 748 1772 lam
779 1736 847 1773 en
870 1736 919 1773 m
953 1732 1010 1774 ut
1056 1722 1286 1777 humana
1319 1734 1694 1789 contemnunt,
1738 1728 1875 1796 quod
1908 1730 2099 1797 praedi-
2128 1738 2175 1795 Β
2201 1721 2461 1791 accipere,
2492 1723 2775 1777 ostendens
2806 1723 2905 1777 hoc
2936 1738 3040 1777 non
3072 1733 3176 1776 tam
3220 1725 3606 1790 accipientibus
3642 1742 3762 1790 pro—

530 1824 655 1864 cant
684 1822 738 1865 ut
774 1813 1007 1867 divinum
1039 1833 1050 1867 :
1080 1824 1133 1868 et
1177 1816 1245 1868 ita
1289 1818 1373 1881 lit,
1405 1827 1461 1871 ut
1500 1833 1588 1872 res
1636 1831 1821 1874 saneta
1855 1822 2098 1877 videatur

528 1918 650 1958 esse
679 1919 780 1957 non
826 1914 1033 1969 sancta,
1066 1910 1107 1959 si
1142 1922 1246 1962 non
1287 1906 1377 1963 ilat
1416 1919 1621 1965 sancta.
1658 1911 1807 1967 Unde
1850 1913 2048 1970 dicitur
2078 1932 2093 1970 :

526 1990 859 2050 Sanclificat'e
906 1996 1204 2065 jejunium,
1261 1999 1312 2053 id
1354 2007 1435 2054 est
1472 2010 1713 2056 sanctum
1764 2003 1921 2058 facite
1978 2004 2092 2060 sive

527 2096 831 2141 monstrate.
863 2088 930 2142 Ut
954 2089 1043 2157 ﬁat
1060 2090 1244 2143 oblatio
1262 2093 1484 2162 gentium
1500 2104 1706 2164 accepta
1722 2104 1766 2148 et
1782 2095 2092 2163 sanctiﬁcata

522 2179 575 2231 in
604 2178 805 2247 Spiritu
829 2189 1022 2233 sancto.
1054 2181 1120 2237 Ut
1150 2183 1394 2250 exemplo
1421 2198 1541 2238 meo
1582 2196 1764 2249 gentes
1790 2186 2089 2241 efficiantur

523 2269 699 2324 hostia
727 2271 837 2325 Deo
864 2280 1078 2340 accepta
1098 2313 1112 2338 ,
1145 2288 1247 2328 non
1281 2274 1384 2343 igni
1415 2274 1750 2329 sanctiﬁcata
1779 2277 1861 2331 vel
1908 2292 2091 2331 susce-

525 2371 639 2430 pta,
681 2363 777 2416 sed
818 2354 1015 2433 spiritu
1064 2372 1269 2429 sancto,
1318 2366 1454 2420 sicut
1498 2369 1750 2436 scriptum
1789 2377 1911 2422 est:
1952 2370 2085 2433 Quia

520 2453 657 2509 sedit
681 2468 840 2522 super
861 2456 1129 2523 apostolos
1151 2456 1289 2510 sicut
1315 2457 1470 2528 ignis.
1497 2457 1673 2512 Habeo
1701 2459 1854 2528 igitur
1874 2448 2085 2528 gloriam

518 2546 575 2599 in
599 2544 797 2601 Christo
841 2544 982 2601 Iesu.
1015 2547 1114 2615 Qui
1142 2545 1423 2617 gloriatur,
1460 2548 1511 2603 in
1551 2548 1775 2604 Domino
1803 2551 2082 2620 glorietur.

518 2636 598 2689 Ad
626 2635 808 2691 Deum.
850 2635 998 2691 Licet
1041 2639 1179 2706 apud
1230 2639 1471 2694 homines
1513 2639 1749 2695 infamia.
1799 2640 1915 2694 Non
1954 2644 2082 2697 enim

516 2730 681 2783 audeo
722 2732 916 2801 aliquid
960 2732 1095 2798 loqui
1141 2749 1347 2797 eorum,
1395 2750 1508 2803 qua:
1552 2751 1641 2804 per
1678 2751 1756 2789 me
1800 2752 1899 2789 non
1941 2738 2083 2804 efﬁcit

518 2820 745 2876 Christus
774 2823 826 2874 in
855 2823 1191 2876 obedientiam
1231 2824 1473 2894 gentium.
1516 2826 1629 2879 Non
1667 2824 1836 2879 audeo
1877 2841 1960 2879 me
2001 2827 2081 2880 di-

514 2926 637 2966 cere
666 2913 877 2982 propria
912 2915 1109 2969 virtute
1152 2914 1367 2981 fecisse,
1404 2924 1458 2970 et
1500 2930 1603 2969 non
1644 2917 1821 2969 omnia
1862 2933 1957 2986 per
1995 2932 2079 2974 me

514 3002 780 3058 Christum
808 3020 925 3059 esse
951 3019 1259 3073 Operatum,
1292 3017 1348 3061 ut
1376 3006 1529 3061 nobis
1562 3008 1775 3063 tolleret
1819 3024 2075 3078 praesum-

2200 1812 2356 1867 desse
2400 1828 2554 1880 quam
2598 1813 2867 1867 dantibus.
2913 1812 3260 1868 Probaverunt
3298 1817 3430 1868 enim
3470 1815 3768 1871 Macedonia

2196 1912 2241 1956 et
2268 1903 2477 1957 Achaia.
2504 1904 2866 1959 Probavernnt
2904 1905 3006 1959 sibi
3047 1907 3146 1961 hoc
3188 1907 3317 1961 utile
3356 1923 3499 1962 esse.
3526 1907 3766 1963 Collatia-

2196 2010 2306 2047 nent
2336 1997 2564 2065 aliquam
2598 1996 2786 2062 facere.
2816 1995 3072 2052 Conferre
3102 1997 3295 2065 aliquid
3334 2007 3667 2065 sumptuum.
3696 1997 3759 2052 In

2193 2099 2440 2151 pauperes
2466 2092 2789 2151 sanctorum,
2816 2087 2903 2156 qui
2944 2096 3060 2140 sunt
3090 2087 3141 2139 in
3186 2086 3535 2144 Hierusalem.
3565 2089 3760 2157 Paupeo

2194 2194 2280 2233 res
2304 2189 2639 2245 sanctorum,
2673 2179 2796 2249 quia
2835 2188 3052 2249 propter
3082 2179 3365 2234 hominum
3411 2191 3537 2235 sunt
3575 2197 3765 2251 paupe-

2192 2284 2300 2325 res.
2334 2268 2541 2323 Placuit
2573 2272 2705 2325 enim
2730 2272 2823 2339 eis,
2846 2281 2893 2327 et
2925 2273 3169 2326 debitores
3197 2282 3311 2327 sunt
3337 2289 3533 2327 eorum.
3568 2275 3761 2327 Prom.

2189 2369 2272 2414 cat
2300 2359 2421 2413 illos
2446 2359 2511 2413 ad
2543 2360 2642 2413 huc
2669 2375 2823 2428 opus,
2857 2361 3198 2429 ostenditque
3224 2376 3327 2415 non
3357 2360 3465 2415 illis
3497 2362 3759 2415 immerito

2192 2450 2479 2521 placuisse.
2514 2450 2650 2505 Nam
2676 2454 2720 2506 si
2747 2453 3089 2521 spiritualium
3119 2469 3293 2506 eorum
3336 2454 3611 2523 participes
3642 2454 3759 2517 facti

2188 2554 2305 2597 sunt
2349 2544 2575 2613 gentiles.
2619 2544 2749 2609 Quia
2789 2559 2851 2598 ex
2902 2544 3033 2611 ipsis
3079 2544 3344 2599 habebant
3391 2544 3667 2608 doctores,
3708 2553 3756 2599 et

2187 2636 2318 2690 socii
2351 2638 2468 2689 facti
2496 2646 2648 2691 erant
2692 2636 2887 2691 radicis
2915 2646 2970 2692 et
3001 2637 3337 2706 pinguedinis
3362 2636 3540 2691 olivas.
3573 2635 3756 2689 Debent

2185 2738 2230 2783 et
2260 2729 2310 2779 in
2336 2728 2626 2781 carnalibus
2672 2729 2960 2781 ministrare
2988 2728 3109 2781 illis.
3142 2726 3516 2797 Unusquisque
3548 2729 3598 2781 in
3654 2742 3755 2795 quo

2183 2819 2432 2874 abundat.
2464 2819 2574 2873 Hoc
2596 2820 2747 2891 igitur
2773 2835 2887 2873 cunt
2905 2836 3319 2873 consummavero
3353 2830 3399 2874 et
3434 2822 3755 2889 ass’gnarero

2181 2916 2249 2964 eis
2282 2912 2502 2980 fructum
2536 2911 2687 2977 hunc,
2738 2913 3034 2979 proﬁciscar
3074 2927 3164 2981 per
3208 2927 3292 2965 vos
3322 2912 3373 2964 in
3425 2909 3753 2979 Hispaniam.

2183 3003 2238 3057 Si
2260 3018 2351 3056 vos
2377 3004 2454 3057 sic
2481 3002 2831 3058 exhibueritis
2852 3003 3201 3067 abundanter,
3237 3003 3370 3057 bene
3396 3002 3609 3055 doceam
3631 3015 3750 3065 vos,

511 3094 767 3164 plionem,
802 3095 963 3150 Verba
992 3107 1037 3150 ει
1060 3100 1230 3166 fauis,
1263 3100 1316 3151 in
1354 3100 1529 3153 virtute
1577 3101 1837 3172 signorum
1875 3112 1921 3154 ει
1960 3119 2074 3170 pro-
2106 3104 2149 3167 C
2181 3093 2317 3162 quod
2363 3094 2482 3160 quia
2526 3101 2784 3162 quantum
2836 3093 3044 3162 proficit
3093 3091 3412 3159 discipulus,
3446 3100 3462 3143 ι
3500 3101 3653 3144 ntum
3685 3090 3748 3143 ad

511 3185 785 3255 digiorum.
815 3185 929 3255 Ipse
972 3202 1066 3256 per
1106 3203 1192 3243 me
1220 3188 1555 3259 loquebatur,
1585 3200 1637 3244 et
1664 3191 1777 3259 ipse
1821 3193 1967 3262 signa
2001 3196 2076 3247 fa-

509 3277 712 3343 ciebat,
745 3282 964 3333 virtutes
993 3281 1283 3349 Operando.
1316 3279 1383 3336 In
1411 3283 1593 3337 virtute
1629 3283 1855 3350 Spiritus
1880 3288 2068 3353 sancti,

511 3370 613 3423 hoc
659 3385 762 3424 non
807 3370 872 3424 de
919 3372 1191 3440 operibus,
1228 3373 1319 3425 sed
1363 3373 1429 3427 de
1476 3373 1756 3429 virtutibus
1785 3386 1837 3430 et
1878 3377 2066 3444 signis,

508 3475 626 3527 qua:
664 3460 887 3524 fiebant,
924 3462 1254 3529 loquebatur.
1291 3461 1372 3514 Ita
1410 3471 1463 3514 ut
1506 3464 1569 3515 ab
1612 3462 1935 3517 Hierusalem
1984 3481 2073 3530 per

505 3550 770 3603 circuitum
797 3567 950 3619 usque
995 3553 1063 3605 ad
1092 3551 1359 3621 Illyricum
1405 3553 1699 3617 repleverim
1740 3554 2070 3624 Evangeliunt

506 3640 716 3695 Christi.
768 3642 954 3709 lleplet
1002 3643 1385 3712 Evangelium,
1430 3645 1641 3713 quiando
1687 3647 1845 3700 etiam
1886 3660 2070 3718 gentes

503 3727 762 3794 credunt;
793 3728 869 3783 sic
891 3729 1248 3800 adimplentur
1272 3735 1547 3801 passiones
1578 3735 1776 3792 Christi
1803 3738 1851 3791 in
1885 3738 2065 3807 Paula,

502 3818 716 3884 quando
742 3833 772 3871 a
801 3821 1043 3888 gentibus
1083 3822 1302 3890 patitur,
1328 3832 1382 3878 et
1422 3826 1472 3879 in
1521 3827 1665 3880 omni
1707 3826 1825 3882 loco
1870 3829 2067 3886 Christi

501 3909 848 3980 Evangelium
880 3911 1149 3970 dilatatur.
1185 3915 1246 3971 Si
1274 3928 1445 3971 autem
1473 3920 1570 3973 hoc
1596 3921 1868 3987 prtedicavi
1896 3923 2068 3980 Evan-

502 3999 720 4071 gelium,
772 4016 872 4054 non
923 4003 1007 4056 ubi
1053 4007 1343 4060 nominatus
1391 4017 1463 4062 est
1510 4007 1762 4077 Christus,
1808 4030 1872 4068 ne
1910 4032 2064 4084 super

496 4092 721 4147 alienant
749 4095 1130 4166 fundamentum
1158 4101 1482 4168 tediﬁcarem.
1515 4102 1627 4157 Non
1654 4110 1827 4161 omnis
1852 4109 1943 4177 qui
1974 4124 2065 4164 su-

499 4200 594 4254 per
620 4187 849 4242 alienum
891 4190 1289 4246 fundamentum
1332 4193 1589 4261 mdificat,
1627 4197 1765 4253 male
1802 4200 2056 4265 aedificat,

493 4293 616 4333 nam
662 4290 835 4349 potest
878 4296 1065 4337 aurum
1113 4284 1403 4340 :edificare.
1440 4286 1534 4342 llic
1580 4290 2057 4360 pseudoapnstolos

493 4379 677 4434 taxat,
735 4372 823 4442 qui
878 4388 1088 4441 semger
1149 4376 1213 4430 ad
1266 4376 1377 4445 jam
1429 4378 1709 4434 credentes
1772 4381 1949 4447 ibant,
2004 4394 2059 4439 et

2181 3184 2475 3238 docendum
2524 3192 2839 3250 provocatur
2881 3194 2935 3239 et
2983 3185 3190 3249 doctor,
3225 3185 3364 3237 sicut
3412 3183 3524 3236 ibi:
3556 3182 3629 3236 Os
3660 3197 3751 3235 nov

2180 3290 2347 3329 Strum
2382 3285 2523 3343 patet
2553 3276 2617 3329 ad
2650 3290 2767 3329 vos.
2802 3274 2921 3330 Scio
2951 3287 3124 3329 autent
3164 3274 3298 3343 quod
3322 3275 3523 3327 veniens
3550 3274 3620 3326 ad
3645 3289 3747 3338 nos,

2178 3368 2232 3420 in
2259 3368 2568 3421 abundantia
2593 3367 2950 3421 benedictionis
2982 3365 3169 3420 Christi
3198 3368 3408 3419 veniam.
3437 3365 3563 3419 Sive
3592 3364 3750 3418 abun-

2178 3457 2367 3511 danter
2406 3458 2714 3527 praeparatis
2761 3458 3029 3522 metenda,
3063 3459 3174 3512 sive
3218 3455 3550 3511 benedicitur
3592 3457 3747 3511 Chri-

2177 3557 2289 3602 stus
2324 3550 2373 3602 itt
2403 3551 2640 3604 advt'nlu
2674 3565 2814 3604 meo.
2846 3550 3066 3603 Obsecro
3093 3549 3247 3616 igitur
3275 3564 3385 3610 τοι,
3414 3547 3621 3614 fratres,
3664 3562 3747 3615 per

2176 3636 2451 3693 Dominum
2503 3650 2733 3693 nostrum
2777 3638 2954 3693 Jesunt
2998 3638 3269 3692 Christum.
3314 3637 3517 3691 Jacobo
3547 3636 3743 3704 occiso,

2173 3743 2269 3799 pro
2301 3732 2456 3786 Petro
2481 3742 2665 3796 orant,
2696 3740 2750 3786 et
2780 3731 3033 3786 liberatur
3062 3731 3126 3785 de
3155 3745 3391 3794 carcere,
3422 3745 3489 3785 ne
3518 3731 3619 3799 ipsi
3654 3730 3744 3784 de-

2171 3824 2476 3878 trimentum
2527 3832 2859 3891 paterentur.
2915 3822 2977 3875 Et
3029 3839 3116 3891 per
3162 3821 3463 3875 cltaritatent
3517 3821 3744 3890 Spiritus

2169 3916 2351 3969 sancti.
2381 3914 2625 3970 Charitas
2664 3916 2880 3984 spiritus
2919 3930 3077 3983 quam
3127 3913 3345 3982 scripsit
3390 3913 3457 3966 ad
3500 3910 3741 3975 Galatas,

2171 4005 2404 4059 cltaritas
2432 4005 2555 4059 facit
2579 4004 2748 4058 sancti
2779 4004 3007 4073 Spiritus
3037 4010 3095 4057 ut
3123 4016 3220 4072 pro
3245 4003 3470 4056 invicem
3501 4016 3739 4057 oremus.

2174 4097 2239 4153 Ut
2266 4099 2512 4170 adjuvetis
2542 4115 2617 4150 me
2644 4098 2697 4151 in
2726 4097 3035 4150 orationibus
3066 4112 3158 4165 pro
3184 4110 3262 4147 me
3286 4097 3353 4148 ad
3389 4094 3575 4147 Deum.
3605 4095 3735 4147 Mul-

2169 4196 2277 4240 tum
2309 4188 2448 4240 enim
2483 4186 2621 4240 valet
2655 4186 2859 4240 instans
2900 4186 3071 4238 oratio
3101 4184 3471 4253 plurimorum.
3510 4182 3576 4235 Ut
3613 4182 3739 4235 libe-

2165 4296 2247 4333 rer
2273 4281 2335 4334 ab
2375 4280 2663 4349 inﬁdelibus
2701 4280 2790 4348 qui
2823 4288 2940 4332 sunt
2978 4279 3031 4332 in
3058 4276 3276 4343 Juda’a,
3307 4287 3352 4330 et
3386 4276 3612 4344 obsequii
3642 4278 3737 4330 mei

2168 4372 2354 4426 oblatio
2403 4383 2608 4442 accepta
2656 4372 2746 4440 ﬁat
2791 4372 2842 4424 in
2891 4370 3216 4425 Hierusalem
3257 4370 3465 4423 sanctis.
3506 4370 3633 4423 Sive
3678 4379 3733 4422 ut

492 4474 757 4528 nunquam
800 4465 864 4515 ad
916 4480 1134 4533 gentes,
1192 4469 1315 4537 quia
1376 4484 1481 4523 non
1539 4480 1784 4538 poterant
1839 4475 2059 4529 virtutes
2086 4496 2139 4555 ι)
2169 4481 2355 4522 omnes
2384 4469 2633 4533 credant,
2662 4469 2772 4521 sive
2802 4465 3046 4521 fidelibus
3073 4466 3382 4519 ministrans
3409 4464 3461 4518 in
3491 4464 3733 4518 inﬁdeles

492 4554 685 4626 [Supp.
739 4558 913 4612 facere
962 4570 1052 4614 aut
1087 4564 1212 4631 quid
1257 4563 1493 4634 simile]:
1553 4575 1608 4618 et
1663 4567 1893 4621 ostendit
1940 4582 2060 4635 per-

489 4646 626 4701 facte
667 4661 727 4701 se
770 4648 1060 4716 laborasse,
1106 4654 1193 4721 qui
1237 4663 1290 4707 et
1339 4653 1737 4708 fundamentum
1804 4657 1973 4722 posuit
2004 4666 2060 4711 et

486 4738 948 4806 supertedifleavit.
995 4741 1101 4796 Sed
1125 4744 1251 4795 sicut
1279 4744 1524 4814 scriptum
1568 4756 1661 4809 est,
1713 4746 1906 4812 Quibus
1955 4765 2057 4802 non

486 4838 558 4882 est
612 4832 966 4885 annuntiatum
1022 4834 1085 4886 de
1141 4849 1217 4886 eo.
1271 4833 1436 4889 Suum
1503 4836 1737 4889 laborem
1798 4846 2057 4892 monstrat

482 4928 609 4974 ante
667 4921 1002 4988 praedictum.
1063 4922 1334 4989 Videbunt,
1392 4932 1439 4978 et
1491 4926 1578 4993 qui
1629 4942 1729 4980 non
1780 4928 2049 4981 audierunt

479 5010 543 5064 de
584 5027 663 5074 eo,
694 5013 995 5085 intelligent.
1042 5013 1268 5068 Videtur
1295 5013 1542 5071 Christus
1574 5018 1624 5069 in
1665 5018 1923 5086 apOstulis
1957 5033 2047 5084 per

477 5103 722 5167 virtutes,
758 5105 892 5159 sicut
925 5106 1083 5161 Pater
1127 5107 1178 5161 in
1209 5106 1425 5161 Christo
1454 5108 1663 5161 dicente
1691 5124 1707 5161 :
1738 5107 1832 5161 Vel
1863 5108 2046 5175 Operi-

476 5192 575 5247 bus
606 5196 826 5257 credite,
862 5197 980 5264 quia
1014 5198 1172 5252 Pater
1202 5198 1255 5251 in
1288 5213 1375 5251 me
1418 5208 1530 5263 est,
1566 5206 1620 5252 et
1649 5212 1750 5265 ego
1779 5198 1832 5250 in
1864 5198 2040 5253 Patre.

477 5282 695 5350 Propter
718 5284 852 5352 quod
886 5294 934 5337 et
972 5286 1281 5355 impediebar
1318 5285 1593 5355 plurimum
1623 5285 1793 5339 vetiire
1827 5287 1894 5338 ad
1931 5304 2039 5341 vos.

474 5373 629 5427 Nunc
646 5390 761 5427 vero
783 5375 993 5429 ulterius
1016 5378 1178 5430 locum
1205 5394 1305 5431 non
1336 5376 1521 5429 habens
1544 5377 1594 5429 in
1620 5376 1699 5429 his
1726 5377 2035 5444 regionibus.

473 5462 697 5531 Exponit
729 5467 855 5519 illttd
878 5509 891 5528 ,
919 5468 1058 5535 quod
1089 5470 1141 5523 in
1173 5470 1343 5538 capite
1374 5468 1613 5535 epistola:
1651 5468 1899 5522 dixerat:
1933 5468 2039 5523 Sed

472 5552 768 5620 prohibitus
814 5570 952 5607 sum.
984 5557 1321 5627 Cupiditatem
1356 5566 1527 5611 autem
1575 5556 1768 5612 habens
1809 5558 2041 5612 veniendi

468 5642 536 5694 ad
560 5656 663 5695 vos.
696 5642 991 5699 Notandum
1015 5664 1074 5701 es
1102 5664 1133 5704 e
1161 5650 1503 5719 cupiditatem
1527 5649 1684 5701 etiam
1714 5649 1927 5703 bonam.
1958 5650 2039 5705 Ex

466 5732 636 5787 multis
678 5730 791 5805 jam
843 5738 1236 5802 prteredcntibus
1284 5740 1451 5795 annis.
1502 5740 1684 5808 Qualis
1743 5742 2035 5797 necessitas

2165 4577 2269 4614 non
2314 4563 2569 4621 incidam,
2601 4573 2655 4615 et
2696 4560 2760 4614 ad
2795 4575 2888 4613 vos
2925 4560 3107 4613 venire
3138 4573 3243 4612 non
3275 4557 3469 4624 possim
3498 4575 3511 4611 :
3543 4558 3733 4624 pueri-

2160 4652 2318 4705 debat
2362 4652 2501 4705 enim
2549 4666 2641 4719 per
2686 4650 2940 4720 Spiritum
2980 4666 3037 4704 se
3067 4649 3171 4713 ibi,
3217 4648 3358 4704 sicut
3407 4649 3459 4701 in
3508 4647 3732 4702 Actibus

2157 4742 2461 4811 apostolicis
2504 4742 2744 4810 legimus,
2779 4742 2940 4795 multa
2975 4754 3275 4808 passurum.
3320 4737 3384 4791 Ut
3425 4738 3625 4791 veniam
3662 4738 3731 4790 ad

2157 4851 2241 4888 ros
2286 4836 2337 4886 in
2365 4835 2571 4904 gaudio.
2601 4833 2749 4888 Tunc
2790 4849 2910 4887 cum
2955 4834 3145 4901 gaudio
3177 4833 3419 4893 veniam,
3449 4831 3495 4885 si
3536 4837 3604 4883 ab
3648 4832 3728 4884 eis

2156 4922 2352 4976 oblatio
2383 4937 2498 4975 mea
2527 4923 2681 4976 fuerit
2710 4930 2957 4990 accepta,
2986 4930 3042 4975 et
3083 4935 3306 4975 securus
3357 4925 3577 4975 verbum
3625 4920 3727 4976 Dei

2152 5012 2503 5066 abundantius
2551 5012 2755 5078 loquar.
2804 5012 3043 5066 Tristitia
3089 5013 3231 5066 enim
3281 5012 3445 5065 animi
3497 5010 3725 5066 multum

2150 5106 2368 5172 impedit
2393 5106 2456 5157 ad
2487 5105 2812 5169 doctrinam,
2846 5104 2981 5157 sicut
3015 5104 3403 5159 Ecclesiastes:
3437 5102 3720 5158 Calumnia

2151 5198 2321 5250 turbat
2352 5197 2585 5250 animum
2616 5197 2776 5251 etiam
2823 5195 3100 5263 sapientis.
3132 5195 3233 5250 Per
3259 5197 3567 5250 voluntatem
3602 5195 3717 5260 Dei,

2145 5296 2192 5341 et
2236 5288 2503 5357 refrigerer
2525 5287 2798 5343 vobiscum.
2831 5288 2888 5343 Si
2920 5288 3060 5342 Deus
3092 5288 3355 5354 voluerit,
3384 5304 3490 5343 non
3535 5289 3578 5342 si
3618 5302 3722 5355 ego

2147 5377 2261 5431 sine
2288 5377 2404 5446 ejus
2437 5378 2703 5431 voluntate.
2736 5378 3033 5432 intendero.
3065 5377 3125 5429 ιλ
3143 5395 3202 5432 us
3232 5388 3399 5431 autent
3422 5379 3562 5447 pacis
3600 5395 3719 5432 cum

2146 5472 2375 5522 omnibus
2405 5470 2556 5523 vobis.
2584 5471 2761 5524 Amen.
2785 5470 2900 5524 Non
2933 5473 3030 5525 nisi
3062 5472 3111 5524 in
3144 5471 3382 5539 pacificis
3404 5471 3544 5525 Deus
3572 5470 3718 5540 pacis

2148 5559 2424 5613 inhabitat.
2455 5560 2679 5614 Pu'cltre
2707 5571 2884 5614 autem
2914 5562 2963 5613 in
2996 5575 3124 5629 pace
3153 5561 3351 5626 finivit,
3382 5560 3590 5616 duobus
3623 5576 3722 5631 po-

2147 5649 2280 5718 pulis
2309 5650 2359 5702 in
2390 5652 2730 5704 concordiam
2762 5652 3041 5705 revocatis.

2217 5740 2340 5794 Car.
2364 5756 2469 5796 xvx.
2486 5741 2789 5798 Commendo
2811 5755 2974 5799 autem
2994 5745 3128 5800 vobis
3143 5744 3383 5816 Phoeben,
3400 5762 3622 5801 sororem
3634 5760 3719 5798 no-
