4004 6354
225 366 329 424 505

1053 376 1117 431 IN
1161 377 1541 437 EPISTULA.“
1580 378 1595 433 1
1640 378 1729 433 AD
1771 380 2096 439 ROMANOS
2136 384 2655 442 COMMENTARIA.

3378 392 3479 446 506

219 498 381 538 stram
438 484 546 541 lloc
572 484 679 555 jam
713 488 859 557 quasi
892 498 1010 558 post
1044 492 1235 556 linem,
1272 502 1329 545 ut
1359 493 1495 546 solet
1521 492 1573 545 in
1608 492 1794 547 ultimo
1825 498 1868 554 Α
1899 506 2069 547 autent
2108 514 2215 562 vas,
2252 503 2462 564 fratres,
2509 509 2562 552 ιι
2604 500 2867 554 observetis
2896 518 2978 555 eos
3005 502 3091 569 qui
3122 503 3476 561 disensiones.

143 607 152 613 -
218 576 466 643 epistolae
488 578 620 631 fieri.
644 579 769 645 Qum
789 590 861 634 est
879 582 927 633 in
948 584 1221 637 nt’nisterio
1234 582 1503 637 ‘Ecclesitr.
1521 585 1797 650 Quomodo

216 670 477 724 diacones
507 681 658 736 sunt,
693 674 803 727 sive
836 674 885 727 in
929 675 1221 728 ministerio
1252 677 1395 730 verbi
1427 692 1441 731 :
1475 692 1597 729 nam
1638 687 1692 732 et
1722 676 1798 733 le-

215 762 379 815 miuze
408 772 530 817 tunc
568 764 618 817 in
648 779 744 818 suo
782 781 916 819 sexu
961 766 1250 828 docebant,
1290 765 1427 821 sicut
1470 767 1691 835 legimus
1731 767 1797 823 de

214 850 491 921 Prisc-illa,
541 853 694 923 cujus
740 855 819 908 vir
869 858 1055 923 AttUiiJ
1107 862 1417 911 vocabatur.
1471 857 1596 923 Qua:
1632 867 1707 912 est
1745 861 1797 913 in

214 943 479 996 Cenchris.
526 944 793 1000 Cettcbres
832 942 1041 1014 portum
1092 947 1239 1000 aiunt
1276 947 1539 1001 Corinthi.
1592 947 1657 1003 Ut
1687 965 1797 1001 eam

213 1034 514 1099 suscipiatis
559 1036 610 1087 in
651 1035 871 1090 Domino
898 1039 1049 1107 digne
1093 1038 1301 1091 sanctis.
1352 1038 1463 1093 Hoc
1512 1050 1622 1104 est,
1676 1055 1796 1109 pro-

217 1133 339 1192 pter
374 1124 671 1183 Dominum.
701 1126 765 1180 Et
790 1129 1037 1183 assistatis
1066 1131 1141 1197 ei,
1176 1132 1225 1183 in
1264 1148 1557 1201 quocunque
1596 1136 1807 1202 negotio

214 1215 371 1267 vestri
396 1216 669 1285 indiguerit
693 1233 712 1271 :
739 1220 921 1272 etenim
962 1222 1071 1291 ipsa
1115 1237 1313 1291 quoque
1338 1223 1494 1276 astitit
1528 1222 1721 1288 multis,
1750 1231 1796 1276 et

214 1305 345 1358 mihi
373 1307 490 1377 ipsi.
535 1308 599 1363 Et
628 1308 894 1378 adjuvctis
923 1327 1071 1374 eam,
1114 1313 1225 1367 sive
1264 1323 1507 1383 sumptu,
1540 1313 1653 1368 sive
1692 1312 1792 1367 ali-

213 1413 324 1467 quo
356 1400 566 1466 Sololio,
597 1403 719 1471 quia
755 1413 805 1457 et
865 1402 974 1474 ipsa
1015 1406 1246 1473 quandiu
1293 1405 1505 1473 habuit,
1541 1406 1805 1474 plurimos

210 1490 437 1561 adjuvit.
470 1493 708 1549 Salutate
752 1496 980 1549 l’tisram
1016 1508 1063 1551 et
1096 1499 1355 1567 Aqui/am.
1384 1499 1484 1564 Qui
1512 1514 1541 1553 c
1578 1500 1795 1552 nlirma-

212 1594 339 1639 runt
369 1588 596 1656 Apollon
616 1629 630 1653 ,
664 1596 719 1643 et
743 1588 1036 1653 docebant,
1065 1593 1199 1643 sicut
1238 1590 1482 1658 legimus.
1518 1590 1791 1661 Adjutarcs

208 1692 350 1731 meos
388 1681 441 1732 in
482 1679 681 1734 Christo
710 1680 854 1734 Jcsu.
902 1681 957 1734 In
990 1682 1089 1735 hoc
1128 1682 1447 1749 adjuvubant
1490 1683 1676 1750 inquo
1717 1681 1793 1734 la-

207 1764 440 1823 borabat
471 1770 683 1834 Paulus,
717 1772 767 1823 in
797 1771 957 1825 verbo
986 1772 1207 1825 scilicet.
1239 1772 1337 1835 Qui
1362 1789 1453 1840 pro
1480 1775 1651 1826 anima
1683 1790 1793 1825 mea

1905 584 2238 641 Dissentiunt
2286 602 2462 644 autem
2492 606 2518 642 a
2563 591 2825 657 doctrina,
2859 592 2947 659 qui
2980 610 3041 647 ex
3074 597 3479 655 circumcisione

1901 687 2086 742 erant,
2138 680 2227 746 qui
2274 678 2534 749 jejunium
2585 694 2638 737 et
2686 684 3059 739 abstinentiam
3113 688 3159 741 dt
3181 698 3474 759 struentes,

1902 770 2216 829 neoma-uia.
2248 782 2299 824 et
2346 775 2596 837 sabbata,
2629 785 2682 828 et
2726 776 2909 840 ferias,
2942 780 3143 833 ventris
3187 792 3350 836 causa
3377 783 3478 838 do-
3508 764 3511 767 Α

1899 859 2108 912 ccbattt.
2159 858 2224 913 Et
2266 862 2577 928 offendicula
2620 878 2801 933 prtc'er
2843 870 3151 936 doctrinam,
3196 890 3347 940 quant
3394 891 3478 928 vos

1902 951 2176 1017 didicistis,
2210 954 2437 1023 faciunt;
2478 968 2521 1008 et
2547 957 2799 1011 tleclinnle
2825 962 2885 1012 ab
2926 962 3049 1015 illis.
3077 965 3209 1028 Quia
3242 981 3332 1032 per
3364 966 3479 1021 lucc

1899 1044 2121 1109 potestis
2165 1044 2454 1099 oﬂ'entlere.
2512 1047 2821 1119 llnjnsmodi
2849 1054 2979 1106 enim
3025 1054 3222 1109 Christo
3253 1058 3474 1112 Domino

1898 1147 2071 1187 nostro
2125 1150 2224 1188 non
2276 1139 2526 1203 serviunt,
2567 1142 2655 1192 sed
2694 1159 2783 1194 suo
2825 1146 3004 1196 ventri.
3050 1147 3198 1200 Sicut
3236 1148 3473 1203 Jovinia-

1898 1241 2017 1280 nus.
2068 1226 2133 1279 Et
2179 1245 2266 1298 per
2315 1230 2486 1282 dulces
2528 1247 2777 1287 sermones
2821 1244 2869 1287 et
2906 1235 3275 1293 benedictioncs
3321 1242 3474 1294 sedu-

1897 1328 2015 1371 cunt
2072 1326 2226 1372 corda
2282 1321 2650 1376 innocentium.
2711 1322 3021 1394 Composito
3081 1328 3365 1395 dieentes,
3419 1340 3473 1385 et

1898 1409 2034 1465 bene
2088 1422 2408 1467 astruentes.
2464 1412 2641 1466 γεεί-α
2687 1416 2821 1467 enim
2867 1418 3147 1473 obedientia
3187 1423 3237 1473 in
3271 1439 3471 1478 omnem

1898 1501 2061 1553 locum
2108 1505 2363 1573 divulgata
2406 1516 2496 1559 est.
2540 1506 2595 1560 Si
2648 1506 2749 1560 illis
2798 1509 3079 1574 obedistis,
3128 1513 3320 1579 quibus
3364 1532 3470 1570 non

1896 1591 2188 1659 debuidis,
2232 1608 2428 1664 quanto
2478 1599 2641 1667 magis
2686 1601 2874 1655 nobis?
2916 1601 3037 1656 Ideo
3083 1606 3149 1658 ad
3193 1622 3285 1660 vos
3312 1623 3472 1663 vene-

1896 1693 2051 1747 runt,
2080 1686 2311 1739 scientes
2350 1702 2445 1740 vos
2474 1689 2580 1742 cito
2610 1691 2786 1744 seduci
2825 1706 2978 1758 posse
3004 1712 3015 1745 :
3052 1694 3185 1748 bona
3215 1706 3299 1751 est
3326 1700 3467 1752 enim

1897 1776 2163 1828 cltetlicnti
2185 1797 2221 1841 ν,
2257 1776 2349 1830 sed
2382 1777 2432 1831 in
2466 1779 2626 1832 bono.
2652 1780 2779 1833 Nam
2816 1797 2919 1836 non
2944 1798 3151 1851 semper
3178 1803 3191 1839 :
3217 1788 3336 1856 quia
3370 1789 3472 1842 ire-

206 1873 355 1911 suam
397 1863 636 1914 cerv'cem
677 1877 1007 1930 supposuere.
1042 1862 1324 1915 Probando
1369 1878 1542 1917 meam
1592 1863 1784 1917 doctri
1820 1864 1865 1922 B
1896 1878 2121 1934 qut-nter
2150 1878 2201 1921 et
2228 1868 2362 1921 mala
2389 1868 2667 1925 docentur.
2699 1870 2905 1927 Gaudeo
2931 1876 3083 1943 igitur
3109 1878 3161 1930 in
3188 1879 3323 1931 vobis
3347 1896 3363 1931 :
3385 1882 3473 1933 sed

208 1963 334 2002 nam
377 1966 436 2004 se
471 1951 721 2019 periculis
766 1953 1099 2020 ohjecerunt.
1146 1955 1335 2019 Quibus
1380 1971 1483 2008 non
1523 1956 1662 2009 so’us
1699 1972 1790 2025 ego

207 2044 406 2111 gratias
436 2059 550 2114 ago,
579 2046 670 2099 sed
707 2054 753 2098 et
797 2057 993 2101 cuncta:
1025 2046 1263 2102 Ecclesite
1306 2050 1549 2119 gentium.
1591 2049 1790 2116 Quibus

213 2151 312 2205 per
356 2138 471 2192 illos
506 2155 605 2209 ego
652 2153 893 2195 servatus
937 2158 1076 2196 sum.
1128 2142 1195 2195 Et
1242 2144 1569 2196 domesticam
1614 2159 1787 2202 eorum

212 2226 523 2285 Ecc'esiam.
558 2233 801 2293 Ostendit
832 2234 881 2286 in
924 2249 1240 2304 quocunque
1272 2236 1388 2289 loco
1435 2235 1645 2289 collecti
1677 2235 1790 2289 fue-

214 2320 326 2371 rint
393 2320 584 2376 l’ratres
652 2324 944 2379 Euslesiatn
1002 2340 1140 2380 esse.
1206 2326 1440 2378 Salutate
1484 2324 1787 2396 Epwnetum

204 2409 453 2463 dilectum
484 2412 627 2465 ntihi.
663 2412 785 2466 illos
830 2415 1057 2481 Salutat,
1092 2431 1187 2483 per
1215 2431 1349 2483 quos
1400 2417 1622 2469 Romani
1669 2433 1786 2471 cre-

204 2502 484 2571 diderant,
516 2519 620 2557 non
649 2518 767 2559 sunt
799 2506 940 2559 enim
971 2507 1182 2561 nomiaa
1212 2508 1394 2561 Latina
1415 2548 1430 2575 ,
1460 2511 1548 2562 sed
1577 2508 1783 2564 Graeca.

210 2594 313 2659 Qui
350 2605 423 2648 est
452 2597 734 2664 primitivus
770 2597 905 2653 Asiae
944 2600 999 2653 in
1031 2599 1232 2654 Christo
1260 2600 1404 2655 Jesu.
1436 2600 1536 2667 Qui
1588 2603 1788 2670 primus

203 2700 270 2738 ex
301 2688 423 2740 Asia
455 2688 701 2743 credidit.
737 2689 973 2744 Salutate
1006 2689 1254 2755 Mariam,
1289 2708 1404 2758 qua!
1452 2693 1671 2746 ntultum
1711 2694 1790 2746 la-

209 2779 404 2834 boravit
425 2782 477 2835 in
502 2784 655 2836 ratiis.
681 2782 878 2847 Verbo,
914 2799 1033 2837 nam
1069 2794 1192 2839 tunc
1222 2785 1381 2839 etiam
1414 2785 1785 2856 prephetabat.

205 2872 447 2926 Salutate
458 2875 810 2928 Andronicum
825 2874 1074 2930 etluliam
1089 2875 1505 2951 [Vitnguniant]
1524 2888 1786 2947 cognatos.

206 2961 278 3015 Ex
317 2962 536 3018 ludatis.
575 2963 637 3018 Et
667 2967 990 3034 concaptivos
1022 2983 1174 3020 meos.
1206 2968 1371 3022 Simul
1406 2968 1616 3021 fuerant
1647 2966 1787 3036 passi

202 3071 327 3111 cum
349 3057 511 3112 Paulo
529 3061 940 3115 tribulationem.
964 3062 1195 3125 Quisunt
1226 3062 1417 3117 nobiles
1433 3065 1483 3116 in
1514 3063 1779 3134 apostolis.

203 3147 263 3201 Et
300 3160 501 3219 mente,
532 3160 580 3205 et
626 3152 883 3207 doc1rina.
918 3152 1017 3220 lpsi
1061 3153 1200 3205 inter
1238 3164 1461 3207 caeteros
1494 3156 1684 3208 missos
1715 3156 1780 3209 ad

1899 1958 2011 2009 uolo
2046 1974 2128 2010 ros
2156 1958 2404 2027 sapientes
2437 1976 2543 2012 esse
2570 1960 2623 2012 in
2667 1960 2795 2014 bono
2819 2002 2833 2026 ,
2865 1972 2907 2015 et
2937 1965 3186 2035 simplices
3218 1970 3268 2020 in
3312 1969 3468 2024 malo.

1903 2046 2105 2099 Bonum
2137 2048 2305 2113 snpite
2338 2047 2599 2113 faciendo,
2630 2050 2824 2103 malum
2873 2052 3110 2121 ignorate
3155 2057 3387 2120 vitando,
3420 2066 3475 2111 et

1901 2140 2213 2207 Subjicia-tur
2259 2142 2503 2197 inimicus
2547 2142 2767 2212 pedibus
2809 2148 3018 2199 vestris.
3082 2146 3266 2202 Es'ote
3311 2151 3471 2203 astuti

1898 2234 2038 2286 sicut
2070 2244 2345 2302 serpentes
2366 2274 2380 2299 ,
2413 2235 2684 2304 simplices
2727 2244 2782 2290 ut
2820 2237 3103 2291 columbte.
3144 2237 3277 2293 Deus
3306 2252 3473 2295 autem

1894 2326 2036 2394 pacis
2084 2335 2302 2379 conteret
2345 2326 2593 2381 Satanam
2637 2328 2726 2379 sub
2771 2328 2979 2396 pedibus
3016 2331 3189 2383 vestris
3218 2331 3467 2387 velociter.

1893 2418 2028 2471 Ecca
2063 2416 2183 2470 dedi
2216 2416 2366 2470 vobis
2396 2427 2707 2485 potestatem
2737 2420 2976 2473 caleandi
3006 2435 3167 2490 super
3194 2437 3473 2492 serpentes

1892 2519 1945 2561 et
1992 2505 2332 2576 senrpioues,
2380 2507 2431 2561 id
2462 2518 2574 2573 est,
2620 2516 2677 2561 ut
2712 2524 2814 2561 nou
2848 2508 2995 2564 vobis
3026 2510 3387 2577 dominentur,
3417 2524 3474 2569 ct

1896 2597 2141 2649 omnibus
2167 2612 2327 2666 super
2356 2612 2448 2651 eos
2490 2598 2744 2652 membris
2773 2599 2922 2654 liberi
2954 2600 3253 2658 ambuletis.
3294 2604 3472 2658 Gratia

1897 2688 2105 2743 Domini
2142 2691 2300 2744 nostri
2330 2689 2457 2744 Iesu
2495 2690 2680 2746 Christi
2713 2693 2985 2745 vobiscum.
3022 2695 3228 2748 Salutat
3266 2714 3350 2750 vos
3382 2696 3472 2751 Tt”-

1897 2779 2126 2833 tnothcus
2150 2782 2358 2853 adjutor
2386 2798 2523 2835 meus
2542 2825 2553 2846 ,
2577 2794 2622 2835 et
2645 2781 2833 2836 Lucius
2851 2825 2866 2849 ,
2889 2794 2938 2836 et
2967 2782 3127 2839 lason
3144 2828 3158 2851 ,
3184 2796 3231 2841 et
3260 2787 3474 2859 Sosipa-

1893 2879 1988 2935 ter,
2020 2875 2220 2940 cOgnati
2266 2873 2383 2926 mei.
2420 2872 2540 2927 llaec
2580 2884 2661 2927 est
2704 2888 2913 2943 semper
2946 2876 3092 2931 Pauli
3126 2879 3467 2950 subscriptio.

1889 2963 2075 3018 Saluto
2120 2982 2204 3018 ros
2246 2981 2337 3037 ego
2368 2964 2588 3029 Tertius,
2630 2967 2718 3035 qui
2742 2971 2922 3036 scripsi
2951 2972 3244 3037 epistolam,
3275 2974 3325 3026 in
3358 2974 3468 3027 Do-

1888 3058 2042 3108 mino.
2072 3056 2277 3111 Salutat
2295 3074 2379 3109 vos
2402 3056 2552 3111 Caius
2575 3059 2751 3127 hospes
2773 3075 2933 3123 meus,
2960 3071 3003 3113 et
3022 3063 3267 3117 universa:
3290 3064 3468 3118 Eccle-

1888 3148 1996 3200 εἰει».
2059 3147 2268 3200 Tertius
2299 3148 2533 3213 nomine,
2571 3164 2675 3202 non
2708 3166 2946 3205 numero.
2980 3152 3183 3207 Salutat
3213 3171 3296 3207 vos
3331 3155 3468 3209 Era-

200 3239 499 3311 ananos,
533 3260 626 3314 per
652 3262 784 3316 quos
812 3246 1094 3302 crederent
1117 3248 1198 3301 vel
1233 3263 1415 3302 eorum
1443 3248 1782 3304 firmarentur

1894 3248 1994 3292 stus
2043 3239 2363 3308 dispensator
2409 3242 2659 3307 civitatis,
2710 3252 2758 3295 et
2810 3245 3033 3307 Quartus
3079 3248 3255 3314 frater.
3318 3247 3467 3303 llunc

198 3334 472 3401 exemplo,
501 3335 703 3391 nobiles
733 3335 1084 3392 habebantur.
1117 3338 1217 3403 Qui
1247 3348 1290 3390 et
1319 3348 1437 3391 ante
1466 3354 1546 3391 me
1576 3340 1782 3408 fuerunt

197 3427 248 3479 in
266 3424 474 3480 Christo
491 3430 741 3488 ,‘salutate
757 3430 1066 3499 Atnpliatum
1080 3430 1460 3484 dilectissimum
1474 3432 1598 3484 mihi
1612 3432 1662 3483 in
1682 3430 1783 3486 L‘o-

198 3520 374 3584 mino;
399 3520 617 3574 salutate
642 3520 904 3575 Urbanum
932 3521 1222 3588 adiutorem
1246 3531 1473 3575 nostrum
1499 3523 1549 3575 in
1583 3521 1782 3578 Christo

197 3612 325 3668 Jesn
346 3656 360 3681 ,
398 3622 446 3667 et
476 3613 697 3668 Stachen
729 3613 909 3684 I'Vulg.
938 3611 1161 3684 Stahyn]
1194 3614 1431 3667 dilectum
1469 3629 1655 3667 meum.
1682 3614 1780 3681 Qui

197 3705 363 3759 etiam
412 3713 533 3757 ante
583 3703 861 3757 credidere
892 3719 1051 3771 quam
1096 3719 1217 3773 ego.
1272 3702 1509 3758 Salutate
1552 3704 1780 3774 Apellen:

198 3796 417 3865 probum
438 3795 488 3848 in
519 3794 736 3849 Christo.
765 3794 1046 3850 Prohatum
1072 3798 1182 3849 sive
1203 3795 1520 3865 perfectum.
1545 3797 1781 3851 Salutate

198 3903 281 3942 cos
320 3888 406 3956 qui
432 3896 546 3941 sunt
576 3886 639 3941 de
668 3887 939 3941 Aristololi
968 3887 1139 3942 domo.
1167 3886 1400 3943 Salutate
1433 3886 1775 3942 Herodionem

199 3988 477 4052 cognatum
506 3995 690 4033 meum.
742 3978 981 4033 Salutate
1023 3995 1106 4034 eos
1154 3980 1240 4046 qui
1267 3989 1382 4034 sunt
1429 3996 1491 4035 ex
1524 3980 1774 4035 Narcissi.

196 4071 399 4127 Civitas
429 4073 510 4128 vel
541 4072 690 4126 locus
715 4081 815 4126 est.
847 4071 947 4139 Qui
973 4082 1088 4125 sunt
1120 4072 1173 4125 in
1210 4071 1451 4125 Domino.
1485 4073 1599 4126 Non
1631 4074 1773 4127 enim

196 4180 389 4221 omnes
425 4180 493 4219 ex
529 4164 756 4221 Narcissi
796 4174 949 4218 erant
988 4165 1039 4217 in
1084 4163 1327 4219 Domino.
1370 4163 1604 4217 Salutate
1655 4163 1775 4217 Tri-

198 4256 436 4325 phamant
474 4264 519 4309 et
558 4254 889 4325 Triphosam,
914 4270 1028 4325 qua!
1062 4254 1293 4308 laiorant
1320 4255 1372 4307 in
1406 4253 1645 4307 Domino.
1677 4255 1779 4310 Stt-

199 4348 362 4401 lutate
401 4345 661 4402 Persidem
707 4346 1085 4410 charissimam,
1125 4361 1239 4412 qua:
1276 4346 1486 4397 multum
1535 4344 1778 4397 laborav‘t

199 4436 255 4489 in
306 4436 540 4491 Domino.
591 4438 824 4491 Salutate
872 4435 1064 4502 Rufum
1092 4437 1301 4487 electum
1349 4436 1400 4485 in
1452 4433 1701 4493 Domino,
1732 4443 1778 4486 et

199 4536 414 4580 matrem
453 4531 567 4594 eius
610 4536 655 4579 et
701 4542 885 4579 nteant.
914 4523 1115 4587 Etate,
1159 4538 1261 4577 non
1315 4535 1491 4592 partu.
1546 4524 1780 4579 Salu'ate

1893 3332 2135 3386 Erastum
2179 3331 2493 3400 discipulum
2528 3333 2687 3387 fuisse
2726 3342 2781 3388 et
2835 3334 3155 3403 praedicasse
3189 3337 3469 3393 evidenter

1890 3421 2020 3474 dicit
2050 3422 2114 3475 ad
2146 3421 2505 3476 Timotheum.
2536 3421 2601 3476 Ei
2626 3433 2792 3476 autem
2823 3425 2909 3491 qui
2933 3435 3104 3491 potens
3136 3438 3209 3481 est
3237 3444 3321 3481 vos
3347 3445 3471 3483 con-

1893 3514 2121 3583 ﬁrmare.
2170 3514 2347 3584 Signis
2393 3526 2551 3583 atque
2595 3516 2896 3569 virtutibUS.
2940 3515 3102 3570 Juxta
3134 3518 3467 3590 Evangelium

1892 3624 2059 3660 meum
2090 3618 2134 3660 et
2168 3608 2580 3673 pra'dicationem
2609 3606 2734 3661 Jesu
2765 3606 2972 3662 Christi.
3004 3608 3159 3664 Juxta
3203 3613 3466 3680 prardica-

1890 3699 2087 3753 tionem
2119 3698 2243 3753 Jesu
2285 3697 2477 3753 Christi
2529 3698 2738 3753 vivatis.
2774 3697 3067 3753 Secundum
3109 3699 3467 3756 reuelationem

1884 3792 2108 3861 mysterii
2138 3790 2451 3859 temporibus
2479 3791 2680 3845 (uternis
2722 3790 2861 3843 taciti
2892 3806 2911 3845 :
2938 3791 3073 3857 quod
3100 3807 3232 3844 nunc
3264 3798 3466 3863 patefa-

1884 3894 2021 3938 ctum
2048 3894 2120 3937 est
2148 3900 2236 3953 per
2272 3883 2572 3954 Scripturas
2604 3882 2981 3951 prophetarum,
3025 3884 3303 3935 secundum
3333 3898 3469 3952 pra:-

1882 3987 2081 4045 ceptum
2108 3976 2284 4030 teterni
2312 3976 2442 4043 Dei,
2466 3976 2533 4028 ad
2559 3975 2891 4029 obedientiam
2913 3974 3033 4041 ﬁdei
3057 3975 3109 4027 in
3131 3974 3323 4028 cunctis
3342 3990 3468 4046 gen-

1882 4066 2030 4119 tibus.
2082 4065 2388 4136 lllysterium
2435 4064 2501 4118 de
2544 4064 2796 4118 vocandis
2838 4064 3081 4134 gentibus
3130 4064 3181 4117 in
3221 4063 3336 4132 lege
3371 4063 3466 4118 diu

1888 4155 2061 4211 fuerat
2100 4156 2457 4219 occultatum,
2503 4154 2643 4222 quod
2686 4169 2824 4208 nunc
2870 4170 2963 4220 per
2992 4155 3463 4221 praulicationem,

1888 4245 1974 4299 vel
2004 4244 2383 4299 revelationem
2412 4243 2642 4309 Christi,
2674 4252 2729 4298 et
2760 4243 3099 4310 Evangeliunt
3134 4242 3278 4295 Pauli
3313 4252 3465 4308 pate-

1891 4334 2081 4385 factum
2130 4342 2241 4395 est,
2275 4348 2367 4397 per
2413 4334 2711 4386 testimonia
2748 4333 3122 4399 prophetarum
3161 4350 3174 4384 :
3219 4334 3466 4400 quamvis

1886 4420 2029 4473 enim
2073 4422 2172 4472 hac
2210 4429 2333 4473 ante
2378 4422 2648 4487 prophetat
2694 4420 3070 4488 praedicerent,
3108 4431 3281 4475 tamen
3329 4436 3467 4490 quo-

1890 4510 2049 4562 modo
2079 4510 2310 4562 lu'urum
2343 4517 2486 4563 esset
2511 4523 2611 4563 nec
2637 4510 2733 4578 ipsi
2761 4509 2973 4578 quidem
3013 4510 3283 4580 propheta:
3329 4515 3469 4566 scie-

201 4585 555 4688 Amnm-Mn’
596 4618 959 4687 ριτιεθοηεαηι,
996 4585 1262 4676 "emam.
1293 4585 1604 4684 pan-ubam,
1643 4616 1779 4669 ιιετ.
1810 4585 1856 4643 Ι)
1887 4600 2035 4654 bmt.
2070 4599 2321 4654 Poterant
2352 4600 2491 4654 enim
2519 4600 2740 4656 credere
2770 4615 2862 4655 eos
2891 4611 3136 4670 tanquam
3172 4604 3470 4675 proselytos

202 4726 373 4774 mam,
419 4720 465 4764 et
518 4712 605 4781 qui
660 4727 775 4763 curn
827 4712 898 4763 eis
948 4718 1068 4763 sunt
1115 4710 1318 4779 fratres.
1372 4708 1607 4765 Salutate
1645 4709 1780 4763 Phe-

200 4804 446 4873 dologum
481 4815 527 4857 et
573 4801 787 4856 Indiam
821 4802 996 4875 [\‘nlg.
1055 4800 1391 4871 Philologum
1443 4809 1491 4854 et
1519 4800 1738 4871 Iuliam]
1762 4840 1777 4866 ,

205 4894 465 4960 Nercum,
533 4902 580 4947 et
648 4908 874 4947 sororem
946 4896 1098 4963 ejus,
1169 4904 1215 4947 et
1280 4884 1668 4964 Olympiadem,
1734 4902 1780 4949 et

204 5002 377 5041 omnes
420 4986 654 5057 quicum
711 4985 782 5039 eis
830 4994 952 5038 sunt
1007 4996 1227 5039 sanctos.
1285 4985 1523 5040 Salutate
1571 4986 1782 5038 invicem

205 5078 260 5131 in
299 5077 475 5131 osculo
514 5085 709 5129 sancto.
741 5074 982 5128 Salutant
1020 5089 1105 5128 vos
1146 5091 1316 5129 omnes
1348 5073 1591 5128 Ecclesiae
1629 5074 1781 5128 Chri-

207 5170 292 5223 sti.
344 5168 461 5223 Non
503 5168 649 5234 ﬁcte,
702 5166 785 5221 vel
840 5166 938 5219 sub
980 5165 1129 5231 dolo,
1184 5167 1323 5233 quali
1372 5165 1538 5219 ludas
1565 5165 1785 5219 tradidit

209 5258 558 5316 Salvaturem.
594 5258 717 5314 Ideo
745 5258 887 5311 enim
933 5258 1000 5313 de
1048 5260 1283 5313 Ecclesia
1325 5258 1497 5327 primo
1544 5274 1638 5326 pax
1686 5274 1785 5311 an-

210 5358 503 5421 nuntiatur,
549 5366 605 5411 ut
652 5354 903 5409 ostendat
942 5368 1000 5409 se
1048 5368 1167 5408 cum
1213 5355 1460 5407 omnibus
1510 5354 1784 5421 paciﬁcum

211 5464 345 5513 esse,
374 5449 464 5518 qui
503 5450 709 5511 corpor‘.
742 5446 1231 5500 communicaturus
1268 5456 1347 5498 est
1378 5444 1600 5497 Christi.
1640 5443 1782 5513 Rogo

1885 4690 2244 4744 admittendos
2266 4691 2332 4744 ad
2359 4690 2537 4744 ﬁdem.
2563 4690 2763 4761 Cogniti
2786 4691 2884 4745 solt'
2905 4694 3119 4760 sapienti
3147 4692 3275 4747 Deo.
3307 4694 3468 4749 Solus

1886 4782 2002 4837 haec
2030 4793 2154 4838 ante
2194 4782 2332 4836 Deus
2366 4782 2626 4851 praescivit
2672 4800 2684 4835 :
2724 4783 2835 4836 sive
2864 4783 3010 4837 solus
3040 4784 3353 4839 naturaliter
3381 4800 3467 4837 su-

1887 4884 2056 4953 piens.
2086 4882 2363 4949 Quomodo
2392 4883 2535 4938 solus
2561 4882 2745 4944 bonus,
2773 4897 2892 4936 cum
2925 4891 2980 4936 et
3001 4882 3161 4936 homo
3185 4882 3353 4937 bonus
3380 4883 3464 4936 di-

1886 4973 2085 5027 catur?
2126 4973 2234 5027 Nos
2278 4974 2419 5027 enim
2468 4974 2611 5028 dono
2652 4973 2742 5028 Dei
2783 4973 2903 5027 boni
2945 4973 3025 5027 vel
3055 4972 3321 5041 sapientes
3350 4988 3470 5027 esse

1887 5089 2168 5143 possumus
2192 5114 2206 5137 ,
2238 5074 2327 5128 ille
2358 5082 2562 5129 natura.
2599 5074 2894 5128 Notandum
2923 5074 3042 5142 quia
3072 5088 3177 5127 non
3207 5073 3340 5127 dixit
3369 5074 3468 5127 soli

1889 5166 2117 5235 sapienti
2151 5165 2322 5229 Patri,
2354 5165 2445 5221 sed
2490 5165 2585 5220 soli
2616 5166 2844 5233 sapienti
2879 5166 3006 5229 Deo,
3040 5166 3126 5234 qui
3154 5174 3235 5219 est
3264 5163 3471 5218 trinitas

1892 5271 2114 5313 aeterna.
2154 5257 2253 5312 Per
2286 5258 2559 5312 Dominum
2588 5257 2763 5312 Iesum
2799 5257 3053 5311 Christum
3075 5298 3089 5322 ,
3128 5258 3210 5310 cui
3240 5258 3400 5309 honor
3428 5265 3474 5309 et

1889 5354 2057 5425 gloria
2085 5353 2136 5406 in
2173 5352 2361 5406 sa'cula
2404 5353 2729 5407 saeculorum.
2763 5352 2944 5405 Amen.
2975 5350 3075 5405 Per
3100 5348 3284 5405 Jesum
3314 5347 3473 5402 Chri-

1891 5456 2063 5508 stum,
2096 5461 2200 5499 non
2230 5461 2257 5497 a
2286 5446 2440 5499 nobis
2474 5445 2622 5512 ipsis.

238 5572 2552 5670 mmmamnpmm.

750 5708 1254 5764 ARGUMENTUM.

215 5800 459 5859 Corinthii
499 5810 615 5853 sunt
647 5801 889 5864 Achaici;
920 5810 964 5853 et
995 5801 1048 5855 hi
1076 5800 1308 5853 similiter
1338 5796 1398 5849 ab
1425 5798 1669 5866 apostolis
1697 5812 1788 5852 att-

284 5878 315 5927 d
340 5885 481 5929 crunt
514 5874 711 5927 vortunt
743 5872 999 5939 vcritatis,
1033 5881 1077 5928 et
1117 5869 1340 5928 subversi
1369 5879 1485 5925 sunt
1512 5868 1791 5938 multifario

1967 5733 2001 5769 a
2029 5716 2173 5785 falsis
2217 5716 2483 5786 apostolis.
2537 5714 2761 5786 Quidam
2792 5719 2838 5786 β
2878 5714 3219 5786 ρΙιίιοδορΙιξω
3260 5712 3466 5765 verbosa
3540 5770 3549 5781 κ

1970 5783 2292 5850 eloquentia,
2323 5787 2412 5840 alii
2441 5796 2579 5839 secta
2622 5783 2745 5853 legis
2785 5783 3019 5839 Judaicce
3044 5826 3056 5847 ,
3102 5786 3294 5837 inducti
3334 5792 3467 5837 sunt.

1974 5858 2084 5915 llos
2124 5866 2320 5914 revocat
2368 5858 2636 5925 Apostolus
2681 5855 2747 5908 ad
2796 5872 2955 5911 rerum
3011 5856 3343 5925 evangelicum
3389 5867 3473 5905 m-
