  <div class='ocr_page' id='page_1' title='image "/cluster/home/n/w/nwhite01/storage/ocr_20150623/68/hvd.32044015469331/259.png"; bbox 0 0 4004 6354; ppageno 0'>
   <div class='ocr_carea' id='block_1_1' title="bbox 507 334 609 389">
    <p class='ocr_par' dir='ltr' id='par_1_1' title="bbox 507 334 609 389">
     <span class='ocr_line' id='line_1_1' title="bbox 507 334 609 389; baseline -0.02 0"><span class='ocrx_word' id='word_1_1' title='bbox 507 334 609 389; x_wconf 76' lang='lat'><strong>507</strong></span> 
     </span>
    </p>
   </div>
   <div class='ocr_carea' id='block_1_2' title="bbox 1613 314 2642 380">
    <p class='ocr_par' dir='ltr' id='par_1_2' title="bbox 1613 314 2642 380">
     <span class='ocr_line' id='line_1_2' title="bbox 1613 314 2642 380; baseline -0.011 0"><span class='ocrx_word' id='word_1_2' title='bbox 1613 321 1909 380; x_wconf 71' lang='lat' dir='ltr'><strong>PRMIASH</strong></span> <span class='ocrx_word' id='word_1_3' title='bbox 1949 316 2391 375; x_wconf 69' lang='lat' dir='ltr'><strong>ADDUMETANI</strong></span> <span class='ocrx_word' id='word_1_4' title='bbox 2432 314 2642 371; x_wconf 79' lang='lat' dir='ltr'><strong>EPlSC.</strong></span> 
     </span>
    </p>
   </div>
   <div class='ocr_carea' id='block_1_3' title="bbox 3643 318 3739 375">
    <p class='ocr_par' dir='ltr' id='par_1_3' title="bbox 3643 318 3739 375">
     <span class='ocr_line' id='line_1_3' title="bbox 3643 318 3739 375; baseline 0.031 -3"><span class='ocrx_word' id='word_1_5' title='bbox 3643 318 3739 375; x_wconf 71' lang='lat'><strong>508</strong></span> 
     </span>
    </p>
   </div>
   <div class='ocr_carea' id='block_1_4' title="bbox 580 432 3746 516">
    <p class='ocr_par' dir='ltr' id='par_1_4' title="bbox 580 432 3746 516">
     <span class='ocr_line' id='line_1_4' title="bbox 580 432 3746 516; baseline -0.004 -17"><span class='ocrx_word' id='word_1_6' title='bbox 580 446 853 516; x_wconf 83' lang='lat' dir='ltr'><strong>pientiam,</strong></span> <span class='ocrx_word' id='word_1_7' title='bbox 883 444 1102 498; x_wconf 76' lang='lat' dir='ltr'><strong>scribens</strong></span> <span class='ocrx_word' id='word_1_8' title='bbox 1132 443 1201 497; x_wconf 85' lang='lat' dir='ltr'><strong>eis</strong></span> <span class='ocrx_word' id='word_1_9' title='bbox 1230 442 1290 494; x_wconf 86' lang='lat' dir='ltr'><strong>ab</strong></span> <span class='ocrx_word' id='word_1_10' title='bbox 1330 440 1567 516; x_wconf 37' lang='lat' dir='ltr'><strong>Ephbo.‘</strong></span> <span class='ocrx_word' id='word_1_11' title='bbox 1593 437 1861 516; x_wconf 74' lang='lat' dir='ltr'><strong>Corinthus</strong></span> <span class='ocrx_word' id='word_1_12' title='bbox 1892 444 2075 516; x_wconf 72' lang='lat' dir='ltr'><strong>metro-</strong></span> <span class='ocrx_word' id='word_1_13' title='bbox 2103 434 2149 492; x_wconf 81' lang='grc' dir='ltr'>Α</span> <span class='ocrx_word' id='word_1_14' title='bbox 2182 432 2308 487; x_wconf 60' lang='lat' dir='ltr'><strong>Sitis</strong></span> <span class='ocrx_word' id='word_1_15' title='bbox 2336 441 2502 486; x_wconf 85' lang='lat' dir='ltr'><strong>autent</strong></span> <span class='ocrx_word' id='word_1_16' title='bbox 2531 434 2698 503; x_wconf 66' lang='lat' dir='ltr'><strong>perﬂc</strong></span> <span class='ocrx_word' id='word_1_17' title='bbox 2724 433 2740 484; x_wconf 87' lang='lat' dir='ltr'><strong>i</strong></span> <span class='ocrx_word' id='word_1_18' title='bbox 2772 432 2821 485; x_wconf 86' lang='lat' dir='ltr'><strong>in</strong></span> <span class='ocrx_word' id='word_1_19' title='bbox 2861 433 3035 486; x_wconf 78' lang='lat' dir='ltr'><strong>cadent</strong></span> <span class='ocrx_word' id='word_1_20' title='bbox 3065 450 3247 499; x_wconf 84' lang='lat' dir='ltr'><strong>sensu,</strong></span> <span class='ocrx_word' id='word_1_21' title='bbox 3279 445 3324 488; x_wconf 90' lang='lat' dir='ltr'><strong>et</strong></span> <span class='ocrx_word' id='word_1_22' title='bbox 3358 434 3407 486; x_wconf 88' lang='lat' dir='ltr'><strong>in</strong></span> <span class='ocrx_word' id='word_1_23' title='bbox 3439 434 3611 489; x_wconf 85' lang='lat' dir='ltr'><strong>eadem</strong></span> <span class='ocrx_word' id='word_1_24' title='bbox 3634 452 3746 488; x_wconf 68' lang='lat' dir='ltr'><strong>sem</strong></span> 
     </span>
    </p>
   </div>
   <div class='ocr_carea' id='block_1_5' title="bbox 576 506 2074 586">
    <p class='ocr_par' dir='ltr' id='par_1_5' title="bbox 576 506 2074 586">
     <span class='ocr_line' id='line_1_5' title="bbox 576 506 2074 586; baseline -0.008 -16"><span class='ocrx_word' id='word_1_25' title='bbox 576 506 706 586; x_wconf 71' lang='lat' dir='ltr'><strong>polis</strong></span> <span class='ocrx_word' id='word_1_26' title='bbox 748 506 850 582; x_wconf 75' lang='lat' dir='ltr'><strong>est,</strong></span> <span class='ocrx_word' id='word_1_27' title='bbox 890 527 938 569; x_wconf 91' lang='grc' dir='ltr'><strong>ει</strong></span> <span class='ocrx_word' id='word_1_28' title='bbox 986 517 1098 571; x_wconf 85' lang='lat' dir='ltr'><strong>ideo</strong></span> <span class='ocrx_word' id='word_1_29' title='bbox 1138 514 1269 582; x_wconf 58' lang='lat' dir='ltr'><strong>quod</strong></span> <span class='ocrx_word' id='word_1_30' title='bbox 1311 506 1431 582; x_wconf 58' lang='lat' dir='ltr'><strong>ipsis</strong></span> <span class='ocrx_word' id='word_1_31' title='bbox 1473 511 1672 573; x_wconf 82' lang='lat' dir='ltr'><strong>scribit,</strong></span> <span class='ocrx_word' id='word_1_32' title='bbox 1706 509 1841 560; x_wconf 85' lang='lat' dir='ltr'><strong>omni</strong></span> <span class='ocrx_word' id='word_1_33' title='bbox 1871 506 2074 559; x_wconf 75' lang='lat' dir='ltr'><strong>Achaia:</strong></span> 
     </span>
    </p>
   </div>
   <div class='ocr_carea' id='block_1_6' title="bbox 578 588 770 640">
    <p class='ocr_par' dir='ltr' id='par_1_6' title="bbox 578 588 770 640">
     <span class='ocr_line' id='line_1_6' title="bbox 578 588 770 640; baseline -0.005 0"><span class='ocrx_word' id='word_1_34' title='bbox 578 588 770 640; x_wconf 87' lang='lat' dir='ltr'><strong>scribit.</strong></span> 
     </span>
    </p>
   </div>
   <div class='ocr_carea' id='block_1_7' title="bbox 578 663 2077 730">
    <p class='ocr_par' dir='ltr' id='par_1_7' title="bbox 578 663 2077 730">
     <span class='ocr_line' id='line_1_7' title="bbox 578 663 2077 730; baseline -0.009 0"><span class='ocrx_word' id='word_1_35' title='bbox 578 677 753 730; x_wconf 65' lang='lat' dir='ltr'><strong>Cacus</strong></span> <span class='ocrx_word' id='word_1_36' title='bbox 776 691 995 729; x_wconf 68' lang='lat' dir='ltr'><strong>estnon.</strong></span> <span class='ocrx_word' id='word_1_37' title='bbox 1022 672 1238 726; x_wconf 86' lang='lat' dir='ltr'><strong>Paulus.</strong></span> <span class='ocrx_word' id='word_1_38' title='bbox 1266 671 1607 725; x_wconf 87' lang='lat' dir='ltr'><strong>Auctoritatis</strong></span> <span class='ocrx_word' id='word_1_39' title='bbox 1629 676 1709 722; x_wconf 89' lang='lat' dir='ltr'><strong>est</strong></span> <span class='ocrx_word' id='word_1_40' title='bbox 1731 681 1945 722; x_wconf 86' lang='lat' dir='ltr'><strong>nomen.</strong></span> <span class='ocrx_word' id='word_1_41' title='bbox 1974 663 2077 718; x_wconf 82' lang='lat' dir='ltr'><strong>Vo-</strong></span> 
     </span>
    </p>
   </div>
   <div class='ocr_carea' id='block_1_8' title="bbox 502 760 2079 836">
    <p class='ocr_par' dir='ltr' id='par_1_8' title="bbox 502 760 2079 836">
     <span class='ocr_line' id='line_1_8' title="bbox 502 760 2079 836; baseline -0.009 -15"><span class='ocrx_word' id='word_1_42' title='bbox 502 778 645 821; x_wconf 62' lang='lat' dir='ltr'><strong>catus</strong></span> <span class='ocrx_word' id='word_1_43' title='bbox 675 766 944 836; x_wconf 71' lang='lat' dir='ltr'><strong>Apostolus</strong></span> <span class='ocrx_word' id='word_1_44' title='bbox 972 762 1090 817; x_wconf 82' lang='lat' dir='ltr'><strong>Jesu</strong></span> <span class='ocrx_word' id='word_1_45' title='bbox 1122 763 1329 816; x_wconf 75' lang='lat' dir='ltr'><strong>Christi.</strong></span> <span class='ocrx_word' id='word_1_46' title='bbox 1380 762 1431 813; x_wconf 89' lang='lat' dir='ltr'><strong>lu</strong></span> <span class='ocrx_word' id='word_1_47' title='bbox 1466 762 1544 813; x_wconf 97' lang='lat' dir='ltr'><strong>via</strong></span> <span class='ocrx_word' id='word_1_48' title='bbox 1576 766 1817 824; x_wconf 84' lang='lat' dir='ltr'><strong>vocatus,</strong></span> <span class='ocrx_word' id='word_1_49' title='bbox 1852 764 1909 809; x_wconf 91' lang='lat' dir='ltr'><strong>ut</strong></span> <span class='ocrx_word' id='word_1_50' title='bbox 1937 760 2079 808; x_wconf 86' lang='lat' dir='ltr'><strong>esset</strong></span> 
     </span>
    </p>
   </div>
   <div class='ocr_carea' id='block_1_9' title="bbox 506 852 2078 928">
    <p class='ocr_par' dir='ltr' id='par_1_9' title="bbox 506 852 2078 928">
     <span class='ocr_line' id='line_1_9' title="bbox 506 852 2078 928; baseline -0.006 -16"><span class='ocrx_word' id='word_1_51' title='bbox 506 860 799 928; x_wconf 81' lang='lat' dir='ltr'><strong>apostolus.</strong></span> <span class='ocrx_word' id='word_1_52' title='bbox 835 858 933 911; x_wconf 84' lang='lat' dir='ltr'><strong>Per</strong></span> <span class='ocrx_word' id='word_1_53' title='bbox 960 857 1267 909; x_wconf 71' lang='lat' dir='ltr'><strong>voluntatem</strong></span> <span class='ocrx_word' id='word_1_54' title='bbox 1297 854 1407 907; x_wconf 90' lang='lat' dir='ltr'><strong>Dei.</strong></span> <span class='ocrx_word' id='word_1_55' title='bbox 1438 854 1717 907; x_wconf 85' lang='lat' dir='ltr'><strong>Vn&#39;nntate</strong></span> <span class='ocrx_word' id='word_1_56' title='bbox 1742 852 1834 906; x_wconf 86' lang='lat' dir='ltr'><strong>Dei</strong></span> <span class='ocrx_word' id='word_1_57' title='bbox 1864 859 2078 903; x_wconf 87' lang='lat' dir='ltr'><strong>vocatus</strong></span> 
     </span>
    </p>
   </div>
   <div class='ocr_carea' id='block_1_10' title="bbox 504 941 2080 1012">
    <p class='ocr_par' dir='ltr' id='par_1_10' title="bbox 504 941 2080 1012">
     <span class='ocr_line' id='line_1_10' title="bbox 504 941 2080 1012; baseline -0.006 -10"><span class='ocrx_word' id='word_1_58' title='bbox 504 961 559 1002; x_wconf 82' lang='lat' dir='ltr'><strong>et</strong></span> <span class='ocrx_word' id='word_1_59' title='bbox 588 950 907 1003; x_wconf 85' lang='lat' dir='ltr'><strong>illuminatus</strong></span> <span class='ocrx_word' id='word_1_60' title='bbox 937 946 1179 1001; x_wconf 63' lang='lat' dir='ltr'><strong>credidit.</strong></span> <span class='ocrx_word' id='word_1_61' title='bbox 1215 945 1276 1000; x_wconf 88' lang='lat' dir='ltr'><strong>Et</strong></span> <span class='ocrx_word' id='word_1_62' title='bbox 1306 944 1578 998; x_wconf 83' lang='lat' dir='ltr'><strong>Sosthenes</strong></span> <span class='ocrx_word' id='word_1_63' title='bbox 1603 945 1783 1012; x_wconf 75' lang='lat' dir='ltr'><strong>frater.</strong></span> <span class='ocrx_word' id='word_1_64' title='bbox 1812 941 1924 995; x_wconf 83' lang='lat' dir='ltr'><strong>Non</strong></span> <span class='ocrx_word' id='word_1_65' title='bbox 1954 954 2080 1006; x_wconf 85' lang='lat' dir='ltr'><strong>apo-</strong></span> 
     </span>
    </p>
   </div>
   <div class='ocr_carea' id='block_1_11' title="bbox 504 1033 2081 1105">
    <p class='ocr_par' dir='ltr' id='par_1_11' title="bbox 504 1033 2081 1105">
     <span class='ocr_line' id='line_1_11' title="bbox 504 1033 2081 1105; baseline -0.006 -12"><span class='ocrx_word' id='word_1_66' title='bbox 504 1040 697 1105; x_wconf 82' lang='lat' dir='ltr'><strong>stolus,</strong></span> <span class='ocrx_word' id='word_1_67' title='bbox 743 1039 833 1091; x_wconf 81' lang='lat' dir='ltr'><strong>sed</strong></span> <span class='ocrx_word' id='word_1_68' title='bbox 883 1053 943 1089; x_wconf 81' lang='lat' dir='ltr'><strong>ex</strong></span> <span class='ocrx_word' id='word_1_69' title='bbox 996 1037 1129 1105; x_wconf 87' lang='lat' dir='ltr'><strong>ipsis</strong></span> <span class='ocrx_word' id='word_1_70' title='bbox 1165 1038 1341 1090; x_wconf 89' lang='lat' dir='ltr'><strong>sciens</strong></span> <span class='ocrx_word' id='word_1_71' title='bbox 1383 1047 1516 1090; x_wconf 88' lang='lat' dir='ltr'><strong>erat.</strong></span> <span class='ocrx_word' id='word_1_72' title='bbox 1550 1034 1789 1087; x_wconf 80' lang='lat' dir='ltr'><strong>Ecclesia!</strong></span> <span class='ocrx_word' id='word_1_73' title='bbox 1821 1033 1942 1094; x_wconf 89' lang='lat' dir='ltr'><strong>Dei,</strong></span> <span class='ocrx_word' id='word_1_74' title='bbox 1969 1046 2081 1100; x_wconf 76' lang='lat' dir='ltr'><strong>qua:</strong></span> 
     </span>
    </p>
   </div>
   <div class='ocr_carea' id='block_1_12' title="bbox 503 1123 2079 1191">
    <p class='ocr_par' dir='ltr' id='par_1_12' title="bbox 503 1123 2079 1191">
     <span class='ocr_line' id='line_1_12' title="bbox 503 1123 2079 1191; baseline -0.006 -10"><span class='ocrx_word' id='word_1_75' title='bbox 503 1141 575 1181; x_wconf 84' lang='lat' dir='ltr'><strong>est</strong></span> <span class='ocrx_word' id='word_1_76' title='bbox 606 1127 853 1181; x_wconf 75' lang='lat' dir='ltr'><strong>Corinthi.</strong></span> <span class='ocrx_word' id='word_1_77' title='bbox 901 1128 985 1181; x_wconf 81' lang='lat' dir='ltr'><strong>ESl</strong></span> <span class='ocrx_word' id='word_1_78' title='bbox 1028 1128 1264 1181; x_wconf 59' lang='lat' dir='ltr'><strong>Eccle~ia</strong></span> <span class='ocrx_word' id='word_1_79' title='bbox 1305 1137 1355 1181; x_wconf 91' lang='lat' dir='ltr'><strong>et</strong></span> <span class='ocrx_word' id='word_1_80' title='bbox 1402 1143 1505 1180; x_wconf 90' lang='lat' dir='ltr'><strong>non</strong></span> <span class='ocrx_word' id='word_1_81' title='bbox 1551 1126 1661 1179; x_wconf 89' lang='lat' dir='ltr'><strong>Dei.</strong></span> <span class='ocrx_word' id='word_1_82' title='bbox 1712 1123 2079 1191; x_wconf 77' lang='lat' dir='ltr'><strong>Sancti/iratis.</strong></span> 
     </span>
    </p>
   </div>
   <div class='ocr_carea' id='block_1_13' title="bbox 506 1216 2078 1287">
    <p class='ocr_par' dir='ltr' id='par_1_13' title="bbox 506 1216 2078 1287">
     <span class='ocr_line' id='line_1_13' title="bbox 506 1216 2078 1287; baseline -0.006 -13"><span class='ocrx_word' id='word_1_83' title='bbox 506 1221 607 1275; x_wconf 84' lang='lat' dir='ltr'><strong>Per</strong></span> <span class='ocrx_word' id='word_1_84' title='bbox 628 1220 727 1287; x_wconf 92' lang='lat' dir='ltr'><strong>bap</strong></span> <span class='ocrx_word' id='word_1_85' title='bbox 752 1218 965 1273; x_wconf 71' lang='lat' dir='ltr'><strong>istmtm.</strong></span> <span class='ocrx_word' id='word_1_86' title='bbox 992 1217 1053 1270; x_wconf 83' lang='lat' dir='ltr'><strong>In</strong></span> <span class='ocrx_word' id='word_1_87' title='bbox 1078 1218 1277 1271; x_wconf 79' lang='lat' dir='ltr'><strong>Christo</strong></span> <span class='ocrx_word' id='word_1_88' title='bbox 1298 1217 1445 1270; x_wconf 71' lang='lat' dir='ltr'><strong>Iesu.</strong></span> <span class='ocrx_word' id='word_1_89' title='bbox 1470 1216 1646 1270; x_wconf 85' lang='lat' dir='ltr'><strong>Gratia</strong></span> <span class='ocrx_word' id='word_1_90' title='bbox 1671 1216 1787 1281; x_wconf 77' lang='lat' dir='ltr'><strong>ejus</strong></span> <span class='ocrx_word' id='word_1_91' title='bbox 1812 1229 1901 1280; x_wconf 86' lang='lat' dir='ltr'><strong>per</strong></span> <span class='ocrx_word' id='word_1_92' title='bbox 1923 1226 2078 1281; x_wconf 90' lang='lat' dir='ltr'><strong>quam</strong></span> 
     </span>
    </p>
   </div>
   <div class='ocr_carea' id='block_1_14' title="bbox 504 1304 2079 1371">
    <p class='ocr_par' dir='ltr' id='par_1_14' title="bbox 504 1304 2079 1371">
     <span class='ocr_line' id='line_1_14' title="bbox 504 1304 2079 1371; baseline -0.004 -8"><span class='ocrx_word' id='word_1_93' title='bbox 504 1310 788 1363; x_wconf 68' lang='lat' dir='ltr'><strong>sdvamnr.</strong></span> <span class='ocrx_word' id='word_1_94' title='bbox 828 1309 1023 1361; x_wconf 75' lang='lat' dir='ltr'><strong>Vacalis</strong></span> <span class='ocrx_word' id='word_1_95' title='bbox 1054 1310 1241 1361; x_wconf 64' lang='lat' dir='ltr'><strong>sanetis</strong></span> <span class='ocrx_word' id='word_1_96' title='bbox 1271 1325 1379 1360; x_wconf 87' lang='lat' dir='ltr'><strong>cum</strong></span> <span class='ocrx_word' id='word_1_97' title='bbox 1410 1308 1661 1360; x_wconf 87' lang='lat' dir='ltr'><strong>omnibus.</strong></span> <span class='ocrx_word' id='word_1_98' title='bbox 1695 1304 1933 1359; x_wconf 80' lang='lat' dir='ltr'><strong>Ostendit</strong></span> <span class='ocrx_word' id='word_1_99' title='bbox 1963 1319 2079 1371; x_wconf 78' lang='lat' dir='ltr'><strong>qua:</strong></span> 
     </span>
    </p>
   </div>
   <div class='ocr_carea' id='block_1_15' title="bbox 505 1396 2077 1468">
    <p class='ocr_par' dir='ltr' id='par_1_15' title="bbox 505 1396 2077 1468">
     <span class='ocr_line' id='line_1_15' title="bbox 505 1396 2077 1468; baseline -0.006 -14"><span class='ocrx_word' id='word_1_100' title='bbox 505 1402 576 1455; x_wconf 84' lang='lat' dir='ltr'><strong>sit</strong></span> <span class='ocrx_word' id='word_1_101' title='bbox 623 1401 858 1454; x_wconf 76' lang='lat' dir='ltr'><strong>Ecclesia</strong></span> <span class='ocrx_word' id='word_1_102' title='bbox 906 1401 1028 1464; x_wconf 87' lang='lat' dir='ltr'><strong>Dei,</strong></span> <span class='ocrx_word' id='word_1_103' title='bbox 1076 1418 1193 1468; x_wconf 78' lang='lat' dir='ltr'><strong>qua:</strong></span> <span class='ocrx_word' id='word_1_104' title='bbox 1241 1401 1451 1453; x_wconf 86' lang='lat' dir='ltr'><strong>lavacro</strong></span> <span class='ocrx_word' id='word_1_105' title='bbox 1494 1398 1703 1451; x_wconf 86' lang='lat' dir='ltr'><strong>salutari</strong></span> <span class='ocrx_word' id='word_1_106' title='bbox 1752 1396 1929 1449; x_wconf 89' lang='lat' dir='ltr'><strong>abluta</strong></span> <span class='ocrx_word' id='word_1_107' title='bbox 1978 1405 2077 1448; x_wconf 80' lang='lat' dir='ltr'><strong>est.</strong></span> 
     </span>
    </p>
   </div>
   <div class='ocr_carea' id='block_1_16' title="bbox 505 1486 2083 1559">
    <p class='ocr_par' dir='ltr' id='par_1_16' title="bbox 505 1486 2083 1559">
     <span class='ocr_line' id='line_1_16' title="bbox 505 1486 2083 1559; baseline -0.006 -12"><span class='ocrx_word' id='word_1_108' title='bbox 505 1492 729 1547; x_wconf 79' lang='lat' dir='ltr'><strong>Sanctos</strong></span> <span class='ocrx_word' id='word_1_109' title='bbox 759 1492 1009 1559; x_wconf 73' lang='lat' dir='ltr'><strong>cozripit,</strong></span> <span class='ocrx_word' id='word_1_110' title='bbox 1042 1502 1095 1543; x_wconf 87' lang='lat' dir='ltr'><strong>ut</strong></span> <span class='ocrx_word' id='word_1_111' title='bbox 1138 1492 1209 1543; x_wconf 89' lang='lat' dir='ltr'><strong>.lli</strong></span> <span class='ocrx_word' id='word_1_112' title='bbox 1258 1500 1481 1543; x_wconf 64' lang='lat' dir='ltr'><strong>ca&#39;tcros</strong></span> <span class='ocrx_word' id='word_1_113' title='bbox 1521 1496 1775 1556; x_wconf 82' lang='lat' dir='ltr'><strong>arguant,</strong></span> <span class='ocrx_word' id='word_1_114' title='bbox 1818 1486 1936 1554; x_wconf 85' lang='lat' dir='ltr'><strong>quia</strong></span> <span class='ocrx_word' id='word_1_115' title='bbox 1986 1499 2083 1538; x_wconf 89' lang='lat' dir='ltr'><strong>nec</strong></span> 
     </span>
    </p>
   </div>
   <div class='ocr_carea' id='block_1_17' title="bbox 507 1577 2081 1649">
    <p class='ocr_par' dir='ltr' id='par_1_17' title="bbox 507 1577 2081 1649">
     <span class='ocr_line' id='line_1_17' title="bbox 507 1577 2081 1649; baseline -0.001 -16"><span class='ocrx_word' id='word_1_116' title='bbox 507 1581 609 1649; x_wconf 92' lang='lat' dir='ltr'><strong>ipsi</strong></span> <span class='ocrx_word' id='word_1_117' title='bbox 648 1582 761 1634; x_wconf 80' lang='lat' dir='ltr'><strong>sine</strong></span> <span class='ocrx_word' id='word_1_118' title='bbox 793 1591 1009 1649; x_wconf 86' lang='lat' dir='ltr'><strong>peccato</strong></span> <span class='ocrx_word' id='word_1_119' title='bbox 1042 1598 1053 1632; x_wconf 90' lang='lat'>:</span> <span class='ocrx_word' id='word_1_120' title='bbox 1096 1582 1229 1634; x_wconf 91' lang='lat' dir='ltr'><strong>sicut</strong></span> <span class='ocrx_word' id='word_1_121' title='bbox 1260 1580 1503 1635; x_wconf 74' lang='lat' dir='ltr'><strong>Salvator</strong></span> <span class='ocrx_word' id='word_1_122' title='bbox 1536 1588 1748 1649; x_wconf 78' lang='lat' dir='ltr'><strong>propter</strong></span> <span class='ocrx_word' id='word_1_123' title='bbox 1783 1577 2081 1631; x_wconf 68' lang='lat' dir='ltr'><strong>Pharisazos</strong></span> 
     </span>
    </p>
   </div>
   <div class='ocr_carea' id='block_1_18' title="bbox 506 1668 2077 1736">
    <p class='ocr_par' dir='ltr' id='par_1_18' title="bbox 506 1668 2077 1736">
     <span class='ocr_line' id='line_1_18' title="bbox 506 1668 2077 1736; baseline -0.002 -13"><span class='ocrx_word' id='word_1_124' title='bbox 506 1670 782 1735; x_wconf 82' lang='lat' dir='ltr'><strong>discipulis</strong></span> <span class='ocrx_word' id='word_1_125' title='bbox 808 1670 968 1736; x_wconf 69' lang='lat' dir='ltr'><strong>dicit,</strong></span> <span class='ocrx_word' id='word_1_126' title='bbox 1002 1670 1187 1724; x_wconf 90' lang='lat' dir='ltr'><strong>Videte</strong></span> <span class='ocrx_word' id='word_1_127' title='bbox 1224 1679 1276 1724; x_wconf 90' lang='lat' dir='ltr'><strong>et</strong></span> <span class='ocrx_word' id='word_1_128' title='bbox 1318 1679 1499 1723; x_wconf 78' lang='lat' dir='ltr'><strong>cavete</strong></span> <span class='ocrx_word' id='word_1_129' title='bbox 1529 1670 1593 1723; x_wconf 90' lang='lat' dir='ltr'><strong>ab</strong></span> <span class='ocrx_word' id='word_1_130' title='bbox 1622 1669 1763 1723; x_wconf 90' lang='lat' dir='ltr'><strong>omni</strong></span> <span class='ocrx_word' id='word_1_131' title='bbox 1809 1668 2029 1721; x_wconf 84' lang='lat' dir='ltr'><strong>avaritia</strong></span> <span class='ocrx_word' id='word_1_132' title='bbox 2065 1686 2077 1720; x_wconf 88' lang='lat'><strong>:</strong></span> 
     </span>
    </p>
   </div>
   <div class='ocr_carea' id='block_1_19' title="bbox 507 1758 2076 1826">
    <p class='ocr_par' dir='ltr' id='par_1_19' title="bbox 507 1758 2076 1826">
     <span class='ocr_line' id='line_1_19' title="bbox 507 1758 2076 1826; baseline -0.001 -14"><span class='ocrx_word' id='word_1_133' title='bbox 507 1762 594 1826; x_wconf 87' lang='lat' dir='ltr'><strong>qui</strong></span> <span class='ocrx_word' id='word_1_134' title='bbox 628 1762 755 1815; x_wconf 85' lang='lat' dir='ltr'><strong>nihil</strong></span> <span class='ocrx_word' id='word_1_135' title='bbox 786 1760 1067 1814; x_wconf 87' lang='lat' dir='ltr'><strong>habeban&#39;.</strong></span> <span class='ocrx_word' id='word_1_136' title='bbox 1107 1760 1206 1824; x_wconf 79' lang='lat' dir='ltr'><strong>Qui</strong></span> <span class='ocrx_word' id='word_1_137' title='bbox 1246 1762 1478 1813; x_wconf 82' lang='lat' dir='ltr'><strong>invocant</strong></span> <span class='ocrx_word' id='word_1_138' title='bbox 1502 1776 1684 1812; x_wconf 87' lang='lat' dir='ltr'><strong><em>nomen</em></strong></span> <span class='ocrx_word' id='word_1_139' title='bbox 1718 1758 1927 1812; x_wconf 79' lang='lat' dir='ltr'><strong>Domini</strong></span> <span class='ocrx_word' id='word_1_140' title='bbox 1952 1758 2076 1812; x_wconf 78' lang='lat' dir='ltr'><strong>Iesu</strong></span> 
     </span>
    </p>
   </div>
   <div class='ocr_carea' id='block_1_20' title="bbox 509 1850 2075 1918">
    <p class='ocr_par' dir='ltr' id='par_1_20' title="bbox 509 1850 2075 1918">
     <span class='ocr_line' id='line_1_20' title="bbox 509 1850 2075 1918; baseline -0.001 -12"><span class='ocrx_word' id='word_1_141' title='bbox 509 1852 697 1906; x_wconf 88' lang='lat' dir='ltr'><strong>Christi</strong></span> <span class='ocrx_word' id='word_1_142' title='bbox 734 1853 789 1905; x_wconf 90' lang='lat' dir='ltr'><strong>in</strong></span> <span class='ocrx_word' id='word_1_143' title='bbox 827 1853 962 1906; x_wconf 88' lang='lat' dir='ltr'><strong>omni</strong></span> <span class='ocrx_word' id='word_1_144' title='bbox 1006 1854 1114 1905; x_wconf 87' lang='lat' dir='ltr'><strong>loco</strong></span> <span class='ocrx_word' id='word_1_145' title='bbox 1158 1853 1417 1918; x_wconf 82' lang='lat' dir='ltr'><strong>ipsorum,</strong></span> <span class='ocrx_word' id='word_1_146' title='bbox 1477 1861 1523 1904; x_wconf 90' lang='lat' dir='ltr'><strong>et</strong></span> <span class='ocrx_word' id='word_1_147' title='bbox 1561 1861 1751 1905; x_wconf 88' lang='lat' dir='ltr'><strong>nostro.</strong></span> <span class='ocrx_word' id='word_1_148' title='bbox 1794 1850 2075 1916; x_wconf 78' lang='lat' dir='ltr'><strong>lnvocate,</strong></span> 
     </span>
    </p>
   </div>
   <div class='ocr_carea' id='block_1_21' title="bbox 509 1941 2081 2012">
    <p class='ocr_par' dir='ltr' id='par_1_21' title="bbox 509 1941 2081 2012">
     <span class='ocr_line' id='line_1_21' title="bbox 509 1941 2081 2012; baseline -0.002 -14"><span class='ocrx_word' id='word_1_149' title='bbox 509 1944 652 1998; x_wconf 83' lang='lat' dir='ltr'><strong>intus</strong></span> <span class='ocrx_word' id='word_1_150' title='bbox 680 1958 872 1998; x_wconf 87' lang='lat' dir='ltr'><strong>vocare</strong></span> <span class='ocrx_word' id='word_1_151' title='bbox 910 1953 1020 2006; x_wconf 88' lang='lat' dir='ltr'><strong>est,</strong></span> <span class='ocrx_word' id='word_1_152' title='bbox 1064 1943 1203 2012; x_wconf 87' lang='lat' dir='ltr'><strong>quod</strong></span> <span class='ocrx_word' id='word_1_153' title='bbox 1236 1943 1357 1997; x_wconf 87' lang='lat' dir='ltr'><strong>licet</strong></span> <span class='ocrx_word' id='word_1_154' title='bbox 1385 1944 1446 1995; x_wconf 88' lang='lat' dir='ltr'><strong>ad</strong></span> <span class='ocrx_word' id='word_1_155' title='bbox 1481 1957 1698 2007; x_wconf 88' lang='lat' dir='ltr'><strong>omnes,</strong></span> <span class='ocrx_word' id='word_1_156' title='bbox 1731 1941 1822 1995; x_wconf 90' lang='lat' dir='ltr'><strong>sed</strong></span> <span class='ocrx_word' id='word_1_157' title='bbox 1854 1942 2081 1995; x_wconf 73' lang='lat' dir='ltr'><strong>maxime</strong></span> 
     </span>
    </p>
   </div>
   <div class='ocr_carea' id='block_1_22' title="bbox 509 2033 2083 2104">
    <p class='ocr_par' dir='ltr' id='par_1_22' title="bbox 509 2033 2083 2104">
     <span class='ocr_line' id='line_1_22' title="bbox 509 2033 2083 2104; baseline -0.002 -15"><span class='ocrx_word' id='word_1_158' title='bbox 509 2036 575 2089; x_wconf 88' lang='lat' dir='ltr'><strong>ad</strong></span> <span class='ocrx_word' id='word_1_159' title='bbox 605 2036 910 2090; x_wconf 77' lang='lat' dir='ltr'><strong>sacerdotes</strong></span> <span class='ocrx_word' id='word_1_160' title='bbox 942 2038 1166 2104; x_wconf 76' lang='lat' dir='ltr'><strong>pertinet</strong></span> <span class='ocrx_word' id='word_1_161' title='bbox 1196 2036 1331 2088; x_wconf 75' lang='lat' dir='ltr'><strong>invo«</strong></span> <span class='ocrx_word' id='word_1_162' title='bbox 1353 2050 1443 2089; x_wconf 85' lang='lat' dir='ltr'><strong>are</strong></span> <span class='ocrx_word' id='word_1_163' title='bbox 1474 2051 1486 2087; x_wconf 92' lang='lat'>:</span> <span class='ocrx_word' id='word_1_164' title='bbox 1513 2034 1650 2088; x_wconf 88' lang='lat' dir='ltr'><strong>sicut</strong></span> <span class='ocrx_word' id='word_1_165' title='bbox 1677 2034 1768 2097; x_wconf 87' lang='lat' dir='ltr'><strong>ibi,</strong></span> <span class='ocrx_word' id='word_1_166' title='bbox 1802 2033 1890 2088; x_wconf 88' lang='lat' dir='ltr'><strong>Sic</strong></span> <span class='ocrx_word' id='word_1_167' title='bbox 1920 2033 2083 2087; x_wconf 85' lang='lat' dir='ltr'><strong>bene-</strong></span> 
     </span>
    </p>
   </div>
   <div class='ocr_carea' id='block_1_23' title="bbox 510 2126 2080 2203">
    <p class='ocr_par' dir='ltr' id='par_1_23' title="bbox 510 2126 2080 2203">
     <span class='ocr_line' id='line_1_23' title="bbox 510 2126 2080 2203; baseline -0.001 -23"><span class='ocrx_word' id='word_1_168' title='bbox 510 2128 691 2181; x_wconf 84' lang='lat' dir='ltr'><strong>dicitis</strong></span> <span class='ocrx_word' id='word_1_169' title='bbox 718 2128 854 2203; x_wconf 64' lang='lat' dir='ltr'><strong>tilias</strong></span> <span class='ocrx_word' id='word_1_170' title='bbox 880 2128 1068 2191; x_wconf 77' lang='lat' dir='ltr'><strong>Israel,</strong></span> <span class='ocrx_word' id='word_1_171' title='bbox 1098 2128 1410 2181; x_wconf 78' lang='lat' dir='ltr'><strong>invocantes</strong></span> <span class='ocrx_word' id='word_1_172' title='bbox 1439 2141 1632 2180; x_wconf 84' lang='lat' dir='ltr'><strong>nomen</strong></span> <span class='ocrx_word' id='word_1_173' title='bbox 1664 2142 1858 2180; x_wconf 90' lang='lat' dir='ltr'><strong>tneum.</strong></span> <span class='ocrx_word' id='word_1_174' title='bbox 1891 2126 1952 2179; x_wconf 87' lang='lat' dir='ltr'><strong>Et</strong></span> <span class='ocrx_word' id='word_1_175' title='bbox 1983 2127 2080 2179; x_wconf 90' lang='lat' dir='ltr'><strong>Da-</strong></span> 
     </span>
    </p>
   </div>
   <div class='ocr_carea' id='block_1_24' title="bbox 508 2218 2081 2286">
    <p class='ocr_par' dir='ltr' id='par_1_24' title="bbox 508 2218 2081 2286">
     <span class='ocr_line' id='line_1_24' title="bbox 508 2218 2081 2286; baseline -0.001 -13"><span class='ocrx_word' id='word_1_176' title='bbox 508 2220 594 2274; x_wconf 93' lang='lat' dir='ltr'><strong>vid</strong></span> <span class='ocrx_word' id='word_1_177' title='bbox 643 2221 746 2286; x_wconf 84' lang='lat' dir='ltr'><strong>ait,</strong></span> <span class='ocrx_word' id='word_1_178' title='bbox 780 2220 840 2273; x_wconf 88' lang='lat' dir='ltr'><strong>Et</strong></span> <span class='ocrx_word' id='word_1_179' title='bbox 890 2219 1102 2274; x_wconf 80' lang='lat' dir='ltr'><strong>Samuel</strong></span> <span class='ocrx_word' id='word_1_180' title='bbox 1147 2220 1285 2272; x_wconf 92' lang='lat' dir='ltr'><strong>inter</strong></span> <span class='ocrx_word' id='word_1_181' title='bbox 1331 2233 1423 2272; x_wconf 88' lang='lat' dir='ltr'><strong>cos</strong></span> <span class='ocrx_word' id='word_1_182' title='bbox 1469 2218 1558 2286; x_wconf 88' lang='lat' dir='ltr'><strong>qui</strong></span> <span class='ocrx_word' id='word_1_183' title='bbox 1606 2219 1852 2272; x_wconf 82' lang='lat' dir='ltr'><strong>invocant</strong></span> <span class='ocrx_word' id='word_1_184' title='bbox 1888 2233 2081 2273; x_wconf 87' lang='lat' dir='ltr'><strong>nomen</strong></span> 
     </span>
    </p>
   </div>
   <div class='ocr_carea' id='block_1_25' title="bbox 513 2309 2083 2377">
    <p class='ocr_par' dir='ltr' id='par_1_25' title="bbox 513 2309 2083 2377">
     <span class='ocr_line' id='line_1_25' title="bbox 513 2309 2083 2377; baseline -0.002 -12"><span class='ocrx_word' id='word_1_185' title='bbox 513 2311 739 2365; x_wconf 82' lang='lat' dir='ltr'><strong>Dotnini.</strong></span> <span class='ocrx_word' id='word_1_186' title='bbox 774 2310 903 2363; x_wconf 75' lang='lat' dir='ltr'><strong>Nam</strong></span> <span class='ocrx_word' id='word_1_187' title='bbox 934 2310 1182 2364; x_wconf 85' lang='lat' dir='ltr'><strong>sacerdos</strong></span> <span class='ocrx_word' id='word_1_188' title='bbox 1214 2309 1308 2366; x_wconf 82' lang='lat' dir='ltr'><strong>fuit</strong></span> <span class='ocrx_word' id='word_1_189' title='bbox 1332 2351 1345 2371; x_wconf 85' lang='lat'><strong>,</strong></span> <span class='ocrx_word' id='word_1_190' title='bbox 1378 2310 1464 2377; x_wconf 89' lang='lat' dir='ltr'><strong>qui</strong></span> <span class='ocrx_word' id='word_1_191' title='bbox 1497 2321 1547 2362; x_wconf 86' lang='lat' dir='ltr'><strong>et</strong></span> <span class='ocrx_word' id='word_1_192' title='bbox 1578 2310 1837 2362; x_wconf 76' lang='lat' dir='ltr'><strong>sacerdoti</strong></span> <span class='ocrx_word' id='word_1_193' title='bbox 1871 2324 2083 2365; x_wconf 86' lang='lat' dir='ltr'><strong>succes-</strong></span> 
     </span>
    </p>
   </div>
   <div class='ocr_carea' id='block_1_26' title="bbox 510 2400 2083 2472">
    <p class='ocr_par' dir='ltr' id='par_1_26' title="bbox 510 2400 2083 2472">
     <span class='ocr_line' id='line_1_26' title="bbox 510 2400 2083 2472; baseline -0.001 -17"><span class='ocrx_word' id='word_1_194' title='bbox 510 2403 599 2467; x_wconf 87' lang='lat' dir='ltr'><strong>sit,</strong></span> <span class='ocrx_word' id='word_1_195' title='bbox 630 2413 682 2457; x_wconf 89' lang='lat' dir='ltr'><strong>et</strong></span> <span class='ocrx_word' id='word_1_196' title='bbox 712 2403 801 2472; x_wconf 86' lang='lat' dir='ltr'><strong>qui</strong></span> <span class='ocrx_word' id='word_1_197' title='bbox 836 2404 1035 2455; x_wconf 82' lang='lat' dir='ltr'><strong>hostias</strong></span> <span class='ocrx_word' id='word_1_198' title='bbox 1064 2400 1350 2465; x_wconf 71' lang='lat' dir='ltr'><strong>ollerebat,</strong></span> <span class='ocrx_word' id='word_1_199' title='bbox 1379 2411 1432 2454; x_wconf 86' lang='lat' dir='ltr'><strong>et</strong></span> <span class='ocrx_word' id='word_1_200' title='bbox 1461 2401 1526 2454; x_wconf 84' lang='lat' dir='ltr'><strong>de</strong></span> <span class='ocrx_word' id='word_1_201' title='bbox 1551 2416 1655 2469; x_wconf 83' lang='lat' dir='ltr'><strong>quo</strong></span> <span class='ocrx_word' id='word_1_202' title='bbox 1681 2401 1972 2454; x_wconf 54' lang='lat' dir='ltr'><strong>secundum</strong></span> <span class='ocrx_word' id='word_1_203' title='bbox 2005 2402 2083 2454; x_wconf 85' lang='lat' dir='ltr'><strong>hi—</strong></span> 
     </span>
    </p>
   </div>
   <div class='ocr_carea' id='block_1_27' title="bbox 517 2491 2082 2546">
    <p class='ocr_par' dir='ltr' id='par_1_27' title="bbox 517 2491 2082 2546">
     <span class='ocr_line' id='line_1_27' title="bbox 517 2491 2082 2546; baseline 0.001 -1"><span class='ocrx_word' id='word_1_204' title='bbox 517 2494 736 2545; x_wconf 78' lang='lat' dir='ltr'><strong>storiam</strong></span> <span class='ocrx_word' id='word_1_205' title='bbox 767 2491 963 2544; x_wconf 89' lang='lat' dir='ltr'><strong>dictum</strong></span> <span class='ocrx_word' id='word_1_206' title='bbox 1000 2491 1403 2545; x_wconf 87' lang='lat' dir='ltr'><strong>cst:Suscitabo</strong></span> <span class='ocrx_word' id='word_1_207' title='bbox 1434 2491 1556 2543; x_wconf 87' lang='lat' dir='ltr'><strong>mihi</strong></span> <span class='ocrx_word' id='word_1_208' title='bbox 1588 2491 1915 2546; x_wconf 85' lang='lat' dir='ltr'><strong>sacerdotem</strong></span> <span class='ocrx_word' id='word_1_209' title='bbox 1952 2491 2082 2546; x_wconf 84' lang='lat' dir='ltr'><strong>lide-</strong></span> 
     </span>
    </p>
   </div>
   <div class='ocr_carea' id='block_1_28' title="bbox 513 2582 2084 2652">
    <p class='ocr_par' dir='ltr' id='par_1_28' title="bbox 513 2582 2084 2652">
     <span class='ocr_line' id='line_1_28' title="bbox 513 2582 2084 2652; baseline -0.002 -14"><span class='ocrx_word' id='word_1_210' title='bbox 513 2585 639 2639; x_wconf 86' lang='lat' dir='ltr'><strong>lem.</strong></span> <span class='ocrx_word' id='word_1_211' title='bbox 668 2583 847 2638; x_wconf 78' lang='lat' dir='ltr'><strong>Gratia</strong></span> <span class='ocrx_word' id='word_1_212' title='bbox 872 2583 1007 2637; x_wconf 82' lang='lat' dir='ltr'><strong>vobis</strong></span> <span class='ocrx_word' id='word_1_213' title='bbox 1032 2592 1077 2636; x_wconf 91' lang='lat' dir='ltr'><strong>et</strong></span> <span class='ocrx_word' id='word_1_214' title='bbox 1105 2600 1207 2652; x_wconf 72' lang='lat' dir='ltr'><strong>pax</strong></span> <span class='ocrx_word' id='word_1_215' title='bbox 1230 2601 1261 2635; x_wconf 90' lang='lat' dir='ltr'><strong>a</strong></span> <span class='ocrx_word' id='word_1_216' title='bbox 1291 2583 1393 2636; x_wconf 79' lang='lat' dir='ltr'><strong>Deo</strong></span> <span class='ocrx_word' id='word_1_217' title='bbox 1420 2582 1577 2635; x_wconf 85' lang='lat' dir='ltr'><strong>Patre</strong></span> <span class='ocrx_word' id='word_1_218' title='bbox 1602 2593 1773 2636; x_wconf 85' lang='lat' dir='ltr'><strong>nostra</strong></span> <span class='ocrx_word' id='word_1_219' title='bbox 1796 2592 1838 2636; x_wconf 91' lang='lat' dir='ltr'><strong>et</strong></span> <span class='ocrx_word' id='word_1_220' title='bbox 1866 2582 2084 2635; x_wconf 87' lang='lat' dir='ltr'><strong>Domino</strong></span> 
     </span>
    </p>
   </div>
   <div class='ocr_carea' id='block_1_29' title="bbox 514 2674 2084 2744">
    <p class='ocr_par' dir='ltr' id='par_1_29' title="bbox 514 2674 2084 2744">
     <span class='ocr_line' id='line_1_29' title="bbox 514 2674 2084 2744; baseline 0 -15"><span class='ocrx_word' id='word_1_221' title='bbox 514 2676 641 2731; x_wconf 80' lang='lat' dir='ltr'><strong>Jesu</strong></span> <span class='ocrx_word' id='word_1_222' title='bbox 686 2674 908 2729; x_wconf 88' lang='lat' dir='ltr'><strong>Christo.</strong></span> <span class='ocrx_word' id='word_1_223' title='bbox 939 2674 1237 2729; x_wconf 84' lang='lat' dir='ltr'><strong>Notandum</strong></span> <span class='ocrx_word' id='word_1_224' title='bbox 1270 2676 1391 2743; x_wconf 87' lang='lat' dir='ltr'><strong>quia</strong></span> <span class='ocrx_word' id='word_1_225' title='bbox 1434 2691 1645 2744; x_wconf 80' lang='lat' dir='ltr'><strong>semper</strong></span> <span class='ocrx_word' id='word_1_226' title='bbox 1684 2677 1904 2743; x_wconf 69' lang='lat' dir='ltr'><strong>gratiam</strong></span> <span class='ocrx_word' id='word_1_227' title='bbox 1948 2690 2084 2744; x_wconf 70' lang='lat' dir='ltr'><strong>pra:-</strong></span> 
     </span>
    </p>
   </div>
   <div class='ocr_carea' id='block_1_30' title="bbox 515 2764 2085 2839">
    <p class='ocr_par' dir='ltr' id='par_1_30' title="bbox 515 2764 2085 2839">
     <span class='ocr_line' id='line_1_30' title="bbox 515 2764 2085 2839; baseline 0.001 -20"><span class='ocrx_word' id='word_1_228' title='bbox 515 2767 675 2821; x_wconf 72' lang='lat' dir='ltr'><strong>mittit</strong></span> <span class='ocrx_word' id='word_1_229' title='bbox 703 2781 821 2821; x_wconf 91' lang='lat' dir='ltr'><strong>cum</strong></span> <span class='ocrx_word' id='word_1_230' title='bbox 853 2780 1001 2836; x_wconf 87' lang='lat' dir='ltr'><strong>pace.</strong></span> <span class='ocrx_word' id='word_1_231' title='bbox 1030 2764 1235 2821; x_wconf 79' lang='lat' dir='ltr'><strong>Gratias</strong></span> <span class='ocrx_word' id='word_1_232' title='bbox 1260 2784 1355 2839; x_wconf 85' lang='lat' dir='ltr'><strong>ago</strong></span> <span class='ocrx_word' id='word_1_233' title='bbox 1385 2766 1489 2819; x_wconf 83' lang='lat' dir='ltr'><strong>Deo</strong></span> <span class='ocrx_word' id='word_1_234' title='bbox 1519 2784 1627 2819; x_wconf 75' lang='lat' dir='ltr'><strong>meo</strong></span> <span class='ocrx_word' id='word_1_235' title='bbox 1656 2783 1851 2836; x_wconf 67' lang='lat' dir='ltr'><strong>semper</strong></span> <span class='ocrx_word' id='word_1_236' title='bbox 1878 2782 1971 2836; x_wconf 89' lang='lat' dir='ltr'><strong>pro</strong></span> <span class='ocrx_word' id='word_1_237' title='bbox 2002 2785 2085 2821; x_wconf 76' lang='lat' dir='ltr'><strong>vo-</strong></span> 
     </span>
    </p>
   </div>
   <div class='ocr_carea' id='block_1_31' title="bbox 513 2857 2080 2931">
    <p class='ocr_par' dir='ltr' id='par_1_31' title="bbox 513 2857 2080 2931">
     <span class='ocr_line' id='line_1_31' title="bbox 513 2857 2080 2931; baseline 0 -18"><span class='ocrx_word' id='word_1_238' title='bbox 513 2861 619 2926; x_wconf 89' lang='lat' dir='ltr'><strong>bis,</strong></span> <span class='ocrx_word' id='word_1_239' title='bbox 649 2861 703 2913; x_wconf 89' lang='lat' dir='ltr'><strong>in</strong></span> <span class='ocrx_word' id='word_1_240' title='bbox 731 2861 896 2931; x_wconf 89' lang='lat' dir='ltr'><strong>gratia</strong></span> <span class='ocrx_word' id='word_1_241' title='bbox 927 2857 1051 2926; x_wconf 87' lang='lat' dir='ltr'><strong>Dei,</strong></span> <span class='ocrx_word' id='word_1_242' title='bbox 1079 2876 1191 2929; x_wconf 78' lang='lat' dir='ltr'><strong>qua:</strong></span> <span class='ocrx_word' id='word_1_243' title='bbox 1218 2860 1335 2913; x_wconf 87' lang='lat' dir='ltr'><strong>data</strong></span> <span class='ocrx_word' id='word_1_244' title='bbox 1361 2870 1431 2914; x_wconf 88' lang='lat' dir='ltr'><strong>est</strong></span> <span class='ocrx_word' id='word_1_245' title='bbox 1461 2861 1593 2913; x_wconf 78' lang='lat' dir='ltr'><strong>vobis</strong></span> <span class='ocrx_word' id='word_1_246' title='bbox 1623 2860 1674 2913; x_wconf 90' lang='lat' dir='ltr'><strong>in</strong></span> <span class='ocrx_word' id='word_1_247' title='bbox 1706 2860 1906 2915; x_wconf 86' lang='lat' dir='ltr'><strong>Christo</strong></span> <span class='ocrx_word' id='word_1_248' title='bbox 1933 2860 2080 2914; x_wconf 83' lang='lat' dir='ltr'><strong>Jesu.</strong></span> 
     </span>
    </p>
   </div>
   <div class='ocr_carea' id='block_1_32' title="bbox 519 2950 2088 3020">
    <p class='ocr_par' dir='ltr' id='par_1_32' title="bbox 519 2950 2088 3020">
     <span class='ocr_line' id='line_1_32' title="bbox 519 2950 2088 3020; baseline 0.003 -19"><span class='ocrx_word' id='word_1_249' title='bbox 519 2950 727 3003; x_wconf 74' lang='lat' dir='ltr'><strong>Gratias</strong></span> <span class='ocrx_word' id='word_1_250' title='bbox 755 2950 966 3019; x_wconf 87' lang='lat' dir='ltr'><strong>quidem</strong></span> <span class='ocrx_word' id='word_1_251' title='bbox 999 2964 1094 3019; x_wconf 70' lang='lat' dir='ltr'><strong>ago</strong></span> <span class='ocrx_word' id='word_1_252' title='bbox 1121 2950 1259 3020; x_wconf 88' lang='lat' dir='ltr'><strong>quod</strong></span> <span class='ocrx_word' id='word_1_253' title='bbox 1289 2950 1493 3004; x_wconf 80' lang='lat' dir='ltr'><strong>habetis</strong></span> <span class='ocrx_word' id='word_1_254' title='bbox 1520 2952 1823 3015; x_wconf 82' lang='lat' dir='ltr'><strong>scientiam,</strong></span> <span class='ocrx_word' id='word_1_255' title='bbox 1849 2952 1940 3007; x_wconf 91' lang='lat' dir='ltr'><strong>sed</strong></span> <span class='ocrx_word' id='word_1_256' title='bbox 1969 2953 2088 3006; x_wconf 87' lang='lat' dir='ltr'><strong>volo</strong></span> 
     </span>
    </p>
   </div>
   <div class='ocr_carea' id='block_1_33' title="bbox 518 3041 2088 3111">
    <p class='ocr_par' dir='ltr' id='par_1_33' title="bbox 518 3041 2088 3111">
     <span class='ocr_line' id='line_1_33' title="bbox 518 3041 2088 3111; baseline 0.001 -17"><span class='ocrx_word' id='word_1_257' title='bbox 518 3055 611 3094; x_wconf 90' lang='lat' dir='ltr'><strong>vos</strong></span> <span class='ocrx_word' id='word_1_258' title='bbox 637 3041 773 3095; x_wconf 86' lang='lat' dir='ltr'><strong>scire</strong></span> <span class='ocrx_word' id='word_1_259' title='bbox 802 3057 919 3110; x_wconf 70' lang='lat' dir='ltr'><strong>qua)</strong></span> <span class='ocrx_word' id='word_1_260' title='bbox 945 3042 1014 3095; x_wconf 92' lang='lat' dir='ltr'><strong>sit</strong></span> <span class='ocrx_word' id='word_1_261' title='bbox 1040 3042 1285 3105; x_wconf 88' lang='lat' dir='ltr'><strong>scientia,</strong></span> <span class='ocrx_word' id='word_1_262' title='bbox 1316 3058 1431 3111; x_wconf 79' lang='lat' dir='ltr'><strong>qure</strong></span> <span class='ocrx_word' id='word_1_263' title='bbox 1454 3043 1742 3096; x_wconf 79' lang='lat' dir='ltr'><strong>concordat</strong></span> <span class='ocrx_word' id='word_1_264' title='bbox 1764 3044 1814 3097; x_wconf 91' lang='lat' dir='ltr'><strong>in</strong></span> <span class='ocrx_word' id='word_1_265' title='bbox 1843 3043 2088 3096; x_wconf 90' lang='lat' dir='ltr'><strong>omnibus</strong></span> 
     </span>
    </p>
   </div>
   <div class='ocr_carea' id='block_1_34' title="bbox 517 3129 2161 3217">
    <p class='ocr_par' dir='ltr' id='par_1_34' title="bbox 517 3129 2161 3217">
     <span class='ocr_line' id='line_1_34' title="bbox 517 3129 2161 3217; baseline 0.001 -31"><span class='ocrx_word' id='word_1_266' title='bbox 517 3132 795 3188; x_wconf 74' lang='lat' dir='ltr'><strong>catholica:</strong></span> <span class='ocrx_word' id='word_1_267' title='bbox 824 3133 968 3187; x_wconf 82' lang='lat' dir='ltr'><strong>ﬁdei.</strong></span> <span class='ocrx_word' id='word_1_268' title='bbox 1003 3129 1068 3188; x_wconf 86' lang='lat' dir='ltr'><strong>Ut</strong></span> <span class='ocrx_word' id='word_1_269' title='bbox 1100 3136 1264 3199; x_wconf 81' lang='lat' dir='ltr'><strong>solet,</strong></span> <span class='ocrx_word' id='word_1_270' title='bbox 1306 3135 1531 3202; x_wconf 84' lang='lat' dir='ltr'><strong>primum</strong></span> <span class='ocrx_word' id='word_1_271' title='bbox 1566 3143 1834 3201; x_wconf 83' lang='lat' dir='ltr'><strong>provocat.</strong></span> <span class='ocrx_word' id='word_1_272' title='bbox 1872 3135 2004 3200; x_wconf 85' lang='lat' dir='ltr'><strong>Quia</strong></span> <span class='ocrx_word' id='word_1_273' title='bbox 2035 3136 2085 3187; x_wconf 85' lang='lat' dir='ltr'><strong>in</strong></span> <span class='ocrx_word' id='word_1_274' title='bbox 2116 3153 2161 3217; x_wconf 71' lang='grc' dir='ltr'><strong>ρ</strong></span> 
     </span>
    </p>
   </div>
   <div class='ocr_carea' id='block_1_35' title="bbox 518 3224 2087 3297">
    <p class='ocr_par' dir='ltr' id='par_1_35' title="bbox 518 3224 2087 3297">
     <span class='ocr_line' id='line_1_35' title="bbox 518 3224 2087 3297; baseline 0.001 -18"><span class='ocrx_word' id='word_1_275' title='bbox 518 3226 750 3279; x_wconf 88' lang='lat' dir='ltr'><strong>omnibus</strong></span> <span class='ocrx_word' id='word_1_276' title='bbox 780 3224 959 3280; x_wconf 79' lang='lat' dir='ltr'><strong>dit-ites</strong></span> <span class='ocrx_word' id='word_1_277' title='bbox 991 3228 1114 3297; x_wconf 77' lang='lat' dir='ltr'><strong>facti</strong></span> <span class='ocrx_word' id='word_1_278' title='bbox 1154 3228 1271 3281; x_wconf 89' lang='lat' dir='ltr'><strong>estis</strong></span> <span class='ocrx_word' id='word_1_279' title='bbox 1308 3228 1359 3280; x_wconf 90' lang='lat' dir='ltr'><strong>in</strong></span> <span class='ocrx_word' id='word_1_280' title='bbox 1392 3227 1502 3282; x_wconf 86' lang='lat' dir='ltr'><strong>illo.</strong></span> <span class='ocrx_word' id='word_1_281' title='bbox 1535 3227 1588 3281; x_wconf 84' lang='lat' dir='ltr'><strong>in</strong></span> <span class='ocrx_word' id='word_1_282' title='bbox 1620 3228 1865 3282; x_wconf 89' lang='lat' dir='ltr'><strong>omnibus</strong></span> <span class='ocrx_word' id='word_1_283' title='bbox 1894 3228 2087 3281; x_wconf 82' lang='lat' dir='ltr'><strong>doctri-</strong></span> 
     </span>
    </p>
   </div>
   <div class='ocr_carea' id='block_1_36' title="bbox 518 3319 2089 3390">
    <p class='ocr_par' dir='ltr' id='par_1_36' title="bbox 518 3319 2089 3390">
     <span class='ocr_line' id='line_1_36' title="bbox 518 3319 2089 3390; baseline 0.001 -18"><span class='ocrx_word' id='word_1_284' title='bbox 518 3320 601 3373; x_wconf 89' lang='lat' dir='ltr'><strong>nis</strong></span> <span class='ocrx_word' id='word_1_285' title='bbox 626 3319 766 3372; x_wconf 92' lang='lat' dir='ltr'><strong>dono</strong></span> <span class='ocrx_word' id='word_1_286' title='bbox 800 3319 889 3373; x_wconf 87' lang='lat' dir='ltr'><strong>Dei</strong></span> <span class='ocrx_word' id='word_1_287' title='bbox 920 3334 1013 3389; x_wconf 85' lang='lat' dir='ltr'><strong>per</strong></span> <span class='ocrx_word' id='word_1_288' title='bbox 1040 3321 1384 3388; x_wconf 79' lang='lat' dir='ltr'><strong>sapientiam,</strong></span> <span class='ocrx_word' id='word_1_289' title='bbox 1418 3336 1534 3390; x_wconf 67' lang='lat' dir='ltr'><strong>qua:</strong></span> <span class='ocrx_word' id='word_1_290' title='bbox 1565 3320 1849 3390; x_wconf 84' lang='lat' dir='ltr'><strong>prOphetas</strong></span> <span class='ocrx_word' id='word_1_291' title='bbox 1876 3329 1928 3375; x_wconf 89' lang='lat' dir='ltr'><strong>et</strong></span> <span class='ocrx_word' id='word_1_292' title='bbox 1958 3322 2089 3375; x_wconf 84' lang='lat' dir='ltr'><strong>ami-</strong></span> 
     </span>
    </p>
   </div>
   <div class='ocr_carea' id='block_1_37' title="bbox 518 3409 2105 3478">
    <p class='ocr_par' dir='ltr' id='par_1_37' title="bbox 518 3409 2105 3478">
     <span class='ocr_line' id='line_1_37' title="bbox 518 3409 2105 3478; baseline 0.002 -15"><span class='ocrx_word' id='word_1_293' title='bbox 518 3424 610 3463; x_wconf 89' lang='lat' dir='ltr'><strong>cos</strong></span> <span class='ocrx_word' id='word_1_294' title='bbox 641 3410 729 3463; x_wconf 90' lang='lat' dir='ltr'><strong>Dei</strong></span> <span class='ocrx_word' id='word_1_295' title='bbox 761 3410 1054 3466; x_wconf 85' lang='lat' dir='ltr'><strong>constituit.</strong></span> <span class='ocrx_word' id='word_1_296' title='bbox 1084 3409 1148 3464; x_wconf 82' lang='lat' dir='ltr'><strong>In</strong></span> <span class='ocrx_word' id='word_1_297' title='bbox 1172 3414 1310 3465; x_wconf 89' lang='lat' dir='ltr'><strong>omni</strong></span> <span class='ocrx_word' id='word_1_298' title='bbox 1338 3414 1501 3478; x_wconf 83' lang='lat' dir='ltr'><strong>verbo,</strong></span> <span class='ocrx_word' id='word_1_299' title='bbox 1536 3424 1579 3465; x_wconf 89' lang='lat' dir='ltr'><strong>et</strong></span> <span class='ocrx_word' id='word_1_300' title='bbox 1606 3414 1658 3466; x_wconf 89' lang='lat' dir='ltr'><strong>in</strong></span> <span class='ocrx_word' id='word_1_301' title='bbox 1688 3415 1824 3465; x_wconf 90' lang='lat' dir='ltr'><strong>omni</strong></span> <span class='ocrx_word' id='word_1_302' title='bbox 1854 3415 2105 3467; x_wconf 55' lang='lat' dir='ltr'><strong>scientia.</strong></span> 
     </span>
    </p>
   </div>
   <div class='ocr_carea' id='block_1_38' title="bbox 519 3500 2088 3571">
    <p class='ocr_par' dir='ltr' id='par_1_38' title="bbox 519 3500 2088 3571">
     <span class='ocr_line' id='line_1_38' title="bbox 519 3500 2088 3571; baseline 0.001 -16"><span class='ocrx_word' id='word_1_303' title='bbox 519 3500 650 3555; x_wconf 84' lang='lat' dir='ltr'><strong>Tam</strong></span> <span class='ocrx_word' id='word_1_304' title='bbox 682 3501 889 3557; x_wconf 82' lang='lat' dir='ltr'><strong>Veteris</strong></span> <span class='ocrx_word' id='word_1_305' title='bbox 919 3502 1241 3557; x_wconf 80' lang='lat' dir='ltr'><strong>Testamenti</strong></span> <span class='ocrx_word' id='word_1_306' title='bbox 1289 3520 1444 3571; x_wconf 89' lang='lat' dir='ltr'><strong>quam</strong></span> <span class='ocrx_word' id='word_1_307' title='bbox 1477 3503 1628 3557; x_wconf 81' lang='lat' dir='ltr'><strong>Novi.</strong></span> <span class='ocrx_word' id='word_1_308' title='bbox 1673 3504 1820 3557; x_wconf 85' lang='lat' dir='ltr'><strong>Sicut</strong></span> <span class='ocrx_word' id='word_1_309' title='bbox 1860 3506 2088 3556; x_wconf 83' lang='lat' dir='ltr'><strong>tes‘imo-</strong></span> 
     </span>
    </p>
   </div>
   <div class='ocr_carea' id='block_1_39' title="bbox 519 3590 2090 3657">
    <p class='ocr_par' dir='ltr' id='par_1_39' title="bbox 519 3590 2090 3657">
     <span class='ocr_line' id='line_1_39' title="bbox 519 3590 2090 3657; baseline 0.002 -12"><span class='ocrx_word' id='word_1_310' title='bbox 519 3594 661 3645; x_wconf 82' lang='lat' dir='ltr'><strong>nium</strong></span> <span class='ocrx_word' id='word_1_311' title='bbox 701 3590 888 3646; x_wconf 85' lang='lat' dir='ltr'><strong>Christi</strong></span> <span class='ocrx_word' id='word_1_312' title='bbox 926 3594 1279 3657; x_wconf 81' lang='lat' dir='ltr'><strong>conﬁrmatum</strong></span> <span class='ocrx_word' id='word_1_313' title='bbox 1322 3602 1394 3646; x_wconf 88' lang='lat' dir='ltr'><strong>est</strong></span> <span class='ocrx_word' id='word_1_314' title='bbox 1434 3596 1484 3645; x_wconf 88' lang='lat' dir='ltr'><strong>in</strong></span> <span class='ocrx_word' id='word_1_315' title='bbox 1513 3594 1671 3647; x_wconf 86' lang='lat' dir='ltr'><strong>vobis.</strong></span> <span class='ocrx_word' id='word_1_316' title='bbox 1703 3594 2090 3648; x_wconf 82' lang='lat' dir='ltr'><strong>Testimonium</strong></span> 
     </span>
    </p>
   </div>
   <div class='ocr_carea' id='block_1_40' title="bbox 522 3681 2091 3750">
    <p class='ocr_par' dir='ltr' id='par_1_40' title="bbox 522 3681 2091 3750">
     <span class='ocr_line' id='line_1_40' title="bbox 522 3681 2091 3750; baseline 0.004 -16"><span class='ocrx_word' id='word_1_317' title='bbox 522 3681 720 3735; x_wconf 81' lang='lat' dir='ltr'><strong>Christi</strong></span> <span class='ocrx_word' id='word_1_318' title='bbox 766 3682 902 3750; x_wconf 87' lang='lat' dir='ltr'><strong>quod</strong></span> <span class='ocrx_word' id='word_1_319' title='bbox 944 3682 1104 3743; x_wconf 77' lang='lat' dir='ltr'><strong>dixit,</strong></span> <span class='ocrx_word' id='word_1_320' title='bbox 1138 3684 1323 3736; x_wconf 83' lang='lat' dir='ltr'><strong>Omnis</strong></span> <span class='ocrx_word' id='word_1_321' title='bbox 1350 3684 1521 3736; x_wconf 88' lang='lat' dir='ltr'><strong>scriba</strong></span> <span class='ocrx_word' id='word_1_322' title='bbox 1564 3684 1750 3737; x_wconf 90' lang='lat' dir='ltr'><strong>doetus</strong></span> <span class='ocrx_word' id='word_1_323' title='bbox 1790 3684 1978 3739; x_wconf 85' lang='lat' dir='ltr'><strong>similis</strong></span> <span class='ocrx_word' id='word_1_324' title='bbox 2009 3696 2091 3740; x_wconf 87' lang='lat' dir='ltr'><strong>est</strong></span> 
     </span>
    </p>
   </div>
   <div class='ocr_carea' id='block_1_41' title="bbox 524 3768 2089 3839">
    <p class='ocr_par' dir='ltr' id='par_1_41' title="bbox 524 3768 2089 3839">
     <span class='ocr_line' id='line_1_41' title="bbox 524 3768 2089 3839; baseline 0.005 -17"><span class='ocrx_word' id='word_1_325' title='bbox 524 3769 727 3822; x_wconf 79' lang='lat' dir='ltr'><strong>homini</strong></span> <span class='ocrx_word' id='word_1_326' title='bbox 750 3768 1133 3837; x_wconf 80' lang='lat' dir='ltr'><strong>patrifamilias.</strong></span> <span class='ocrx_word' id='word_1_327' title='bbox 1157 3770 1242 3837; x_wconf 91' lang='lat' dir='ltr'><strong>qui</strong></span> <span class='ocrx_word' id='word_1_328' title='bbox 1269 3771 1465 3839; x_wconf 83' lang='lat' dir='ltr'><strong>profert</strong></span> <span class='ocrx_word' id='word_1_329' title='bbox 1488 3772 1554 3825; x_wconf 88' lang='lat' dir='ltr'><strong>de</strong></span> <span class='ocrx_word' id='word_1_330' title='bbox 1579 3772 1825 3827; x_wconf 83' lang='lat' dir='ltr'><strong>thesauro</strong></span> <span class='ocrx_word' id='word_1_331' title='bbox 1842 3789 1940 3829; x_wconf 91' lang='lat' dir='ltr'><strong>suo</strong></span> <span class='ocrx_word' id='word_1_332' title='bbox 1956 3789 2089 3831; x_wconf 86' lang='lat' dir='ltr'><strong>nova</strong></span> 
     </span>
    </p>
   </div>
   <div class='ocr_carea' id='block_1_42' title="bbox 524 3859 2092 3934">
    <p class='ocr_par' dir='ltr' id='par_1_42' title="bbox 524 3859 2092 3934">
     <span class='ocr_line' id='line_1_42' title="bbox 524 3859 2092 3934; baseline 0.004 -20"><span class='ocrx_word' id='word_1_333' title='bbox 524 3868 580 3914; x_wconf 87' lang='lat' dir='ltr'><strong>et</strong></span> <span class='ocrx_word' id='word_1_334' title='bbox 608 3872 809 3914; x_wconf 84' lang='lat' dir='ltr'><strong>vetera.</strong></span> <span class='ocrx_word' id='word_1_335' title='bbox 838 3859 925 3914; x_wconf 84' lang='lat' dir='ltr'><strong>Ita</strong></span> <span class='ocrx_word' id='word_1_336' title='bbox 954 3872 1007 3913; x_wconf 89' lang='lat' dir='ltr'><strong>ut</strong></span> <span class='ocrx_word' id='word_1_337' title='bbox 1038 3861 1166 3914; x_wconf 82' lang='lat' dir='ltr'><strong>nihil</strong></span> <span class='ocrx_word' id='word_1_338' title='bbox 1195 3861 1322 3915; x_wconf 67' lang='lat' dir='ltr'><strong>desit</strong></span> <span class='ocrx_word' id='word_1_339' title='bbox 1352 3864 1404 3915; x_wconf 89' lang='lat' dir='ltr'><strong>in</strong></span> <span class='ocrx_word' id='word_1_340' title='bbox 1432 3862 1541 3916; x_wconf 85' lang='lat' dir='ltr'><strong>ulla</strong></span> <span class='ocrx_word' id='word_1_341' title='bbox 1572 3867 1758 3934; x_wconf 88' lang='lat' dir='ltr'><strong>gratia.</strong></span> <span class='ocrx_word' id='word_1_342' title='bbox 1791 3865 1937 3920; x_wconf 88' lang='lat' dir='ltr'><strong>Sicut</strong></span> <span class='ocrx_word' id='word_1_343' title='bbox 1966 3866 2092 3920; x_wconf 89' lang='lat' dir='ltr'><strong>dicit</strong></span> 
     </span>
    </p>
   </div>
   <div class='ocr_carea' id='block_1_43' title="bbox 522 3952 2089 4019">
    <p class='ocr_par' dir='ltr' id='par_1_43' title="bbox 522 3952 2089 4019">
     <span class='ocr_line' id='line_1_43' title="bbox 522 3952 2089 4019; baseline 0.001 -10"><span class='ocrx_word' id='word_1_344' title='bbox 522 3952 804 4019; x_wconf 81' lang='lat' dir='ltr'><strong>Salomon,</strong></span> <span class='ocrx_word' id='word_1_345' title='bbox 836 3953 1108 4008; x_wconf 80' lang='lat' dir='ltr'><strong>Venerunt</strong></span> <span class='ocrx_word' id='word_1_346' title='bbox 1138 3954 1268 4008; x_wconf 89' lang='lat' dir='ltr'><strong>mihi</strong></span> <span class='ocrx_word' id='word_1_347' title='bbox 1313 3957 1487 4009; x_wconf 90' lang='lat' dir='ltr'><strong>omnia</strong></span> <span class='ocrx_word' id='word_1_348' title='bbox 1531 3956 1686 4010; x_wconf 90' lang='lat' dir='ltr'><strong>simul</strong></span> <span class='ocrx_word' id='word_1_349' title='bbox 1726 3972 1845 4011; x_wconf 89' lang='lat' dir='ltr'><strong>eum</strong></span> <span class='ocrx_word' id='word_1_350' title='bbox 1889 3973 1948 4012; x_wconf 90' lang='lat' dir='ltr'><strong>ea</strong></span> <span class='ocrx_word' id='word_1_351' title='bbox 1994 3975 2006 4011; x_wconf 93' lang='lat'><strong>:</strong></span> <span class='ocrx_word' id='word_1_352' title='bbox 2040 3961 2089 4011; x_wconf 88' lang='lat' dir='ltr'><strong>id</strong></span> 
     </span>
    </p>
   </div>
   <div class='ocr_carea' id='block_1_44' title="bbox 523 4043 2088 4114">
    <p class='ocr_par' dir='ltr' id='par_1_44' title="bbox 523 4043 2088 4114">
     <span class='ocr_line' id='line_1_44' title="bbox 523 4043 2088 4114; baseline 0.004 -19"><span class='ocrx_word' id='word_1_353' title='bbox 523 4051 636 4108; x_wconf 84' lang='lat' dir='ltr'><strong>est,</strong></span> <span class='ocrx_word' id='word_1_354' title='bbox 670 4056 787 4096; x_wconf 85' lang='lat' dir='ltr'><strong>cum</strong></span> <span class='ocrx_word' id='word_1_355' title='bbox 833 4043 1113 4111; x_wconf 88' lang='lat' dir='ltr'><strong>sapientia.</strong></span> <span class='ocrx_word' id='word_1_356' title='bbox 1150 4043 1571 4114; x_wconf 76' lang='lat' dir='ltr'><strong>Exspectantibus</strong></span> <span class='ocrx_word' id='word_1_357' title='bbox 1601 4047 1953 4101; x_wconf 63' lang='lat' dir='ltr'><strong>reuelationem</strong></span> <span class='ocrx_word' id='word_1_358' title='bbox 1982 4045 2088 4101; x_wconf 88' lang='lat' dir='ltr'><strong>Do-</strong></span> 
     </span>
    </p>
   </div>
   <div class='ocr_carea' id='block_1_45' title="bbox 525 4132 2090 4206">
    <p class='ocr_par' dir='ltr' id='par_1_45' title="bbox 525 4132 2090 4206">
     <span class='ocr_line' id='line_1_45' title="bbox 525 4132 2090 4206; baseline 0.006 -23"><span class='ocrx_word' id='word_1_359' title='bbox 525 4132 648 4189; x_wconf 85' lang='lat' dir='ltr'><strong>mini</strong></span> <span class='ocrx_word' id='word_1_360' title='bbox 696 4134 853 4187; x_wconf 89' lang='lat' dir='ltr'><strong>nostri</strong></span> <span class='ocrx_word' id='word_1_361' title='bbox 895 4132 1020 4187; x_wconf 78' lang='lat' dir='ltr'><strong>Iesu</strong></span> <span class='ocrx_word' id='word_1_362' title='bbox 1067 4133 1275 4189; x_wconf 61' lang='lat' dir='ltr'><strong>Christi.</strong></span> <span class='ocrx_word' id='word_1_363' title='bbox 1321 4136 1419 4203; x_wconf 86' lang='lat' dir='ltr'><strong>Qui</strong></span> <span class='ocrx_word' id='word_1_364' title='bbox 1452 4151 1591 4192; x_wconf 91' lang='lat' dir='ltr'><strong>nunc</strong></span> <span class='ocrx_word' id='word_1_365' title='bbox 1622 4147 1867 4206; x_wconf 87' lang='lat' dir='ltr'><strong>tanquam</strong></span> <span class='ocrx_word' id='word_1_366' title='bbox 1898 4139 2090 4194; x_wconf 84' lang='lat' dir='ltr'><strong>absens</strong></span> 
     </span>
    </p>
   </div>
   <div class='ocr_carea' id='block_1_46' title="bbox 525 4227 2088 4299">
    <p class='ocr_par' dir='ltr' id='par_1_46' title="bbox 525 4227 2088 4299">
     <span class='ocr_line' id='line_1_46' title="bbox 525 4227 2088 4299; baseline 0.003 -19"><span class='ocrx_word' id='word_1_367' title='bbox 525 4241 629 4280; x_wconf 91' lang='lat' dir='ltr'><strong>non</strong></span> <span class='ocrx_word' id='word_1_368' title='bbox 661 4227 888 4282; x_wconf 84' lang='lat' dir='ltr'><strong>videtur.</strong></span> <span class='ocrx_word' id='word_1_369' title='bbox 920 4227 1021 4292; x_wconf 82' lang='lat' dir='ltr'><strong>Qui</strong></span> <span class='ocrx_word' id='word_1_370' title='bbox 1066 4237 1111 4280; x_wconf 87' lang='lat' dir='ltr'><strong>et</strong></span> <span class='ocrx_word' id='word_1_371' title='bbox 1156 4229 1475 4296; x_wconf 77' lang='lat' dir='ltr'><strong>conﬁrmabit</strong></span> <span class='ocrx_word' id='word_1_372' title='bbox 1520 4246 1606 4284; x_wconf 79' lang='lat' dir='ltr'><strong>vos</strong></span> <span class='ocrx_word' id='word_1_373' title='bbox 1641 4247 1797 4299; x_wconf 88' lang='lat' dir='ltr'><strong>usque</strong></span> <span class='ocrx_word' id='word_1_374' title='bbox 1841 4236 1907 4282; x_wconf 79' lang='lat' dir='ltr'><strong>ad</strong></span> <span class='ocrx_word' id='word_1_375' title='bbox 1936 4232 2088 4299; x_wconf 80' lang='lat' dir='ltr'><strong>finem</strong></span> 
     </span>
    </p>
   </div>
   <div class='ocr_carea' id='block_1_47' title="bbox 522 4320 2088 4378">
    <p class='ocr_par' dir='ltr' id='par_1_47' title="bbox 522 4320 2088 4378">
     <span class='ocr_line' id='line_1_47' title="bbox 522 4320 2088 4378; baseline 0.004 -7"><span class='ocrx_word' id='word_1_376' title='bbox 522 4320 631 4372; x_wconf 84' lang='lat' dir='ltr'><strong>sine</strong></span> <span class='ocrx_word' id='word_1_377' title='bbox 657 4320 862 4373; x_wconf 85' lang='lat' dir='ltr'><strong>crimine</strong></span> <span class='ocrx_word' id='word_1_378' title='bbox 885 4321 935 4373; x_wconf 86' lang='lat' dir='ltr'><strong>in</strong></span> <span class='ocrx_word' id='word_1_379' title='bbox 965 4320 1047 4372; x_wconf 84' lang='lat' dir='ltr'><strong>die</strong></span> <span class='ocrx_word' id='word_1_380' title='bbox 1065 4321 1224 4373; x_wconf 77' lang='lat' dir='ltr'><strong>adven</strong></span> <span class='ocrx_word' id='word_1_381' title='bbox 1247 4339 1305 4375; x_wconf 88' lang='lat' dir='ltr'><strong>us</strong></span> <span class='ocrx_word' id='word_1_382' title='bbox 1331 4320 1535 4375; x_wconf 87' lang='lat' dir='ltr'><strong>Domini</strong></span> <span class='ocrx_word' id='word_1_383' title='bbox 1556 4323 1713 4376; x_wconf 86' lang='lat' dir='ltr'><strong>nostri</strong></span> <span class='ocrx_word' id='word_1_384' title='bbox 1733 4321 1857 4375; x_wconf 83' lang='lat' dir='ltr'><strong>Jesu</strong></span> <span class='ocrx_word' id='word_1_385' title='bbox 1882 4322 2088 4378; x_wconf 81' lang='lat' dir='ltr'><strong>Christi.</strong></span> 
     </span>
    </p>
   </div>
   <div class='ocr_carea' id='block_1_48' title="bbox 522 4413 2092 4481">
    <p class='ocr_par' dir='ltr' id='par_1_48' title="bbox 522 4413 2092 4481">
     <span class='ocr_line' id='line_1_48' title="bbox 522 4413 2092 4481; baseline -0.001 -10"><span class='ocrx_word' id='word_1_386' title='bbox 522 4413 670 4471; x_wconf 82' lang='lat' dir='ltr'><strong>Sicut</strong></span> <span class='ocrx_word' id='word_1_387' title='bbox 697 4413 771 4467; x_wconf 91' lang='lat' dir='ltr'><strong>ait</strong></span> <span class='ocrx_word' id='word_1_388' title='bbox 800 4414 1095 4481; x_wconf 79' lang='lat' dir='ltr'><strong>PrOpheta,</strong></span> <span class='ocrx_word' id='word_1_389' title='bbox 1128 4415 1396 4470; x_wconf 85' lang='lat' dir='ltr'><strong>Conlirma</strong></span> <span class='ocrx_word' id='word_1_390' title='bbox 1428 4432 1513 4469; x_wconf 90' lang='lat' dir='ltr'><strong>me</strong></span> <span class='ocrx_word' id='word_1_391' title='bbox 1558 4416 1611 4471; x_wconf 92' lang='lat' dir='ltr'><strong>in</strong></span> <span class='ocrx_word' id='word_1_392' title='bbox 1658 4418 1833 4471; x_wconf 85' lang='lat' dir='ltr'><strong>verbis</strong></span> <span class='ocrx_word' id='word_1_393' title='bbox 1874 4418 2002 4479; x_wconf 69' lang='lat' dir='ltr'><strong>tuis,</strong></span> <span class='ocrx_word' id='word_1_394' title='bbox 2037 4424 2092 4469; x_wconf 88' lang='lat' dir='ltr'><strong>et</strong></span> 
     </span>
    </p>
   </div>
   <div class='ocr_carea' id='block_1_49' title="bbox 529 4505 2092 4578">
    <p class='ocr_par' dir='ltr' id='par_1_49' title="bbox 529 4505 2092 4578">
     <span class='ocr_line' id='line_1_49' title="bbox 529 4505 2092 4578; baseline 0.004 -21"><span class='ocrx_word' id='word_1_395' title='bbox 529 4505 684 4566; x_wconf 79' lang='lat' dir='ltr'><strong>illud,</strong></span> <span class='ocrx_word' id='word_1_396' title='bbox 719 4505 825 4559; x_wconf 75' lang='lat' dir='ltr'><strong>Pax</strong></span> <span class='ocrx_word' id='word_1_397' title='bbox 874 4508 1035 4561; x_wconf 90' lang='lat' dir='ltr'><strong>multa</strong></span> <span class='ocrx_word' id='word_1_398' title='bbox 1084 4509 1425 4576; x_wconf 82' lang='lat' dir='ltr'><strong>diligentibus</strong></span> <span class='ocrx_word' id='word_1_399' title='bbox 1468 4526 1659 4565; x_wconf 82' lang='lat' dir='ltr'><strong>nomen</strong></span> <span class='ocrx_word' id='word_1_400' title='bbox 1694 4522 1872 4578; x_wconf 91' lang='lat' dir='ltr'><strong>tuum,</strong></span> <span class='ocrx_word' id='word_1_401' title='bbox 1907 4522 1961 4565; x_wconf 90' lang='lat' dir='ltr'><strong>et</strong></span> <span class='ocrx_word' id='word_1_402' title='bbox 1987 4527 2092 4564; x_wconf 84' lang='lat' dir='ltr'><strong>non</strong></span> 
     </span>
    </p>
   </div>
   <div class='ocr_carea' id='block_1_50' title="bbox 2177 524 3745 593">
    <p class='ocr_par' dir='ltr' id='par_1_50' title="bbox 2177 524 3745 593">
     <span class='ocr_line' id='line_1_50' title="bbox 2177 524 3745 593; baseline 0.003 -19"><span class='ocrx_word' id='word_1_403' title='bbox 2177 534 2224 575; x_wconf 88' lang='lat' dir='ltr'><strong>te</strong></span> <span class='ocrx_word' id='word_1_404' title='bbox 2260 526 2350 577; x_wconf 89' lang='lat' dir='ltr'><strong>tia.</strong></span> <span class='ocrx_word' id='word_1_405' title='bbox 2381 524 2434 578; x_wconf 89' lang='lat' dir='ltr'><strong>Si</strong></span> <span class='ocrx_word' id='word_1_406' title='bbox 2474 539 2637 577; x_wconf 90' lang='lat' dir='ltr'><strong>unum</strong></span> <span class='ocrx_word' id='word_1_407' title='bbox 2666 533 2721 579; x_wconf 90' lang='lat' dir='ltr'><strong>et</strong></span> <span class='ocrx_word' id='word_1_408' title='bbox 2750 525 2988 577; x_wconf 71' lang='lat' dir='ltr'><strong>scn:iatis</strong></span> <span class='ocrx_word' id='word_1_409' title='bbox 3014 533 3068 578; x_wconf 87' lang='lat' dir='ltr'><strong>et</strong></span> <span class='ocrx_word' id='word_1_410' title='bbox 3106 524 3385 592; x_wconf 82' lang='lat' dir='ltr'><strong>proferatis</strong></span> <span class='ocrx_word' id='word_1_411' title='bbox 3406 567 3421 591; x_wconf 89' lang='lat'><strong>,</strong></span> <span class='ocrx_word' id='word_1_412' title='bbox 3455 534 3579 579; x_wconf 89' lang='lat' dir='ltr'><strong>tunc</strong></span> <span class='ocrx_word' id='word_1_413' title='bbox 3602 536 3745 593; x_wconf 49' lang='lat' dir='ltr'><strong>plne.</strong></span> 
     </span>
    </p>
   </div>
   <div class='ocr_carea' id='block_1_51' title="bbox 2179 616 3745 687">
    <p class='ocr_par' dir='ltr' id='par_1_51' title="bbox 2179 616 3745 687">
     <span class='ocr_line' id='line_1_51' title="bbox 2179 616 3745 687; baseline 0.002 -18"><span class='ocrx_word' id='word_1_414' title='bbox 2179 616 2294 670; x_wconf 86' lang='lat' dir='ltr'><strong>ritis</strong></span> <span class='ocrx_word' id='word_1_415' title='bbox 2316 632 2434 671; x_wconf 88' lang='lat' dir='ltr'><strong>esse</strong></span> <span class='ocrx_word' id='word_1_416' title='bbox 2459 616 2700 684; x_wconf 70' lang='lat' dir='ltr'><strong>perfecti.</strong></span> <span class='ocrx_word' id='word_1_417' title='bbox 2728 616 3084 687; x_wconf 81' lang='lat' dir='ltr'><strong>Signi/iculum</strong></span> <span class='ocrx_word' id='word_1_418' title='bbox 3106 627 3176 671; x_wconf 84' lang='lat' dir='ltr'><strong>est</strong></span> <span class='ocrx_word' id='word_1_419' title='bbox 3198 618 3328 670; x_wconf 89' lang='lat' dir='ltr'><strong>enim</strong></span> <span class='ocrx_word' id='word_1_420' title='bbox 3351 620 3475 671; x_wconf 82' lang='lat' dir='ltr'><strong>mihi</strong></span> <span class='ocrx_word' id='word_1_421' title='bbox 3497 620 3558 671; x_wconf 85' lang='lat' dir='ltr'><strong>de</strong></span> <span class='ocrx_word' id='word_1_422' title='bbox 3581 621 3745 684; x_wconf 66' lang='lat' dir='ltr'><strong>vobis,</strong></span> 
     </span>
    </p>
   </div>
   <div class='ocr_carea' id='block_1_52' title="bbox 2181 708 3747 778">
    <p class='ocr_par' dir='ltr' id='par_1_52' title="bbox 2181 708 3747 778">
     <span class='ocr_line' id='line_1_52' title="bbox 2181 708 3747 778; baseline 0.004 -19"><span class='ocrx_word' id='word_1_423' title='bbox 2181 711 2363 774; x_wconf 78' lang='lat' dir='ltr'><strong>fratres</strong></span> <span class='ocrx_word' id='word_1_424' title='bbox 2389 709 2515 774; x_wconf 89' lang='lat' dir='ltr'><strong>mei,</strong></span> <span class='ocrx_word' id='word_1_425' title='bbox 2545 708 2607 761; x_wconf 85' lang='lat' dir='ltr'><strong>ab</strong></span> <span class='ocrx_word' id='word_1_426' title='bbox 2639 709 2717 762; x_wconf 88' lang='lat' dir='ltr'><strong>his</strong></span> <span class='ocrx_word' id='word_1_427' title='bbox 2744 711 2833 777; x_wconf 88' lang='lat' dir='ltr'><strong>qui</strong></span> <span class='ocrx_word' id='word_1_428' title='bbox 2859 718 2972 762; x_wconf 86' lang='lat' dir='ltr'><strong>sunt</strong></span> <span class='ocrx_word' id='word_1_429' title='bbox 3018 710 3230 773; x_wconf 86' lang='lat' dir='ltr'><strong>Chloes,</strong></span> <span class='ocrx_word' id='word_1_430' title='bbox 3263 712 3379 778; x_wconf 81' lang='lat' dir='ltr'><strong>quia</strong></span> <span class='ocrx_word' id='word_1_431' title='bbox 3409 712 3747 766; x_wconf 79' lang='lat' dir='ltr'><strong>contentiones</strong></span> 
     </span>
    </p>
   </div>
   <div class='ocr_carea' id='block_1_53' title="bbox 2178 796 3746 865">
    <p class='ocr_par' dir='ltr' id='par_1_53' title="bbox 2178 796 3746 865">
     <span class='ocr_line' id='line_1_53' title="bbox 2178 796 3746 865; baseline 0.004 -18"><span class='ocrx_word' id='word_1_432' title='bbox 2178 796 2308 849; x_wconf 83' lang='lat' dir='ltr'><strong>inter</strong></span> <span class='ocrx_word' id='word_1_433' title='bbox 2333 812 2416 851; x_wconf 85' lang='lat' dir='ltr'><strong>vos</strong></span> <span class='ocrx_word' id='word_1_434' title='bbox 2437 809 2574 852; x_wconf 86' lang='lat' dir='ltr'><strong>sunt.</strong></span> <span class='ocrx_word' id='word_1_435' title='bbox 2600 799 2877 865; x_wconf 87' lang='lat' dir='ltr'><strong>Quomodo</strong></span> <span class='ocrx_word' id='word_1_436' title='bbox 2900 800 3186 865; x_wconf 74' lang='lat' dir='ltr'><strong>Apostolus</strong></span> <span class='ocrx_word' id='word_1_437' title='bbox 3211 800 3437 854; x_wconf 86' lang='lat' dir='ltr'><strong>credidit</strong></span> <span class='ocrx_word' id='word_1_438' title='bbox 3463 801 3531 854; x_wconf 89' lang='lat' dir='ltr'><strong>de</strong></span> <span class='ocrx_word' id='word_1_439' title='bbox 3560 802 3746 854; x_wconf 82' lang='lat' dir='ltr'><strong>absen-</strong></span> 
     </span>
    </p>
   </div>
   <div class='ocr_carea' id='block_1_54' title="bbox 2182 889 3747 958">
    <p class='ocr_par' dir='ltr' id='par_1_54' title="bbox 2182 889 3747 958">
     <span class='ocr_line' id='line_1_54' title="bbox 2182 889 3747 958; baseline 0.003 -17"><span class='ocrx_word' id='word_1_440' title='bbox 2182 889 2340 953; x_wconf 87' lang='lat' dir='ltr'><strong>tibus,</strong></span> <span class='ocrx_word' id='word_1_441' title='bbox 2367 904 2484 942; x_wconf 89' lang='lat' dir='ltr'><strong>cum</strong></span> <span class='ocrx_word' id='word_1_442' title='bbox 2520 890 2773 958; x_wconf 73' lang='lat' dir='ltr'><strong>scriptum</strong></span> <span class='ocrx_word' id='word_1_443' title='bbox 2805 891 2892 955; x_wconf 83' lang='lat' dir='ltr'><strong>sit,</strong></span> <span class='ocrx_word' id='word_1_444' title='bbox 2915 890 3025 943; x_wconf 86' lang='lat' dir='ltr'><strong>Non</strong></span> <span class='ocrx_word' id='word_1_445' title='bbox 3059 890 3247 945; x_wconf 86' lang='lat' dir='ltr'><strong>credas</strong></span> <span class='ocrx_word' id='word_1_446' title='bbox 3275 892 3475 944; x_wconf 77' lang='lat' dir='ltr'><strong>autlitui</strong></span> <span class='ocrx_word' id='word_1_447' title='bbox 3510 908 3667 954; x_wconf 86' lang='lat' dir='ltr'><strong>vano,</strong></span> <span class='ocrx_word' id='word_1_448' title='bbox 3698 903 3747 946; x_wconf 87' lang='lat' dir='ltr'><strong>et</strong></span> 
     </span>
    </p>
   </div>
   <div class='ocr_carea' id='block_1_55' title="bbox 2179 982 3760 1052">
    <p class='ocr_par' dir='ltr' id='par_1_55' title="bbox 2179 982 3760 1052">
     <span class='ocr_line' id='line_1_55' title="bbox 2179 982 3760 1052; baseline 0.005 -22"><span class='ocrx_word' id='word_1_449' title='bbox 2179 990 2371 1033; x_wconf 73' lang='lat' dir='ltr'><strong>caetera</strong></span> <span class='ocrx_word' id='word_1_450' title='bbox 2412 982 2609 1034; x_wconf 83' lang='lat' dir='ltr'><strong>multa?</strong></span> <span class='ocrx_word' id='word_1_451' title='bbox 2651 982 2754 1035; x_wconf 81' lang='lat' dir='ltr'><strong>Sed</strong></span> <span class='ocrx_word' id='word_1_452' title='bbox 2796 983 2929 1036; x_wconf 79' lang='lat' dir='ltr'><strong>hanc</strong></span> <span class='ocrx_word' id='word_1_453' title='bbox 2957 983 3181 1052; x_wconf 78' lang='lat' dir='ltr'><strong>gratiam</strong></span> <span class='ocrx_word' id='word_1_454' title='bbox 3212 982 3473 1048; x_wconf 86' lang='lat' dir='ltr'><strong>habebat,</strong></span> <span class='ocrx_word' id='word_1_455' title='bbox 3506 994 3565 1037; x_wconf 92' lang='lat' dir='ltr'><strong>ut</strong></span> <span class='ocrx_word' id='word_1_456' title='bbox 3590 986 3760 1038; x_wconf 78' lang='lat' dir='ltr'><strong>sciret</strong></span> 
     </span>
    </p>
   </div>
   <div class='ocr_carea' id='block_1_56' title="bbox 2180 1070 3747 1141">
    <p class='ocr_par' dir='ltr' id='par_1_56' title="bbox 2180 1070 3747 1141">
     <span class='ocr_line' id='line_1_56' title="bbox 2180 1070 3747 1141; baseline 0.007 -23"><span class='ocrx_word' id='word_1_457' title='bbox 2180 1070 2302 1138; x_wconf 87' lang='lat' dir='ltr'><strong>quid</strong></span> <span class='ocrx_word' id='word_1_458' title='bbox 2334 1072 2582 1125; x_wconf 64' lang='lat' dir='ltr'><strong>absentes</strong></span> <span class='ocrx_word' id='word_1_459' title='bbox 2609 1082 2853 1140; x_wconf 81' lang='lat' dir='ltr'><strong>agerent,</strong></span> <span class='ocrx_word' id='word_1_460' title='bbox 2886 1075 3020 1126; x_wconf 90' lang='lat' dir='ltr'><strong>sicut</strong></span> <span class='ocrx_word' id='word_1_461' title='bbox 3048 1074 3112 1126; x_wconf 92' lang='lat' dir='ltr'><strong>ad</strong></span> <span class='ocrx_word' id='word_1_462' title='bbox 3142 1074 3485 1129; x_wconf 71' lang='lat' dir='ltr'><strong>(Iolossenses</strong></span> <span class='ocrx_word' id='word_1_463' title='bbox 3515 1076 3606 1141; x_wconf 85' lang='lat' dir='ltr'><strong>ait,</strong></span> <span class='ocrx_word' id='word_1_464' title='bbox 3642 1077 3747 1129; x_wconf 80' lang='lat' dir='ltr'><strong>Etsi</strong></span> 
     </span>
    </p>
   </div>
   <div class='ocr_carea' id='block_1_57' title="bbox 2181 1170 3750 1237">
    <p class='ocr_par' dir='ltr' id='par_1_57' title="bbox 2181 1170 3750 1237">
     <span class='ocr_line' id='line_1_57' title="bbox 2181 1170 3750 1237; baseline 0.001 -17"><span class='ocrx_word' id='word_1_465' title='bbox 2181 1182 2403 1235; x_wconf 82' lang='lat' dir='ltr'><strong>corpore</strong></span> <span class='ocrx_word' id='word_1_466' title='bbox 2432 1170 2644 1233; x_wconf 81' lang='lat' dir='ltr'><strong>absens,</strong></span> <span class='ocrx_word' id='word_1_467' title='bbox 2674 1170 2861 1237; x_wconf 83' lang='lat' dir='ltr'><strong>spiritu</strong></span> <span class='ocrx_word' id='word_1_468' title='bbox 2899 1185 3157 1237; x_wconf 65' lang='lat' dir='ltr'><strong>praesens,</strong></span> <span class='ocrx_word' id='word_1_469' title='bbox 3203 1172 3439 1237; x_wconf 66' lang='lat' dir='ltr'><strong>gandi-ns</strong></span> <span class='ocrx_word' id='word_1_470' title='bbox 3478 1182 3532 1223; x_wconf 84' lang='lat' dir='ltr'><strong>ct</strong></span> <span class='ocrx_word' id='word_1_471' title='bbox 3571 1173 3750 1223; x_wconf 81' lang='lat' dir='ltr'><strong>videns</strong></span> 
     </span>
    </p>
   </div>
   <div class='ocr_carea' id='block_1_58' title="bbox 2182 1259 3753 1329">
    <p class='ocr_par' dir='ltr' id='par_1_58' title="bbox 2182 1259 3753 1329">
     <span class='ocr_line' id='line_1_58' title="bbox 2182 1259 3753 1329; baseline 0.003 -20"><span class='ocrx_word' id='word_1_472' title='bbox 2182 1260 2419 1311; x_wconf 75' lang='lat' dir='ltr'><strong>ordinem</strong></span> <span class='ocrx_word' id='word_1_473' title='bbox 2454 1270 2707 1316; x_wconf 64' lang='lat' dir='ltr'><strong>vestrum.</strong></span> <span class='ocrx_word' id='word_1_474' title='bbox 2748 1259 2856 1312; x_wconf 82' lang='lat' dir='ltr'><strong>Hoc</strong></span> <span class='ocrx_word' id='word_1_475' title='bbox 2882 1270 3051 1311; x_wconf 76' lang='lat' dir='ltr'><strong>autem</strong></span> <span class='ocrx_word' id='word_1_476' title='bbox 3083 1263 3217 1323; x_wconf 83' lang='lat' dir='ltr'><strong>dico,</strong></span> <span class='ocrx_word' id='word_1_477' title='bbox 3246 1262 3377 1327; x_wconf 85' lang='lat' dir='ltr'><strong>quod</strong></span> <span class='ocrx_word' id='word_1_478' title='bbox 3412 1262 3753 1329; x_wconf 78' lang='lat' dir='ltr'><strong>unusquisque</strong></span> 
     </span>
    </p>
   </div>
   <div class='ocr_carea' id='block_1_59' title="bbox 2182 1350 3750 1423">
    <p class='ocr_par' dir='ltr' id='par_1_59' title="bbox 2182 1350 3750 1423">
     <span class='ocr_line' id='line_1_59' title="bbox 2182 1350 3750 1423; baseline 0.002 -21"><span class='ocrx_word' id='word_1_479' title='bbox 2182 1365 2396 1403; x_wconf 59' lang='lat' dir='ltr'><strong>vestrum</strong></span> <span class='ocrx_word' id='word_1_480' title='bbox 2421 1352 2558 1411; x_wconf 75' lang='lat' dir='ltr'><strong>dicit,</strong></span> <span class='ocrx_word' id='word_1_481' title='bbox 2596 1350 2703 1423; x_wconf 83' lang='lat' dir='ltr'><strong>Ego</strong></span> <span class='ocrx_word' id='word_1_482' title='bbox 2724 1354 2922 1421; x_wconf 82' lang='lat' dir='ltr'><strong>quidem</strong></span> <span class='ocrx_word' id='word_1_483' title='bbox 2946 1370 3055 1407; x_wconf 83' lang='lat' dir='ltr'><strong>sum</strong></span> <span class='ocrx_word' id='word_1_484' title='bbox 3081 1351 3267 1417; x_wconf 84' lang='lat' dir='ltr'><strong>Pauli,</strong></span> <span class='ocrx_word' id='word_1_485' title='bbox 3293 1370 3382 1423; x_wconf 84' lang='lat' dir='ltr'><strong>ego</strong></span> <span class='ocrx_word' id='word_1_486' title='bbox 3406 1365 3576 1406; x_wconf 81' lang='lat' dir='ltr'><strong>autem</strong></span> <span class='ocrx_word' id='word_1_487' title='bbox 3600 1354 3750 1418; x_wconf 78' lang='lat' dir='ltr'><strong>Apol-</strong></span> 
     </span>
    </p>
   </div>
   <div class='ocr_carea' id='block_1_60' title="bbox 2183 1442 3751 1514">
    <p class='ocr_par' dir='ltr' id='par_1_60' title="bbox 2183 1442 3751 1514">
     <span class='ocr_line' id='line_1_60' title="bbox 2183 1442 3751 1514; baseline 0.002 -20"><span class='ocrx_word' id='word_1_488' title='bbox 2183 1442 2254 1508; x_wconf 92' lang='lat' dir='ltr'><strong>lo,</strong></span> <span class='ocrx_word' id='word_1_489' title='bbox 2285 1460 2376 1513; x_wconf 86' lang='lat' dir='ltr'><strong>ego</strong></span> <span class='ocrx_word' id='word_1_490' title='bbox 2420 1460 2533 1497; x_wconf 62' lang='grc' dir='ltr'><em>ιπενο</em></span> <span class='ocrx_word' id='word_1_491' title='bbox 2565 1444 2765 1513; x_wconf 70' lang='lat' dir='ltr'><strong>(Iephte.</strong></span> <span class='ocrx_word' id='word_1_492' title='bbox 2810 1446 2863 1498; x_wconf 95' lang='lat' dir='ltr'><strong>In</strong></span> <span class='ocrx_word' id='word_1_493' title='bbox 2903 1447 3261 1514; x_wconf 86' lang='lat' dir='ltr'><strong>apostolorum</strong></span> <span class='ocrx_word' id='word_1_494' title='bbox 3302 1461 3525 1513; x_wconf 82' lang='lat' dir='ltr'><strong>persona</strong></span> <span class='ocrx_word' id='word_1_495' title='bbox 3563 1446 3662 1497; x_wconf 87' lang='lat' dir='ltr'><strong>hoc</strong></span> <span class='ocrx_word' id='word_1_496' title='bbox 3686 1446 3751 1497; x_wconf 84' lang='lat' dir='ltr'><strong>de</strong></span> 
     </span>
    </p>
   </div>
   <div class='ocr_carea' id='block_1_61' title="bbox 2184 1536 3748 1606">
    <p class='ocr_par' dir='ltr' id='par_1_61' title="bbox 2184 1536 3748 1606">
     <span class='ocr_line' id='line_1_61' title="bbox 2184 1536 3748 1606; baseline 0.003 -19"><span class='ocrx_word' id='word_1_497' title='bbox 2184 1536 2636 1604; x_wconf 80' lang='lat' dir='ltr'><strong>pseudoaposlolis</strong></span> <span class='ocrx_word' id='word_1_498' title='bbox 2664 1536 2895 1604; x_wconf 88' lang='lat' dir='ltr'><strong>diccbat,</strong></span> <span class='ocrx_word' id='word_1_499' title='bbox 2921 1539 3006 1605; x_wconf 86' lang='lat' dir='ltr'><strong>qui</strong></span> <span class='ocrx_word' id='word_1_500' title='bbox 3028 1553 3118 1605; x_wconf 87' lang='lat' dir='ltr'><strong>per</strong></span> <span class='ocrx_word' id='word_1_501' title='bbox 3135 1538 3445 1606; x_wconf 79' lang='lat' dir='ltr'><strong>sapientiam</strong></span> <span class='ocrx_word' id='word_1_502' title='bbox 3465 1539 3748 1591; x_wconf 85' lang='lat' dir='ltr'><strong>mundicir-</strong></span> 
     </span>
    </p>
   </div>
   <div class='ocr_carea' id='block_1_62' title="bbox 2181 1627 3755 1696">
    <p class='ocr_par' dir='ltr' id='par_1_62' title="bbox 2181 1627 3755 1696">
     <span class='ocr_line' id='line_1_62' title="bbox 2181 1627 3755 1696; baseline 0.001 -17"><span class='ocrx_word' id='word_1_503' title='bbox 2181 1636 2558 1681; x_wconf 79' lang='lat' dir='ltr'><strong>etnnvenerant</strong></span> <span class='ocrx_word' id='word_1_504' title='bbox 2573 1642 2682 1691; x_wconf 89' lang='lat' dir='ltr'><strong>cos,</strong></span> <span class='ocrx_word' id='word_1_505' title='bbox 2699 1629 2815 1694; x_wconf 87' lang='lat' dir='ltr'><strong>quia</strong></span> <span class='ocrx_word' id='word_1_506' title='bbox 2832 1630 3191 1696; x_wconf 56' lang='lat' dir='ltr'><strong>unusquisque</strong></span> <span class='ocrx_word' id='word_1_507' title='bbox 3207 1630 3319 1696; x_wconf 84' lang='lat' dir='ltr'><strong>ejus</strong></span> <span class='ocrx_word' id='word_1_508' title='bbox 3335 1644 3390 1681; x_wconf 88' lang='lat' dir='ltr'><strong>se</strong></span> <span class='ocrx_word' id='word_1_509' title='bbox 3408 1627 3618 1682; x_wconf 86' lang='lat' dir='ltr'><strong>dicebat</strong></span> <span class='ocrx_word' id='word_1_510' title='bbox 3635 1643 3755 1681; x_wconf 55' lang='lat' dir='ltr'><strong>ese</strong></span> 
     </span>
    </p>
   </div>
   <div class='ocr_carea' id='block_1_63' title="bbox 2185 1717 3749 1787">
    <p class='ocr_par' dir='ltr' id='par_1_63' title="bbox 2185 1717 3749 1787">
     <span class='ocr_line' id='line_1_63' title="bbox 2185 1717 3749 1787; baseline 0.003 -18"><span class='ocrx_word' id='word_1_511' title='bbox 2185 1717 2335 1784; x_wconf 84' lang='lat' dir='ltr'><strong>cujus</strong></span> <span class='ocrx_word' id='word_1_512' title='bbox 2357 1718 2647 1771; x_wconf 80' lang='lat' dir='ltr'><strong>doctrinam</strong></span> <span class='ocrx_word' id='word_1_513' title='bbox 2672 1719 2950 1787; x_wconf 74' lang='lat' dir='ltr'><strong>diligebat,</strong></span> <span class='ocrx_word' id='word_1_514' title='bbox 2978 1736 3095 1772; x_wconf 84' lang='lat' dir='ltr'><strong>cum</strong></span> <span class='ocrx_word' id='word_1_515' title='bbox 3122 1721 3360 1773; x_wconf 83' lang='lat' dir='ltr'><strong>diversas</strong></span> <span class='ocrx_word' id='word_1_516' title='bbox 3386 1721 3641 1774; x_wconf 82' lang='lat' dir='ltr'><strong>haberent</strong></span> <span class='ocrx_word' id='word_1_517' title='bbox 3662 1720 3749 1773; x_wconf 83' lang='lat' dir='ltr'><strong>do-</strong></span> 
     </span>
    </p>
   </div>
   <div class='ocr_carea' id='block_1_64' title="bbox 2116 1797 3747 1878">
    <p class='ocr_par' dir='ltr' id='par_1_64' title="bbox 2116 1797 3747 1878">
     <span class='ocr_line' id='line_1_64' title="bbox 2116 1797 3747 1878; baseline 0.008 -23"><span class='ocrx_word' id='word_1_518' title='bbox 2116 1797 2157 1855; x_wconf 87' lang='lat' dir='ltr'><strong>B</strong></span> <span class='ocrx_word' id='word_1_519' title='bbox 2185 1810 2416 1873; x_wconf 62' lang='lat' dir='ltr'><strong>ctrinas;</strong></span> <span class='ocrx_word' id='word_1_520' title='bbox 2441 1810 2481 1862; x_wconf 92' lang='lat' dir='ltr'><strong>si</strong></span> <span class='ocrx_word' id='word_1_521' title='bbox 2512 1826 2638 1872; x_wconf 61' lang='lat' dir='ltr'><strong>ergo</strong></span> <span class='ocrx_word' id='word_1_522' title='bbox 2668 1826 2762 1863; x_wconf 89' lang='lat' dir='ltr'><strong>nec</strong></span> <span class='ocrx_word' id='word_1_523' title='bbox 2794 1812 2858 1863; x_wconf 82' lang='lat' dir='ltr'><strong>de</strong></span> <span class='ocrx_word' id='word_1_524' title='bbox 2890 1811 3027 1864; x_wconf 75' lang='lat' dir='ltr'><strong>veris</strong></span> <span class='ocrx_word' id='word_1_525' title='bbox 3068 1812 3322 1878; x_wconf 75' lang='lat' dir='ltr'><strong>apostolis</strong></span> <span class='ocrx_word' id='word_1_526' title='bbox 3345 1814 3624 1867; x_wconf 78' lang='lat' dir='ltr'><strong>dicendum</strong></span> <span class='ocrx_word' id='word_1_527' title='bbox 3652 1828 3685 1867; x_wconf 87' lang='lat' dir='ltr'><strong>e</strong></span> <span class='ocrx_word' id='word_1_528' title='bbox 3710 1823 3747 1878; x_wconf 85' lang='lat' dir='ltr'><strong>t,</strong></span> 
     </span>
    </p>
   </div>
   <div class='ocr_carea' id='block_1_65' title="bbox 2182 1901 3747 1972">
    <p class='ocr_par' dir='ltr' id='par_1_65' title="bbox 2182 1901 3747 1972">
     <span class='ocr_line' id='line_1_65' title="bbox 2182 1901 3747 1972; baseline 0.004 -22"><span class='ocrx_word' id='word_1_529' title='bbox 2182 1910 2378 1968; x_wconf 88' lang='lat' dir='ltr'><strong>quanto</strong></span> <span class='ocrx_word' id='word_1_530' title='bbox 2395 1901 2560 1969; x_wconf 80' lang='lat' dir='ltr'><strong>magis</strong></span> <span class='ocrx_word' id='word_1_531' title='bbox 2578 1903 2641 1954; x_wconf 88' lang='lat' dir='ltr'><strong>de</strong></span> <span class='ocrx_word' id='word_1_532' title='bbox 2660 1902 2761 1955; x_wconf 89' lang='lat' dir='ltr'><strong>illis</strong></span> <span class='ocrx_word' id='word_1_533' title='bbox 2778 1904 2863 1969; x_wconf 78' lang='lat' dir='ltr'><strong>qui</strong></span> <span class='ocrx_word' id='word_1_534' title='bbox 2883 1903 3011 1957; x_wconf 87' lang='lat' dir='ltr'><strong>nihil</strong></span> <span class='ocrx_word' id='word_1_535' title='bbox 3030 1916 3177 1957; x_wconf 85' lang='lat' dir='ltr'><strong>erant</strong></span> <span class='ocrx_word' id='word_1_536' title='bbox 3194 1905 3207 1957; x_wconf 85' lang='lat'>!</span> <span class='ocrx_word' id='word_1_537' title='bbox 3232 1903 3341 1972; x_wconf 68' lang='lat' dir='ltr'><strong>Eg)</strong></span> <span class='ocrx_word' id='word_1_538' title='bbox 3358 1914 3523 1958; x_wconf 85' lang='lat' dir='ltr'><strong>autem</strong></span> <span class='ocrx_word' id='word_1_539' title='bbox 3544 1903 3747 1958; x_wconf 84' lang='lat' dir='ltr'><strong>Christi.</strong></span> 
     </span>
    </p>
   </div>
   <div class='ocr_carea' id='block_1_66' title="bbox 2186 1991 3751 2065">
    <p class='ocr_par' dir='ltr' id='par_1_66' title="bbox 2186 1991 3751 2065">
     <span class='ocr_line' id='line_1_66' title="bbox 2186 1991 3751 2065; baseline 0.004 -22"><span class='ocrx_word' id='word_1_540' title='bbox 2186 1992 2386 2045; x_wconf 81' lang='lat' dir='ltr'><strong>Divisus</strong></span> <span class='ocrx_word' id='word_1_541' title='bbox 2408 2003 2479 2045; x_wconf 86' lang='lat' dir='ltr'><strong>est</strong></span> <span class='ocrx_word' id='word_1_542' title='bbox 2504 1991 2767 2046; x_wconf 79' lang='lat' dir='ltr'><strong>Christus?</strong></span> <span class='ocrx_word' id='word_1_543' title='bbox 2794 1996 3021 2065; x_wconf 83' lang='lat' dir='ltr'><strong>nunquid</strong></span> <span class='ocrx_word' id='word_1_544' title='bbox 3045 1994 3243 2048; x_wconf 80' lang='lat' dir='ltr'><strong>Paulus</strong></span> <span class='ocrx_word' id='word_1_545' title='bbox 3268 1997 3543 2062; x_wconf 75' lang='lat' dir='ltr'><strong>cruciﬁxus</strong></span> <span class='ocrx_word' id='word_1_546' title='bbox 3569 2006 3639 2049; x_wconf 84' lang='lat' dir='ltr'><strong>est</strong></span> <span class='ocrx_word' id='word_1_547' title='bbox 3664 2013 3751 2063; x_wconf 84' lang='lat' dir='ltr'><strong>pro</strong></span> 
     </span>
    </p>
   </div>
   <div class='ocr_carea' id='block_1_67' title="bbox 2181 2082 3747 2154">
    <p class='ocr_par' dir='ltr' id='par_1_67' title="bbox 2181 2082 3747 2154">
     <span class='ocr_line' id='line_1_67' title="bbox 2181 2082 3747 2154; baseline 0.003 -19"><span class='ocrx_word' id='word_1_548' title='bbox 2181 2083 2353 2136; x_wconf 76' lang='lat' dir='ltr'><strong>vobis?</strong></span> <span class='ocrx_word' id='word_1_549' title='bbox 2375 2082 2535 2137; x_wconf 74' lang='lat' dir='ltr'><strong>Pauti</strong></span> <span class='ocrx_word' id='word_1_550' title='bbox 2559 2084 2607 2137; x_wconf 79' lang='lat' dir='ltr'><strong>di</strong></span> <span class='ocrx_word' id='word_1_551' title='bbox 2645 2084 2802 2137; x_wconf 84' lang='lat' dir='ltr'><strong>ebant</strong></span> <span class='ocrx_word' id='word_1_552' title='bbox 2820 2126 2832 2147; x_wconf 89' lang='lat'><strong>,</strong></span> <span class='ocrx_word' id='word_1_553' title='bbox 2859 2086 2995 2154; x_wconf 86' lang='lat' dir='ltr'><strong>quod</strong></span> <span class='ocrx_word' id='word_1_554' title='bbox 3021 2104 3203 2141; x_wconf 69' lang='lat' dir='ltr'><strong>omnes</strong></span> <span class='ocrx_word' id='word_1_555' title='bbox 3226 2086 3403 2141; x_wconf 81' lang='lat' dir='ltr'><strong>dicere</strong></span> <span class='ocrx_word' id='word_1_556' title='bbox 3426 2088 3747 2141; x_wconf 77' lang='lat' dir='ltr'><strong>debuissent.</strong></span> 
     </span>
    </p>
   </div>
   <div class='ocr_carea' id='block_1_68' title="bbox 2184 2173 3751 2243">
    <p class='ocr_par' dir='ltr' id='par_1_68' title="bbox 2184 2173 3751 2243">
     <span class='ocr_line' id='line_1_68' title="bbox 2184 2173 3751 2243; baseline 0.004 -17"><span class='ocrx_word' id='word_1_557' title='bbox 2184 2173 2449 2228; x_wconf 75' lang='lat' dir='ltr'><strong>Dividitur</strong></span> <span class='ocrx_word' id='word_1_558' title='bbox 2491 2190 2703 2243; x_wconf 87' lang='lat' dir='ltr'><strong>corpus,</strong></span> <span class='ocrx_word' id='word_1_559' title='bbox 2750 2192 2868 2229; x_wconf 84' lang='lat' dir='ltr'><strong>cum</strong></span> <span class='ocrx_word' id='word_1_560' title='bbox 2913 2178 3145 2231; x_wconf 73' lang='lat' dir='ltr'><strong>tltCtlIiJr-l</strong></span> <span class='ocrx_word' id='word_1_561' title='bbox 3190 2179 3532 2231; x_wconf 67' lang='lat' dir='ltr'><strong>dissentiunt.</strong></span> <span class='ocrx_word' id='word_1_562' title='bbox 3577 2179 3751 2234; x_wconf 64' lang='lat' dir='ltr'><strong>Pati-St</strong></span> 
     </span>
    </p>
   </div>
   <div class='ocr_carea' id='block_1_69' title="bbox 2184 2268 3753 2339">
    <p class='ocr_par' dir='ltr' id='par_1_69' title="bbox 2184 2268 3753 2339">
     <span class='ocr_line' id='line_1_69' title="bbox 2184 2268 3753 2339; baseline 0.004 -19"><span class='ocrx_word' id='word_1_563' title='bbox 2184 2268 2288 2322; x_wconf 80' lang='lat' dir='ltr'><strong>dici</strong></span> <span class='ocrx_word' id='word_1_564' title='bbox 2320 2269 2446 2334; x_wconf 86' lang='lat' dir='ltr'><strong>illis,</strong></span> <span class='ocrx_word' id='word_1_565' title='bbox 2480 2270 2567 2339; x_wconf 87' lang='lat' dir='ltr'><strong>qui</strong></span> <span class='ocrx_word' id='word_1_566' title='bbox 2600 2270 2793 2322; x_wconf 82' lang='lat' dir='ltr'><strong>Christi</strong></span> <span class='ocrx_word' id='word_1_567' title='bbox 2825 2272 3067 2334; x_wconf 75' lang='lat' dir='ltr'><strong>exetnpln</strong></span> <span class='ocrx_word' id='word_1_568' title='bbox 3108 2271 3371 2325; x_wconf 78' lang='lat' dir='ltr'><strong>Abraham</strong></span> <span class='ocrx_word' id='word_1_569' title='bbox 3414 2275 3598 2327; x_wconf 70' lang='lat' dir='ltr'><strong>volunt</strong></span> <span class='ocrx_word' id='word_1_570' title='bbox 3639 2274 3753 2327; x_wconf 86' lang='lat' dir='ltr'><strong>imi-</strong></span> 
     </span>
    </p>
   </div>
   <div class='ocr_carea' id='block_1_70' title="bbox 2185 2360 3753 2433">
    <p class='ocr_par' dir='ltr' id='par_1_70' title="bbox 2185 2360 3753 2433">
     <span class='ocr_line' id='line_1_70' title="bbox 2185 2360 3753 2433; baseline 0.004 -21"><span class='ocrx_word' id='word_1_571' title='bbox 2185 2361 2285 2413; x_wconf 88' lang='lat' dir='ltr'><strong>tari</strong></span> <span class='ocrx_word' id='word_1_572' title='bbox 2320 2379 2330 2412; x_wconf 93' lang='lat'>:</span> <span class='ocrx_word' id='word_1_573' title='bbox 2362 2360 2603 2427; x_wconf 84' lang='lat' dir='ltr'><strong>Nunquid</strong></span> <span class='ocrx_word' id='word_1_574' title='bbox 2650 2361 2914 2415; x_wconf 86' lang='lat' dir='ltr'><strong>Abraham</strong></span> <span class='ocrx_word' id='word_1_575' title='bbox 2944 2365 3226 2417; x_wconf 77' lang='lat' dir='ltr'><strong>crucinxns</strong></span> <span class='ocrx_word' id='word_1_576' title='bbox 3254 2374 3334 2418; x_wconf 90' lang='lat' dir='ltr'><strong>est</strong></span> <span class='ocrx_word' id='word_1_577' title='bbox 3364 2380 3458 2433; x_wconf 87' lang='lat' dir='ltr'><strong>pro</strong></span> <span class='ocrx_word' id='word_1_578' title='bbox 3482 2364 3667 2418; x_wconf 48' lang='lat' dir='ltr'><strong>vobis?</strong></span> <span class='ocrx_word' id='word_1_579' title='bbox 3703 2374 3753 2418; x_wconf 82' lang='lat' dir='ltr'><strong>et</strong></span> 
     </span>
    </p>
   </div>
   <div class='ocr_carea' id='block_1_71' title="bbox 2187 2451 3755 2525">
    <p class='ocr_par' dir='ltr' id='par_1_71' title="bbox 2187 2451 3755 2525">
     <span class='ocr_line' id='line_1_71' title="bbox 2187 2451 3755 2525; baseline 0.004 -21"><span class='ocrx_word' id='word_1_580' title='bbox 2187 2452 2276 2504; x_wconf 88' lang='lat' dir='ltr'><strong>illu</strong></span> <span class='ocrx_word' id='word_1_581' title='bbox 2302 2458 2309 2499; x_wconf 83' lang='lat' dir='ltr'><strong>t</strong></span> <span class='ocrx_word' id='word_1_582' title='bbox 2346 2451 2585 2517; x_wconf 87' lang='lat' dir='ltr'><strong>Domini,</strong></span> <span class='ocrx_word' id='word_1_583' title='bbox 2618 2452 2667 2505; x_wconf 90' lang='lat' dir='ltr'><strong>in</strong></span> <span class='ocrx_word' id='word_1_584' title='bbox 2697 2469 2799 2521; x_wconf 83' lang='lat' dir='ltr'><strong>quo</strong></span> <span class='ocrx_word' id='word_1_585' title='bbox 2827 2453 2979 2507; x_wconf 88' lang='lat' dir='ltr'><strong>docet</strong></span> <span class='ocrx_word' id='word_1_586' title='bbox 2998 2493 3015 2518; x_wconf 92' lang='lat'><strong>,</strong></span> <span class='ocrx_word' id='word_1_587' title='bbox 3044 2471 3145 2508; x_wconf 87' lang='lat' dir='ltr'><strong>non</strong></span> <span class='ocrx_word' id='word_1_588' title='bbox 3171 2455 3364 2510; x_wconf 89' lang='lat' dir='ltr'><strong>debere</strong></span> <span class='ocrx_word' id='word_1_589' title='bbox 3393 2471 3491 2509; x_wconf 88' lang='lat' dir='ltr'><strong>nos</strong></span> <span class='ocrx_word' id='word_1_590' title='bbox 3518 2471 3755 2525; x_wconf 53' lang='lat' dir='ltr'><strong>qua&#39;rere</strong></span> 
     </span>
    </p>
   </div>
   <div class='ocr_carea' id='block_1_72' title="bbox 2185 2544 3753 2615">
    <p class='ocr_par' dir='ltr' id='par_1_72' title="bbox 2185 2544 3753 2615">
     <span class='ocr_line' id='line_1_72' title="bbox 2185 2544 3753 2615; baseline 0.004 -22"><span class='ocrx_word' id='word_1_591' title='bbox 2185 2544 2306 2612; x_wconf 83' lang='lat' dir='ltr'><strong>quid</strong></span> <span class='ocrx_word' id='word_1_592' title='bbox 2331 2544 2482 2598; x_wconf 88' lang='lat' dir='ltr'><strong>alteri</strong></span> <span class='ocrx_word' id='word_1_593' title='bbox 2507 2545 2765 2613; x_wconf 74' lang='lat' dir='ltr'><strong>di~cipulo</strong></span> <span class='ocrx_word' id='word_1_594' title='bbox 2796 2546 3063 2615; x_wconf 72' lang='lat' dir='ltr'><strong>prrecipiet</strong></span> <span class='ocrx_word' id='word_1_595' title='bbox 3094 2566 3107 2599; x_wconf 91' lang='lat'>:</span> <span class='ocrx_word' id='word_1_596' title='bbox 3140 2546 3213 2600; x_wconf 89' lang='lat' dir='ltr'><strong>ait</strong></span> <span class='ocrx_word' id='word_1_597' title='bbox 3239 2548 3377 2602; x_wconf 83' lang='lat' dir='ltr'><strong>enim</strong></span> <span class='ocrx_word' id='word_1_598' title='bbox 3413 2548 3591 2611; x_wconf 66' lang='lat' dir='ltr'><strong>Petro,</strong></span> <span class='ocrx_word' id='word_1_599' title='bbox 3620 2548 3753 2615; x_wconf 72' lang='lat' dir='ltr'><strong>Quid</strong></span> 
     </span>
    </p>
   </div>
   <div class='ocr_carea' id='block_1_73' title="bbox 2185 2637 3757 2708">
    <p class='ocr_par' dir='ltr' id='par_1_73' title="bbox 2185 2637 3757 2708">
     <span class='ocr_line' id='line_1_73' title="bbox 2185 2637 3757 2708; baseline 0.002 -20"><span class='ocrx_word' id='word_1_600' title='bbox 2185 2637 2250 2689; x_wconf 86' lang='lat' dir='ltr'><strong>ad</strong></span> <span class='ocrx_word' id='word_1_601' title='bbox 2285 2637 2369 2690; x_wconf 76' lang='lat' dir='ltr'><strong>te?</strong></span> <span class='ocrx_word' id='word_1_602' title='bbox 2401 2647 2452 2689; x_wconf 91' lang='lat' dir='ltr'><strong>tu</strong></span> <span class='ocrx_word' id='word_1_603' title='bbox 2486 2654 2569 2692; x_wconf 84' lang='lat' dir='ltr'><strong>me</strong></span> <span class='ocrx_word' id='word_1_604' title='bbox 2608 2653 2854 2708; x_wconf 84' lang='lat' dir='ltr'><strong>sequere.</strong></span> <span class='ocrx_word' id='word_1_605' title='bbox 2888 2640 2987 2691; x_wconf 78' lang='lat' dir='ltr'><strong>Aut</strong></span> <span class='ocrx_word' id='word_1_606' title='bbox 3018 2639 3068 2691; x_wconf 89' lang='lat' dir='ltr'><strong>in</strong></span> <span class='ocrx_word' id='word_1_607' title='bbox 3099 2640 3300 2693; x_wconf 88' lang='lat' dir='ltr'><strong>nomine</strong></span> <span class='ocrx_word' id='word_1_608' title='bbox 3332 2638 3488 2691; x_wconf 83' lang='lat' dir='ltr'><strong>Pauli</strong></span> <span class='ocrx_word' id='word_1_609' title='bbox 3519 2641 3757 2708; x_wconf 73' lang='lat' dir='ltr'><strong>baptizati</strong></span> 
     </span>
    </p>
   </div>
   <div class='ocr_carea' id='block_1_74' title="bbox 2185 2728 3753 2805">
    <p class='ocr_par' dir='ltr' id='par_1_74' title="bbox 2185 2728 3753 2805">
     <span class='ocr_line' id='line_1_74' title="bbox 2185 2728 3753 2805; baseline 0.003 -27"><span class='ocrx_word' id='word_1_610' title='bbox 2185 2728 2343 2805; x_wconf 80' lang='lat' dir='ltr'><strong>estis?</strong></span> <span class='ocrx_word' id='word_1_611' title='bbox 2372 2728 2645 2781; x_wconf 70' lang='lat' dir='ltr'><strong>[iubebant</strong></span> <span class='ocrx_word' id='word_1_612' title='bbox 2672 2744 2797 2798; x_wconf 79' lang='lat' dir='ltr'><strong>ergo</strong></span> <span class='ocrx_word' id='word_1_613' title='bbox 2828 2729 2918 2783; x_wconf 82' lang='lat' dir='ltr'><strong>isti</strong></span> <span class='ocrx_word' id='word_1_614' title='bbox 2964 2728 3064 2799; x_wconf 92' lang='lat' dir='ltr'><strong>bap</strong></span> <span class='ocrx_word' id='word_1_615' title='bbox 3091 2731 3291 2783; x_wconf 81' lang='lat' dir='ltr'><strong>ismatis</strong></span> <span class='ocrx_word' id='word_1_616' title='bbox 3331 2740 3721 2784; x_wconf 87' lang='lat' dir='ltr'><strong>sacramentum</strong></span> <span class='ocrx_word' id='word_1_617' title='bbox 3740 2771 3753 2793; x_wconf 96' lang='lat'><strong>,</strong></span> 
     </span>
    </p>
   </div>
   <div class='ocr_carea' id='block_1_75' title="bbox 2187 2818 3757 2887">
    <p class='ocr_par' dir='ltr' id='par_1_75' title="bbox 2187 2818 3757 2887">
     <span class='ocr_line' id='line_1_75' title="bbox 2187 2818 3757 2887; baseline 0.004 -18"><span class='ocrx_word' id='word_1_618' title='bbox 2187 2820 2277 2870; x_wconf 73' lang='lat' dir='ltr'><strong>sel</strong></span> <span class='ocrx_word' id='word_1_619' title='bbox 2308 2818 2407 2871; x_wconf 91' lang='lat' dir='ltr'><strong>hoc</strong></span> <span class='ocrx_word' id='word_1_620' title='bbox 2435 2834 2528 2887; x_wconf 88' lang='lat' dir='ltr'><strong>per</strong></span> <span class='ocrx_word' id='word_1_621' title='bbox 2552 2820 2947 2874; x_wconf 62' lang='lat' dir='ltr'><strong>contentirnem</strong></span> <span class='ocrx_word' id='word_1_622' title='bbox 2989 2832 3039 2874; x_wconf 91' lang='lat' dir='ltr'><strong>ct</strong></span> <span class='ocrx_word' id='word_1_623' title='bbox 3082 2821 3252 2874; x_wconf 72' lang='lat' dir='ltr'><strong>zelum</strong></span> <span class='ocrx_word' id='word_1_624' title='bbox 3294 2822 3347 2874; x_wconf 90' lang='lat' dir='ltr'><strong>in</strong></span> <span class='ocrx_word' id='word_1_625' title='bbox 3374 2821 3610 2876; x_wconf 88' lang='lat' dir='ltr'><strong>schisma</strong></span> <span class='ocrx_word' id='word_1_626' title='bbox 3642 2838 3757 2877; x_wconf 88' lang='lat' dir='ltr'><strong>vcr-</strong></span> 
     </span>
    </p>
   </div>
   <div class='ocr_carea' id='block_1_76' title="bbox 2190 2894 3759 2979">
    <p class='ocr_par' dir='ltr' id='par_1_76' title="bbox 2190 2894 3759 2979">
     <span class='ocr_line' id='line_1_76' title="bbox 2190 2894 3759 2979; baseline 0.006 -18"><span class='ocrx_word' id='word_1_627' title='bbox 2190 2894 2385 2971; x_wconf 74' lang='lat' dir='ltr'><strong>tebatit,</strong></span> <span class='ocrx_word' id='word_1_628' title='bbox 2413 2918 2462 2961; x_wconf 88' lang='lat' dir='ltr'><strong>et</strong></span> <span class='ocrx_word' id='word_1_629' title='bbox 2485 2911 2767 2964; x_wconf 87' lang='lat' dir='ltr'><strong>earnaliter</strong></span> <span class='ocrx_word' id='word_1_630' title='bbox 2788 2911 3040 2979; x_wconf 85' lang='lat' dir='ltr'><strong>sapiendo</strong></span> <span class='ocrx_word' id='word_1_631' title='bbox 3063 2912 3216 2965; x_wconf 88' lang='lat' dir='ltr'><strong>aliter</strong></span> <span class='ocrx_word' id='word_1_632' title='bbox 3237 2912 3300 2965; x_wconf 89' lang='lat' dir='ltr'><strong>de</strong></span> <span class='ocrx_word' id='word_1_633' title='bbox 3324 2913 3431 2965; x_wconf 88' lang='lat' dir='ltr'><strong>Deo</strong></span> <span class='ocrx_word' id='word_1_634' title='bbox 3451 2913 3759 2970; x_wconf 85' lang='lat' dir='ltr'><strong>credebant.</strong></span> 
     </span>
    </p>
   </div>
   <div class='ocr_carea' id='block_1_77' title="bbox 2188 3001 3763 3072">
    <p class='ocr_par' dir='ltr' id='par_1_77' title="bbox 2188 3001 3763 3072">
     <span class='ocr_line' id='line_1_77' title="bbox 2188 3001 3763 3072; baseline 0.003 -19"><span class='ocrx_word' id='word_1_635' title='bbox 2188 3002 2313 3054; x_wconf 91' lang='lat' dir='ltr'><strong>dum</strong></span> <span class='ocrx_word' id='word_1_636' title='bbox 2343 3001 2442 3055; x_wconf 86' lang='lat' dir='ltr'><strong>sibi</strong></span> <span class='ocrx_word' id='word_1_637' title='bbox 2476 3003 2574 3071; x_wconf 78' lang='lat' dir='ltr'><strong>ip~i</strong></span> <span class='ocrx_word' id='word_1_638' title='bbox 2613 3018 2772 3057; x_wconf 64' lang='lat' dir='ltr'><strong>sensu</strong></span> <span class='ocrx_word' id='word_1_639' title='bbox 2818 3005 3014 3057; x_wconf 80' lang='lat' dir='ltr'><strong>carnali</strong></span> <span class='ocrx_word' id='word_1_640' title='bbox 3049 3005 3210 3056; x_wconf 81' lang='lat' dir='ltr'><strong>Deum</strong></span> <span class='ocrx_word' id='word_1_641' title='bbox 3256 3004 3466 3072; x_wconf 88' lang='lat' dir='ltr'><strong>qualem</strong></span> <span class='ocrx_word' id='word_1_642' title='bbox 3513 3006 3763 3058; x_wconf 84' lang='lat' dir='ltr'><strong>volebant</strong></span> 
     </span>
    </p>
   </div>
   <div class='ocr_carea' id='block_1_78' title="bbox 2192 3094 3760 3165">
    <p class='ocr_par' dir='ltr' id='par_1_78' title="bbox 2192 3094 3760 3165">
     <span class='ocr_line' id='line_1_78' title="bbox 2192 3094 3760 3165; baseline 0.001 -18"><span class='ocrx_word' id='word_1_643' title='bbox 2192 3094 2491 3161; x_wconf 72' lang='lat' dir='ltr'><strong>fingebant,</strong></span> <span class='ocrx_word' id='word_1_644' title='bbox 2521 3102 2677 3163; x_wconf 84' lang='lat' dir='ltr'><strong>atque</strong></span> <span class='ocrx_word' id='word_1_645' title='bbox 2706 3094 2775 3148; x_wconf 89' lang='lat' dir='ltr'><strong>ita</strong></span> <span class='ocrx_word' id='word_1_646' title='bbox 2811 3105 3008 3149; x_wconf 88' lang='lat' dir='ltr'><strong>tantum</strong></span> <span class='ocrx_word' id='word_1_647' title='bbox 3044 3096 3196 3164; x_wconf 63' lang='lat' dir='ltr'><strong>longe</strong></span> <span class='ocrx_word' id='word_1_648' title='bbox 3225 3096 3382 3150; x_wconf 88' lang='lat' dir='ltr'><strong>aliter</strong></span> <span class='ocrx_word' id='word_1_649' title='bbox 3419 3111 3574 3165; x_wconf 88' lang='lat' dir='ltr'><strong>quam</strong></span> <span class='ocrx_word' id='word_1_650' title='bbox 3620 3096 3760 3149; x_wconf 87' lang='lat' dir='ltr'><strong>Dens</strong></span> 
     </span>
    </p>
   </div>
   <div class='ocr_carea' id='block_1_79' title="bbox 2190 3186 3757 3255">
    <p class='ocr_par' dir='ltr' id='par_1_79' title="bbox 2190 3186 3757 3255">
     <span class='ocr_line' id='line_1_79' title="bbox 2190 3186 3757 3255; baseline 0.001 -16"><span class='ocrx_word' id='word_1_651' title='bbox 2190 3194 2272 3240; x_wconf 89' lang='lat' dir='ltr'><strong>est</strong></span> <span class='ocrx_word' id='word_1_652' title='bbox 2300 3186 2620 3245; x_wconf 88' lang='lat' dir='ltr'><strong>credebant,</strong></span> <span class='ocrx_word' id='word_1_653' title='bbox 2668 3197 2920 3255; x_wconf 87' lang='lat' dir='ltr'><strong>quantum</strong></span> <span class='ocrx_word' id='word_1_654' title='bbox 2962 3202 2992 3240; x_wconf 89' lang='lat' dir='ltr'><strong>a</strong></span> <span class='ocrx_word' id='word_1_655' title='bbox 3037 3189 3255 3242; x_wconf 77' lang='lat' dir='ltr'><strong>veritate</strong></span> <span class='ocrx_word' id='word_1_656' title='bbox 3294 3188 3501 3241; x_wconf 84' lang='lat' dir='ltr'><strong>vanitas</strong></span> <span class='ocrx_word' id='word_1_657' title='bbox 3540 3187 3757 3241; x_wconf 78' lang='lat' dir='ltr'><strong>dili&#39;ert:</strong></span> 
     </span>
    </p>
   </div>
   <div class='ocr_carea' id='block_1_80' title="bbox 2190 3277 3764 3347">
    <p class='ocr_par' dir='ltr' id='par_1_80' title="bbox 2190 3277 3764 3347">
     <span class='ocr_line' id='line_1_80' title="bbox 2190 3277 3764 3347; baseline 0.002 -20"><span class='ocrx_word' id='word_1_658' title='bbox 2190 3279 2311 3347; x_wconf 89' lang='lat' dir='ltr'><strong>quia</strong></span> <span class='ocrx_word' id='word_1_659' title='bbox 2342 3277 2587 3331; x_wconf 89' lang='lat' dir='ltr'><strong>animalis</strong></span> <span class='ocrx_word' id='word_1_660' title='bbox 2620 3277 2780 3330; x_wconf 89' lang='lat' dir='ltr'><strong>homo</strong></span> <span class='ocrx_word' id='word_1_661' title='bbox 2812 3294 2913 3330; x_wconf 84' lang='lat' dir='ltr'><strong>non</strong></span> <span class='ocrx_word' id='word_1_662' title='bbox 2948 3280 3166 3346; x_wconf 77' lang='lat' dir='ltr'><strong>percipit</strong></span> <span class='ocrx_word' id='word_1_663' title='bbox 3202 3294 3263 3332; x_wconf 87' lang='lat' dir='ltr'><strong>ea</strong></span> <span class='ocrx_word' id='word_1_664' title='bbox 3292 3294 3411 3347; x_wconf 76' lang='lat' dir='ltr'><strong>qua:</strong></span> <span class='ocrx_word' id='word_1_665' title='bbox 3450 3288 3578 3331; x_wconf 88' lang='lat' dir='ltr'><strong>sunt</strong></span> <span class='ocrx_word' id='word_1_666' title='bbox 3610 3279 3764 3347; x_wconf 83' lang='lat' dir='ltr'><strong>spiri-</strong></span> 
     </span>
    </p>
   </div>
   <div class='ocr_carea' id='block_1_81' title="bbox 2194 3369 3762 3425">
    <p class='ocr_par' dir='ltr' id='par_1_81' title="bbox 2194 3369 3762 3425">
     <span class='ocr_line' id='line_1_81' title="bbox 2194 3369 3762 3425; baseline 0 -2"><span class='ocrx_word' id='word_1_667' title='bbox 2194 3381 2277 3423; x_wconf 90' lang='lat' dir='ltr'><strong>tus</strong></span> <span class='ocrx_word' id='word_1_668' title='bbox 2320 3370 2432 3424; x_wconf 82' lang='lat' dir='ltr'><strong>Dei.</strong></span> <span class='ocrx_word' id='word_1_669' title='bbox 2486 3371 2559 3424; x_wconf 87' lang='lat' dir='ltr'><strong>De</strong></span> <span class='ocrx_word' id='word_1_670' title='bbox 2601 3370 2794 3423; x_wconf 88' lang='lat' dir='ltr'><strong>talibus</strong></span> <span class='ocrx_word' id='word_1_671' title='bbox 2839 3369 2991 3425; x_wconf 79' lang='lat' dir='ltr'><strong>dicit.</strong></span> <span class='ocrx_word' id='word_1_672' title='bbox 3031 3371 3092 3422; x_wconf 77' lang='lat' dir='ltr'><strong>Et</strong></span> <span class='ocrx_word' id='word_1_673' title='bbox 3133 3369 3582 3424; x_wconf 77' lang='lat' dir='ltr'><strong>circumferuntur</strong></span> <span class='ocrx_word' id='word_1_674' title='bbox 3618 3371 3762 3424; x_wconf 88' lang='lat' dir='ltr'><strong>omni</strong></span> 
     </span>
    </p>
   </div>
   <div class='ocr_carea' id='block_1_82' title="bbox 2194 3460 3764 3533">
    <p class='ocr_par' dir='ltr' id='par_1_82' title="bbox 2194 3460 3764 3533">
     <span class='ocr_line' id='line_1_82' title="bbox 2194 3460 3764 3533; baseline -0.001 -17"><span class='ocrx_word' id='word_1_675' title='bbox 2194 3472 2351 3516; x_wconf 85' lang='lat' dir='ltr'><strong>vento</strong></span> <span class='ocrx_word' id='word_1_676' title='bbox 2379 3462 2657 3516; x_wconf 70' lang='lat' dir='ltr'><strong>doctrinm.</strong></span> <span class='ocrx_word' id='word_1_677' title='bbox 2689 3460 2895 3515; x_wconf 80' lang='lat' dir='ltr'><strong>Gratias</strong></span> <span class='ocrx_word' id='word_1_678' title='bbox 2924 3479 3021 3533; x_wconf 85' lang='lat' dir='ltr'><strong>ago</strong></span> <span class='ocrx_word' id='word_1_679' title='bbox 3053 3460 3159 3516; x_wconf 84' lang='lat' dir='ltr'><strong>Deo</strong></span> <span class='ocrx_word' id='word_1_680' title='bbox 3188 3478 3316 3525; x_wconf 87' lang='lat' dir='ltr'><strong>meo,</strong></span> <span class='ocrx_word' id='word_1_681' title='bbox 3348 3461 3486 3531; x_wconf 86' lang='lat' dir='ltr'><strong>quod</strong></span> <span class='ocrx_word' id='word_1_682' title='bbox 3514 3463 3764 3515; x_wconf 83' lang='lat' dir='ltr'><strong>neminem</strong></span> 
     </span>
    </p>
   </div>
   <div class='ocr_carea' id='block_1_83' title="bbox 2192 3554 3764 3625">
    <p class='ocr_par' dir='ltr' id='par_1_83' title="bbox 2192 3554 3764 3625">
     <span class='ocr_line' id='line_1_83' title="bbox 2192 3554 3764 3625; baseline -0.003 -17"><span class='ocrx_word' id='word_1_683' title='bbox 2192 3565 2413 3608; x_wconf 83' lang='lat' dir='ltr'><strong>uestrum</strong></span> <span class='ocrx_word' id='word_1_684' title='bbox 2441 3556 2707 3624; x_wconf 60' lang='lat' dir='ltr'><strong>baptizari,</strong></span> <span class='ocrx_word' id='word_1_685' title='bbox 2739 3556 2835 3608; x_wconf 87' lang='lat' dir='ltr'><strong>nisi</strong></span> <span class='ocrx_word' id='word_1_686' title='bbox 2863 3554 3095 3624; x_wconf 82' lang='lat' dir='ltr'><strong>Crispum</strong></span> <span class='ocrx_word' id='word_1_687' title='bbox 3115 3596 3129 3619; x_wconf 97' lang='lat'><strong>,</strong></span> <span class='ocrx_word' id='word_1_688' title='bbox 3157 3564 3203 3607; x_wconf 90' lang='lat' dir='ltr'><strong>et</strong></span> <span class='ocrx_word' id='word_1_689' title='bbox 3230 3554 3437 3618; x_wconf 88' lang='lat' dir='ltr'><strong>Caium,</strong></span> <span class='ocrx_word' id='word_1_690' title='bbox 3464 3571 3527 3607; x_wconf 88' lang='lat' dir='ltr'><strong>ne</strong></span> <span class='ocrx_word' id='word_1_691' title='bbox 3550 3556 3662 3625; x_wconf 79' lang='lat' dir='ltr'><strong>quis</strong></span> <span class='ocrx_word' id='word_1_692' title='bbox 3686 3554 3764 3604; x_wconf 75' lang='lat' dir='ltr'><strong>di-</strong></span> 
     </span>
    </p>
   </div>
   <div class='ocr_carea' id='block_1_84' title="bbox 2195 3646 3768 3717">
    <p class='ocr_par' dir='ltr' id='par_1_84' title="bbox 2195 3646 3768 3717">
     <span class='ocr_line' id='line_1_84' title="bbox 2195 3646 3768 3717; baseline 0.001 -19"><span class='ocrx_word' id='word_1_693' title='bbox 2195 3657 2302 3711; x_wconf 88' lang='lat' dir='ltr'><strong>cut,</strong></span> <span class='ocrx_word' id='word_1_694' title='bbox 2336 3647 2471 3715; x_wconf 84' lang='lat' dir='ltr'><strong>quod</strong></span> <span class='ocrx_word' id='word_1_695' title='bbox 2513 3649 2563 3700; x_wconf 89' lang='lat' dir='ltr'><strong>in</strong></span> <span class='ocrx_word' id='word_1_696' title='bbox 2587 3648 2786 3701; x_wconf 83' lang='lat' dir='ltr'><strong>nomine</strong></span> <span class='ocrx_word' id='word_1_697' title='bbox 2817 3665 2923 3700; x_wconf 89' lang='lat' dir='ltr'><strong>meo</strong></span> <span class='ocrx_word' id='word_1_698' title='bbox 2952 3648 3193 3714; x_wconf 84' lang='lat' dir='ltr'><strong>baptizati</strong></span> <span class='ocrx_word' id='word_1_699' title='bbox 3217 3650 3355 3701; x_wconf 89' lang='lat' dir='ltr'><strong>estis.</strong></span> <span class='ocrx_word' id='word_1_700' title='bbox 3381 3646 3651 3717; x_wconf 78' lang='lat' dir='ltr'><strong>Baptizavi</strong></span> <span class='ocrx_word' id='word_1_701' title='bbox 3678 3665 3768 3700; x_wconf 84' lang='lat' dir='ltr'><strong>au-</strong></span> 
     </span>
    </p>
   </div>
   <div class='ocr_carea' id='block_1_85' title="bbox 2196 3736 3768 3806">
    <p class='ocr_par' dir='ltr' id='par_1_85' title="bbox 2196 3736 3768 3806">
     <span class='ocr_line' id='line_1_85' title="bbox 2196 3736 3768 3806; baseline 0 -19"><span class='ocrx_word' id='word_1_702' title='bbox 2196 3746 2293 3790; x_wconf 87' lang='lat' dir='ltr'><strong>tent</strong></span> <span class='ocrx_word' id='word_1_703' title='bbox 2316 3747 2360 3789; x_wconf 84' lang='lat' dir='ltr'><strong>et</strong></span> <span class='ocrx_word' id='word_1_704' title='bbox 2384 3736 2654 3804; x_wconf 66' lang='lat' dir='ltr'><strong>Stephants</strong></span> <span class='ocrx_word' id='word_1_705' title='bbox 2677 3741 2899 3790; x_wconf 77' lang='lat' dir='ltr'><strong>domum.</strong></span> <span class='ocrx_word' id='word_1_706' title='bbox 2927 3737 3175 3791; x_wconf 68' lang='lat' dir='ltr'><strong>Cancrum</strong></span> <span class='ocrx_word' id='word_1_707' title='bbox 3198 3739 3365 3791; x_wconf 82' lang='lat' dir='ltr'><strong>nescio</strong></span> <span class='ocrx_word' id='word_1_708' title='bbox 3380 3738 3503 3806; x_wconf 84' lang='lat' dir='ltr'><strong>siqu</strong></span> <span class='ocrx_word' id='word_1_709' title='bbox 3538 3755 3586 3789; x_wconf 87' lang='lat' dir='ltr'><strong>m</strong></span> <span class='ocrx_word' id='word_1_710' title='bbox 3607 3739 3768 3790; x_wconf 86' lang='lat' dir='ltr'><strong>alium</strong></span> 
     </span>
    </p>
   </div>
   <div class='ocr_carea' id='block_1_86' title="bbox 2198 3829 3764 3901">
    <p class='ocr_par' dir='ltr' id='par_1_86' title="bbox 2198 3829 3764 3901">
     <span class='ocr_line' id='line_1_86' title="bbox 2198 3829 3764 3901; baseline -0.001 -17"><span class='ocrx_word' id='word_1_711' title='bbox 2198 3832 2573 3901; x_wconf 75' lang='lat' dir='ltr'><strong>baptizarerim.</strong></span> <span class='ocrx_word' id='word_1_712' title='bbox 2606 3830 2725 3884; x_wconf 83' lang='lat' dir='ltr'><strong>Non</strong></span> <span class='ocrx_word' id='word_1_713' title='bbox 2772 3832 2905 3885; x_wconf 88' lang='lat' dir='ltr'><strong>enim</strong></span> <span class='ocrx_word' id='word_1_714' title='bbox 2944 3832 3079 3884; x_wconf 86' lang='lat' dir='ltr'><strong>misit</strong></span> <span class='ocrx_word' id='word_1_715' title='bbox 3108 3847 3186 3883; x_wconf 84' lang='lat' dir='ltr'><strong>me</strong></span> <span class='ocrx_word' id='word_1_716' title='bbox 3214 3829 3446 3884; x_wconf 85' lang='lat' dir='ltr'><strong>Christus</strong></span> <span class='ocrx_word' id='word_1_717' title='bbox 3473 3830 3764 3899; x_wconf 69' lang='lat' dir='ltr'><strong>baptizare,</strong></span> 
     </span>
    </p>
   </div>
   <div class='ocr_carea' id='block_1_87' title="bbox 2195 3922 3771 3993">
    <p class='ocr_par' dir='ltr' id='par_1_87' title="bbox 2195 3922 3771 3993">
     <span class='ocr_line' id='line_1_87' title="bbox 2195 3922 3771 3993; baseline -0.002 -17"><span class='ocrx_word' id='word_1_718' title='bbox 2195 3924 2283 3977; x_wconf 85' lang='lat' dir='ltr'><strong>sed</strong></span> <span class='ocrx_word' id='word_1_719' title='bbox 2326 3923 2690 3993; x_wconf 79' lang='lat' dir='ltr'><strong>evangelizare.</strong></span> <span class='ocrx_word' id='word_1_720' title='bbox 2736 3922 2885 3989; x_wconf 85' lang='lat' dir='ltr'><strong>Quod</strong></span> <span class='ocrx_word' id='word_1_721' title='bbox 2938 3922 3015 3976; x_wconf 89' lang='lat' dir='ltr'><strong>sic</strong></span> <span class='ocrx_word' id='word_1_722' title='bbox 3055 3922 3259 3987; x_wconf 86' lang='lat' dir='ltr'><strong>evenit,</strong></span> <span class='ocrx_word' id='word_1_723' title='bbox 3293 3932 3349 3974; x_wconf 91' lang='lat' dir='ltr'><strong>ut</strong></span> <span class='ocrx_word' id='word_1_724' title='bbox 3380 3922 3650 3975; x_wconf 86' lang='lat' dir='ltr'><strong>neminem</strong></span> <span class='ocrx_word' id='word_1_725' title='bbox 3684 3935 3771 3973; x_wconf 83' lang='lat' dir='ltr'><strong>ve-</strong></span> 
     </span>
    </p>
   </div>
   <div class='ocr_carea' id='block_1_88' title="bbox 2198 4010 3765 4083">
    <p class='ocr_par' dir='ltr' id='par_1_88' title="bbox 2198 4010 3765 4083">
     <span class='ocr_line' id='line_1_88' title="bbox 2198 4010 3765 4083; baseline -0.003 -16"><span class='ocrx_word' id='word_1_726' title='bbox 2198 4029 2362 4068; x_wconf 80' lang='lat' dir='ltr'><strong>Strnm</strong></span> <span class='ocrx_word' id='word_1_727' title='bbox 2406 4015 2761 4083; x_wconf 82' lang='lat' dir='ltr'><strong>haptizarem;</strong></span> <span class='ocrx_word' id='word_1_728' title='bbox 2809 4029 2928 4067; x_wconf 87' lang='lat' dir='ltr'><strong>nam</strong></span> <span class='ocrx_word' id='word_1_729' title='bbox 2964 4013 3180 4067; x_wconf 80' lang='lat' dir='ltr'><strong>forsitan</strong></span> <span class='ocrx_word' id='word_1_730' title='bbox 3209 4012 3495 4076; x_wconf 77' lang='lat' dir='ltr'><strong>dixissetis,</strong></span> <span class='ocrx_word' id='word_1_731' title='bbox 3544 4010 3687 4081; x_wconf 87' lang='lat' dir='ltr'><strong>quod</strong></span> <span class='ocrx_word' id='word_1_732' title='bbox 3718 4010 3765 4063; x_wconf 89' lang='lat' dir='ltr'><strong>in</strong></span> 
     </span>
    </p>
   </div>
   <div class='ocr_carea' id='block_1_89' title="bbox 2200 4101 3772 4173">
    <p class='ocr_par' dir='ltr' id='par_1_89' title="bbox 2200 4101 3772 4173">
     <span class='ocr_line' id='line_1_89' title="bbox 2200 4101 3772 4173; baseline -0.003 -17"><span class='ocrx_word' id='word_1_733' title='bbox 2200 4104 2410 4157; x_wconf 89' lang='lat' dir='ltr'><strong>nomine</strong></span> <span class='ocrx_word' id='word_1_734' title='bbox 2451 4118 2569 4158; x_wconf 91' lang='lat' dir='ltr'><strong>meo</strong></span> <span class='ocrx_word' id='word_1_735' title='bbox 2599 4103 2939 4173; x_wconf 81' lang='lat' dir='ltr'><strong>baptizarem.</strong></span> <span class='ocrx_word' id='word_1_736' title='bbox 2980 4103 3096 4156; x_wconf 86' lang='lat' dir='ltr'><strong>Non</strong></span> <span class='ocrx_word' id='word_1_737' title='bbox 3139 4104 3189 4156; x_wconf 88' lang='lat' dir='ltr'><strong>in</strong></span> <span class='ocrx_word' id='word_1_738' title='bbox 3228 4104 3479 4173; x_wconf 83' lang='lat' dir='ltr'><strong>sapientia</strong></span> <span class='ocrx_word' id='word_1_739' title='bbox 3518 4101 3688 4167; x_wconf 78' lang='lat' dir='ltr'><strong>verbi,</strong></span> <span class='ocrx_word' id='word_1_740' title='bbox 3720 4112 3772 4153; x_wconf 83' lang='lat' dir='ltr'><strong>ut</strong></span> 
     </span>
    </p>
   </div>
   <div class='ocr_carea' id='block_1_90' title="bbox 2198 4195 3769 4260">
    <p class='ocr_par' dir='ltr' id='par_1_90' title="bbox 2198 4195 3769 4260">
     <span class='ocr_line' id='line_1_90' title="bbox 2198 4195 3769 4260; baseline -0.001 -11"><span class='ocrx_word' id='word_1_741' title='bbox 2198 4213 2299 4249; x_wconf 90' lang='lat' dir='ltr'><strong>non</strong></span> <span class='ocrx_word' id='word_1_742' title='bbox 2329 4204 2591 4249; x_wconf 74' lang='lat' dir='ltr'><strong>evacuatur</strong></span> <span class='ocrx_word' id='word_1_743' title='bbox 2621 4212 2746 4249; x_wconf 74' lang='lat' dir='ltr'><strong>crux</strong></span> <span class='ocrx_word' id='word_1_744' title='bbox 2770 4195 2977 4249; x_wconf 85' lang='lat' dir='ltr'><strong>Christi.</strong></span> <span class='ocrx_word' id='word_1_745' title='bbox 3012 4197 3284 4251; x_wconf 84' lang='lat' dir='ltr'><strong>Evaeuant</strong></span> <span class='ocrx_word' id='word_1_746' title='bbox 3309 4197 3385 4250; x_wconf 89' lang='lat' dir='ltr'><strong>illi</strong></span> <span class='ocrx_word' id='word_1_747' title='bbox 3426 4196 3531 4249; x_wconf 89' lang='lat' dir='ltr'><strong>vim</strong></span> <span class='ocrx_word' id='word_1_748' title='bbox 3565 4196 3769 4260; x_wconf 86' lang='lat' dir='ltr'><strong>crucis,</strong></span> 
     </span>
    </p>
   </div>
   <div class='ocr_carea' id='block_1_91' title="bbox 2198 4293 3767 4365">
    <p class='ocr_par' dir='ltr' id='par_1_91' title="bbox 2198 4293 3767 4365">
     <span class='ocr_line' id='line_1_91' title="bbox 2198 4293 3767 4365; baseline -0.002 -18"><span class='ocrx_word' id='word_1_749' title='bbox 2198 4295 2289 4362; x_wconf 90' lang='lat' dir='ltr'><strong>qui</strong></span> <span class='ocrx_word' id='word_1_750' title='bbox 2312 4295 2538 4348; x_wconf 88' lang='lat' dir='ltr'><strong>lnnnana</strong></span> <span class='ocrx_word' id='word_1_751' title='bbox 2566 4296 2822 4363; x_wconf 83' lang='lat' dir='ltr'><strong>sapientia</strong></span> <span class='ocrx_word' id='word_1_752' title='bbox 2847 4295 3159 4365; x_wconf 59' lang='lat' dir='ltr'><strong>gloriantur,</strong></span> <span class='ocrx_word' id='word_1_753' title='bbox 3184 4309 3339 4363; x_wconf 89' lang='lat' dir='ltr'><strong>qnam</strong></span> <span class='ocrx_word' id='word_1_754' title='bbox 3366 4293 3454 4347; x_wconf 90' lang='lat' dir='ltr'><strong>illa</strong></span> <span class='ocrx_word' id='word_1_755' title='bbox 3479 4293 3767 4347; x_wconf 78' lang='lat' dir='ltr'><strong>damnavit.</strong></span> 
     </span>
    </p>
   </div>
   <div class='ocr_carea' id='block_1_92' title="bbox 2208 4384 3771 4457">
    <p class='ocr_par' dir='ltr' id='par_1_92' title="bbox 2208 4384 3771 4457">
     <span class='ocr_line' id='line_1_92' title="bbox 2208 4384 3771 4457; baseline -0.003 -15"><span class='ocrx_word' id='word_1_756' title='bbox 2208 4388 2425 4442; x_wconf 82' lang='lat' dir='ltr'><strong>Verbum</strong></span> <span class='ocrx_word' id='word_1_757' title='bbox 2456 4390 2585 4440; x_wconf 87' lang='lat' dir='ltr'><strong>enim</strong></span> <span class='ocrx_word' id='word_1_758' title='bbox 2626 4389 2788 4441; x_wconf 75' lang='lat' dir='ltr'><strong>crucis</strong></span> <span class='ocrx_word' id='word_1_759' title='bbox 2816 4388 3116 4456; x_wconf 71' lang='lat' dir='ltr'><strong>pra&#39;dicatio</strong></span> <span class='ocrx_word' id='word_1_760' title='bbox 3147 4386 3411 4457; x_wconf 75' lang='lat' dir='ltr'><strong>Evangelii</strong></span> <span class='ocrx_word' id='word_1_761' title='bbox 3441 4396 3531 4438; x_wconf 85' lang='lat' dir='ltr'><strong>est.</strong></span> <span class='ocrx_word' id='word_1_762' title='bbox 3576 4384 3771 4438; x_wconf 82' lang='lat' dir='ltr'><strong>Christi</strong></span> 
     </span>
    </p>
   </div>
   <div class='ocr_carea' id='block_1_93' title="bbox 2197 4475 3775 4547">
    <p class='ocr_par' dir='ltr' id='par_1_93' title="bbox 2197 4475 3775 4547">
     <span class='ocr_line' id='line_1_93' title="bbox 2197 4475 3775 4547; baseline -0.004 -12"><span class='ocrx_word' id='word_1_763' title='bbox 2197 4482 2459 4535; x_wconf 79' lang='lat' dir='ltr'><strong>crucilixi.</strong></span> <span class='ocrx_word' id='word_1_764' title='bbox 2497 4480 2827 4533; x_wconf 81' lang='lat' dir='ltr'><strong>Perenntibus</strong></span> <span class='ocrx_word' id='word_1_765' title='bbox 2855 4478 3058 4547; x_wconf 87' lang='lat' dir='ltr'><strong>quidem</strong></span> <span class='ocrx_word' id='word_1_766' title='bbox 3085 4479 3297 4531; x_wconf 84' lang='lat' dir='ltr'><strong>stultitia</strong></span> <span class='ocrx_word' id='word_1_767' title='bbox 3348 4485 3441 4529; x_wconf 86' lang='lat' dir='ltr'><strong>est.</strong></span> <span class='ocrx_word' id='word_1_768' title='bbox 3487 4475 3775 4529; x_wconf 83' lang='lat' dir='ltr'><strong>lncredulis</strong></span> 
     </span>
    </p>
   </div>
   <div class='ocr_carea' id='block_1_94' title="bbox 528 4566 3775 4671">
    <p class='ocr_par' dir='ltr' id='par_1_94' title="bbox 528 4566 3775 4671">
     <span class='ocr_line' id='line_1_94' title="bbox 528 4566 3775 4671; baseline -0.002 -47"><span class='ocrx_word' id='word_1_769' title='bbox 528 4604 607 4647; x_wconf 61' lang='grc' dir='ltr'><strong>ωε</strong></span> <span class='ocrx_word' id='word_1_770' title='bbox 655 4594 757 4646; x_wconf 65' lang='lat' dir='ltr'><strong>illis</strong></span> <span class='ocrx_word' id='word_1_771' title='bbox 801 4566 1376 4651; x_wconf 38' lang='lat' dir='ltr'><strong>303,,dalum.&#39;fpideus</strong></span> <span class='ocrx_word' id='word_1_772' title='bbox 1424 4600 1587 4665; x_wconf 49' lang='lat' dir='ltr'><strong>De“,</strong></span> <span class='ocrx_word' id='word_1_773' title='bbox 1635 4616 1723 4671; x_wconf 65' lang='lat' dir='ltr'><strong>per</strong></span> <span class='ocrx_word' id='word_1_774' title='bbox 1757 4566 1903 4669; x_wconf 62' lang='lat' dir='ltr'><strong>que;,,</strong></span> <span class='ocrx_word' id='word_1_775' title='bbox 1934 4602 2092 4653; x_wconf 52' lang='lat' dir='ltr'><strong>rem“</strong></span> <span class='ocrx_word' id='word_1_776' title='bbox 2127 4570 2170 4626; x_wconf 90' lang='lat' dir='ltr'><strong>D</strong></span> <span class='ocrx_word' id='word_1_777' title='bbox 2200 4583 2386 4628; x_wconf 91' lang='lat' dir='ltr'><strong>etnon</strong></span> <span class='ocrx_word' id='word_1_778' title='bbox 2430 4573 2844 4640; x_wconf 82' lang='lat' dir='ltr'><strong>intelligentibns</strong></span> <span class='ocrx_word' id='word_1_779' title='bbox 2889 4571 3136 4625; x_wconf 88' lang='lat' dir='ltr'><strong>virtutem</strong></span> <span class='ocrx_word' id='word_1_780' title='bbox 3188 4569 3280 4623; x_wconf 89' lang='lat' dir='ltr'><strong>Dei</strong></span> <span class='ocrx_word' id='word_1_781' title='bbox 3317 4567 3539 4622; x_wconf 87' lang='lat' dir='ltr'><strong>stultitia</strong></span> <span class='ocrx_word' id='word_1_782' title='bbox 3568 4566 3775 4635; x_wconf 84' lang='lat' dir='ltr'><strong>videtur</strong></span> 
     </span>
    </p>
   </div>
   <div class='ocr_carea' id='block_1_95' title="bbox 527 4683 2091 4763">
    <p class='ocr_par' dir='ltr' id='par_1_95' title="bbox 527 4683 2091 4763">
     <span class='ocr_line' id='line_1_95' title="bbox 527 4683 2091 4763; baseline 0.003 -26"><span class='ocrx_word' id='word_1_783' title='bbox 527 4684 664 4737; x_wconf 77' lang='lat' dir='ltr'><strong>estis.</strong></span> <span class='ocrx_word' id='word_1_784' title='bbox 689 4683 821 4748; x_wconf 84' lang='lat' dir='ltr'><strong>Quia</strong></span> <span class='ocrx_word' id='word_1_785' title='bbox 845 4686 1174 4739; x_wconf 80' lang='lat' dir='ltr'><strong>continuavit</strong></span> <span class='ocrx_word' id='word_1_786' title='bbox 1204 4689 1369 4763; x_wconf 66' lang='lat' dir='ltr'><strong>ﬁdelis</strong></span> <span class='ocrx_word' id='word_1_787' title='bbox 1403 4689 1563 4742; x_wconf 87' lang='lat' dir='ltr'><strong>Deus.</strong></span> <span class='ocrx_word' id='word_1_788' title='bbox 1594 4690 1659 4741; x_wconf 87' lang='lat' dir='ltr'><strong>In</strong></span> <span class='ocrx_word' id='word_1_789' title='bbox 1686 4694 1970 4742; x_wconf 82' lang='lat' dir='ltr'><strong>societatem</strong></span> <span class='ocrx_word' id='word_1_790' title='bbox 2001 4689 2091 4742; x_wconf 82' lang='lat' dir='ltr'><strong>Fi-</strong></span> 
     </span>
    </p>
   </div>
   <div class='ocr_carea' id='block_1_96' title="bbox 530 4772 2093 4844">
    <p class='ocr_par' dir='ltr' id='par_1_96' title="bbox 530 4772 2093 4844">
     <span class='ocr_line' id='line_1_96' title="bbox 530 4772 2093 4844; baseline 0.005 -17"><span class='ocrx_word' id='word_1_791' title='bbox 530 4776 583 4828; x_wconf 87' lang='lat' dir='ltr'><strong>lii</strong></span> <span class='ocrx_word' id='word_1_792' title='bbox 626 4777 732 4844; x_wconf 83' lang='lat' dir='ltr'><strong>ejus</strong></span> <span class='ocrx_word' id='word_1_793' title='bbox 758 4772 882 4826; x_wconf 87' lang='lat' dir='ltr'><strong>Jesu</strong></span> <span class='ocrx_word' id='word_1_794' title='bbox 914 4772 1101 4827; x_wconf 85' lang='lat' dir='ltr'><strong>Christi</strong></span> <span class='ocrx_word' id='word_1_795' title='bbox 1136 4776 1338 4829; x_wconf 86' lang='lat' dir='ltr'><strong>Domini</strong></span> <span class='ocrx_word' id='word_1_796' title='bbox 1369 4780 1546 4832; x_wconf 85' lang='lat' dir='ltr'><strong>nostri.</strong></span> <span class='ocrx_word' id='word_1_797' title='bbox 1581 4778 1902 4834; x_wconf 87' lang='lat' dir='ltr'><strong>Societatem</strong></span> <span class='ocrx_word' id='word_1_798' title='bbox 1933 4780 2093 4835; x_wconf 82' lang='lat' dir='ltr'><strong>Joan-</strong></span> 
     </span>
    </p>
   </div>
   <div class='ocr_carea' id='block_1_97' title="bbox 530 4867 2095 4938">
    <p class='ocr_par' dir='ltr' id='par_1_97' title="bbox 530 4867 2095 4938">
     <span class='ocr_line' id='line_1_97' title="bbox 530 4867 2095 4938; baseline 0.006 -19"><span class='ocrx_word' id='word_1_799' title='bbox 530 4882 625 4922; x_wconf 88' lang='lat' dir='ltr'><strong>nes</strong></span> <span class='ocrx_word' id='word_1_800' title='bbox 649 4869 880 4921; x_wconf 79' lang='lat' dir='ltr'><strong>ostendit</strong></span> <span class='ocrx_word' id='word_1_801' title='bbox 909 4867 1121 4933; x_wconf 86' lang='lat' dir='ltr'><strong>dicens,</strong></span> <span class='ocrx_word' id='word_1_802' title='bbox 1151 4868 1406 4934; x_wconf 80' lang='lat' dir='ltr'><strong>Quoniam</strong></span> <span class='ocrx_word' id='word_1_803' title='bbox 1449 4871 1583 4925; x_wconf 83' lang='lat' dir='ltr'><strong>Deus</strong></span> <span class='ocrx_word' id='word_1_804' title='bbox 1614 4872 1699 4925; x_wconf 78' lang='lat' dir='ltr'><strong>lux</strong></span> <span class='ocrx_word' id='word_1_805' title='bbox 1725 4879 1838 4938; x_wconf 85' lang='lat' dir='ltr'><strong>est,</strong></span> <span class='ocrx_word' id='word_1_806' title='bbox 1870 4880 1922 4926; x_wconf 85' lang='lat' dir='ltr'><strong>et</strong></span> <span class='ocrx_word' id='word_1_807' title='bbox 1948 4882 2095 4928; x_wconf 84' lang='lat' dir='ltr'><strong>tene-</strong></span> 
     </span>
    </p>
   </div>
   <div class='ocr_carea' id='block_1_98' title="bbox 528 4958 2094 5032">
    <p class='ocr_par' dir='ltr' id='par_1_98' title="bbox 528 4958 2094 5032">
     <span class='ocr_line' id='line_1_98' title="bbox 528 4958 2094 5032; baseline 0.003 -19"><span class='ocrx_word' id='word_1_808' title='bbox 528 4958 635 5013; x_wconf 75' lang='lat' dir='ltr'><strong>brat</strong></span> <span class='ocrx_word' id='word_1_809' title='bbox 684 4959 733 5012; x_wconf 91' lang='lat' dir='ltr'><strong>in</strong></span> <span class='ocrx_word' id='word_1_810' title='bbox 764 4973 832 5013; x_wconf 88' lang='lat' dir='ltr'><strong>eo</strong></span> <span class='ocrx_word' id='word_1_811' title='bbox 860 4959 1017 5013; x_wconf 58' lang='lat' dir='ltr'><strong>nulla:</strong></span> <span class='ocrx_word' id='word_1_812' title='bbox 1042 4969 1164 5013; x_wconf 90' lang='lat' dir='ltr'><strong>sunt</strong></span> <span class='ocrx_word' id='word_1_813' title='bbox 1197 4978 1208 5013; x_wconf 92' lang='lat'>:</span> <span class='ocrx_word' id='word_1_814' title='bbox 1241 4961 1283 5014; x_wconf 89' lang='lat' dir='ltr'><strong>si</strong></span> <span class='ocrx_word' id='word_1_815' title='bbox 1312 4960 1604 5017; x_wconf 82' lang='lat' dir='ltr'><strong>dixerimus</strong></span> <span class='ocrx_word' id='word_1_816' title='bbox 1634 4963 1756 5032; x_wconf 86' lang='lat' dir='ltr'><strong>quia</strong></span> <span class='ocrx_word' id='word_1_817' title='bbox 1788 4965 2094 5020; x_wconf 88' lang='lat' dir='ltr'><strong>societatem</strong></span> 
     </span>
    </p>
   </div>
   <div class='ocr_carea' id='block_1_99' title="bbox 528 5050 2097 5120">
    <p class='ocr_par' dir='ltr' id='par_1_99' title="bbox 528 5050 2097 5120">
     <span class='ocr_line' id='line_1_99' title="bbox 528 5050 2097 5120; baseline 0.004 -16"><span class='ocrx_word' id='word_1_818' title='bbox 528 5050 783 5106; x_wconf 85' lang='lat' dir='ltr'><strong>habemus</strong></span> <span class='ocrx_word' id='word_1_819' title='bbox 809 5067 927 5107; x_wconf 88' lang='lat' dir='ltr'><strong>cum</strong></span> <span class='ocrx_word' id='word_1_820' title='bbox 955 5066 1039 5116; x_wconf 92' lang='lat' dir='ltr'><strong>eo,</strong></span> <span class='ocrx_word' id='word_1_821' title='bbox 1081 5061 1135 5107; x_wconf 87' lang='lat' dir='ltr'><strong>et</strong></span> <span class='ocrx_word' id='word_1_822' title='bbox 1173 5052 1223 5107; x_wconf 93' lang='lat' dir='ltr'><strong>in</strong></span> <span class='ocrx_word' id='word_1_823' title='bbox 1253 5054 1486 5109; x_wconf 90' lang='lat' dir='ltr'><strong>tenebris</strong></span> <span class='ocrx_word' id='word_1_824' title='bbox 1515 5056 1870 5120; x_wconf 86' lang='lat' dir='ltr'><strong>ambulamus,</strong></span> <span class='ocrx_word' id='word_1_825' title='bbox 1906 5057 2097 5111; x_wconf 85' lang='lat' dir='ltr'><strong>menti-</strong></span> 
     </span>
    </p>
   </div>
   <div class='ocr_carea' id='block_1_100' title="bbox 527 5145 2098 5213">
    <p class='ocr_par' dir='ltr' id='par_1_100' title="bbox 527 5145 2098 5213">
     <span class='ocr_line' id='line_1_100' title="bbox 527 5145 2098 5213; baseline 0.004 -16"><span class='ocrx_word' id='word_1_826' title='bbox 527 5158 668 5197; x_wconf 89' lang='lat' dir='ltr'><strong>mur.</strong></span> <span class='ocrx_word' id='word_1_827' title='bbox 699 5145 762 5198; x_wconf 83' lang='lat' dir='ltr'><strong>Et</strong></span> <span class='ocrx_word' id='word_1_828' title='bbox 792 5145 985 5199; x_wconf 84' lang='lat' dir='ltr'><strong>Paulus</strong></span> <span class='ocrx_word' id='word_1_829' title='bbox 1010 5163 1021 5197; x_wconf 89' lang='lat'><strong>:</strong></span> <span class='ocrx_word' id='word_1_830' title='bbox 1054 5146 1107 5200; x_wconf 88' lang='lat' dir='ltr'><strong>Si</strong></span> <span class='ocrx_word' id='word_1_831' title='bbox 1133 5147 1532 5213; x_wconf 88' lang='lat' dir='ltr'><strong>commorimur,</strong></span> <span class='ocrx_word' id='word_1_832' title='bbox 1558 5157 1613 5204; x_wconf 88' lang='lat' dir='ltr'><strong>et</strong></span> <span class='ocrx_word' id='word_1_833' title='bbox 1636 5150 1978 5205; x_wconf 86' lang='lat' dir='ltr'><strong>convivemus</strong></span> <span class='ocrx_word' id='word_1_834' title='bbox 2010 5168 2023 5203; x_wconf 88' lang='lat'><strong>:</strong></span> <span class='ocrx_word' id='word_1_835' title='bbox 2053 5150 2098 5204; x_wconf 94' lang='lat' dir='ltr'><strong>si</strong></span> 
     </span>
    </p>
   </div>
   <div class='ocr_carea' id='block_1_101' title="bbox 527 5237 2097 5309">
    <p class='ocr_par' dir='ltr' id='par_1_101' title="bbox 527 5237 2097 5309">
     <span class='ocr_line' id='line_1_101' title="bbox 527 5237 2097 5309; baseline 0.003 -19"><span class='ocrx_word' id='word_1_836' title='bbox 527 5237 871 5302; x_wconf 78' lang='lat' dir='ltr'><strong>sustinemus,</strong></span> <span class='ocrx_word' id='word_1_837' title='bbox 900 5247 952 5291; x_wconf 82' lang='lat' dir='ltr'><strong>et</strong></span> <span class='ocrx_word' id='word_1_838' title='bbox 974 5240 1413 5309; x_wconf 76' lang='lat' dir='ltr'><strong>conregnabimus</strong></span> <span class='ocrx_word' id='word_1_839' title='bbox 1439 5259 1449 5292; x_wconf 94' lang='lat'><strong>:</strong></span> <span class='ocrx_word' id='word_1_840' title='bbox 1475 5242 1517 5294; x_wconf 90' lang='lat' dir='ltr'><strong>si</strong></span> <span class='ocrx_word' id='word_1_841' title='bbox 1540 5240 1671 5295; x_wconf 87' lang='lat' dir='ltr'><strong>socii</strong></span> <span class='ocrx_word' id='word_1_842' title='bbox 1696 5240 1951 5296; x_wconf 86' lang='lat' dir='ltr'><strong>fuerimus</strong></span> <span class='ocrx_word' id='word_1_843' title='bbox 1968 5256 2097 5296; x_wconf 63' lang='lat' dir='ltr'><strong>cono</strong></span> 
     </span>
    </p>
   </div>
   <div class='ocr_carea' id='block_1_102' title="bbox 529 5329 2097 5403">
    <p class='ocr_par' dir='ltr' id='par_1_102' title="bbox 529 5329 2097 5403">
     <span class='ocr_line' id='line_1_102' title="bbox 529 5329 2097 5403; baseline 0.004 -22"><span class='ocrx_word' id='word_1_844' title='bbox 529 5329 847 5383; x_wconf 79' lang='lat' dir='ltr'><strong>versationis</strong></span> <span class='ocrx_word' id='word_1_845' title='bbox 895 5339 950 5384; x_wconf 90' lang='lat' dir='ltr'><strong>et</strong></span> <span class='ocrx_word' id='word_1_846' title='bbox 978 5331 1313 5399; x_wconf 84' lang='lat' dir='ltr'><strong>passionum,</strong></span> <span class='ocrx_word' id='word_1_847' title='bbox 1344 5333 1546 5388; x_wconf 86' lang='lat' dir='ltr'><strong>erimus</strong></span> <span class='ocrx_word' id='word_1_848' title='bbox 1575 5333 1703 5387; x_wconf 89' lang='lat' dir='ltr'><strong>socii</strong></span> <span class='ocrx_word' id='word_1_849' title='bbox 1734 5341 1788 5387; x_wconf 91' lang='lat' dir='ltr'><strong>et</strong></span> <span class='ocrx_word' id='word_1_850' title='bbox 1828 5334 1880 5387; x_wconf 91' lang='lat' dir='ltr'><strong>in</strong></span> <span class='ocrx_word' id='word_1_851' title='bbox 1912 5333 2097 5403; x_wconf 82' lang='lat' dir='ltr'><strong>gloria.</strong></span> 
     </span>
    </p>
   </div>
   <div class='ocr_carea' id='block_1_103' title="bbox 534 5418 2101 5493">
    <p class='ocr_par' dir='ltr' id='par_1_103' title="bbox 534 5418 2101 5493">
     <span class='ocr_line' id='line_1_103' title="bbox 534 5418 2101 5493; baseline 0.004 -21"><span class='ocrx_word' id='word_1_852' title='bbox 534 5418 748 5475; x_wconf 86' lang='lat' dir='ltr'><strong>Obsecro</strong></span> <span class='ocrx_word' id='word_1_853' title='bbox 770 5428 936 5474; x_wconf 88' lang='lat' dir='ltr'><strong>autem</strong></span> <span class='ocrx_word' id='word_1_854' title='bbox 956 5438 1041 5475; x_wconf 81' lang='lat' dir='ltr'><strong>vos</strong></span> <span class='ocrx_word' id='word_1_855' title='bbox 1061 5463 1075 5486; x_wconf 93' lang='lat'><strong>,</strong></span> <span class='ocrx_word' id='word_1_856' title='bbox 1100 5424 1299 5493; x_wconf 80' lang='lat' dir='ltr'><strong>fratres.</strong></span> <span class='ocrx_word' id='word_1_857' title='bbox 1348 5423 1626 5493; x_wconf 73' lang='lat' dir='ltr'><strong>[lucusque</strong></span> <span class='ocrx_word' id='word_1_858' title='bbox 1650 5440 1767 5478; x_wconf 91' lang='lat' dir='ltr'><strong>cum</strong></span> <span class='ocrx_word' id='word_1_859' title='bbox 1796 5425 1947 5478; x_wconf 90' lang='lat' dir='ltr'><strong>laude</strong></span> <span class='ocrx_word' id='word_1_860' title='bbox 1972 5440 2101 5493; x_wconf 68' lang='lat' dir='ltr'><strong>prte-</strong></span> 
     </span>
    </p>
   </div>
   <div class='ocr_carea' id='block_1_104' title="bbox 531 5509 2102 5584">
    <p class='ocr_par' dir='ltr' id='par_1_104' title="bbox 531 5509 2102 5584">
     <span class='ocr_line' id='line_1_104' title="bbox 531 5509 2102 5584; baseline 0.001 -18"><span class='ocrx_word' id='word_1_861' title='bbox 531 5509 680 5567; x_wconf 69' lang='lat' dir='ltr'><strong>Tatio.</strong></span> <span class='ocrx_word' id='word_1_862' title='bbox 713 5512 846 5567; x_wconf 77' lang='lat' dir='ltr'><strong>lliuc</strong></span> <span class='ocrx_word' id='word_1_863' title='bbox 870 5513 978 5582; x_wconf 89' lang='lat' dir='ltr'><strong>jam</strong></span> <span class='ocrx_word' id='word_1_864' title='bbox 1010 5529 1221 5570; x_wconf 81' lang='lat' dir='ltr'><strong>causam</strong></span> <span class='ocrx_word' id='word_1_865' title='bbox 1258 5515 1610 5569; x_wconf 54' lang='lat' dir='ltr'><strong>dissensionis</strong></span> <span class='ocrx_word' id='word_1_866' title='bbox 1646 5518 1968 5584; x_wconf 79' lang='lat' dir='ltr'><strong>exsequitur.</strong></span> <span class='ocrx_word' id='word_1_867' title='bbox 2003 5514 2102 5570; x_wconf 88' lang='lat' dir='ltr'><strong>Per</strong></span> 
     </span>
    </p>
   </div>
   <div class='ocr_carea' id='block_1_105' title="bbox 534 5603 2104 5673">
    <p class='ocr_par' dir='ltr' id='par_1_105' title="bbox 534 5603 2104 5673">
     <span class='ocr_line' id='line_1_105' title="bbox 534 5603 2104 5673; baseline 0.006 -22"><span class='ocrx_word' id='word_1_868' title='bbox 534 5617 713 5655; x_wconf 82' lang='lat' dir='ltr'><strong>nomen</strong></span> <span class='ocrx_word' id='word_1_869' title='bbox 735 5603 941 5657; x_wconf 81' lang='lat' dir='ltr'><strong>Domini</strong></span> <span class='ocrx_word' id='word_1_870' title='bbox 966 5608 1126 5660; x_wconf 71' lang='lat' dir='ltr'><strong>nostri</strong></span> <span class='ocrx_word' id='word_1_871' title='bbox 1142 5606 1263 5660; x_wconf 73' lang='lat' dir='ltr'><strong>Jesn</strong></span> <span class='ocrx_word' id='word_1_872' title='bbox 1287 5604 1494 5659; x_wconf 88' lang='lat' dir='ltr'><strong>Christi.</strong></span> <span class='ocrx_word' id='word_1_873' title='bbox 1523 5608 1575 5659; x_wconf 90' lang='lat' dir='ltr'><strong>In</strong></span> <span class='ocrx_word' id='word_1_874' title='bbox 1594 5622 1698 5673; x_wconf 87' lang='lat' dir='ltr'><strong>quo</strong></span> <span class='ocrx_word' id='word_1_875' title='bbox 1726 5606 1939 5661; x_wconf 85' lang='lat' dir='ltr'><strong>nemine</strong></span> <span class='ocrx_word' id='word_1_876' title='bbox 1960 5607 2104 5660; x_wconf 89' lang='lat' dir='ltr'><strong>vide-</strong></span> 
     </span>
    </p>
   </div>
   <div class='ocr_carea' id='block_1_106' title="bbox 535 5692 2104 5765">
    <p class='ocr_par' dir='ltr' id='par_1_106' title="bbox 535 5692 2104 5765">
     <span class='ocr_line' id='line_1_106' title="bbox 535 5692 2104 5765; baseline 0.003 -20"><span class='ocrx_word' id='word_1_877' title='bbox 535 5692 661 5747; x_wconf 73' lang='lat' dir='ltr'><strong>hitis</strong></span> <span class='ocrx_word' id='word_1_878' title='bbox 684 5694 833 5761; x_wconf 79' lang='lat' dir='ltr'><strong>signa</strong></span> <span class='ocrx_word' id='word_1_879' title='bbox 868 5694 1001 5750; x_wconf 81' lang='lat' dir='ltr'><strong>ﬁeri.</strong></span> <span class='ocrx_word' id='word_1_880' title='bbox 1039 5694 1106 5750; x_wconf 88' lang='lat' dir='ltr'><strong>Ut</strong></span> <span class='ocrx_word' id='word_1_881' title='bbox 1132 5693 1357 5765; x_wconf 59' lang='lat' dir='ltr'><strong>iﬂpsnm</strong></span> <span class='ocrx_word' id='word_1_882' title='bbox 1377 5697 1559 5749; x_wconf 71' lang='lat' dir='ltr'><strong>dicatis</strong></span> <span class='ocrx_word' id='word_1_883' title='bbox 1583 5711 1772 5761; x_wconf 88' lang='lat' dir='ltr'><strong>omnes,</strong></span> <span class='ocrx_word' id='word_1_884' title='bbox 1806 5706 1851 5749; x_wconf 88' lang='lat' dir='ltr'><strong>et</strong></span> <span class='ocrx_word' id='word_1_885' title='bbox 1882 5713 1980 5750; x_wconf 90' lang='lat' dir='ltr'><strong>non</strong></span> <span class='ocrx_word' id='word_1_886' title='bbox 2003 5698 2104 5750; x_wconf 74' lang='lat' dir='ltr'><strong>sint</strong></span> 
     </span>
    </p>
   </div>
   <div class='ocr_carea' id='block_1_107' title="bbox 528 5786 2101 5855">
    <p class='ocr_par' dir='ltr' id='par_1_107' title="bbox 528 5786 2101 5855">
     <span class='ocr_line' id='line_1_107' title="bbox 528 5786 2101 5855; baseline 0.002 -16"><span class='ocrx_word' id='word_1_887' title='bbox 528 5788 581 5839; x_wconf 84' lang='lat' dir='ltr'><strong>in</strong></span> <span class='ocrx_word' id='word_1_888' title='bbox 605 5788 736 5842; x_wconf 67' lang='lat' dir='ltr'><strong>tabis</strong></span> <span class='ocrx_word' id='word_1_889' title='bbox 754 5786 1046 5841; x_wconf 86' lang='lat' dir='ltr'><strong>schismata.</strong></span> <span class='ocrx_word' id='word_1_890' title='bbox 1066 5786 1131 5843; x_wconf 83' lang='lat' dir='ltr'><strong>Ut</strong></span> <span class='ocrx_word' id='word_1_891' title='bbox 1150 5804 1307 5842; x_wconf 88' lang='lat' dir='ltr'><strong>unum</strong></span> <span class='ocrx_word' id='word_1_892' title='bbox 1341 5786 1599 5855; x_wconf 83' lang='lat' dir='ltr'><strong>sentiatis,</strong></span> <span class='ocrx_word' id='word_1_893' title='bbox 1618 5786 1698 5842; x_wconf 79' lang='lat' dir='ltr'><strong>vel</strong></span> <span class='ocrx_word' id='word_1_894' title='bbox 1722 5786 2101 5842; x_wconf 81' lang='lat' dir='ltr'><strong>conﬁteamini.</strong></span> 
     </span>
    </p>
   </div>
   <div class='ocr_carea' id='block_1_108' title="bbox 2202 4667 3772 4735">
    <p class='ocr_par' dir='ltr' id='par_1_108' title="bbox 2202 4667 3772 4735">
     <span class='ocr_line' id='line_1_108' title="bbox 2202 4667 3772 4735; baseline -0.003 -10"><span class='ocrx_word' id='word_1_895' title='bbox 2202 4672 2293 4726; x_wconf 91' lang='lat' dir='ltr'><strong>Dei</strong></span> <span class='ocrx_word' id='word_1_896' title='bbox 2338 4672 2523 4724; x_wconf 85' lang='lat' dir='ltr'><strong>Filium</strong></span> <span class='ocrx_word' id='word_1_897' title='bbox 2554 4672 2733 4725; x_wconf 85' lang='lat' dir='ltr'><strong>dicere</strong></span> <span class='ocrx_word' id='word_1_898' title='bbox 2773 4672 3113 4735; x_wconf 81' lang='lat' dir='ltr'><strong>cruciﬁxum;</strong></span> <span class='ocrx_word' id='word_1_899' title='bbox 3148 4669 3329 4723; x_wconf 83' lang='lat' dir='ltr'><strong>ﬁdeles</strong></span> <span class='ocrx_word' id='word_1_900' title='bbox 3360 4677 3538 4723; x_wconf 90' lang='lat' dir='ltr'><strong>autem</strong></span> <span class='ocrx_word' id='word_1_901' title='bbox 3573 4667 3772 4723; x_wconf 83' lang='lat' dir='ltr'><strong>intelli-</strong></span> 
     </span>
    </p>
   </div>
   <div class='ocr_carea' id='block_1_109' title="bbox 2200 4758 3781 4833">
    <p class='ocr_par' dir='ltr' id='par_1_109' title="bbox 2200 4758 3781 4833">
     <span class='ocr_line' id='line_1_109' title="bbox 2200 4758 3781 4833; baseline -0.001 -20"><span class='ocrx_word' id='word_1_902' title='bbox 2200 4772 2329 4833; x_wconf 79' lang='lat' dir='ltr'><strong>gunt</strong></span> <span class='ocrx_word' id='word_1_903' title='bbox 2359 4763 2447 4815; x_wconf 75' lang='lat' dir='ltr'><strong>Dei</strong></span> <span class='ocrx_word' id='word_1_904' title='bbox 2479 4778 2596 4816; x_wconf 81' lang='lat' dir='ltr'><strong>esse</strong></span> <span class='ocrx_word' id='word_1_905' title='bbox 2626 4766 2868 4823; x_wconf 66' lang='lat' dir='ltr'><strong>virtutem</strong></span> <span class='ocrx_word' id='word_1_906' title='bbox 2893 4804 2905 4823; x_wconf 88' lang='lat'><strong>,</strong></span> <span class='ocrx_word' id='word_1_907' title='bbox 2938 4777 3056 4815; x_wconf 90' lang='lat' dir='ltr'><strong>cum</strong></span> <span class='ocrx_word' id='word_1_908' title='bbox 3098 4771 3152 4816; x_wconf 90' lang='lat' dir='ltr'><strong>et</strong></span> <span class='ocrx_word' id='word_1_909' title='bbox 3194 4760 3464 4814; x_wconf 84' lang='lat' dir='ltr'><strong>diabolum</strong></span> <span class='ocrx_word' id='word_1_910' title='bbox 3506 4758 3781 4825; x_wconf 81' lang='lat' dir='ltr'><strong>superavit</strong></span> 
     </span>
    </p>
   </div>
   <div class='ocr_carea' id='block_1_110' title="bbox 2202 4853 3784 4924">
    <p class='ocr_par' dir='ltr' id='par_1_110' title="bbox 2202 4853 3784 4924">
     <span class='ocr_line' id='line_1_110' title="bbox 2202 4853 3784 4924; baseline -0.002 -17"><span class='ocrx_word' id='word_1_911' title='bbox 2202 4863 2255 4907; x_wconf 92' lang='lat' dir='ltr'><strong>et</strong></span> <span class='ocrx_word' id='word_1_912' title='bbox 2286 4876 2311 4903; x_wconf 87' lang='grc' dir='ltr'><strong>ιι</strong></span> <span class='ocrx_word' id='word_1_913' title='bbox 2337 4867 2525 4908; x_wconf 68' lang='lat' dir='ltr'><strong>oeten.</strong></span> <span class='ocrx_word' id='word_1_914' title='bbox 2556 4857 2631 4908; x_wconf 84' lang='lat' dir='ltr'><strong>lis</strong></span> <span class='ocrx_word' id='word_1_915' title='bbox 2655 4865 2820 4908; x_wconf 87' lang='lat' dir='ltr'><strong>autem</strong></span> <span class='ocrx_word' id='word_1_916' title='bbox 2845 4857 2932 4924; x_wconf 86' lang='lat' dir='ltr'><strong>qui</strong></span> <span class='ocrx_word' id='word_1_917' title='bbox 2958 4855 3083 4908; x_wconf 87' lang='lat' dir='ltr'><strong>salvi</strong></span> <span class='ocrx_word' id='word_1_918' title='bbox 3110 4854 3272 4923; x_wconf 76' lang='lat' dir='ltr'><strong>fittnt,</strong></span> <span class='ocrx_word' id='word_1_919' title='bbox 3296 4854 3351 4907; x_wconf 85' lang='lat' dir='ltr'><strong>id</strong></span> <span class='ocrx_word' id='word_1_920' title='bbox 3381 4863 3451 4908; x_wconf 85' lang='lat' dir='ltr'><strong>est</strong></span> <span class='ocrx_word' id='word_1_921' title='bbox 3479 4854 3651 4915; x_wconf 83' lang='lat' dir='ltr'><strong>nobis,</strong></span> <span class='ocrx_word' id='word_1_922' title='bbox 3680 4853 3784 4905; x_wconf 77' lang='lat' dir='ltr'><strong>vir-</strong></span> 
     </span>
    </p>
   </div>
   <div class='ocr_carea' id='block_1_111' title="bbox 2204 4944 3785 5012">
    <p class='ocr_par' dir='ltr' id='par_1_111' title="bbox 2204 4944 3785 5012">
     <span class='ocr_line' id='line_1_111' title="bbox 2204 4944 3785 5012; baseline -0.003 -12"><span class='ocrx_word' id='word_1_923' title='bbox 2204 4957 2285 5000; x_wconf 88' lang='lat' dir='ltr'><strong>tus</strong></span> <span class='ocrx_word' id='word_1_924' title='bbox 2315 4946 2406 4998; x_wconf 83' lang='lat' dir='ltr'><strong>Dei</strong></span> <span class='ocrx_word' id='word_1_925' title='bbox 2434 4956 2527 4999; x_wconf 85' lang='lat' dir='ltr'><strong>est.</strong></span> <span class='ocrx_word' id='word_1_926' title='bbox 2563 4946 2747 4999; x_wconf 87' lang='lat' dir='ltr'><strong>Fidetn</strong></span> <span class='ocrx_word' id='word_1_927' title='bbox 2781 4944 3104 4999; x_wconf 84' lang='lat' dir='ltr'><strong>infundendo</strong></span> <span class='ocrx_word' id='word_1_928' title='bbox 3135 4945 3376 4999; x_wconf 85' lang='lat' dir='ltr'><strong>salvavit.</strong></span> <span class='ocrx_word' id='word_1_929' title='bbox 3411 4944 3675 5012; x_wconf 86' lang='lat' dir='ltr'><strong>Scriptum</strong></span> <span class='ocrx_word' id='word_1_930' title='bbox 3707 4953 3785 4996; x_wconf 74' lang='lat' dir='ltr'><strong>est</strong></span> 
     </span>
    </p>
   </div>
   <div class='ocr_carea' id='block_1_112' title="bbox 2202 5043 3791 5113">
    <p class='ocr_par' dir='ltr' id='par_1_112' title="bbox 2202 5043 3791 5113">
     <span class='ocr_line' id='line_1_112' title="bbox 2202 5043 3791 5113; baseline -0.006 -11"><span class='ocrx_word' id='word_1_931' title='bbox 2202 5048 2369 5112; x_wconf 82' lang='lat' dir='ltr'><strong>enim,</strong></span> <span class='ocrx_word' id='word_1_932' title='bbox 2419 5045 2637 5101; x_wconf 81' lang='lat' dir='ltr'><strong>Perdant</strong></span> <span class='ocrx_word' id='word_1_933' title='bbox 2663 5046 2964 5113; x_wconf 87' lang='lat' dir='ltr'><strong>sapientiam</strong></span> <span class='ocrx_word' id='word_1_934' title='bbox 2991 5045 3326 5111; x_wconf 75' lang='lat' dir='ltr'><strong>sapientium,</strong></span> <span class='ocrx_word' id='word_1_935' title='bbox 3369 5053 3417 5096; x_wconf 87' lang='lat' dir='ltr'><strong>et</strong></span> <span class='ocrx_word' id='word_1_936' title='bbox 3456 5043 3791 5111; x_wconf 69' lang='lat' dir='ltr'><strong>prudentiam</strong></span> 
     </span>
    </p>
   </div>
   <div class='ocr_carea' id='block_1_113' title="bbox 2204 5134 3783 5209">
    <p class='ocr_par' dir='ltr' id='par_1_113' title="bbox 2204 5134 3783 5209">
     <span class='ocr_line' id='line_1_113' title="bbox 2204 5134 3783 5209; baseline -0.003 -20"><span class='ocrx_word' id='word_1_937' title='bbox 2204 5138 2527 5209; x_wconf 84' lang='lat' dir='ltr'><strong>prudentium</strong></span> <span class='ocrx_word' id='word_1_938' title='bbox 2556 5136 2855 5207; x_wconf 88' lang='lat' dir='ltr'><strong>reprobabo.</strong></span> <span class='ocrx_word' id='word_1_939' title='bbox 2890 5136 2945 5189; x_wconf 91' lang='lat' dir='ltr'><strong>In</strong></span> <span class='ocrx_word' id='word_1_940' title='bbox 2978 5135 3213 5189; x_wconf 86' lang='lat' dir='ltr'><strong>adventu</strong></span> <span class='ocrx_word' id='word_1_941' title='bbox 3255 5135 3454 5189; x_wconf 84' lang='lat' dir='ltr'><strong>Christi</strong></span> <span class='ocrx_word' id='word_1_942' title='bbox 3503 5134 3783 5203; x_wconf 84' lang='lat' dir='ltr'><strong>impletum</strong></span> 
     </span>
    </p>
   </div>
   <div class='ocr_carea' id='block_1_114' title="bbox 2204 5226 3780 5297">
    <p class='ocr_par' dir='ltr' id='par_1_114' title="bbox 2204 5226 3780 5297">
     <span class='ocr_line' id='line_1_114' title="bbox 2204 5226 3780 5297; baseline -0.004 -13"><span class='ocrx_word' id='word_1_943' title='bbox 2204 5241 2304 5284; x_wconf 88' lang='lat' dir='ltr'><strong>est.</strong></span> <span class='ocrx_word' id='word_1_944' title='bbox 2360 5230 2457 5283; x_wconf 88' lang='lat' dir='ltr'><strong>Ubi</strong></span> <span class='ocrx_word' id='word_1_945' title='bbox 2485 5230 2725 5297; x_wconf 80' lang='lat' dir='ltr'><strong>sapiens?</strong></span> <span class='ocrx_word' id='word_1_946' title='bbox 2767 5228 2862 5281; x_wconf 87' lang='lat' dir='ltr'><strong>Ubi</strong></span> <span class='ocrx_word' id='word_1_947' title='bbox 2909 5228 3111 5281; x_wconf 86' lang='lat' dir='ltr'><strong>scriba?</strong></span> <span class='ocrx_word' id='word_1_948' title='bbox 3154 5227 3409 5296; x_wconf 84' lang='lat' dir='ltr'><strong>Eligendo</strong></span> <span class='ocrx_word' id='word_1_949' title='bbox 3453 5226 3780 5295; x_wconf 71' lang='lat' dir='ltr'><strong>piscatores,</strong></span> 
     </span>
    </p>
   </div>
   <div class='ocr_carea' id='block_1_115' title="bbox 2207 5318 3788 5397">
    <p class='ocr_par' dir='ltr' id='par_1_115' title="bbox 2207 5318 3788 5397">
     <span class='ocr_line' id='line_1_115' title="bbox 2207 5318 3788 5397; baseline -0.005 -20"><span class='ocrx_word' id='word_1_950' title='bbox 2207 5324 2548 5397; x_wconf 73' lang='lat' dir='ltr'><strong>philosophos</strong></span> <span class='ocrx_word' id='word_1_951' title='bbox 2580 5322 2900 5390; x_wconf 83' lang='lat' dir='ltr'><strong>reprobavit.</strong></span> <span class='ocrx_word' id='word_1_952' title='bbox 2934 5320 3032 5375; x_wconf 91' lang='lat' dir='ltr'><strong>Ubi</strong></span> <span class='ocrx_word' id='word_1_953' title='bbox 3070 5320 3345 5389; x_wconf 64' lang='lat' dir='ltr'><strong>inquisitor</strong></span> <span class='ocrx_word' id='word_1_954' title='bbox 3372 5319 3533 5390; x_wconf 84' lang='lat' dir='ltr'><strong>hujus</strong></span> <span class='ocrx_word' id='word_1_955' title='bbox 3571 5318 3788 5372; x_wconf 59' lang='lat' dir='ltr'><strong>seculi?</strong></span> 
     </span>
    </p>
   </div>
   <div class='ocr_carea' id='block_1_116' title="bbox 2208 5407 3782 5482">
    <p class='ocr_par' dir='ltr' id='par_1_116' title="bbox 2208 5407 3782 5482">
     <span class='ocr_line' id='line_1_116' title="bbox 2208 5407 3782 5482; baseline -0.005 -15"><span class='ocrx_word' id='word_1_956' title='bbox 2208 5417 2306 5482; x_wconf 89' lang='lat' dir='ltr'><strong>Qui</strong></span> <span class='ocrx_word' id='word_1_957' title='bbox 2341 5414 2595 5482; x_wconf 86' lang='lat' dir='ltr'><strong>sapientia</strong></span> <span class='ocrx_word' id='word_1_958' title='bbox 2624 5428 2716 5467; x_wconf 91' lang='lat' dir='ltr'><strong>sua</strong></span> <span class='ocrx_word' id='word_1_959' title='bbox 2746 5410 3013 5480; x_wconf 83' lang='lat' dir='ltr'><strong>conquirit</strong></span> <span class='ocrx_word' id='word_1_960' title='bbox 3041 5426 3160 5464; x_wconf 88' lang='lat' dir='ltr'><strong>cum</strong></span> <span class='ocrx_word' id='word_1_961' title='bbox 3193 5411 3404 5465; x_wconf 76' lang='lat' dir='ltr'><strong>caeteris</strong></span> <span class='ocrx_word' id='word_1_962' title='bbox 3429 5412 3497 5464; x_wconf 84' lang='lat' dir='ltr'><strong>de</strong></span> <span class='ocrx_word' id='word_1_963' title='bbox 3524 5407 3745 5461; x_wconf 89' lang='lat' dir='ltr'><strong>occultis</strong></span> <span class='ocrx_word' id='word_1_964' title='bbox 3765 5446 3782 5469; x_wconf 88' lang='lat'><strong>,</strong></span> 
     </span>
    </p>
   </div>
   <div class='ocr_carea' id='block_1_117' title="bbox 2207 5508 3791 5579">
    <p class='ocr_par' dir='ltr' id='par_1_117' title="bbox 2207 5508 3791 5579">
     <span class='ocr_line' id='line_1_117' title="bbox 2207 5508 3791 5579; baseline -0.005 -11"><span class='ocrx_word' id='word_1_965' title='bbox 2207 5526 2260 5568; x_wconf 89' lang='lat' dir='ltr'><strong>ut</strong></span> <span class='ocrx_word' id='word_1_966' title='bbox 2285 5514 2351 5568; x_wconf 88' lang='lat' dir='ltr'><strong>de</strong></span> <span class='ocrx_word' id='word_1_967' title='bbox 2383 5514 2573 5566; x_wconf 84' lang='lat' dir='ltr'><strong>abditis</strong></span> <span class='ocrx_word' id='word_1_968' title='bbox 2619 5512 2775 5566; x_wconf 89' lang='lat' dir='ltr'><strong>rebus</strong></span> <span class='ocrx_word' id='word_1_969' title='bbox 2804 5525 2866 5565; x_wconf 91' lang='lat' dir='ltr'><strong>ac</strong></span> <span class='ocrx_word' id='word_1_970' title='bbox 2898 5511 3099 5565; x_wconf 89' lang='lat' dir='ltr'><strong>naturis</strong></span> <span class='ocrx_word' id='word_1_971' title='bbox 3130 5510 3481 5579; x_wconf 78' lang='lat' dir='ltr'><strong>singulorum.</strong></span> <span class='ocrx_word' id='word_1_972' title='bbox 3524 5508 3676 5563; x_wconf 89' lang='lat' dir='ltr'><strong>Unde</strong></span> <span class='ocrx_word' id='word_1_973' title='bbox 3705 5514 3791 5560; x_wconf 81' lang='lat' dir='ltr'><strong>est</strong></span> 
     </span>
    </p>
   </div>
   <div class='ocr_carea' id='block_1_118' title="bbox 2210 5599 3790 5670">
    <p class='ocr_par' dir='ltr' id='par_1_118' title="bbox 2210 5599 3790 5670">
     <span class='ocr_line' id='line_1_118' title="bbox 2210 5599 3790 5670; baseline -0.004 -14"><span class='ocrx_word' id='word_1_974' title='bbox 2210 5603 2322 5656; x_wconf 61' lang='lat' dir='ltr'><strong>bare</strong></span> <span class='ocrx_word' id='word_1_975' title='bbox 2359 5603 2619 5670; x_wconf 72' lang='lat' dir='ltr'><strong>Sapientia</strong></span> <span class='ocrx_word' id='word_1_976' title='bbox 2661 5616 2816 5670; x_wconf 80' lang='lat' dir='ltr'><strong>quant</strong></span> <span class='ocrx_word' id='word_1_977' title='bbox 2844 5602 3092 5670; x_wconf 88' lang='lat' dir='ltr'><strong>reprobat</strong></span> <span class='ocrx_word' id='word_1_978' title='bbox 3126 5602 3294 5665; x_wconf 87' lang='lat' dir='ltr'><strong>Deus,</strong></span> <span class='ocrx_word' id='word_1_979' title='bbox 3338 5615 3461 5653; x_wconf 91' lang='lat' dir='ltr'><strong>cum</strong></span> <span class='ocrx_word' id='word_1_980' title='bbox 3502 5599 3678 5653; x_wconf 91' lang='lat' dir='ltr'><strong>omnis</strong></span> <span class='ocrx_word' id='word_1_981' title='bbox 3704 5612 3790 5650; x_wconf 80' lang='lat' dir='ltr'><strong>sa-</strong></span> 
     </span>
    </p>
   </div>
   <div class='ocr_carea' id='block_1_119' title="bbox 2212 5691 3788 5763">
    <p class='ocr_par' dir='ltr' id='par_1_119' title="bbox 2212 5691 3788 5763">
     <span class='ocr_line' id='line_1_119' title="bbox 2212 5691 3788 5763; baseline -0.004 -15"><span class='ocrx_word' id='word_1_982' title='bbox 2212 5697 2404 5763; x_wconf 88' lang='lat' dir='ltr'><strong>pientia</strong></span> <span class='ocrx_word' id='word_1_983' title='bbox 2440 5709 2467 5747; x_wconf 92' lang='lat' dir='ltr'><strong>a</strong></span> <span class='ocrx_word' id='word_1_984' title='bbox 2502 5694 2726 5748; x_wconf 88' lang='lat' dir='ltr'><strong>Domino</strong></span> <span class='ocrx_word' id='word_1_985' title='bbox 2750 5694 2864 5748; x_wconf 86' lang='lat' dir='ltr'><strong>Deo</strong></span> <span class='ocrx_word' id='word_1_986' title='bbox 2888 5694 2984 5756; x_wconf 90' lang='lat' dir='ltr'><strong>sit;</strong></span> <span class='ocrx_word' id='word_1_987' title='bbox 3020 5692 3112 5747; x_wconf 88' lang='lat' dir='ltr'><strong>sed</strong></span> <span class='ocrx_word' id='word_1_988' title='bbox 3143 5695 3240 5747; x_wconf 89' lang='lat' dir='ltr'><strong>ista</strong></span> <span class='ocrx_word' id='word_1_989' title='bbox 3270 5693 3529 5762; x_wconf 83' lang='lat' dir='ltr'><strong>sapientia</strong></span> <span class='ocrx_word' id='word_1_990' title='bbox 3564 5691 3703 5752; x_wconf 75' lang='lat' dir='ltr'><strong>talis,</strong></span> <span class='ocrx_word' id='word_1_991' title='bbox 3735 5700 3788 5743; x_wconf 89' lang='lat' dir='ltr'><strong>ct</strong></span> 
     </span>
    </p>
   </div>
   <div class='ocr_carea' id='block_1_120' title="bbox 2218 5785 3789 5853">
    <p class='ocr_par' dir='ltr' id='par_1_120' title="bbox 2218 5785 3789 5853">
     <span class='ocr_line' id='line_1_120' title="bbox 2218 5785 3789 5853; baseline -0.004 -12"><span class='ocrx_word' id='word_1_992' title='bbox 2218 5786 2514 5853; x_wconf 69' lang='lat' dir='ltr'><strong>smcularis,</strong></span> <span class='ocrx_word' id='word_1_993' title='bbox 2551 5804 2649 5842; x_wconf 85' lang='lat' dir='ltr'><strong>non</strong></span> <span class='ocrx_word' id='word_1_994' title='bbox 2682 5799 2758 5841; x_wconf 87' lang='lat' dir='ltr'><strong>est</strong></span> <span class='ocrx_word' id='word_1_995' title='bbox 2801 5788 3079 5842; x_wconf 81' lang='lat' dir='ltr'><strong>desursum</strong></span> <span class='ocrx_word' id='word_1_996' title='bbox 3114 5787 3474 5853; x_wconf 77' lang='lat' dir='ltr'><strong>descendens,</strong></span> <span class='ocrx_word' id='word_1_997' title='bbox 3507 5785 3599 5842; x_wconf 90' lang='lat' dir='ltr'><strong>sed</strong></span> <span class='ocrx_word' id='word_1_998' title='bbox 3634 5798 3789 5839; x_wconf 78' lang='lat' dir='ltr'><strong>inuu-</strong></span> 
     </span>
    </p>
   </div>
  </div>
