4040 6524
252 390 348 450 δϋθ

1030 385 1094 442 ΙΝ
1137 380 1513 442 ΕΡΙΞΤΟῘΛΜ
1553 381 1571 436 l
1615 380 1704 436 AD
1740 373 2148 433 CORINTIIIOS
2187 372 2704 434 COMMENTARIA.

3387 371 3494 436 5t0

247 519 410 578 (tam;
441 513 559 569 ίιιεο
586 523 641 568 ιιι
669 512 828 567 stulta
858 524 888 564 a
915 503 1140 563 Domino
1165 502 1440 567 refutatur,
1473 499 1594 568 quia
1625 511 1683 551 se
1716 511 1808 565 pu-
1839 498 1885 555 Α
1915 499 2000 548 tur
2039 491 2154 548 Dei.
2201 491 2426 562 Semper
2467 491 2685 545 istorum
2735 488 2892 543 trium
2945 489 3191 563 gloriatio
3229 492 3493 562 arguitur,

255 617 325 660 tat
353 602 546 674 aliquid
580 617 717 665 esse,
747 609 800 654 et
831 613 925 669 per
953 610 1102 650 suam
1132 590 1445 662 sapientiam
1478 588 1686 644 occulta
1721 585 1814 639 Dei

248 709 568 766 cognoscere
609 711 621 745 ε
655 691 747 746 sed
785 692 884 745 ista
920 686 1175 758 sapientia
1203 683 1448 737 animalis
1478 690 1532 736 et
1556 680 1816 734 diabolica

251 803 349 844 esn.
385 788 460 842 De
491 785 686 839 talibus
710 781 1040 852 sapientibus
1063 777 1188 833 dicit
1220 777 1391 839 Deus,
1419 774 1551 840 Quia
1592 771 1818 825 abscon-

250 879 369 934 disti
401 878 513 932 luce
555 892 584 930 a
615 874 944 945 sapientibus
974 881 1027 926 et
1058 867 1423 940 pandentibus.
1461 865 1649 918 Nonne
1691 861 1820 916 stul-

250 983 350 1026 tam
373 971 489 1042 fecit
525 969 659 1022 Deus
695 966 1000 1037 sapientiam
1036 965 1189 1033 hujus
1218 960 1434 1014 mundi?
1472 974 1590 1012 nam
1618 957 1738 1027 quia
1769 957 1821 1008 in

250 1065 344 1117 Dei
392 1062 638 1135 sapientia
693 1077 789 1113 non
845 1058 1077 1129 cognorit
1123 1055 1341 1108 mundus
1389 1068 1476 1120 per
1517 1051 1822 1119 sapientium

250 1153 443 1216 Deum,
478 1153 668 1224 placuit
705 1149 831 1203 Deo.
871 1146 1058 1203 Omnia
1098 1146 1149 1199 in
1172 1143 1430 1214 sapientia
1455 1141 1572 1196 fecit
1595 1181 1608 1204 ,
1643 1143 1694 1193 in
1722 1154 1822 1208 qua

249 1243 430 1299 debuit
459 1244 573 1311 ipse
614 1241 861 1311 cognosci
904 1239 992 1306 qui
1026 1238 1249 1300 fecerat,
1282 1234 1368 1303 qui
1401 1233 1559 1287 etiam
1594 1231 1720 1300 ipsis
1758 1228 1824 1282 ad

249 1333 676 1408 cognoscendum
695 1349 814 1387 eum
833 1331 1052 1386 dederat
1071 1327 1408 1398 sapientiam.
1434 1323 1536 1376 Per
1558 1322 1826 1376 stultitiam

230 1428 622 1500 'pra’dicatiovis
652 1425 817 1479 salvos
847 1423 1018 1492 facere
1045 1419 1326 1474 credentes.
1358 1417 1486 1483 ch
1528 1414 1664 1480 apud
1710 1413 1826 1467 illos

250 1519 466 1573 stultitia
488 1516 792 1571 haberetur.
814 1512 1076 1580 Quomodo
1099 1527 1142 1565 ε·
1165 1509 1336 1564 Judaei
1357 1509 1504 1580 signa
1531 1515 1721 1575 petum.
1751 1503 1829 1557 Ex

252 1609 640 1664 consuetudine
676 1607 1053 1675 prophetarum
1075 1643 1089 1668 ,
1119 1602 1205 1671 qui
1246 1615 1365 1654 eum
1405 1599 1563 1652 etiam
1607 1597 1722 1650 sine
1757 1595 1830 1649 si-

231 1698 372 1773 gnis
392 1713 714 1767 cognoscere
733 1697 1050 1758 debuerunt,
1073 1693 1319 1747 videntes
1339 1706 1439 1746 non
1463 1689 1825 1744 crediderunt.

233 1787 318 1848 Et
355 1789 522 1844 Cra'ci
554 1790 854 1859 sapic-itam
885 1795 1141 1857 quierunt.
1178 1785 1454 1838 Raiouem
1481 1784 1720 1836 humane
1747 1797 1832 1834 sa-

1918 582 2057 637 sieut
2084 582 2342 653 scriptum
2370 592 2483 650 est,
2517 582 2632 635 Non
2673 581 2927 651 glorietur
2954 583 3166 650 sapiens
3195 581 3246 635 in
3277 582 3495 652 sapien-

1905 673 1988 744 tia
2017 688 2133 740 sua,
2171 690 2342 744 neque
2382 675 2534 729 tortis
2562 673 2614 729 in
2648 675 2952 727 fortitudine
2981 689 3105 740 sua,
3139 689 3312 744 neque
3344 675 3495 730 dives

1922 764 1974 817 in
2006 765 2205 820 divitiis
2233 767 2367 822 suis.
2401 766 2519 835 Ipse
2548 780 2762 840 quoque.
2791 764 3045 820 Dominus
3076 766 3216 835 quod
3250 781 3342 836 per
3374 780 3498 835 pro-

1922 856 2135 926 phetam
2167 857 2406 923 dixerat,
2441 859 2491 912 in
2525 872 2584 914 se
2610 858 2676 912 ad
2708 871 2947 913 nos:rum
2978 859 3278 927 exemplum
3311 859 3499 928 imple

1924 951 2017 1004 vit.
2061 949 2300 1018 Denique
2336 951 2459 1004 dum
2499 950 2563 1004 de
2590 966 2824 1020 paupere
2853 951 3108 1017 nascitur,
3143 953 3393 1020 reprobat
3420 950 3500 1004 di-

1927 1041 2080 1095 vitias
2111 1059 2123 1094 :
2147 1041 2272 1096 dum
2296 1041 2501 1097 litteras
2527 1057 2631 1096 non
2655 1042 2812 1096 discit
2832 1085 2846 1107 ,
2873 1044 3066 1098 refutat
3091 1045 3268 1098 sazculi
3297 1042 3503 1113 sapien-

1929 1133 2052 1184 tiam
2088 1150 2100 1184 :
2136 1131 2260 1186 dum
2291 1133 2533 1197 traditur,
2570 1148 2675 1187 non
2706 1134 2940 1197 reistit,
2971 1135 3060 1205 qui
3095 1145 3297 1203 poterat
3334 1145 3500 1188 totum

1929 1223 2183 1278 tumidum
2213 1239 2317 1278 uno
2342 1239 2591 1280 sermone
2622 1227 2933 1281 subvertere
2953 1270 2968 1294 ,
3003 1230 3286 1282 humanam
3327 1237 3502 1281 tamen

1931 1316 2290 1370 lortitudiuem
2322 1314 2453 1369 nihil
2485 1331 2607 1370 esse
2649 1319 2984 1371 monstravit.
3030 1318 3181 1373 l'nde
3225 1319 3509 1372 humilient

1930 1425 1988 1464 se
2039 1410 2178 1476 Deo,
2225 1411 2269 1464 si
2318 1411 2505 1464 volunt
2547 1419 2600 1465 et
2643 1411 2740 1479 ipsi
2782 1411 2903 1483 eligi
2949 1427 3068 1466 cum
3119 1413 3350 1468 exteris.
3402 1412 3507 1468 Sed

1933 1503 1964 1555 h
1991 1518 2034 1556 ~e
2065 1512 2229 1560 telum
2258 1513 2443 1558 contra
2474 1503 2594 1559 illos
2639 1504 2868 1570 dicebat,
2911 1504 2999 1574 qc-i
3047 1520 3104 1560 se
3150 1506 3393 1560 dicebant
3441 1505 3510 1560 de

1931 1608 2126 1662 genere
2154 1593 2469 1648 sacerdotali
2508 1605 2648 1662 esse,
2682 1603 2735 1650 et
2777 1594 3023 1666 legispeti
3052 1611 3142 1662 os,
3173 1606 3224 1650 et
3265 1596 3512 1650 meliores

1934 1684 2221 1754 apostolis,
2249 1693 2302 1740 et
2325 1684 2652 1740 sedueebant
2675 1701 2768 1740 eos
2797 1686 2849 1740 in
2893 1686 3075 1742 multis
3117 1687 3385 1741 erroribus
3414 1687 3513 1741 do-

1935 1776 2229 1830 etiinarum
2264 1795 2276 1829 :
2310 1778 2579 1846 quomodo
2622 1779 2725 1832 dici
2754 1788 2928 1848 potest
2957 1793 3142 1835 contra
3175 1781 3511 1852 Pelagianos,

231 1868 491 1952 Ipientim.
525 1879 636 1934 Nos
660 1889 824 1934 autem
855 1879 1189 1949 praedicamus
1219 1875 1476 1930 Christum
1506 1873 1830 1940 cruciﬁxum.
1866 1868 1909 1926 B
1937 1869 2024 1937 qui
2058 1869 2239 1923 dicunt
2263 1885 2322 1924 se
2351 1885 2445 1924 Sua
2473 1870 2732 1939 sapientia
2762 1887 2880 1927 esse
2909 1873 3164 1927 salvatos.
3198 1873 3263 1927 Ut
3287 1891 3386 1927 non
3413 1877 3518 1944 g'o-

251 1973 502 2028 USteud.t
532 1973 751 2025 multum
777 1969 1079 2038 discrepare
1101 1966 1310 2020 illorum
1340 1965 1652 2034 sapientiam
1685 1978 1714 2014 a
1738 1961 1831 2015 do-

253 2068 429 2121 ctrina
457 2079 571 2118 sua.
603 2061 802 2116 Judwis
831 2062 1032 2131 quidem
1058 2058 1383 2113 scandalum.
1413 2057 1729 2112 Scandalum
1753 2062 1836 2108 est

254 2157 456 2214 Judaeis
477 2199 491 2222 ,
525 2156 566 2210 si
602 2155 952 2224 prtedieamus
995 2167 1112 2206 esse
1143 2137 1312 2220 ipsum
1345 2150 1649 2216 Christum,
1678 2164 1833 2218 quem

239 2254 333 2307 illi
357 2251 772 2305 cruciﬁxerunt;
797 2248 1100 2302 seandalunt
1127 2248 1231 2300 illis
1252 2255 1330 2299 est
1353 2246 1541 2298 audire
1569 2253 1834 2295 mortuum

257 2344 568 2406 Christum,
601 2343 734 2395 sicut
773 2341 1052 2407 dicebant,
1083 2340 1190 2394 Nos
1239 2337 1534 2391 audivimus
1582 2351 1647 2390 ex
1689 2335 1836 2404 lege,

243 2430 380 2503 quia
401 2433 645 2487 Christus
668 2441 847 2485 manet
873 2433 925 2483 in
951 2441 1227 2483 :eternum.
1256 2427 1496 2482 Gentibus
1519 2437 1687 2480 au.‘em
1713 2424 1838 2478 stul-

241 2526 449 2582 titiam.
483 2523 597 2578 Non
643 2523 1058 2592 inzelligentibus
1099 2519 1516 2574 misericordiam
1561 2517 1651 2571 Dei
1683 2531 1838 2581 esse,

261 2634 377 2686 qua:
426 2617 647 2669 stultitia
687 2616 1024 2669 credebatur.
1061 2611 1172 2666 Nusi
1215 2611 1356 2667 enim
1389 2613 1504 2681 (ait
1535 2608 1839 2678 l’rOpheta)

262 2707 619 2770 credideritis,
648 2722 751 2758 non
784 2704 1104 2774 intelligetis.
1142 2701 1277 2773 Ipsis
1307 2715 1472 2755 autem
1511 2700 1700 2754 vocatis
1741 2698 1838 2752 Ju-

265 2799 391 2852 tla'is
419 2808 567 2867 atque
606 2795 798 2851 Cm’t‘is
820 2837 833 2859 ,
871 2795 1124 2848 Christum
1153 2797 1241 2847 Dei
1272 2797 1502 2848 virtutem
1543 2802 1590 2845 et
1639 2789 1735 2843 Dei
1761 2806 1844 2843 sa-

267 2890 537 2958 pientiam.
585 2893 756 2954 Quam
807 2904 909 2940 non
960 2888 1130 2940 Cie-dit.
1177 2888 1411 2955 prol'ec:o
1456 2886 1581 2937 dum
1629 2882 1838 2937 nescit:

265 2999 388 3036 cum
417 2993 594 3036 autem
627 2981 941 3044 crediderit,
970 2997 1128 3050 quant
1158 2979 1514 3032 iuliruiitatcm
1547 2986 1842 3047 potaverat,

269 3074 518 3144 intelligit
558 3090 680 3129 esse
714 3076 1001 3138 virtutem,
1033 3071 1155 3142 quia
1201 3071 1504 3138 intelligunt
1535 3067 1842 3140 mysterium

269 3169 489 3238 pii-tatis
535 3181 654 3221 esse
701 3167 826 3219 dmn
876 3165 1119 3220 credunt.
1162 3165 1216 3220 Si
1245 3165 1485 3219 Christus
1518 3163 1608 3216 Dei
1643 3162 1842 3223 virtus,

267 3276 396 3328 ergo
427 3259 776 3328 setttpiterna.
823 3259 1188 3326 Sempiternus
1232 3257 1388 3324 igitur
1416 3256 1692 3318 Christus,
1723 3252 1847 3322 quia

262 3353 393 3406 alibi
447 3352 615 3417 dicit,
662 3349 998 3418 Setnpiterna
1033 3362 1241 3416 quoque
1271 3346 1441 3399 virtus
1481 3347 1627 3413 ejus,
1675 3354 1728 3398 et
1765 3343 1849 3398 di-

266 3443 494 3507 vinitas,
543 3453 593 3496 et
642 3442 922 3510 s:;pienti.2.
957 3440 1106 3509 Quod
1143 3439 1376 3492 ll.t't0l.lCl
1412 3453 1514 3491 n0t
1550 3437 1854 3506 intelligen-

271 3545 374 3599 tes,
405 3534 624 3588 Patrem
669 3535 1035 3602 imperfectum
1084 3529 1482 3599 blasphemant,
1514 3529 1638 3583 dum
1670 3530 1853 3584 dicunt

269 3626 438 3682 fuisse
500 3625 710 3678 l’atiem
761 3615 1045 3693 aliquando
1074 3623 1190 3676 sine
1238 3621 1414 3686 Filio;
1457 3637 1584 3692 ergo
1612 3621 1708 3675 fuit
1735 3621 1854 3677 sine

268 3719 498 3784 virtute,
523 3717 636 3770 sine
663 3716 850 3783 verbo,
875 3716 988 3770 sine
1010 3713 1292 3784 sapientia,
1317 3713 1436 3768 sine
1457 3712 1681 3782 justitia,
1712 3711 1852 3783 quod

266 3826 428 3883 quam
459 3810 625 3863 stulte
652 3809 852 3872 dicunt,
885 3819 1178 3877 agnoscant
1205 3807 1298 3865 Dei
1333 3810 1602 3872 virtutem,
1637 3817 1855 3876 propter

268 3900 420 3971 signa
444 3917 461 3966 ;
499 3899 590 3953 Dei
619 3901 958 3968 sapientiam,
980 3910 1196 3971 propter
1214 3899 1532 3954 doctrinam.
1561 3900 1692 3965 Quia
1718 3901 1854 3969 quod

266 3992 303 4045 ε.
318 3994 488 4044 ultum
503 4000 570 4045 est
587 3990 702 4056 Dei,
719 3992 994 4061 sapientius
1008 3991 1402 4044 esthominibus.
1423 3992 1555 4057 Quia
1569 3993 1707 4061 quod
1723 3993 1856 4046 stul-

268 4091 382 4143 tum
407 4084 622 4138 videtur
647 4082 776 4148 Deo,
801 4083 1096 4151 sapientius
1119 4094 1200 4137 est
1229 4083 1475 4137 omnibus
1510 4083 1811 4137 hominibus
1837 4101 1852 4140 :

267 4193 397 4250 quia
423 4175 687 4245 sapientia
712 4191 806 4231 sua
835 4177 1025 4230 salvari
1050 4191 1157 4230 non
1187 4186 1435 4245 poterant
1456 4215 1470 4239 ,
1499 4176 1588 4244 qui
1621 4191 1711 4244 per
1738 4191 1858 4228 cruv

266 4285 391 4324 crm
423 4269 634 4323 Domini
668 4269 877 4329 liberati
907 4280 1029 4322 sunt
1061 4286 1075 4323 :
1105 4269 1240 4322 sicut
1271 4270 1315 4322 si
1353 4267 1498 4322 dicas
1519 4307 1534 4333 ,
1565 4267 1858 4334 Sapientior

265 4371 355 4419 est
387 4367 622 4416 rusticus
662 4379 840 4417 sermo
870 4364 1132 4426 advocati,
1165 4378 1320 4430 quam
1360 4376 1538 4415 sermo
1576 4363 1861 4430 sapientis-

264 4457 392 4511 simi
446 4456 722 4508 ruszicani.
753 4458 980 4508 Stultum
1014 4453 1107 4507 Dei
1132 4453 1494 4522 judicabalur,
1526 4455 1737 4522 quando
1763 4468 1860 4506 au-

261 4557 501 4611 diebant
533 4553 696 4605 Deum
728 4567 963 4619 passum.
1007 4552 1113 4606 Sed
1156 4553 1257 4605 hoc
1296 4565 1411 4604 erat
1442 4552 1760 4620 sapientius.
1793 4551 1859 4607 Et

260 4641 417 4720 quod
463 4644 720 4710 inﬁrmum
746 4655 816 4695 est
849 4644 961 4710 Dei,
995 4645 1174 4713 fortius
1201 4653 1270 4695 est
1297 4642 1602 4696 hominibus.
1635 4642 1859 4699 Mortem

259 4723 440 4810 quam
475 4750 574 4788 nec
613 4738 852 4804 gigmtes
886 4737 1114 4789 evadere
1147 4747 1462 4806 potuerunt,
1494 4739 1654 4790 homo
1681 4738 1859 4792 cruei-

262 4838 417 4888 tixus
442 4870 457 4896 ,
488 4830 542 4883 in
573 4827 678 4882 Dei:
708 4843 1033 4898 assumptus,
1067 4834 1246 4886 evicit.
1295 4830 1464 4884 l-‘idete
1489 4830 1619 4883 enim
1642 4831 1864 4884 vocatio-

265 4941 387 4982 nem
411 4933 651 4988 vestram,
677 4927 878 4992 fratres.
907 4925 962 4977 ln
988 4925 1134 4979 vobis
1158 4926 1287 4992 ipsis
1307 4923 1528 4993 probate
1550 4924 1693 4994 quod
1715 4922 1856 4980 dico.

271 5020 415 5089 Quia
440 5033 542 5068 non
570 5017 714 5069 muli
741 5032 832 5086 sup
855 5028 988 5075 entes
1017 5020 1297 5074 secundum
1325 5033 1526 5072 carnem
1545 5058 1560 5083 ,
1588 5034 1688 5072 non
1715 5018 1863 5074 multi

268 5131 338 5182 po
366 5120 536 5178 entes,
565 5126 664 5163 non
695 5113 837 5163 inuiti
864 5111 1077 5164 nobiles.
1111 5111 1243 5182 Quia
1275 5111 1428 5180 pauci
1453 5112 1723 5180 sapientes
1746 5127 1870 5168 ere-

269 5207 538 5263 didernnt
569 5218 585 5260 ;
617 5217 709 5271 per
736 5203 1042 5270 superbiam
1074 5207 1217 5256 enim
1247 5201 1528 5272 sapientia:
1559 5203 1864 5272 saecularis,

271 5296 436 5355 multi
469 5294 565 5348 Dei
595 5295 868 5364 sapientia
903 5293 1182 5350 voluerunt
1209 5309 1328 5348 esse
1349 5293 1594 5364 sobjecti.
1620 5295 1724 5351 Sed
1751 5311 1866 5365 quae

271 5389 440 5440 stulta
474 5396 590 5439 sunt
618 5387 793 5439 mundi
823 5385 970 5456 elegit
1001 5385 1160 5451 Deus,
1191 5394 1245 5441 ut
1270 5389 1551 5456 confundat
1579 5387 1864 5458 sapientes;

275 5485 496 5552 inﬁrma
519 5479 694 5532 mundi
719 5480 866 5549 elegit
887 5479 1050 5540 ‘Uets,
1075 5484 1126 5529 ut
1149 5479 1428 5547 confundat
1450 5479 1603 5547 [aria
1617 5494 1636 5544 ,'
1657 5490 1702 5532 et
1723 5482 1867 5552 ignea

277 5579 407 5632 bilia
432 5574 612 5626 mundi
635 5581 680 5625 et
694 5569 1096 5640 contemptibilia
1115 5572 1261 5642 elegit
1287 5569 1422 5624 Deus
1446 5585 1464 5623 :
1488 5579 1534 5622 et
1553 5587 1612 5624 ea
1631 5588 1746 5641 qua?
1766 5589 1868 5648 non

279 5679 444 5730 sunt,
481 5675 535 5718 ut
567 5681 624 5718 ea
651 5679 763 5733 qua:
794 5669 910 5716 sunt
933 5663 1227 5716 destrueret.
1257 5661 1369 5718 Hoc
1395 5671 1508 5729 est,
1540 5663 1700 5734 elegit
1729 5664 1870 5718 Deus

284 5762 555 5832 pupulum
582 5756 814 5825 gentium
835 5799 848 5820 ,
880 5757 966 5824 qui
996 5770 1099 5808 non
1131 5764 1245 5809 erat
1275 5755 1502 5825 populus
1533 5756 1653 5822 Dei,
1685 5766 1742 5810 ut
1771 5757 1868 5812 de-

284 5862 535 5911 strueret
573 5845 820 5919 git-pulum
868 5845 1202 5916 iudicarunt,
1239 5848 1323 5918 qui
1354 5863 1412 5904 se
1446 5863 1562 5906 esse
1601 5850 1868 5920 gloriaba-

1933 1962 2093 2015 rietur
2114 1963 2274 2017 omnis
2295 1979 2414 2016 caro
2437 1963 2487 2016 in
2514 1974 2783 2031 conspectu
2809 1969 2938 2034 ejus.
2968 1966 3221 2022 Carnales
3246 1977 3398 2030 sont,
3428 1967 3518 2036 qui

1936 2051 2004 2106 de
2030 2053 2142 2107 suis
2172 2054 2376 2108 meritis
2403 2053 2696 2124 gloriantur
2726 2073 2739 2108 :
2765 2056 2858 2110 sed
2884 2057 2990 2110 cito
3013 2059 3205 2111 eadem
3223 2099 3238 2123 ,
3263 2057 3398 2112 sicut
3421 2056 3520 2110 llos

1937 2142 2065 2197 l'eni.
2111 2141 2192 2197 Ea:
2218 2145 2329 2216 ipso
2358 2155 2529 2198 autem
2555 2162 2639 2200 vos
2667 2147 2782 2200 estis
2814 2147 2866 2200 in
2894 2144 3095 2200 Christo
3125 2145 3269 2201 Jesu.
3303 2147 3357 2200 Si
3390 2162 3519 2216 ergo

1936 2249 2000 2287 ex
2032 2235 2148 2304 ipso
2173 2234 2339 2300 estis,
2369 2236 2532 2292 nolite
2554 2237 2676 2291 illos
2699 2236 2954 2292 admirari
2987 2253 3122 2309 quos
3156 2239 3246 2293 ille
3285 2255 3385 2291 non
3411 2241 3521 2291 ele-

1940 2327 2031 2397 git.
2066 2326 2166 2391 Qui
2188 2330 2355 2398 factus
2381 2336 2455 2381 est
2483 2330 2734 2400 sapientia
2760 2331 2904 2384 nobis
2932 2348 2964 2384 a
2992 2332 3102 2385 Deo
3133 2342 3179 2384 et
3207 2335 3290 2400 jus
3315 2332 3422 2385 itia.
3457 2331 3523 2385 Ct

1941 2433 2038 2470 nos
2071 2419 2269 2473 laceret
2297 2420 2594 2488 sapientes,
2627 2429 2682 2474 et
2707 2421 2882 2490 justos
2906 2461 2920 2486 ,
2965 2429 3018 2474 et
3057 2430 3291 2475 sanctos.
3322 2421 3522 2474 Contra

1945 2510 2170 2564 Arianos
2201 2509 2326 2565 facit
2353 2511 2500 2565 locus
2524 2511 2653 2577 iste,
2683 2512 2773 2581 (ιιιί
2799 2512 2975 2567 dicunt
3002 2513 3210 2566 Patrem
3242 2512 3404 2566 fuisse
3427 2512 3525 2565 ali-

1942 2601 2155 2671 quando
2197 2604 2313 2656 siue
2345 2603 2502 2668 Filio,
2533 2604 2623 2673 qui
2651 2614 2734 2658 est
2775 2603 3056 2673 sapientia.
3091 2602 3155 2657 Et
3188 2604 3526 2668 sanctiﬁcatio

1948 2703 1994 2747 et
2041 2695 2343 2763 redemptio.
2394 2694 2645 2765 Corporis
2693 2698 2860 2752 nostri
2908 2698 2960 2751 in
3013 2699 3418 2753 resurrectione.
3458 2696 3528 2752 Ut

1943 2785 2370 2854 quemadmodum
2394 2788 2640 2852 scriptum
2668 2799 2738 2840 est
2763 2804 2782 2839 :
2813 2790 2914 2854 Qui
2934 2787 3208 2859 gloriatur,
3231 2792 3282 2842 in
3308 2787 3528 2843 Domino

1944 2874 2214 2944 glorietur.
2248 2877 2362 2928 i\'on
2410 2878 2508 2931 hoc
2535 2878 2764 2943 saeculo,
2800 2893 2895 2932 nec
2941 2880 2994 2933 in
3030 2879 3256 2948 propriis
3283 2880 3486 2934 meritis
3510 2923 3528 2950 ,

1947 2965 2095 3020 sicut
2117 2967 2294 3030 inulti,
2326 2968 2416 3037 qui
2446 2984 2505 3023 se
2529 2969 2862 3025 Christianos
2889 2971 3115 3028 credunt
3133 3012 3147 3038 ,
3171 2982 3226 3028 et
3248 2971 3532 3044 Pelagiana

1949 3074 2130 3113 errore
2161 3059 2519 3130 decipiuntur.

1877 3235 1918 3295 (ἶ
2021 3199 2146 3253 Car.
2192 3215 2249 3252 ll.
2285 3199 2348 3252 Et
2376 3218 2465 3270 ego
2493 3217 2607 3254 cum
2635 3203 2878 3254 venissem
2917 3203 2986 3254 ad
3025 3219 3112 3254 vos
3133 3246 3147 3270 ,
3179 3204 3388 3272 fratres,
3421 3203 3531 3255 rcni

1956 3305 2056 3341 non
2079 3306 2166 3356 per
2187 3290 2540 3343 suhlnnitatem
2557 3291 2804 3344 sermonis
2819 3303 2906 3343 aut
2921 3292 3206 3359 sapientiae,
3224 3293 3530 3344 annuntians

1955 3383 2091 3434 voltis
2123 3383 2465 3435 testimonium
2498 3381 2687 3436 Christi
2717 3398 2733 3435 :
2759 3398 2860 3434 non
2889 3384 3024 3436 enim
3043 3383 3272 3450 judicuvi
3302 3382 3430 3436 scire
3458 3399 3532 3436 mc

1948 3475 2147 3543 aliquid
2199 3477 2328 3528 in'er
2378 3492 2483 3530 eos.
2527 3476 2659 3544 Quia
2707 3477 3018 3532 ostenderat
3059 3492 3162 3531 non
3193 3475 3313 3530 illos
3340 3475 3532 3530 debere

1955 3567 2206 3620 admirari
2237 3569 2523 3621 humanam
2552 3568 2867 3637 sapientiam
2887 3609 2902 3633 ,
2936 3581 3090 3621 suum
3122 3567 3424 3633 exentplutn
3454 3553 3528 3621 re.

1957 3656 2122 3724 plicat
2152 3674 2164 3708 :
2199 3657 2321 3727 quia
2350 3670 2453 3712 non
2484 3658 2598 3726 ipse
2628 3674 2722 3727 per
2749 3659 3033 3711 humanam
3061 3658 3373 3727 sapientiam
3405 3673 3513 3725 pra:

1958 3748 2212 3804 dicasset.
2248 3749 2367 3814 Nisi
2408 3748 2587 3805 Jesum
2629 3751 2919 3818 Christum,
2953 3762 3000 3805 et
3039 3751 3174 3805 hunc
3217 3753 3536 3820 cruciﬁxum.

1956 3843 2106 3910 Quod
2129 3842 2267 3910 apud
2291 3841 2532 3897 homines
2555 3842 2770 3897 stultum
2795 3842 3026 3897 videtur.
3056 3840 3117 3895 Et
3140 3860 3229 3912 ego
3254 3845 3304 3896 in
3331 3844 3523 3911 inﬁrmi

1958 3945 2086 4001 tate,
2114 3945 2161 3987 et
2192 3935 2242 3986 in
2271 3935 2451 3988 timore
2477 3945 2524 3988 et
2565 3944 2780 3988 tremore
2808 3935 2971 3987 multo
3013 3935 3090 4004 {ui
3119 3936 3257 4006 apud
3289 3951 3392 3989 vos.
3426 3935 3542 3993 Non.

1959 4026 2010 4080 in
2038 4025 2314 4096 jactantia.
2343 4023 2406 4077 Et
2430 4041 2596 4080 sermo
2621 4042 2781 4090 utens,
2810 4042 2857 4078 et
2881 4028 3174 4094 praedicatio
3203 4044 3333 4093 mea,
3366 4029 3544 4080 nonin

1959 4119 2374 4188 persuasibilihus
2396 4118 2662 4186 sapientiae
2683 4120 2866 4184 verbis,
2894 4120 2982 4172 sed
3003 4120 3056 4173 in
3082 4122 3366 4173 ostensione
3391 4121 3521 4186 spiri

1960 4219 2039 4262 tus
2063 4222 2108 4261 et
2135 4211 2350 4262 rit-tutis.
2383 4211 2516 4275 Quia
2551 4211 2702 4263 valde
2733 4210 3095 4278 disputatores
3134 4222 3284 4265 erant
3314 4211 3399 4264 isti
3432 4213 3537 4265 Co-

1959 4302 2172 4363 rinthii,
2206 4303 2376 4354 timuit
2409 4317 2474 4355 ne
2509 4302 2586 4355 illi
2617 4302 2961 4366 resisterent,
2989 4313 3077 4355 aut
3120 4319 3187 4356 ne
3229 4304 3328 4355 illis
3359 4312 3412 4356 et
3443 4303 3537 4357 hoc

1960 4390 2136 4460 aliqua
2168 4391 2498 4459 philosotihia
2527 4393 2815 4456 videretur,
2849 4403 2900 4446 et
2926 4406 3032 4444 non
3063 4393 3341 4445 crederent
3372 4409 3384 4442 :
3419 4393 3538 4445 ideo

1962 4483 2135 4550 magis
2176 4481 2385 4533 virtutis
2414 4482 2668 4535 ostendit.
2717 4481 2785 4536 Ut
2814 4484 2943 4550 ﬁdes
2983 4495 3145 4537 castra
3174 4501 3272 4537 non
3299 4486 3361 4538 sit
3385 4485 3434 4538 in
3462 4502 3524 4538 sa

1891 4620 1939 4680 υ
1963 4573 2151 4642 pientia
2171 4571 2453 4636 hominum,
2487 4573 2575 4625 sed
2599 4575 2650 4626 in
2673 4574 2854 4628 virtute
2878 4575 2989 4628 Dei.
3014 4574 3277 4642 Sapientia
3312 4577 3542 4631 humana

1965 4665 2030 4718 ad
2060 4668 2219 4719 breve
2247 4672 2452 4734 tempus
2485 4666 2660 4736 placet
2689 4685 2701 4720 :
2729 4668 2850 4736 quia
2879 4669 3186 4739 temporalis
3210 4679 3320 4736 est,
3349 4681 3408 4726 ut
3432 4673 3544 4741 ipse

1965 4758 2125 4812 homo
2157 4774 2170 4811 :
2205 4759 2370 4812 virtus
2394 4767 2568 4814 autem
2599 4759 2692 4814 Dei
2721 4772 2915 4817 :eterna
2945 4771 3056 4830 est,
3089 4764 3352 4832 (pi-nuodo
3382 4763 3542 4823 Deus.

1963 4851 2089 4906 ldeo
2129 4851 2216 4906 illa
2254 4851 2387 4907 lides
2416 4864 2728 4924 permanet,
2755 4870 2874 4925 qua:
2907 4872 3000 4924 per
3046 4857 3136 4910 Dei
3183 4856 3430 4911 virtutem
3462 4866 3546 4915 est

1963 4944 2153 4998 uillala
2187 4945 2238 4997 in
2271 4945 2506 5000 homine.
2553 4947 2871 5018 Sapientiam
2911 4951 3162 5017 loquimur
3211 4951 3339 5002 inter
3378 4955 3546 5020 perfe-

1966 5046 2094 5089 ctos.
2139 5036 2201 5089 Et
2241 5052 2337 5092 nos
2369 5039 2623 5093 habemus
2665 5039 2897 5093 divinam
2929 5039 3272 5108 sapientiam,
3300 5041 3395 5093 sed
3427 5055 3543 5094 eam

1968 5142 2062 5180 νος
2089 5143 2278 5195 capere
2301 5144 2407 5182 non
2433 5132 2687 5198 poteratis
2716 5149 2728 5184 :
2754 5134 2873 5201 quia
2895 5133 3064 5186 adhuc
3088 5132 3225 5187 laete
3246 5133 3544 5198 nutrimini,

1968 5229 2021 5272 et
2053 5219 2104 5271 in
2139 5219 2242 5274 lide
2272 5221 2419 5288 parvi
2447 5223 2886 5290 comprobantini.
2933 5224 3253 5292 Sapientiam
3284 5240 3401 5278 vero
3447 5241 3547 5277 non

1968 5313 2124 5384 hujus
2156 5315 2360 5379 swculi,
2393 5331 2550 5384 neque
2579 5317 2868 5386 principum
2895 5320 3052 5390 hujus
3081 5319 3275 5372 saeculi.
3309 5318 3433 5373 Sive
3465 5333 3546 5372 re-

1967 5389 2114 5474 gum,
2140 5407 2249 5459 sive
2271 5406 2728 5477 philosophorum,
2756 5411 2837 5464 vel
2858 5389 3002 5468 certe
3023 5411 3316 5482 principum
3337 5410 3551 5467 iudico-

1973 5512 2112 5562 rum,
2141 5497 2222 5551 vel
2243 5500 2524 5553 contraria:
2547 5498 2889 5556 fortitudinis.
2920 5503 3018 5570 Qui
3041 5503 3389 5558 destruuntnr.
3416 5505 3548 5558 Cum

1963 5582 2224 5651 sapientia
2251 5596 2369 5644 sua,
2389 5589 2550 5649 atque
2575 5579 2839 5644 doctrina,
2864 5581 3180 5635 adveniente
3194 5582 3367 5652 gratia
3385 5583 3542 5638 Chl‘i~

1963 5672 2052 5728 sti.
2080 5671 2184 5727 Sed
2198 5672 2460 5742 loquimur
2486 5671 2580 5725 Dei
2601 5672 2930 5740 sapientiam.
2956 5672 3082 5738 Qua:
3110 5671 3356 5727 Christus
3385 5673 3536 5728 intel—

1964 5763 2169 5837 ligitur,
2213 5765 2305 5834 qui
2349 5773 2405 5819 et
2439 5765 2848 5834 prtedestinatus
2871 5775 2974 5829 est,
3001 5768 3139 5821 sicut
3167 5767 3294 5821 dicit
3325 5767 3390 5820 ad
3422 5767 3531 5820 Ro-

1967 5873 2174 5918 manos.
2221 5855 2280 5910 In
2308 5858 2551 5928 mysterio
2573 5873 2694 5927 qure-
2713 5857 3014 5912 absconditn
3037 5869 3125 5921 cst,
3158 5875 3312 5928 quam
3342 5859 3537 5926 privile-
