4004 6354
488 326 625 411 stt

1663 346 1958 405 PRIMASli
2001 347 2452 407 ADltL'METANl
2493 354 2698 411 EPlSC.

3712 360 3831 413 :12

526 473 733 527 stinavft
764 470 896 524 Deus
924 479 1039 524 ante
1067 471 1252 523 stecula
1284 470 1335 524 in
1367 468 1581 540 gloriam
1615 482 1860 524 nostram.
1896 471 2019 526 Sive
2061 472 2114 524 in
2144 472 2193 529 Α
2225 467 2337 523 Nos
2383 480 2549 523 autem
2606 488 2807 525 sensum
2859 472 3045 524 Cltt'isli
3083 472 3344 525 ltabetttus.
3388 471 3485 538 Qui
3544 473 3828 543 Spiritum

528 564 835 633 111-18880118,
865 564 976 617 sive
1009 563 1061 616 in
1104 579 1161 616 re
1203 571 1326 615 aute
1364 572 1632 629 tempora,
1661 563 1774 616 sive
1808 562 1929 632 quia
1961 565 2113 618 multi

528 658 805 727 propheta:
827 657 1107 726 cupierunt
1129 656 1327 722 videre,
1352 666 1403 708 et
1426 670 1726 723 quanquam
1750 654 1956 724 singula
1979 656 2116 710 scie-

531 753 657 817 rint,
693 768 851 806 nemo
897 761 1070 805 tamen
1103 750 1166 803 ad
1209 750 1419 818 plenmn
1451 750 1726 818 cognovit.
1763 750 1930 816 Quam
1968 765 2116 803 nemo

531 845 819 915 principum
858 844 1015 915 hujus
1056 844 1227 896 steculi
1268 843 1517 911 cognovit.
1550 842 1749 896 Pilatus
1779 850 1831 896 81
1856 841 2111 910 Caipbas,

530 937 615 988 vel
640 943 784 989 certe
805 950 991 987 omnes
1016 934 1280 1001 principes
1302 935 1662 988 sacerdotum.
1694 935 1756 989 Si
1775 936 1905 988 enim
1933 951 2119 1005 cogno-

530 1026 737 1089 vissent,
773 1041 1033 1093 nunquam
1063 1023 1335 1077 Dominum
1381 1026 1558 1095 gloriw
1588 1026 1977 1094 cruciﬁxissent.
2012 1026 2119 1081 Sed

530 1120 658 1171 sicu'
689 1118 932 1183 scriptum
960 1128 1057 1185 est,
1092 1118 1242 1181 Quod
1287 1117 1465 1171 oculus
1496 1136 1599 1171 non
1645 1120 1789 1185 vidit,
1843 1137 1933 1174 nec
1979 1121 2121 1174 auris

530 1208 748 1272 audivit,
774 1224 862 1259 nec
907 1208 959 1259 in
1012 1225 1099 1259 cor
1145 1209 1368 1260 hominis
1409 1212 1633 1262 asctndtt
1667 1227 1781 1279 qua:
1819 1212 2121 1279 rra'pararit

530 1298 669 1353 Deus
696 1301 758 1355 iis
783 1302 868 1368 qui
894 1302 1115 1369 diligunt
1138 1300 1303 1353 illum.
1334 1302 1587 1355 Dominus
1616 1303 1907 1372 majestatis
1932 1315 1982 1357 et
2010 1320 2120 1359 1118·

532 1397 637 1451 rito
669 1408 723 1450 et
754 1406 938 1450 natura
973 1398 1148 1451 omnis
1178 1407 1437 1451 crca’ura:
1474 1399 1727 1451 Dominus
1756 1400 1978 1454 olivetus
2004 1412 2117 1467 e~t,

530 1501 583 1543 et
610 1490 769 1544 Jesus
797 1490 975 1556 homo,
1003 1490 1053 1543 in
1082 1506 1114 1559 q
1140 1506 1187 1541 10
1218 1491 1351 1544 08οε
1382 1492 1773 1560 quodammodo
1804 1494 1966 1555 tOlItit
1996 1510 2119 1546 cru-

532 1580 675 1650 1111ςί
714 1600 725 1634 :
760 1594 976 1653 propter
1007 1586 1147 1655 quod
1180 1595 1233 1639 81
1266 1587 1403 1639 Deus
1434 1587 1579 1639 illum
1613 1588 1884 1651 cxaltavit,
1932 1598 1986 1657 et
2028 1588 2125 1641 do-

536 1674 684 1726 navit
726 1674 802 1727 illi
835 1691 1024 1730 nomen
1070 1676 1207 1745 quod
1239 1687 1317 1731 est
1352 1694 1514 1746 Super
1558 1693 1716 1732 010118
1764 1694 1987 1743 nomen,
2029 1696 2123 1749 pro

536 1767 741 1821 unitate
766 1770 1035 1837 personc;
1064 1778 1118 1823 et
1146 1769 1282 1823 Deus
1306 1770 1497 1823 dicitur
1522 1772 1807 1825 crucifixus
1828 1813 1841 1837 ,
1875 1783 1928 1826 et
1962 1772 2125 1827 Filius

2221 570 2463 614 sanctum
2488 564 2801 631 accipimus.

2290 654 2417 709 CAP.
2452 672 2529 711 111.
2568 656 2630 709 Et
2658 674 2769 726 ego,
2796 662 3002 727 fratres,
3030 677 3130 712 non
3156 661 3299 727 potui
3322 661 3457 715 vobis
3488 662 3630 729 loqui
3664 664 3826 729 quasi

2218 746 2364 814 spirit
2377 748 2592 812 ualibtu,
2617 749 2707 801 sed
2722 750 2866 817 quasi
2888 750 3197 802 carnalibus.
3225 751 3487 819 Appellati
3510 763 3635 805 sunt
3666 756 3820 805 8111111

2221 840 2286 889 1111
2316 840 2596 905 quemdam
2624 839 2837 893 modum
2867 841 3108 894 carnales
3136 840 3247 910 jam
3281 843 3456 896 renati
3500 860 3591 913 per
3627 844 3822 910 11118111,

2222 943 2326 981 non
2360 933 2459 997 sic,
2500 932 2638 986 sit-ut
2685 933 2755 986 illi
2797 934 2884 1003 qui
2937 934 3112 988 adhuc
3164 936 3451 989 venundati
3501 946 3662 992 erant
3714 940 3821 991 81111

2223 1036 2440 1091 poet-ato
2470 1039 2485 1075 :
2518 1038 2579 1077 ac
2608 1025 2650 1077 si
2686 1025 2909 1091 diceret,
2947 1042 3053 1079 non
3086 1028 3334 1095 potuistis
3363 1030 3511 1096 quasi
3546 1030 3819 1095 Spiritus-

2223 1117 2322 1182 lcs,
2354 1118 2445 1171 sed
2486 1120 2632 1187 quasi
2666 1120 2912 1173 carnales
2956 1135 3151 1188 capere
3182 1120 3321 1191 quod
3370 1122 3654 1190 loquebar.
3690 1125 3823 1175 Anio

2225 1213 2377 1264 malis
2403 1213 2545 1267 enim
2574 1213 2753 1277 homo,
2776 1212 2826 1265 id
2846 1223 2929 1267 est
2949 1214 3033 1277 qui
3056 1213 3348 1267 secundum
3376 1214 3654 1267 hominem
3679 1216 3819 1283 sapit

2225 1300 2510 1371 (animalis
2540 1305 2737 1371 quippe
2764 1303 2961 1357 dicitur
2989 1306 3057 1358 ab
3087 1306 3283 1368 anima,
3303 1306 3539 1359 carnalis
3567 1322 3594 1356 a
3628 1321 3816 1371 carne,

2224 1395 2345 1462 quia
2398 1410 2460 1447 ex
2494 1396 2669 1448 anima
2700 1406 2751 1450 et
2796 1413 2958 1450 carne
3008 1409 3219 1451 constat
3267 1407 3408 1452 totus
3458 1398 3680 1467 1101110),
3709 1416 3817 1452 non

2228 1487 2447 1556 percipit
2484 1504 2605 1557 quae
2654 1500 2777 1542 sunt
2810 1488 3040 1558 Spiritus
3075 1490 3200 1555 Dei,
3242 1490 3291 1544 id
3330 1500 3412 1544 881
3459 1492 3584 1561 quid
3628 1494 3814 1562 gratiae

2223 1578 2564 1633 erodentibus
2611 1595 2740 1634 Crux
2792 1580 3032 1635 conferat
3060 1580 3279 1637 Christi.
3313 1581 3580 1649 Tanquam
3626 1600 3814 1651 parcu-

2226 1670 2289 1723 lis
2317 1672 2367 1724 in
2401 1669 2602 1725 Christo
2628 1674 2708 1725 lac
2744 1675 2883 1726 vobis
2925 1685 3099 1742 potum
3133 1673 3274 1739 dedi,
3302 1692 3402 1727 non
3440 1691 3610 1729 escam
3643 1692 3661 1727 :
3690 1692 3811 1727 nou-

2229 1763 2349 1815 dum
2380 1764 2512 1817 enim
2561 1765 2822 1835 poteratis,
2870 1765 2957 1817 sed
2996 1782 3086 1817 nec
3132 1781 3266 1817 nunc
3303 1766 3509 1835 quidem
3556 1772 3761 1833 potestis
3787 1784 3805 1820 :

536 1856 681 1911 110101
724 1860 768 1913 is
797 1875 915 1914 esse
949 1862 997 1913 in
1029 1862 1196 1924 cmlis,
1231 1878 1353 1917 cum
1395 1864 1607 1931 quando
1647 1866 1743 1918 ista
1778 1866 1987 1919 dicebat
2022 1868 2113 1921 Do-

2226 1852 2396 1906 adhuc
2424 1855 2557 1906 enim
2588 1854 2706 1906 estis
2742 1856 2994 1909 carnales.
3036 1856 3149 1909 Non
3180 1856 3230 1910 111
3264 1858 3465 1910 carnali
3507 1868 3689 1926 mla'e,
3719 1859 3807 1912 sed

535 1949 735 2013 minus,
770 1950 820 2003 iu
850 1966 1072 2019 corpore
1094 1964 1207 2006 erat
1236 1954 1286 2006 in
1320 1956 1495 2008 terris.
1522 1957 1781 2019 Quoniam
1808 1972 1938 2027 ergo
1966 1958 2124 2011 Chri-

535 2051 651 2095 stus
681 2041 841 2096 homo
865 2059 1020 2097 verus
1048 2055 1097 2097 et
1129 2045 1265 2098 Deus
1291 2061 1475 2109 verus,
1514 2063 1577 2101 ex
1604 2048 1798 2115 duplici
1826 2050 2121 2107 substantia

532 2146 635 2184 una
672 2148 914 2199 persona,
949 2144 1003 2189 et
1036 2135 1194 2191 homo
1226 2137 1385 2203 Deus,
1418 2149 1472 2193 et
1502 2141 1640 2195 idem
1673 2158 1768 2197 rex
1794 2144 1997 2211 glorise,
2031 2144 2123 2197 do-

531 2223 813 2294 minusque
840 2226 1092 2281 virtutum
1126 2245 1229 2283 non
1259 2232 1325 2285 sit
1356 2234 1667 2297 crucifixus,
1704 2250 1799 2303 pro
1828 2234 2121 2290 inviolabili

530 2313 815 2370 tivinitate
852 2332 865 2371 :
900 2327 954 2371 et
983 2320 1269 2374 erucilixus
1301 2324 1363 2373 sit
1400 2324 1449 2377 in
1484 2323 1747 2388 homine,
1776 2340 1871 2393 pro
1919 2328 2122 2380 unitate

530 2422 776 2475 personae
801 2424 815 2461 :
844 2408 1021 2478 itaque
1045 2412 1183 2465 10110
1215 2423 1372 2481 atque
1396 2416 1719 2483 incogitabili
1756 2417 1912 2470 modo
1936 2432 2122 2485 passus

528 2506 613 2550 est
646 2498 801 2564 08118,
834 2510 887 2554 81
917 2518 1022 2555 000
1052 2518 1203 2569 passa
1234 2504 1508 2560 divinitas.
1546 2507 1708 2561 Nobis
1738 2521 1905 2562 autem
1932 2510 2122 2565 revela-

530 2592 601 2644 oit
620 2592 758 2645 Deus
785 2612 872 2663 per
898 2595 1151 2667 Spiritum
1177 2615 1343 2653 suum.
1364 2599 1475 2654 Non
1503 2603 1692 2655 merito
1716 2614 1896 2657 nostro
1920 2606 2122 2659 revela-

531 2684 607 2738 vit
630 2686 803 2754 nobis,
830 2689 922 2743 sed
946 2704 1037 2744 sua
1062 2693 1254 2762 gratia,
1278 2695 1365 2763 qui
1392 2710 1482 2761 per
1507 2696 1661 2749 [idem
1685 2698 1799 2768 ejus
1820 2699 2122 2766 accepimus

529 2774 789 2841 Spiritum
814 2792 1079 2846 sanetum,
1105 2784 1192 2851 qui
1219 2786 1546 2841 voluntatem
1575 2788 1665 2843 Dei
1691 2790 1841 2843 nobis
1864 2792 2119 2846 ostendit.

529 2865 760 2937 Spiritus
776 2872 906 2925 enim
923 2875 1092 2927 omnia
1108 2886 1382 2941 scrutatur,
1404 2880 1554 2931 etiam
1575 2884 1698 2949 prof
1697 2882 1835 2934 unda
1855 2881 1969 2938 Dei.
1995 2883 2122 2946 Quis

528 2962 661 3013 enim
684 2964 776 3015 scit
798 2963 1060 3020 hominum
1082 2985 1194 3037 qua:
1213 2971 1312 3024 sint
1333 2970 1574 3038 hominis,
1604 2974 1702 3026 nisi
1724 2975 1933 3045 spiritus
1957 2974 2122 3030 homi-

530 3051 631 3119 nis,
657 3055 743 3122 qui
764 3055 817 3109 in
840 3056 949 3125 ipso
970 3061 1081 3113 est?
1107 3058 1191 3113 Ita
1217 3072 1264 3115 et
1288 3079 1403 3132 quae
1431 3062 1525 3117 Dei
1550 3075 1667 3118 sunt
1695 3082 1840 3119 nemo
1866 3068 2117 3137 cognovit,

528 3145 628 3199 nisi
645 3146 872 3217 Spiritus
888 3148 1002 3204 Dei.
1023 3151 1188 3207 Deum
1208 3168 1327 3209 esse
1342 3170 1445 3210 non
1464 3154 1699 3222 dubites,
1717 3156 1807 3227 qui
1826 3173 1927 3213 nou
1946 3159 2117 3215 solum

2227 1944 2277 1998 iu
2310 1944 2410 1998 lide
2440 1944 2653 1998 ChriSto
2681 1947 2911 2000 ostendit
2950 1947 3278 2015 prolicientis
3308 1946 3402 2021 [1".
3446 1950 3806 2021 proﬁcientes]

2228 2034 2458 2090 futurum
2489 2049 2628 2102 8888,
2657 2046 2711 2090 01
2737 2040 2963 2106 possint,
2990 2038 3111 2107 quia
3128 2039 3238 2108 jam
3272 2041 3322 2093 in
3353 2041 3431 2094 eis
3462 2043 3806 2109 Spiritualiter

2227 2130 2366 2183 natis
2393 2131 2558 2199 gratia
2592 2128 3031 2185 fueratincboata
3066 2149 3076 2184 :
3111 2130 3364 2200 ergojam
3398 2150 3523 2186 vasa
3569 2145 3725 2188 erant
3756 2137 3803 2188 in

2228 2219 2482 2274 1111001801
2503 2219 2657 2282 facta,
2681 2219 2873 2288 quibus
2895 2219 3067 2274 adhuc
3083 2230 3229 2275 recte
3251 2221 3519 2277 diceretur
3538 2225 3611 2279 :0
3629 2225 3802 2287 homo,

2227 2323 2281 2365 tu
2302 2314 2419 2380 quis
2449 2328 2527 2377 es,
2554 2314 2638 2381 qui
2660 2312 2988 2381 respondeas
3012 2313 3155 2367 Deo?
3181 2324 3233 2367 ct
3255 2317 3296 2369 si
3334 2317 3527 2369 talibus
3554 2329 3698 2370 recte
3725 2319 3800 2371 di-

2227 2408 2384 2471 citur,
2419 2407 2585 2459 multo
2618 2407 2814 2459 rectius
2869 2407 2947 2460 eis
2984 2408 3069 2476 qui
3104 2408 3184 2461 vol
3218 2409 3452 2463 nondum
3484 2412 3555 2465 ita
3591 2428 3804 2481 regene-

2228 2500 2325 2551 rati
2361 2507 2508 2561 sunt,
2540 2496 2629 2551 vel
2661 2497 2822 2550 ctiam
2855 2497 2904 2551 in
2948 2500 3323 2553 contumelinn
3357 2500 3504 2558 l‘acti.
3543 2502 3809 2557 1110111110-

2228 2591 2505 2645 1111101ε1110
2565 2601 2836 2656 teneatur,
2891 2592 3029 2660 quod
3088 2610 3191 2646 non
3250 2594 3320 2649 sit
3368 2595 3625 2665 iniquitas
3673 2600 3803 2665 apud

2233 2682 2395 2735 Deum
2423 2697 2437 2734 :
2470 2682 2559 2752 qui
2592 2685 2702 2735 sive
2731 2681 2912 2748 donet,
2937 2683 3051 2737 sive
3088 2684 3260 2753 exigat
3300 2685 3561 2751 debitum,
3590 2704 3691 2743 nec
3720 2691 3807 2744 i'le

2226 2786 2252 2822 a
2286 2787 2390 2838 qun
2440 2771 2642 2836 exigit,
2677 2781 2822 2825 recte
2875 2779 3049 2841 potest
3076 2772 3143 2825 tle
3189 2773 3467 2843 iniquitate
3516 2775 3635 2846 ejus
3684 2794 3807 2831 cou-

2224 2860 2372 2928 111181νί
2404 2878 2413 2911 :
2456 2876 2554 2913 nec
2584 2861 2672 2915 ille
2701 2861 2784 2914 cui
2810 2859 2994 2926 donat,
3029 2861 3191 2917 debet
3228 2865 3292 2917 de
3317 2864 3429 2918 suis
3460 2868 3670 2922 meritis
3700 2870 3805 2938 glo-

2225 2951 2371 3004 riari.
2408 2952 2471 3005 Et
2517 2952 2604 3006 ille
2647 2966 2751 3005 non
2783 2952 2880 3005 nisi
2906 2954 3047 3022 quod
3079 2955 3304 3009 debetur
3337 2974 3442 3011 non
3492 2958 3724 3012 reddet;
3756 2971 3811 3015 et

2222 3043 2312 3096 illc
2344 3059 2448 3095 non
2475 3042 2655 3108 habet,
2690 3044 2793 3097 nisi
2824 3045 2965 3113 quod
2996 3047 3225 3114 accepit.
3258 3046 3383 3099 Cum
3409 3050 3539 3102 enim
3568 3050 3634 3103 sit
3674 3053 3807 3104 inter

2222 3152 2308 3189 vos
2334 3136 2472 3188 zclus
2493 3145 2538 3189 et
2564 3138 2854 3202 contentio;
2879 3137 3009 3191 dicit
3038 3137 3223 3193 beatus
3255 3138 3441 3195 Pe:rus
3477 3158 3489 3193 :
3524 3142 3805 3212 Depouen.

530 3237 782 3307 humana,
804 3242 895 3298 sed
916 3246 1076 3300 etiam
1098 3246 1192 3302 Dei
1210 3249 1419 3303 occulta
1436 3250 1571 3304 scire
1588 3219 1802 3305 dicitur.
1820 3250 1934 3305 Nos
1950 3263 2118 3306 autem
2145 3219 2192 3283 Ο
2228 3240 2309 3283 “is
2338 3230 2495 3299 ign”
2517 3243 2732 3283 omnem
2754 3230 3011 3284 malitiam
3034 3241 3087 3284 θί
3109 3233 3526 3300 δίωυιδιίθηθων
3555 3247 3801 3307 unquam

528 3347 627 3385 non
640 3334 879 3403 spiritum
891 3336 1043 3407 hujus
1060 3340 1234 3392 mundi
1246 3343 1568 3410 accepimus:
1585 3343 1674 3397 sed
1689 3342 1943 3413 Spiritum
1956 3346 2043 3413 qui
2056 3360 2121 3399 ex

531 3420 641 3475 Deo
670 3435 765 3479 est.
789 3426 892 3494 Qui
925 3434 1193 3487 mundana
1221 3433 1441 3501 cogitat,
1472 3434 1523 3487 id
1552 3444 1657 3501 est,
1688 3436 1774 3505 qui
1806 3452 1865 3490 se
1896 3437 2121 3491 mundo-

530 3513 615 3568 nis
667 3516 805 3570 illuit
854 3526 909 3573 et
956 3518 1213 3589 implicat,
1264 3523 1392 3589 spiri
1422 3539 1508 3576 um
1555 3526 1739 3579 mttndi
1773 3527 1950 3593 habet,
2012 3544 2116 3582 non

530 3605 689 3661 habet
731 3607 991 3675 Spiritum
1044 3624 1309 3666 sanctum.
1366 3612 1435 3667 Ut
1490 3616 1712 3668 sciamus
1766 3633 1883 3685 quia
1928 3634 1959 3669 a
2007 3616 2116 3672 Deo

526 3697 722 3751 donata
761 3708 879 3751 sunt
918 3701 1085 3768 nobis,
1117 3719 1232 3771 qua:
1270 3712 1317 3755 et
1347 3702 1624 3773 loquimur.
1661 3706 1761 3760 Per
1801 3707 2112 3775 adventum,

528 3788 833 3854 passionem
886 3799 941 3844 81
996 3794 1445 3849 resurrectionem
1502 3794 1649 3863 ejus,
1696 3796 1840 3852 dono
1884 3800 2115 3868 Spiritus

526 3877 719 3945 sancti,
751 3895 871 3949 quae
910 3881 1069 3935 etiam
1108 3883 1260 3938 vobis
1285 3886 1685 3942 antmutiamus.
1717 3889 1851 3944 Audi
1894 3891 2112 3957 donata,

525 3978 583 4025 81
615 3979 729 4027 tace
755 3973 822 4027 de
854 3974 1076 4029 meritis.
1114 3974 1234 4030 Non
1270 3978 1322 4030 in
1354 3979 1515 4033 doctis
1564 3980 1804 4036 humana:
1847 3986 2115 4054 sapientia:

529 4062 715 4129 verbis,
755 4065 845 4119 sed
893 4066 945 4119 in
993 4067 1228 4122 doctrina
1260 4068 1507 4141 Spiritus.
1541 4071 1655 4127 Non
1701 4089 1729 4128 a
1776 4074 2113 4147 philosophis

522 4154 691 4221 docri,
720 4152 812 4211 s'ed
835 4172 863 4210 a
891 4157 983 4213 Dei
1004 4158 1227 4229 Spiritu.
1254 4162 1626 4233 Spiritualibus
1649 4168 1942 4235 spiritualia
1966 4187 2109 4222 cont-

524 4258 787 4315 parantes.
827 4250 1225 4321 Spiritualibus,
1259 4257 1351 4325 qui
1384 4272 1444 4310 ea
1470 4272 1663 4326 capere
1693 4271 1935 4327 possunt,
1963 4275 2110 4317 asse-

519 4349 788 4396 verantes.
816 4345 1069 4419 Animalis
1118 4357 1287 4401 autem
1313 4347 1464 4402 homo
1505 4366 1605 4403 non
1647 4352 1863 4422 percipit
1906 4369 1967 4407 ea
1997 4370 2112 4423 qua:

519 4439 638 4485 sunt
669 4431 895 4500 Spiritus
929 4433 1045 4490 Dei.
1078 4438 1178 4504 Qui
1210 4440 1467 4509 Spiritum
1510 4440 1603 4495 Dei
1637 4458 1745 4496 non
1777 4442 1954 4509 habet,
1987 4445 2107 4499 ani-

520 4521 678 4574 malis
703 4532 806 4588 est,
830 4527 951 4594 quia
1002 4528 1106 4581 ritu
1149 4532 1457 4586 animalium
1492 4532 1644 4598 vivit,
1674 4533 1764 4602 qui
1798 4546 1947 4603 putat
1973 4534 2107 4590 nihil

2223 3323 2382 3377 modo
2419 3322 2583 3392 geniti
2636 3323 2881 3389 infantes,
2926 3326 3244 3382 rationabile
3297 3338 3351 3382 et
3396 3330 3515 3384 sine
3556 3330 3687 3385 dolo
3728 3334 3802 3386 lac

2220 3415 2606 3484 concupiscite.
2637 3414 2693 3469 Si
2728 3415 2882 3485 igitur
2908 3416 2981 3470 illi
3025 3418 3230 3485 parvuli
3259 3434 3381 3474 esse
3411 3420 3689 3487 dicuntur,
3719 3426 3800 3493 qui

2220 3523 2430 3562 omnem
2480 3508 2737 3562 malitiam
2776 3508 3145 3579 deposuerint,
3177 3513 3265 3583 qui
3296 3513 3471 3569 adhuc
3504 3515 3649 3571 bona
3699 3536 3811 3575 111111

2222 3601 2466 3667 fecerint,
2498 3602 2624 3671 quid
2655 3603 2722 3657 dc
2761 3604 2917 3658 nobis
2964 3619 3280 3672 censemus,
3313 3607 3364 3660 iu
3405 3610 3601 3677 quibus
3631 3618 3801 3667 omnis

2221 3692 2420 3745 malitia
2445 3693 2787 3747 dominatur?
2819 3692 3005 3748 Nonne
3034 3700 3265 3751 carnales
3286 3700 3423 3765 estis,
3448 3710 3494 3753 et
3520 3705 3800 3758 secundum

2225 3783 2476 3838 hominem
2526 3786 2837 3840 ambulatis?
2882 3786 3342 3845 Considerandum
3404 3803 3627 3864 prapter
3682 3798 3799 3864 quid

2219 3877 2463 3932 carnales
2494 3892 2614 3933 esse
2644 3878 2896 3934 dicuntur
2930 3899 2944 3936 :
2976 3883 3115 3951 quod
3150 3864 3332 3954 utique
3375 3902 3482 3941 non
3514 3892 3799 3946 carnaliter

2216 3970 2305 4037 sit,
2331 3973 2422 4026 sed
2462 3986 2621 4026 sensu
2673 3972 2947 4029 litcarnis.
2998 3975 3126 4030 Cum
3173 3980 3308 4033 enim
3346 3982 3461 4051 quis
3511 3983 3660 4045 dicit,
3713 4000 3798 4055 ego

2216 4062 2419 4130 quidem
2450 4078 2563 4115 sum
2608 4061 2765 4117 Pauli
2789 4080 2808 4117 :
2836 4064 2971 4119 alius
3010 4077 3179 4122 autent
3205 4110 3219 4135 ,
3250 4086 3345 4141 ego
3375 4072 3563 4141 Apollo
3592 4090 3610 4127 :
3641 4091 3802 4129 nonne

2217 4153 2445 4207 homines
2474 4153 2762 4221 cstis?Qui
2795 4156 2925 4209 nihil
2981 4158 3151 4227 majus
3202 4159 3363 4215 habet
3411 4178 3573 4231 quam
3621 4166 3801 4221 caeteri

2218 4242 2482 4307 homines,
2515 4245 2810 4299 secundum
2866 4245 3135 4303 hominem
3166 4250 3426 4309 ambulat.
3469 4252 3523 4307 111
3566 4265 3674 4320 est,
3714 4258 3800 4325 qui

2215 4332 2523 4402 diligentem
2557 4350 2616 4389 se
2649 4344 2853 4390 tantum
2892 4339 3083 4408 diligit,
3120 4348 3175 4395 et
3203 4353 3422 4399 etetera.
3466 4345 3573 4399 Sed
3616 4348 3669 4400 in
3703 4347 3797 4402 hoc

2215 4422 2332 4477 loco
2371 4434 2589 4494 propter
2620 4425 2986 4483 deleuszonem
3023 4432 3297 4486 hominum
3346 4437 3679 4505 singulorum
3710 4440 3802 4494 ho-

2217 4517 2390 4572 mines
2414 4519 2772 4587 appellantur,
2793 4522 3071 4578 evidenter
3096 4526 3350 4593 oStendit,
3382 4530 3503 4598 plus
3537 4546 3634 4585 nos
3666 4534 3801 4588 velle

520 4629 645 4671 esse
692 4628 811 4685 post
854 4632 1104 4691 mortem,
1138 4627 1229 4681 sed
1270 4628 1371 4681 1108
1416 4642 1476 4682 88
1514 4599 1713 4683 debere
1759 4599 1937 4698 agere,
1963 4631 2106 4700 quod
2137 4599 2189 4661 1)
2216 4622 2337 4663 esse
2379 4624 2534 4678 quam
2586 4609 2852 4666 homines.
2883 4610 3019 4668 Cum
3053 4617 3341 4685 exprobrat
3382 4620 3631 4677 homines
3660 4639 3796 4689 esse,

520 4710 773 4765 animalia
807 4730 819 4766 :
855 4714 903 4768 id
933 4726 1035 4779 est,
1068 4718 1412 4786 manducare,
1445 4729 1500 4775 et
1536 4722 1816 4788 luxuriari,
1846 4731 1901 4777 et
1947 4724 2103 4779 mori.

523 4802 762 4859 Stultitia
784 4818 855 4861 est
886 4809 1018 4862 enim
1045 4809 1143 4876 illi,
1174 4822 1222 4865 et
1246 4828 1344 4866 non
1370 4823 1529 4882 potest
1551 4814 1834 4886 intelligere
1860 4818 1980 4889 quia
1996 4821 2103 4889 spi-

519 4898 776 4953 ritualitcr
801 4905 1144 4959 examinator.
1161 4907 1394 4964 Stultitia
1411 4910 1486 4964 illi
1518 4910 1731 4967 videtur
1754 4912 1984 4981 primum
2010 4928 2105 4966 na-

519 5008 605 5055 tus
634 5000 795 5069 Deus,
826 5020 1036 5071 passus,
1067 5010 1425 5065 resurrexisse
1453 5029 1465 5064 :
1495 5014 1730 5069 secundo
1758 5025 2103 5070 contemnere

516 5116 637 5169 quae
666 5110 751 5157 tua
780 5114 941 5159 sunt:
978 5116 1234 5174 praestare
1263 5112 1570 5178 maxillam;
1605 5122 1896 5169 8181018111.
1933 5114 2105 5183 Spiri-

516 5205 635 5259 talis
661 5215 831 5261 autem
861 5209 1111 5279 dijudicat
1142 5212 1565 5269 81111ιί11..1111118111
1609 5230 1801 5269 vanum
1845 5230 1965 5272 csse
2002 5216 2103 5270 bu-

509 5298 749 5369 iusmoili
787 5304 1080 5373 hominem,
1110 5312 1317 5381 probat,
1351 5316 1649 5382 examinat,
1680 5326 1734 5371 et
1758 5316 1871 5385 ipse
1895 5331 1924 5369 a
1958 5318 2103 5373 nullo

513 5404 715 5456 carnali
743 5404 1079 5478 intelligitur,
1109 5418 1163 5463 et
1198 5425 1302 5480 quo
1332 5412 1454 5482 quis
1482 5413 1675 5481 spiritu
1703 5422 1845 5483 agat.
1880 5413 1948 5467 Et
1992 5418 2099 5485 ipse

514 5520 545 5555 11
562 5506 763 5559 nemine
776 5508 1067 5579 judicalur.
1102 5510 1227 5577 Quis
1250 5512 1383 5567 enim
1411 5514 1637 5585 coynooit
1661 5532 1861 5569 sensum
1888 5517 2098 5572 Domini

512 5607 597 5674 qui
628 5609 848 5664 instruat
872 5612 1029 5667 eum?
1056 5614 1210 5669 Modo
1250 5616 1419 5680 timet,
1450 5631 1515 5671 ne
1543 5616 1744 5683 dicant,
1790 5627 1958 5674 totum
1990 5619 2095 5677 hoc

510 5702 672 5762 habet
714 5723 903 5767 sensus
932 5713 1047 5781 Dei,
1075 5714 1217 5785 quod
1251 5714 1405 5770 nobis
1430 5714 1610 5773 dixisti
1642 5735 1653 5770 :
1689 5717 1739 5772 id
1772 5728 1871 5787 est,
1904 5735 2009 5776 non
2036 5721 2089 5778 in

510 5821 597 5864 108
621 5824 810 5868 sensus
845 5813 937 5871 Dei
965 5813 1164 5883 deﬁcit,
1194 5815 1287 5872 sed
1318 5816 1370 5874 in
1399 5817 1556 5875 vobis
1601 5818 1766 5876 virtus
1812 5821 2081 5879 audiendi.

2215 4703 2336 4772 quia
2366 4717 2461 4758 eos
2485 4704 2856 4760 contentiones
2886 4706 3083 4763 habere
3111 4712 3382 4781 cognovit,
3413 4716 3681 4771 excedere
3707 4732 3799 4771 nos

2214 4798 2328 4851 vult
2365 4796 2649 4851 humanam
2701 4808 2965 4867 naturam,
3014 4801 3141 4856 dum
3189 4804 3266 4859 sic
3296 4807 3628 4875 exprobrat:
3666 4810 3799 4874 Quid

2212 4888 2370 4958 igitur
2406 4899 2480 4941 est
2508 4888 2737 4958 Apollo?
2765 4892 2887 4959 quid
2908 4909 3023 4947 vero
3058 4892 3298 4950 Paulus?
3319 4899 3539 4952 ministri
3570 4908 3683 4971 ejus
3720 4903 3800 4954 cui

2212 4981 2519 5039 credidistis.
2548 4982 2607 5037 Si
2636 4998 2734 5039 nos
2764 4985 2895 5040 nihil
2927 5002 3135 5053 sumus,
3169 5001 3371 5057 quanto
3418 4994 3591 5063 magis
3638 4996 3797 5064 aliqui

2211 5076 2338 5129 vere
2370 5075 2499 5130 nihil
2531 5086 2677 5144 sunt,
2709 5078 2802 5132 sed
2837 5078 2943 5133 ﬁcti
2972 5080 3238 5148 apostoli?
3274 5081 3335 5134 Et
3369 5084 3642 5151 unicuique
3667 5087 3797 5139 sicut

2210 5165 2465 5222 Dominus
2488 5168 2647 5225 dedit.
2686 5169 2795 5243 Ego
2824 5172 3072 5239 plantavi,
3103 5172 3288 5244 Apollo
3320 5176 3522 5248 rigavit.
3561 5178 3670 5231 1108
3712 5180 3796 5247 ip-

2210 5272 2326 5313 sum
2361 5275 2466 5314 non
2500 5276 2562 5315 ex
2595 5262 2770 5327 nobis,
2802 5264 2895 5317 sed
2944 5263 3034 5319 Dei
3062 5264 3260 5320 donum
3292 5279 3393 5333 cSt,
3430 5270 3517 5339 qui
3550 5270 3601 5322 iu
3648 5272 3796 5325 voh’s

2209 5361 2487 5419 operatur,
2516 5352 2639 5422 quia
2682 5360 2737 5407 et
2774 5354 2930 5410 nobis
2957 5356 3183 5425 gratiam
3216 5357 3385 5423 dedit,
3411 5369 3468 5413 ut
3507 5375 3610 5431 ego
3647 5361 3794 5430 signa

2207 5439 2463 5507 facerem,
2498 5458 2592 5513 per
2618 5460 2737 5513 quae
2766 5445 3092 5503 crederetis:
3127 5458 3183 5504 et
3211 5450 3404 5518 Apollo
3426 5465 3520 5505 sua
3552 5450 3793 5507 doctrina

2199 5546 2296 5587 vos
2324 5535 2691 5603 conﬁrmaret,
2722 5539 2843 5608 quia
2868 5539 3007 5593 sicut
3050 5541 3139 5611 qui
3172 5542 3377 5610 plantat
3426 5542 3479 5597 in
3522 5542 3786 5608 siccitate,

2198 5633 2275 5688 sic
2303 5636 2479 5692 omnis
2511 5637 2750 5693 doctrina
2781 5642 2997 5708 crescit,
3031 5642 3131 5697 nisi
3167 5643 3258 5698 Dei
3283 5646 3455 5716 gratia
3487 5645 3785 5703 irroretur:

2195 5732 2249 5787 Si
2281 5749 2409 5803 ergo
2436 5744 2491 5789 et
2520 5735 2698 5805 planta
2728 5738 2819 5793 Dei
2851 5748 2953 5808 est,
2985 5751 3039 5797 81
3066 5742 3205 5809 fons,
3240 5746 3367 5815 quid
3410 5746 3567 5803 nobis
3612 5749 3778 5804 ascri~

2194 5823 2335 5891 hitis,
2367 5826 2516 5890 quasi
2561 5826 2761 5898 aliquid
2794 5839 3037 5890 nostrum
3069 5834 3177 5893 sit?
3216 5836 3339 5895 11188
3390 5837 3601 5907 dicens,
3633 5854 3776 5896 com-
