4004 6354
186 253 284 311 513

956 248 1021 304 ιΝ
1063 245 1445 305 EPISTOLAM
1485 245 1502 300 Ι
1543 242 1633 298 AD
1669 239 2084 303 CORINTIHOS
2124 246 2640 331 (ΣΟΜΜΕΝΤΜΗΑ.

3334 253 3433 307 5H.

185 367 394 423 mendat
435 381 524 435 gra
552 364 677 420 iam.
708 363 810 421 Sett
856 363 989 418 Deus
1037 365 1399 418 incrementum
1428 360 1589 412 dedit.
1621 356 1752 410 Vide
1782 355 1827 413 Α
1859 358 2043 415 dolore
2073 369 2129 416 et
2157 360 2497 416 tribulatione
2541 364 2791 417 amittunt
2814 405 2827 427 ,
2862 363 3086 432 ideoque
3115 364 3251 419 salvi
3284 366 3433 427 ﬁant,
3495 393 3528 415 ο

183 457 637 511 commendantem
688 456 943 523 graiam;
984 465 1033 509 et
1063 455 1254 507 audent
1308 452 1550 504 homines
1597 444 1755 501 ιῐυιιΙο

184 548 360 601 dicere
392 546 771 615 blaspheiuias,
803 555 852 598 et
894 546 993 598 sibi
1026 540 1295 599 ascribere
1335 556 1453 611 qtttP.
1487 540 1577 594 Dei
1610 550 1753 606 sunt,

185 652 301 690 cmn
343 622 387 690 Si
430 636 516 690 ille
548 651 653 690 non
692 630 898 690 dederit
940 630 1347 698 incrementum,
1378 631 1552 683 omnis
1600 631 1758 681 homo

188 726 391 781 laboret
419 728 468 779 in
490 741 701 780 vanum.
730 725 913 795 Itaque
944 742 1099 794 neque
1119 726 1202 787 qui
1225 716 1420 791 plantat
1446 730 1516 773 est
1542 712 1756 784 aliquid,

188 834 344 886 neque
380 810 469 887 qui
495 818 649 887 rigat,
690 821 777 870 se‘d
815 817 902 885 qui
930 817 1293 869 incrementum
1321 813 1430 876 dat,
1466 810 1620 863 Deus.
1659 808 1758 875 Qui

188 912 384 978 plantat
405 919 572 963 autem
600 918 645 962 et
672 911 760 980 qui
787 910 921 980 rigat
957 924 1114 961 unum
1140 916 1277 959 sunt.
1311 905 1419 959 Nos
1446 901 1759 957 mercenarii

188 1014 392 1067 sumus,
428 1000 616 1055 alienis
648 1000 988 1054 ferramentis
1031 1010 1337 1068 operantur,
1372 996 1501 1049 nihil
1541 994 1762 1049 debetur

186 1090 344 1145 nobis
368 1131 382 1155 ,
423 1090 523 1144 nisi
571 1105 776 1144 merces
810 1086 1008 1143 laboris
1047 1088 1240 1151 nostri,
1290 1079 1419 1157 quia
1450 1086 1515 1139 de
1546 1092 1763 1152 accepto

191 1180 390 1234 talento
420 1195 724 1249 operantur.
758 1174 1114 1250 Unusquisque
1150 1190 1319 1232 autem
1343 1176 1603 1246 propriam
1632 1189 1764 1228 mer-

188 1276 360 1328 cedem
398 1275 603 1344 accipiet
634 1274 909 1327 secundant
946 1290 1094 1327 suum
1124 1273 1364 1327 laborem.
1397 1272 1591 1323 Contra
1617 1268 1764 1321 Jovi-

188 1367 442 1431 nianum,
471 1371 560 1436 qui
610 1382 768 1421 ttuam
809 1366 1051 1420 omnium
1103 1366 1231 1420 dicit
1279 1379 1400 1419 esse
1438 1361 1761 1416 mercedem.

195 1459 287 1512 Dei
317 1461 447 1512 enim
470 1475 645 1513 sumus
682 1459 940 1530 adjutores
973 1474 990 1513 :
1018 1458 1109 1511 Dei
1132 1458 1449 1528 agricultura
1490 1454 1626 1507 estis.
1658 1442 1766 1505 Ad-

187 1551 394 1620 jutores
439 1550 490 1604 in
523 1551 710 1613 verbo,
755 1567 861 1604 non
892 1551 945 1604 iu
995 1550 1231 1618 potentia
1258 1565 1271 1601 :
1303 1562 1448 1617 ager,
1494 1552 1547 1598 et
1578 1542 1768 1597 messis

195 1641 311 1698 Dei.
350 1641 441 1695 Dei
466 1644 741 1709 aediﬁcatio
778 1642 918 1696 estis.
958 1632 1267 1694 Aidiﬁcatio
1318 1637 1499 1704 templi
1530 1635 1646 1689 Dei.
1675 1635 1770 1688 Se-

1862 452 2013 519 quasi
2045 468 2140 521 per
2164 454 2363 523 ignem,
2398 456 2448 509 id
2472 466 2572 520 est,
2598 473 2691 525 per
2719 457 3131 512 tribulationem.
3158 457 3226 511 Et
3256 458 3438 513 unius-

1862 532 2104 611 cujusque
2125 560 2251 614 Opus
2289 546 2439 612 quale
2464 551 2548 611 s’t,
2580 546 2715 617 ignis
2753 547 2981 616 probabit
3011 562 3030 600 :
3050 548 3095 601 si
3118 551 3266 620 cujus
3308 565 3437 618 apus

1862 633 2141 701 manserit,
2196 634 2331 703 quod
2380 637 2615 703 supera‘d
2638 638 2843 705 ﬁcauit,
2882 638 3158 693 mercedem
3202 640 3435 707 accipiet.

1862 716 1918 775 Id
1968 733 2071 788 est,
2124 727 2446 779 examinatio
2485 728 2689 793 judicii,
2744 730 2827 783 vel
2880 745 3115 798 praesens
3166 730 3440 785 tribulatio

1862 827 1978 879 qua:
2019 815 2121 882 igni
2178 815 2610 884 frequentissime
2656 830 3016 887 comparatur.
3056 825 3254 875 Aurum
3292 822 3441 885 enim

1864 913 1917 958 et
1944 914 2222 972 argentum
2273 907 2612 971 splendidius
2665 911 2895 964 elﬁt-itur
2934 912 2988 965 in
3040 911 3180 980 igne.
3216 912 3436 982 Liguum

1864 1002 2039 1047 autem
2073 1002 2128 1048 et
2176 992 2354 1049 limum
2410 1007 2464 1049 et
2510 996 2701 1065 stipula
2733 999 3016 1053 ardcbun'.
3050 999 3112 1053 Si
3138 1002 3284 1069 cujus
3313 1017 3440 1071 apus

1865 1084 2064 1147 arserit,
2098 1084 2450 1138 detrimentum
2482 1087 2720 1155 patietur.
2754 1090 2809 1142 Si
2835 1092 2954 1159 quis
2998 1092 3327 1161 negligenter
3353 1094 3445 1147 do-

1864 1178 2053 1242 cuerit,
2088 1185 2177 1230 aut
2201 1176 2448 1247 exemplo
2472 1187 2562 1231 aut
2589 1180 2774 1246 verbo,
2796 1182 2972 1249 perdit
3005 1182 3239 1238 laborem
3263 1201 3443 1253 somn,

1864 1270 1986 1337 quia
2017 1285 2149 1338 opus
2185 1271 2451 1325 inﬁrmum
2483 1268 2628 1325 facit.
2652 1270 2772 1341 Ipse
2817 1284 2989 1327 autem
3031 1277 3199 1331 salvus
3242 1279 3356 1333 erit.
3389 1278 3445 1334 In

1867 1373 1963 1413 sua
1995 1358 2222 1430 justitia.
2257 1361 2346 1417 Sic
2372 1374 2537 1417 tamen
2560 1366 2705 1433 quasi
2727 1382 2816 1434 per
2845 1366 3033 1436 ignem.
3063 1368 3248 1436 Quasi,
3286 1371 3447 1426 habet

1867 1452 2166 1521 veritatem,
2199 1456 2334 1510 sicut
2357 1456 2427 1511 ibi
2457 1474 2469 1509 :
2509 1459 2670 1523 Quasi
2700 1460 2959 1528 unigeniti
2988 1477 3016 1513 a
3054 1463 3231 1518 Patre.
3264 1463 3318 1518 Si
3353 1464 3446 1519 ille

1867 1560 1964 1614 per
1996 1548 2168 1615 ignem
2196 1549 2374 1602 salvus
2397 1550 2519 1618 erit,
2548 1552 2634 1619 qui
2662 1552 2840 1621 justus
2870 1563 2975 1619 est,
3008 1570 3175 1623 quare
3214 1572 3319 1609 non
3351 1557 3449 1610 fuit

1870 1634 2129 1691 sollicitus
2166 1648 2221 1691 ut
2261 1640 2339 1693 lor
2364 1655 2394 1693 e
2426 1650 2478 1693 et
2508 1643 2695 1695 stabile
2743 1654 2887 1698 esset
2932 1645 3072 1714 quod
3112 1645 3448 1712 superadm-

193 1734 414 1786 cundum
445 1750 535 1803 gra
561 1734 663 1785 iam
690 1731 785 1785 Dei
822 1748 935 1801 qua:
980 1732 1103 1784 data
1150 1738 1222 1782 est
1254 1728 1398 1781 mihi.
1434 1728 1545 1781 Non
1577 1741 1760 1780 secun-
1798 1738 1842 1797 Β
1872 1727 2047 1780 cavit?
2080 1729 2202 1795 quid
2232 1728 2300 1782 de
2331 1729 2436 1783 illis
2468 1732 2557 1799 qui
2589 1748 2838 1788 sermone
2876 1736 3167 1800 aediﬁcant,
3200 1738 3449 1805 exemplo

192 1824 316 1878 dum
350 1838 521 1878 meam
554 1822 831 1876 virtutem.
864 1821 931 1875 Ut
952 1822 1156 1884 sapiens
1187 1820 1509 1874 architectus.
1542 1817 1768 1888 Sapien-

192 1914 265 1967 tis
289 1912 568 1967 architecti
608 1920 690 1966 est
735 1910 1133 1965 fundamentum
1167 1924 1381 1979 ponere.
1405 1906 1611 1962 Primus
1641 1922 1769 1977 e'go

180 2002 487 2071 ‘Apostolus
536 2000 829 2056 Corinthiis
878 2002 1038 2056 ﬁdem
1093 1998 1365 2054 insinuans
1406 2014 1498 2067 per
1545 1998 1769 2067 gratiam

196 2093 296 2147 Dei
326 2093 592 2147 Christum
626 2096 799 2162 posuit
848 2092 1253 2148 fututamentum
1286 2110 1299 2146 :
1329 2103 1381 2146 et
1422 2091 1467 2145 si
1497 2091 1610 2161 ipse
1655 2091 1774 2144 fun-

195 2184 528 2250 damentum,
579 2187 849 2255 quomodo
901 2186 1166 2255 Pelagiani
1199 2186 1405 2250 dicunt,
1442 2184 1579 2253 quod
1614 2186 1773 2238 homo

194 2273 458 2343 incipiat,
488 2286 542 2330 et
598 2277 686 2331 ille
734 2278 1109 2331 consummet?
1144 2275 1557 2329 Fundamentum
1602 2275 1769 2346 posui,

195 2367 333 2418 alius
390 2377 555 2420 autem
620 2367 1018 2436 superwdiﬁcat.
1083 2368 1139 2421 Si
1198 2367 1597 2421 fu:.damentum
1663 2367 1775 2434 ipse

198 2457 466 2525 Christus,
493 2459 760 2526 quomodo
784 2457 1156 2527 blasphemant
1190 2458 1475 2527 Pelagiani,
1502 2458 1641 2528 quod
1675 2456 1775 2526 ipsi

200 2549 313 2602 suis
340 2547 543 2603 meritis
570 2549 635 2602 ad
669 2550 826 2603 ﬁdem
873 2559 1137 2605 venerunt
1165 2549 1394 2604 Christi?
1428 2548 1777 2619 Unusquisque

199 2651 370 2696 autent
412 2642 576 2696 videat
610 2643 860 2712 quomodo
899 2645 1293 2714 superwdiﬁcct.
1328 2644 1395 2700 L‘t
1443 2656 1622 2698 reetus
1650 2659 1777 2711 ergo

201 2743 257 2786 et
294 2732 444 2787 fortis
477 2732 649 2801 paries
676 2742 881 2788 crescat
916 2753 928 2787 :
973 2751 1039 2790 ne
1066 2750 1161 2805 per
1190 2740 1381 2789 malam
1412 2736 1778 2790 conversatio-

200 2842 351 2895 nent,
382 2828 527 2883 velut
571 2830 709 2883 male
758 2832 1057 2885 caementati
1100 2830 1301 2900 lapides
1331 2831 1397 2886 de
1428 2830 1780 2886 ae-liﬁcatiune

204 2916 297 2970 Dei
351 2918 573 2972 cadatis.
610 2919 1025 2974 Fundamentum
1054 2922 1189 2975 enim
1238 2921 1382 2974 aliud
1426 2938 1572 2975 nemo
1618 2933 1781 2992 potest

201 3029 411 3082 ponere,
456 3024 640 3081 pra'ler
665 3013 719 3066 id
749 3015 885 3083 quod
922 3015 1140 3085 positum
1170 3023 1261 3080 est,
1292 3017 1379 3080 qui
1432 3025 1505 3068 est
1552 3014 1781 3069 Christus

1873 1819 2193 1874 destruunt?
2229 1818 2449 1877 Nescitis
2482 1825 2601 1892 quia
2629 1825 2871 1895 temp/unt
2901 1827 2993 1881 Dei
3022 1832 3165 1893 estis,
3198 1838 3243 1883 et
3276 1830 3450 1898 Spiri-

1873 1923 1953 1967 tus
1985 1911 2072 1969 Dei
2100 1915 2291 1969 habitat
2320 1916 2368 1968 in
2392 1914 2565 1970 vobis?
2588 1916 2812 1972 Nescitis
2841 1918 2993 1988 cujus
3021 1922 3272 1989 templum
3295 1923 3450 1976 sitis?

1874 2002 1935 2061 Si
1963 2007 2255 2076 quisautem
2278 2010 2516 2074 templum
2544 2007 2639 2062 Dei
2675 2010 2954 2065 violaverit.
2984 2011 3106 2066 Sive
3138 2014 3190 2066 in
3207 2015 3450 2084 singulis,

1873 2098 1986 2151 sive
2011 2097 2063 2149 in
2085 2098 2229 2150 omni
2258 2097 2657 2152 Ecclesia.Nota
2681 2102 2800 2169 quia
2830 2101 2913 2158 hic
2933 2101 3184 2170 Spiritum
3208 2114 3453 2158 sanctum

1879 2191 2042 2243 Deum
2068 2191 2223 2254 dixit,
2251 2190 2400 2260 cujus
2431 2193 2685 2261 templum
2710 2208 2893 2247 sumus
2925 2210 2940 2248 :
2970 2195 3092 2262 quia
3127 2196 3295 2263 ipsius
3322 2208 3455 2250 tem-

1876 2281 2019 2348 plmn
2049 2295 2252 2345 sumus,
2292 2282 2380 2351 qui
2415 2281 2617 2336 habitat
2646 2283 2698 2337 in
2729 2285 2901 2351 nobis,
2928 2301 3087 2356 quem
3122 2286 3286 2340 Deum
3315 2289 3453 2342 l'ate-

1878 2379 1980 2424 tur.
2019 2369 2283 2441 Disperdet
2329 2371 2477 2424 illum
2519 2371 2680 2425 Deus.
2711 2372 2976 2444 Templum
3023 2376 3156 2429 enim
3194 2375 3292 2431 Dei
3333 2396 3456 2432 san-

1876 2474 2009 2517 ctum
2036 2474 2128 2528 est,
2153 2465 2290 2534 quod
2311 2481 2349 2517 ε.
2368 2465 2431 2518 tis
2456 2481 2560 2518 vos.
2578 2466 2700 2522 Sive
2729 2481 2885 2521 suum
2915 2482 3131 2537 corpus,
3160 2472 3450 2540 peccando,

1877 2559 1990 2611 sive
2024 2557 2279 2611 Ecclesiae
2308 2557 2580 2626 populum,
2616 2558 2680 2612 ad
2714 2574 2927 2626 pravam
2957 2560 3253 2616 doctrinam
3295 2563 3455 2617 sedu-

1878 2649 2069 2712 cendo,
2116 2659 2205 2703 aut
2257 2663 2404 2704 Certe
2435 2651 2685 2720 exemplo
2714 2644 2930 2720 preprio
2959 2651 3308 2707 destruendo.
3341 2655 3455 2711 Hoc

1878 2739 2156 2793 Novatiani
2214 2749 2548 2810 proponu»:t,
2606 2750 2664 2795 ut
2716 2742 3006 2797 excludant
3061 2746 3452 2813 pwnitentiam.

1878 2832 2082 2900 Quibus
2131 2834 2560 2902 respondendum
2596 2853 2608 2888 :
2639 2834 2695 2891 Si
2740 2832 2998 2891 Corinthii
3044 2837 3155 2907 jam
3205 2840 3456 2909 haptizati

1880 2938 2256 2996 peccaverunt,
2291 2927 2335 2981 si
2370 2945 2472 2982 non
2504 2929 2799 2983 admittitur
2830 2933 3163 2999 ptenitentia,
3186 2932 3251 2986 ad
3292 2949 3453 3002 quem

1880 3015 2176 3085 profectum
2210 3014 2316 3070 illis
2347 3001 2602 3073 scribitet
2631 3018 2784 3084 dicit,
2814 3019 2883 3074 Ut
2908 3022 3196 3075 secedam
3228 3001 3445 3090 gratiam

200 3102 376 3158 Jcsus.
408 3103 574 3159 Nemo
603 3114 777 3175 potest
805 3106 965 3159 alium
989 3107 1259 3161 Christum
1287 3107 1439 3160 vobis
1468 3108 1776 3175 praedicare,
1810 3117 1854 3179 ρ
1889 3107 2169 3160 habeatis?
2225 3109 2451 3162 Sanctus
2497 3106 2853 3179 Hieronymus
2900 3112 3036 3165 dixit
3080 3114 3146 3167 ad
3192 3114 3403 3168 Galatas
3436 3130 3449 3165 :

192 3207 399 3264 praeter
453 3197 633 3251 Jesum
689 3198 742 3252 in
791 3214 946 3268 quem
983 3208 1090 3252 tota
1133 3199 1234 3253 tide
1281 3200 1585 3268 credentes,
1642 3199 1778 3252 lirmi

200 3288 430 3343 st:ue.Si
457 3288 854 3344 fundamentum
878 3290 1144 3352 Christus.
1173 3292 1257 3344 ubi
1307 3302 1430 3345 stmt
1471 3292 1558 3360 qui
1601 3292 1783 3346 dicunt

201 3380 406 3449 aliquid
440 3380 561 3435 boni
587 3396 746 3450 posse
777 3380 962 3435 haberi
994 3384 1108 3435 sine
1138 3382 1387 3435 Christo:
1410 3393 1463 3436 et
1492 3382 1590 3435 sibi
1624 3382 1781 3437 fidem

196 3486 304 3540 qua
340 3471 391 3524 in
424 3472 638 3527 Christo
677 3472 933 3539 creditur,
971 3474 1204 3528 tribuere
1233 3482 1547 3543 arroganter
1576 3490 1783 3542 prmsu-

203 3570 361 3616 munt
391 3578 405 3616 :
437 3572 489 3617 et
517 3579 621 3617 non
678 3573 841 3633 agunt
892 3566 1000 3619 Deo
1049 3566 1267 3634 gratias,
1300 3582 1327 3619 a
1371 3582 1475 3636 quo
1502 3566 1581 3621 eis
1612 3567 1784 3622 inlusa

200 3673 328 3713 esse
370 3658 733 3728 dignoscitur?
765 3659 826 3714 Si
854 3661 966 3730 quis
1014 3670 1181 3714 aut.m
1219 3662 1597 3731 supercrdiﬂcat
1633 3678 1785 3732 super

196 3754 596 3819 fundamentum
632 3756 726 3808 hoc
746 3772 948 3820 aurum,
971 3767 1257 3828 argentum,
1287 3756 1483 3822 lapides
1515 3757 1781 3825 p'etiosos,

203 3847 381 3919 ligna,
428 3848 615 3919 fenum.
660 3850 923 3919 stipulam,
965 3851 1361 3920 uniuscujusque
1398 3866 1524 3916 Opus
1571 3850 1785 3919 manife«

203 3952 347 3993 stum
386 3941 477 3993 erit
501 3955 520 3994 :
559 3942 665 3994 dies
686 3943 817 3995 enim
839 3942 1138 4006 declarabit,
1173 3943 1292 4010 quia
1318 3942 1372 3994 in
1405 3942 1519 4011 igne
1543 3957 1638 3995 rev.
1657 3941 1787 3995 labi-

204 4043 314 4087 tur.
347 4031 471 4086 Tria
504 4047 697 4100 genera
721 4046 839 4086 sum
872 4035 1134 4087 bonorum
1161 4034 1211 4086 in
1245 4032 1516 4096 Ecclesia;
1553 4034 1651 4086 hoc
1678 4040 1785 4097 est,

204 4127 404 4190 bonus,
438 4127 644 4191 melior,
672 4128 925 4196 Optimus,
948 4136 1001 4180 et
1029 4128 1123 4180 tria
1152 4141 1344 4194 genera
1377 4125 1459 4180 his
1484 4126 1784 4192 centraria;

206 4219 255 4273 id
302 4233 408 4277 est.
451 4220 643 4283 malus,
700 4218 883 4289 pejor,
928 4223 1234 4287 pessimus:
1280 4234 1398 4286 quin
1441 4217 1632 4285 lignis,
1666 4216 1789 4269 feno

205 4326 263 4369 et
294 4314 509 4380 stipulae
529 4322 922 4380 comparantur.
945 4313 1045 4365 Atii
1074 4316 1138 4365 de
1163 4313 1261 4363 hoc
1288 4312 1405 4364 loco
1433 4311 1501 4363 ita
1532 4308 1784 4369 sentiunt,

205 4405 356 4476 quod
389 4421 600 4467 aurum,
649 4413 924 4470 argentum
966 4410 1019 4454 et
1059 4401 1263 4467 lapides
1312 4401 1575 4467 pretiosos
1625 4398 1788 4451 aediﬁ-

1885 3200 1997 3254 l-loc
2027 3216 2187 3253 unum
2219 3200 2332 3253 scio
2358 3200 2498 3270 quod
2528 3203 2615 3270 qui
2648 3210 2767 3270 post
2801 3202 2955 3257 ﬁdem
3001 3202 3194 3258 Christi
3224 3204 3454 3259 fornicac

1887 3301 1989 3357 tur,
2020 3292 2184 3346 violat
2210 3293 2465 3361 templum
2497 3294 2610 3348 Dei.
2644 3291 2810 3349 Nemo
2833 3312 2885 3349 se
2913 3296 3117 3350 seducat
3138 3314 3156 3353 :
3178 3299 3220 3352 si
3238 3298 3351 3364 quis
3380 3299 3454 3351 ei-

1884 3385 2032 3439 detur
2066 3384 2198 3439 inter
2225 3401 2332 3439 vos.
2359 3382 2525 3440 Nemo
2555 3386 2654 3441 sibi
2684 3387 3005 3453 blandiatur,
3051 3392 3262 3459 propria
3307 3392 3455 3445 vani-

1885 3486 1991 3531 tate
2020 3476 2294 3543 deceptus.
2323 3476 2542 3550 Sapiens
2562 3495 2669 3533 esse
2694 3480 2747 3534 in
2778 3481 2872 3534 hoc
2897 3484 3101 3538 sa'cttlo.
3122 3483 3202 3538 Ad
3230 3484 3456 3539 redden-

1884 3567 2009 3623 dum
2050 3570 2250 3623 malum
2294 3584 2392 3639 pro
2440 3571 2601 3626 malo.
2633 3570 2832 3627 Stultus
2878 3573 2993 3642 ﬁat,
3024 3583 3077 3628 ut
3123 3576 3189 3629 sit
3234 3577 3455 3646 sapiens.

1884 3661 2084 3716 Stultus
2119 3659 2389 3731 iudicatur
2426 3662 2477 3717 in
2512 3662 2611 3717 huc
2642 3665 2860 3731 sacculo,
2890 3666 2975 3734 qui
3006 3667 3189 3736 imp'et
3220 3667 3459 3739 Evange-

1884 3753 2034 3820 liutn,
2068 3768 2172 3807 nou
2211 3753 2482 3808 reddendo
2538 3756 2733 3810 malum
2785 3772 2880 3827 pro
2922 3759 3077 3812 malo.
3112 3759 3218 3814 Sed
3263 3762 3458 3816 stultus

1884 3847 2162 3900 voluntate
2187 3846 2266 3913 lit,
2287 3862 2389 3899 non
2410 3855 2619 3901 natura.
2640 3845 2908 3916 Sapientia
2932 3850 3061 3903 enint
3089 3851 3243 3922 hujus
3263 3854 3457 3919 mundi,

1883 3938 2098 3992 st..ltitia
2117 3948 2190 3993 est
2218 3939 2357 4009 apud
2388 3938 2571 3992 Deum.
2598 3938 2735 3994 Nihil
2765 3941 2997 4007 stultius,
3030 3958 3186 4010 quam
3218 3954 3271 3997 ut
3300 3944 3463 3999 vellet

1887 4045 1945 4085 se
1976 4031 2263 4093 vindicare,
2291 4031 2379 4099 qui
2403 4046 2508 4084 non
2534 4040 2726 4098 potest,
2754 4043 2806 4085 et
2831 4031 2942 4085 Deo
2970 4048 3117 4086 suam
3152 4050 3254 4087 non
3287 4049 3462 4089 reser-

1887 4132 1977 4177 Vat
2005 4121 2251 4191 injuriam
2284 4138 2296 4174 :
2326 4124 2467 4189 quod
2516 4123 2674 4175 etiam
2709 4121 2799 4175 ille
2848 4122 3022 4177 facere
3074 4123 3253 4186 debet,
3286 4125 3371 4192 qui
3403 4139 3465 4177 se

1888 4213 2029 4265 valet
2067 4214 2116 4264 in
2164 4212 2264 4264 hoc
2302 4211 2501 4263 excolo
2554 4210 2847 4275 vindicare,
2890 4212 2972 4264 vel
3024 4211 3150 4262 dum
3203 4211 3463 4264 rationem

1888 4305 2108 4372 requirit
2163 4303 2248 4355 cui
2294 4304 2508 4369 jubetur
2557 4312 2610 4355 ut
2641 4301 2846 4356 credat.
2894 4300 3158 4368 Scriptum
3208 4311 3279 4353 est
3309 4302 3465 4366 enim,

1892 4393 2331 4462 Comprehendam
2345 4394 2594 4462 sapientes
2617 4393 2665 4445 in
2680 4395 2870 4446 astutia
2887 4409 3079 4448 eorum.
3103 4394 3240 4447 Nihil
3260 4396 3468 4463 proﬁcit

204 4508 327 4560 cet,
352 4496 438 4560 qui
482 4494 713 4561 erogatis
751 4492 832 4544 vel
864 4491 1101 4545 dimissis
1148 4490 1284 4544 lacul
1311 4492 1486 4545 atibus
1529 4489 1660 4555 suis,
1702 4498 1793 4544 aut
1817 4484 1868 4543 D
1895 4486 2089 4541 asrutia
2124 4486 2397 4539 hominum
2434 4502 2446 4536 :
2480 4501 2587 4555 quo
2620 4484 2788 4555 possit
2815 4484 3047 4555 etl'ugere
3078 4501 3290 4540 manum
3324 4487 3414 4542 Dei
3447 4502 3464 4543 :

204 4585 602 4642 tnonasterium
647 4584 867 4652 expe'it,
898 4592 988 4636 aut
1028 4592 1266 4637 remotus
1302 4598 1330 4637 a
1363 4581 1543 4637 saeculi
1588 4583 1795 4637 actibus

202 4678 369 4741 vivit,
396 4677 476 4729 vel
505 4675 583 4728 sic
614 4675 664 4728 in
691 4676 818 4742 ipsis
850 4674 1189 4728 facultatibus
1217 4674 1369 4736 vivit,
1402 4684 1647 4741 tanquam
1687 4688 1793 4727 non

207 4767 521 4839 possidens,
557 4766 700 4821 velut
727 4766 897 4820 aliena
925 4767 1023 4820 sibi
1052 4767 1387 4820 commodata
1419 4764 1709 4834 possideat,
1741 4772 1797 4819 et

210 4874 437 4934 paratus
464 4862 533 4917 sit
562 4877 654 4915 eas
672 4872 886 4930 propter
910 4861 1175 4915 Christum
1203 4861 1447 4915 amittere
1476 4877 1488 4913 :
1519 4868 1578 4913 ut
1607 4860 1650 4913 si
1675 4875 1798 4928 per-

211 4956 423 5012 secatio
453 4963 668 5025 propter
707 4953 871 5007 Deum
919 4952 1145 5016 vent-rit,
1193 4952 1491 5021 expeditus,
1547 4962 1791 5020 paratus.

210 5064 322 5119 que
376 5046 693 5101 inveniatur.
729 5044 770 5099 E
799 5052 980 5098 contra
1029 5058 1157 5097 vero
1205 5044 1363 5111 ligna,
1400 5042 1597 5110 fenmn,
1629 5043 1798 5111 stipa-

214 5142 324 5196 lam
374 5139 448 5192 illi
488 5139 786 5201 aediﬁcent,
838 5135 927 5205 qui
968 5134 1252 5189 Christiani
1305 5133 1521 5204 quidem
1573 5144 1696 5187 sunt
1744 5142 1798 5187 et

215 5231 426 5294 ﬁdeles,
458 5240 510 5282 ct
534 5230 671 5283 bene
701 5239 923 5281 utuntur
952 5227 1106 5281 bonis
1136 5228 1268 5291 snis,
1294 5227 1386 5281 sed
1422 5227 1587 5280 nimio
1616 5242 1797 5281 amore

216 5320 564 5388 implicantur
594 5335 770 5372 rerum
802 5334 1015 5372 suarum
1046 5333 1060 5370 :
1088 5325 1142 5371 et
1172 5333 1290 5370 cum
1324 5319 1530 5371 venerit
1560 5326 1649 5370 aut
1673 5332 1798 5386 per-

214 5411 449 5476 secutio,
492 5421 576 5464 aut
614 5410 810 5479 jussio,
858 5419 915 5464 ut
955 5408 1148 5477 privari
1201 5408 1355 5463 bonis
1407 5409 1519 5463 suis
1569 5407 1799 5463 debeant

217 5503 531 5570 Cszristiatti,
566 5505 608 5557 si
644 5517 748 5557 non
780 5502 1092 5571 negaverint
1120 5502 1411 5564 Christum,
1444 5501 1516 5555 illi
1544 5518 1647 5556 non
1681 5503 1799 5572 plus

220 5597 427 5651 faciunt
478 5613 564 5651 res
611 5610 757 5660 suas,
805 5610 963 5665 quam
1016 5595 1330 5649 Christum:
1377 5594 1470 5647 sed
1519 5592 1639 5663 quia
1684 5595 1801 5663 plus

221 5708 393 5762 qttam
430 5690 664 5761 oportuit
692 5696 1026 5757 amaverunt,
1066 5703 1187 5744 cum
1219 5686 1492 5756 amittunt,
1526 5702 1632 5743 non
1682 5687 1798 5742 sine

1897 4581 2109 4649 sapiens
2140 4578 2243 4631 sibi
2287 4576 2499 4630 videtur
2527 4577 2605 4630 vir
2634 4576 2804 4640 dives,
2839 4592 3036 4645 pauper
3062 4586 3235 4631 autem
3282 4593 3470 4633 sensa-

1899 4682 1985 4727 tus
2010 4671 2509 4742 reprehenditeum.
2527 4669 2592 4723 Et
2623 4667 3099 4725 iterum:Dominus
3123 4671 3256 4723 novit
3281 4670 3466 4741 coqitav

1897 4764 2053 4817 t.'ones
2101 4762 2387 4827 hominum,
2414 4762 2671 4832 quomodo
2702 4776 2843 4814 vana:
2886 4770 3018 4815 sunt.
3053 4759 3193 4814 Nihil
3229 4762 3473 4816 utilitatis

1897 4856 2101 4910 Confert
2130 4855 2195 4908 ad
2242 4855 2468 4908 salutem
2498 4853 2727 4909 verbosa
2757 4852 3080 4922 eloquentia.
3117 4848 3295 4921 Itaque
3322 4867 3473 4905 nemo

1903 4948 2148 5019 glorietur
2202 4948 2255 4999 in
2310 4945 2619 5011 hominibus,
2649 4946 2701 5000 in
2748 4944 3231 5014 pseudoapostolis,
3256 4943 3349 4998 s-‘d
3376 4957 3474 4997 nec

1902 5042 1956 5096 in
1988 5040 2167 5108 aliquo
2216 5040 2323 5092 alio
2352 5038 2435 5092 vel
2468 5050 2591 5107 rege
2635 5037 2715 5092 vel
2761 5038 3064 5092 sacerdote.
3099 5033 3282 5088 Omnia
3314 5042 3475 5086 vestra

1902 5141 2041 5194 sunt,
2057 5131 2159 5183 sive
2174 5126 2503 5193 Paulus,sive
2524 5128 2727 5200 Apollo,
2754 5129 2857 5181 sive
2869 5125 3083 5197 Cepltas,
3107 5127 3209 5179 sive
3231 5125 3475 5188 mundus,

1905 5226 2008 5279 sive
2037 5225 2159 5288 vita,
2184 5224 2283 5277 sive
2309 5239 2463 5276 mors.
2493 5222 2601 5277 Nos
2626 5223 2788 5277 vestri
2806 5236 3008 5287 sumus,
3031 5236 3134 5274 non
3159 5235 3253 5273 vos
3286 5218 3476 5273 nostri.

1909 5317 2027 5372 Sice
2064 5333 2155 5387 pra
2172 5317 2353 5382 sentia,
2378 5316 2480 5368 sive
2522 5316 2717 5386 futura.
2755 5314 2939 5366 Omnia
2968 5314 3101 5367 enint
3145 5322 3307 5365 vestra
3338 5320 3475 5364 sunt.

1905 5409 2092 5463 Omnia
2114 5418 2329 5478 propter
2351 5416 2561 5462 sanctos
2583 5418 2761 5461 creata
2782 5413 2923 5472 sunt,
2950 5415 3195 5473 tanquam
3220 5404 3349 5457 nihil
3383 5404 3477 5456 ha-

1908 5500 2094 5555 bentes
2121 5509 2174 5555 et
2196 5500 2371 5555 omnia
2406 5498 2759 5568 possidentes.
2791 5496 2914 5551 Sive
2956 5495 3190 5549 volueris
3220 5495 3283 5548 ad
3315 5495 3476 5547 libur-

1910 5604 2069 5648 tatem
2097 5594 2297 5648 referre
2324 5591 2496 5662 :quod
2528 5590 2687 5645 vultis
2717 5588 3061 5659 eligerc,sive
3085 5598 3334 5652 mortem,
3368 5588 3480 5640 sive

1912 5685 2093 5751 vitam,
2113 5684 2225 5739 sive
2254 5682 2556 5755 prwseutia,
2578 5680 2690 5736 sive
2718 5678 2912 5735 futura.
2939 5678 3044 5733 Vas
3066 5688 3233 5733 autent
3258 5676 3477 5732 Christi.
