4004 6354
428 484 457 501 ⁹
514 477 747 531 Christus
798 482 962 527 mitem
1017 468 1087 522 De

512 367 616 422 515

514 568 733 631 Christi,
769 566 811 618 s':
857 564 922 615 ad
952 560 1287 614 divinitatem
1320 564 1471 623 aptes
1504 568 1517 604 :
1549 564 1852 619 quanquam
1905 560 2097 599 secun-

516 661 642 714 dtnu
674 655 945 710 hominem
982 659 1192 713 tractet,
1227 646 1314 716 qui
1344 650 1536 697 unctas
1564 651 1668 695 est.

588 748 716 803 CAP.
745 762 815 801 tv.
844 746 931 800 Sic
958 760 1048 796 nos
1076 741 1321 795 existimet
1357 736 1530 801 homo,
1556 744 1609 788 ut
1637 731 1891 785 ministros
1915 729 2103 783 Christi

518 851 565 896 et
608 842 979 908 dispensatores
1028 834 1426 886 ministeriorum
1477 828 1589 881 Dci.
1621 826 1733 878 Non
1767 834 1824 878 ut
1869 823 2104 892 aequales

520 936 752 992 Christo.
775 933 874 987 llic
891 934 1005 1002 jam
1034 928 1281 996 quaeritur
1303 926 1435 977 inter
1459 924 1833 992 dispensatores
1860 927 1915 970 ut
1938 915 2104 985 ﬁdelis

523 1031 635 1097 quis
678 1029 987 1080 int'eniulttr.
1023 1018 1403 1089 interrogantis
1436 1030 1533 1067 vox
1566 1021 1649 1067 est
1680 1029 1693 1066 :
1726 1011 1825 1064 hoc
1856 1019 1959 1075 ρει,
1996 1008 2105 1077 jam

523 1121 608 1172 hic
639 1133 732 1171 vos
770 1120 966 1181 putatis
1000 1108 1504 1177 conscientiasjudi‘
1526 1104 1644 1158 are?
1668 1101 1798 1155 Mihi
1822 1114 1989 1153 autem
2014 1115 2107 1169 pro

520 1212 727 1263 minimo
761 1215 831 1260 est
869 1215 922 1259 ut
946 1223 977 1258 a
1004 1206 1139 1258 vobis
1162 1204 1389 1274 jndicer,
1421 1207 1510 1251 aut
1535 1197 1597 1249 ab
1625 1199 1846 1248 humano
1873 1194 1953 1245 die
1979 1207 1996 1245 :
2019 1190 2106 1242 sed

522 1316 681 1369 neque
711 1316 789 1351 me
815 1299 983 1367 ipsum
1005 1296 1207 1364 judico.
1244 1292 1309 1347 Et
1334 1292 1475 1345 diem
1512 1288 1747 1341 hominis
1775 1298 1881 1337 non
1910 1296 2107 1335 c0ucu-

524 1392 653 1462 pivi,
684 1390 783 1444 hoc
822 1399 902 1443 est
934 1396 1166 1453 tempus.
1203 1384 1331 1436 Nam
1366 1380 1451 1434 hic
1498 1379 1786 1431 humanum
1820 1374 1986 1439 diem,
2022 1374 2107 1425 in-

524 1484 821 1548 tellectum,
859 1480 941 1534 vel
994 1494 1090 1532 cor
1135 1476 1369 1544 sapiens,
1404 1488 1508 1527 non
1544 1469 1772 1525 absurde
1822 1465 2105 1533 accipitur,

522 1577 613 1645 qui
654 1581 832 1645 potest
860 1571 1122 1639 judicare.
1174 1566 1321 1620 Nihil
1368 1565 1502 1617 enim
1533 1561 1659 1615 mihi
1713 1557 1946 1611 conscius
1974 1569 2106 1607 sum.

529 1666 670 1723 Nihil
694 1665 839 1721 mali.
877 1662 983 1718 Sed
1014 1677 1113 1714 non
1155 1660 1209 1712 in
1251 1661 1342 1711 hoc
1389 1655 1699 1724 iustiﬁcatus
1748 1667 1881 1705 sum.
1920 1648 1974 1701 ln
2010 1646 2111 1701 hoc

530 1769 795 1828 tempore,
827 1764 918 1808 aut
948 1753 1055 1818 die,
1089 1750 1171 1805 vel
1201 1757 1369 1815 certe,
1406 1748 1450 1801 si
1492 1760 1576 1799 me
1628 1757 1787 1797 nemo
1820 1743 2107 1808 vituperet,

1621 342 1917 404 rnmasu
1960 338 2407 400 ADRUMETANI
2455 334 2668 393 EPISC.

1092 468 1126 522 i.
1183 466 1273 519 Sic
1303 461 1546 517 Christus
1595 459 1707 522 Dei,
1760 458 1903 509 s'cut
1954 454 2097 507 Deus
2128 454 2173 513 Α
2202 448 2560 516 alTectu,qu'.a
2590 444 2689 498 sibi
2722 439 3083 505 ascribebant,
3120 436 3261 507 quod
3294 449 3416 492 esse
3444 435 3796 490 videbantur.

3682 316 3797 380 bis

2207 538 2274 592 Et
2294 536 2807 608 utinamregnat'etis,
2835 544 2887 587 ut
2913 542 2958 585 et
2984 549 3071 585 nos
3094 531 3347 584 vobiscum
3370 545 3720 599 regnarentus.
3742 530 3801 583 In

2209 630 2359 684 nullo
2390 629 2558 683 nostri
2584 626 2856 695 indigetis,
2888 624 2973 677 vel
3006 622 3307 691 indiguisuis
3330 622 3473 675 :sive
3498 625 3806 690 regnare-tis

2206 729 2262 777 et
2292 735 2390 775 nos
2420 719 2695 773 vobiscum
2724 730 3093 785 regnaremus,
3124 713 3207 767 vel
3239 716 3436 776 socios,
3469 712 3513 765 si
3547 728 3581 766 η
3608 729 3656 765 ιη
3688 728 3806 765 ma-

2207 813 2405 882 gistros
2430 809 2834 879 computaretis.
2864 806 3003 859 Puto
3035 806 3169 860 enim
3195 804 3332 875 quod
3365 804 3500 858 Deus
3542 821 3635 857 nos
3675 821 3805 874 apo-

2209 902 2364 957 stolos
2392 902 2690 956 novissimos
2732 899 2973 963 ostendit,
3018 905 3263 966 tanquam
3308 897 3461 947 morti
3492 896 3800 949 destinatos.

2216 993 2387 1047 Veluti
2418 991 2560 1062 quod
2590 991 2641 1045 in
2672 989 2996 1059 Apocalypsi
3031 989 3297 1058 promisit,
3332 989 3630 1041 novissimo
3667 998 3803 1041 tem-

2211 1090 2340 1154 ραι-α
2371 1098 2431 1138 se
2475 1084 2762 1137 missurum
2795 1081 2931 1135 duos
2976 1079 3043 1135 ad
3094 1088 3322 1133 mortem
3354 1095 3368 1130 :
3400 1078 3483 1133 vel
3529 1093 3629 1132 nos
3670 1082 3800 1146 jam,

2210 1175 2300 1245 qui
2346 1173 2413 1229 ad
2444 1182 2634 1244 gentes
2683 1173 2835 1227 missi
2875 1185 3083 1225 sumus.
3122 1171 3257 1235 Quia
3287 1170 3636 1240 spectaculum
3683 1173 3802 1240 fecti

2210 1280 2389 1319 sumus
2412 1265 2621 1328 mundo,
2656 1274 2700 1317 et
2730 1263 2926 1333 angelis
2948 1271 2996 1315 et
3027 1261 3336 1315 hominibus.
3362 1262 3565 1315 Omnes
3613 1276 3801 1331 exspr-

2212 1366 2359 1409 ctant
2401 1364 2610 1409 nostras
2655 1353 2899 1424 injurias,
2955 1352 3039 1406 vel
3084 1364 3379 1417 certamen,
3429 1352 3723 1406 Christiani
3748 1365 3801 1407 et

2214 1446 2404 1517 pagani
2434 1466 2448 1513 ;
2482 1447 2566 1500 vel
2608 1454 2758 1500 certe
2795 1446 3015 1515 angelos
3041 1444 3356 1511 simpliciter
3382 1443 3478 1497 ait.
3507 1441 3623 1497 Nos
3664 1447 3803 1497 stulti

2215 1549 2427 1610 prapter
2455 1538 2731 1603 Christum,
2760 1555 2843 1592 vos
2870 1548 3036 1591 autem
3067 1538 3339 1605 prudentes
3366 1536 3419 1590 in
3442 1535 3669 1592 Christo.
3698 1538 3803 1592 Nos

2214 1631 2392 1685 omnia
2430 1634 2761 1685 sustinemus
2794 1640 3011 1697 propter
3048 1624 3359 1682 Christum:
3395 1642 3488 1683 vos
3518 1638 3699 1682 autem
3729 1629 3803 1682 sic

2214 1724 2375 1779 vultis
2422 1738 2543 1778 esse
2584 1719 2900 1790 Christiani,
2957 1729 3014 1774 ut
3058 1720 3401 1790 prudentiam
3462 1720 3650 1774 saeculi
3698 1736 3797 1775 non

528 1818 790 1905 nonmihi
816 1846 938 1900 inde
969 1842 1193 1898 blandiri
1220 1840 1415 1903 debeo,
1449 1837 1529 1891 vel
1557 1835 1738 1890 extolli
1770 1853 1781 1885 :
1808 1839 1897 1885 aut
1927 1832 1969 1884 si
1999 1829 2108 1883 nul-
2144 1840 2191 1904 Β
2220 1824 2496 1885 amittatis,
2526 1838 2626 1876 nec
2662 1821 2860 1892 aliquid
2896 1836 2991 1890 pro
3019 1819 3237 1875 Christo
3268 1820 3401 1890 pati.
3436 1818 3550 1873 Nos
3590 1820 3799 1888 inﬁrmi,

531 1942 639 1998 lum
670 1943 871 1998 crimen
900 1936 1115 2004 admisi,
1143 1936 1347 1989 minuta
1379 1932 1516 1986 forte
1549 1946 1652 1984 non
1677 1929 1896 1981 omnino
1930 1939 2111 1992 terca-

530 2034 634 2089 rui.
664 2033 760 2098 Qui
789 2043 955 2084 autem
976 2029 1173 2101 judwet
1197 2044 1272 2079 me
1299 2023 1549 2078 Dominus
1575 2030 1669 2076 est.
1700 2022 1839 2074 Ante
1862 2018 2001 2071 dicm
2029 2016 2115 2083 ju-

526 2125 671 2179 dicii.
704 2123 881 2194 Itaque
910 2123 1067 2175 nolite
1087 2128 1203 2173 ante
1231 2128 1424 2187 tempus
1448 2114 1707 2186 judicare.
1739 2110 1990 2165 Occultas
2020 2122 2113 2161 co-

530 2218 817 2287 gitationes
842 2231 857 2270 :
887 2214 1007 2282 quia
1037 2214 1195 2265 homo
1222 2210 1367 2262 videt
1408 2208 1459 2260 in
1487 2206 1641 2270 facie,
1674 2204 1815 2257 Deus
1843 2209 2018 2255 autem
2054 2198 2106 2251 in

525 2309 712 2364 Corde.
747 2307 1092 2373 Quoadusque
1122 2304 1285 2355 veniat
1318 2299 1592 2363 Dominus,
1621 2298 1779 2368 quiet
1806 2292 2112 2347 illutninabit

524 2400 821 2453 abscondita
842 2395 1181 2457 tenebrarum,
1203 2403 1249 2445 et
1269 2393 1403 2445 mani
1412 2388 1611 2460 [estabit
1628 2388 1843 2442 consilia
1856 2385 2110 2438 cordinm.

525 2491 660 2558 Quia
709 2503 795 2543 me
844 2487 1037 2542 melius
1069 2486 1323 2539 Dominus
1370 2484 1537 2547 novit,
1573 2497 1731 2553 quam
1764 2480 1845 2533 vel
1874 2494 1991 2547 ego,
2029 2477 2113 2532 vel

529 2583 669 2635 ullus
698 2580 973 2633 hominum
1004 2580 1123 2631 scit.
1143 2576 1209 2629 Et
1233 2586 1352 2630 tunc
1385 2577 1496 2629 laus
1521 2576 1614 2628 erit
1638 2573 1906 2640 unicuique
1927 2587 1957 2622 a
1988 2572 2109 2622 Dio.

529 2676 622 2729 ille
654 2687 781 2727 vero
802 2671 1085 2726 laudabilis
1112 2679 1217 2737 est,
1245 2685 1403 2739 quem
1441 2668 1580 2721 Deus
1608 2664 1930 2719 laudabilem
1965 2661 2110 2715 facit.

532 2766 661 2822 Htt’c
690 2778 882 2832 autem,
909 2765 1112 2835 fratres,
1143 2761 1504 2833 transﬁgurari
1536 2760 1586 2813 in
1612 2774 1689 2810 me
1709 2768 1753 2811 et
1776 2756 1961 2825 Apollo
1988 2770 2113 2825 pro-

528 2872 636 2932 pter
665 2877 774 2926 vos,
808 2869 863 2913 ut
906 2860 961 2911 in
995 2858 1137 2912 nobis
1186 2857 1416 2911 discatis.
1454 2854 1519 2909 Ut
1550 2869 1579 2907 a
1613 2853 1767 2906 nobis
1802 2850 2115 2904 hmnilitatis

528 2950 753 3005 sumatis
780 2950 1104 3020 exemplum.
1140 2948 1219 3001 Ne
1240 2964 1399 3017 supra
1426 2961 1580 3014 quam
1612 2945 1862 3013 scriptum
1893 2950 1984 2995 est.
2014 2942 2117 2993 Su-

532 3060 624 3115 pra
655 3053 758 3109 est,
790 3043 927 3114 quod
972 3058 1075 3096 non
1108 3050 1190 3096 est
1220 3043 1500 3109 scriptum.
1540 3037 1684 3093 Unus
1711 3038 1951 3092 adersus
1982 3035 2114 3087 alte-

527 3150 641 3187 rum
664 3134 871 3204 inﬂetur
911 3149 1004 3202 pro
1035 3133 1158 3185 alio.
1196 3131 1251 3185 ld
1280 3139 1385 3199 est,
1419 3128 1769 3183 contentione
1801 3134 1915 3180 orta
1963 3124 2116 3177 inlle-

529 3228 658 3281 tuiui
689 3229 807 3297 quis
838 3229 1028 3281 melior
1071 3225 1161 3279 sit.
1204 3224 1327 3290 Quis
1359 3222 1493 3277 enim
1544 3230 1594 3274 te
1638 3218 1919 3273 discernit?
1948 3215 2112 3285 Cujus
2144 3224 2185 3283 ς

528 3320 783 3376 momenti
822 3320 916 3373 es?
949 3320 1043 3372 llic
1069 3332 1367 3373 conversus
1395 3327 1476 3369 est
1524 3315 1589 3368 ad
1635 3312 1851 3367 inﬂatos
1881 3309 2108 3364 scientia

527 3415 809 3467 sermonis.
845 3411 936 3466 Vel
960 3422 1108 3465 certe
1136 3425 1150 3463 :
1180 3411 1308 3477 Quis
1340 3418 1391 3463 te
1427 3406 1684 3461 di.-cernit
1715 3422 1745 3459 a
1778 3418 1950 3458 massa
1981 3417 2106 3471 per-

530 3508 768 3574 ditionis,
799 3508 900 3562 nisi
938 3507 1110 3560 Deus?
1136 3506 1268 3559 Nam
1300 3519 1405 3558 non
1438 3502 1626 3557 met-ita
1659 3509 1776 3568 tua,
1819 3514 1917 3554 nec
1940 3498 2111 3552 scien-

533 3599 602 3653 tia
633 3609 740 3653 tua.
777 3598 979 3651 Dicitur
1010 3597 1210 3650 homini
1243 3606 1496 3664 tanquam
1546 3595 1611 3648 de
1655 3594 1948 3660 semetipso
1978 3607 2114 3660 pra:-

531 3689 760 3743 sumenti
783 3704 796 3739 :
822 3687 950 3752 Quis
977 3688 1117 3740 enim
1140 3697 1190 3739 te
1220 3686 1500 3748 discernit,
1535 3684 1717 3752 utique
1749 3684 1817 3735 ab
1848 3683 1941 3736 ira:
1972 3696 2067 3734 vas
2091 3696 2116 3735 s

531 3790 562 3830 a
602 3790 778 3829 massa
810 3775 1148 3844 perditionis,
1177 3788 1296 3843 qua:
1348 3790 1440 3842 per
1472 3790 1634 3827 unum
1665 3788 1850 3828 omnes
1881 3772 2028 3826 misit
2061 3772 2113 3825 in

534 3867 967 3922 damnationem?
987 3868 1113 3933 Qui;
1144 3876 1194 3920 te
1221 3866 1510 3919 discernit?
1529 3866 1584 3919 Et
1618 3873 1868 3935 tanquam
1896 3880 2118 3934 respuu-

535 3958 719 4024 dissm,
751 3958 1008 4013 discernit
1056 3973 1141 4011 me
1192 3957 1322 4011 lides
1354 3973 1495 4024 mea,
1528 3964 1863 4025 propositum
1914 3972 2112 4024 meum,

535 4055 780 4109 meritum
814 4067 989 4107 meum
1022 4068 1035 4105 :
1068 4051 1201 4117 Quid
1226 4052 1365 4105 enim
1398 4050 1585 4117 habes,
1613 4051 1804 4121 inquit,
1836 4050 1977 4119 quod
2010 4065 2114 4104 non

533 4148 824 4218 accepisti?
851 4149 894 4202 si
936 4159 1111 4201 autem
1168 4146 1444 4216 accepisti,
1487 4146 1612 4216 quid
1662 4145 1932 4216 gloriaris,
1966 4146 2118 4216 quasi

534 4256 638 4296 non
669 4241 976 4311 acceperis?
1007 4239 1106 4293 huc
1132 4249 1236 4305 est,
1265 4238 1417 4308 quasi
1441 4240 1505 4293 de
1531 4249 1618 4293 tuo
1648 4240 1718 4292 sit
1744 4255 1775 4292 u
1817 4238 1884 4292 de
1913 4237 2119 4291 discer-

532 4336 711 4401 neris;
743 4350 869 4405 ergo
912 4335 1001 4390 ille
1040 4335 1318 4401 discernit,
1352 4336 1438 4404 qui
1474 4333 1615 4389 unde
1642 4333 1972 4388 discernaris
2019 4333 2119 4386 iui-

535 4427 714 4498 petiit,
764 4444 974 4497 poenam
1025 4429 1257 4483 debtam
1299 4430 1660 4493 removendo,
1722 4436 1778 4482 et
1828 4427 2115 4482 indebitam

533 4523 753 4589 gratiam
791 4522 1085 4591 largiendo.
1124 4522 1260 4590 Quid
1299 4534 1467 4576 autem
1497 4523 1648 4577 habes
1680 4524 1817 4591 quod
1849 4540 1949 4576 non
1975 4539 2118 4574 accc-

2218 1936 2303 1972 vos
2330 1926 2497 1970 autem
2529 1917 2685 1987 fortes
2714 1917 2767 1969 in
2812 1914 3037 1969 Christo.
3065 1914 3229 1981 Quasi
3257 1930 3359 1968 non
3386 1915 3660 1983 possimus
3686 1916 3800 1969 red-

2214 2010 2342 2062 dere
2365 2010 2559 2076 vicem,
2592 2006 2731 2075 quod
2756 2005 3032 2060 saecularis
3061 2014 3239 2075 potest
3259 2004 3565 2075 prudentia.
3592 2004 3694 2058 Vos
3718 2022 3801 2059 nc~

2215 2100 2353 2163 biles,
2389 2115 2480 2152 nos
2513 2108 2681 2151 autem
2709 2098 2979 2169 ignobiles.
2998 2098 3131 2164 Quia
3160 2107 3210 2151 et
3240 2098 3525 2152 scientiam
3553 2111 3730 2163 suam,
3756 2110 3801 2153 et

2215 2193 2551 2246 nobilitatem
2596 2191 2811 2259 generis
2861 2188 3320 2259 pseudoapostoli,
3360 2189 3477 2244 sive
3506 2190 3671 2260 aliqui
3698 2206 3801 2246 cre-

2215 2285 2401 2340 dentes
2435 2284 2817 2354 prgefe:ebant.
2848 2281 3021 2354 Usque
3042 2284 3093 2336 in
3113 2283 3246 2336 hanc
3265 2282 3445 2336 horam
3470 2295 3515 2338 et
3537 2285 3800 2339 esurimus.

2214 2390 2261 2434 et
2284 2381 2501 2445 sitimns,
2530 2388 2575 2432 ct
2606 2379 2734 2431 nudi
2752 2395 2947 2444 sumus,
2972 2389 3019 2432 et
3048 2379 3281 2449 colaphis
3315 2381 3581 2433 credimur.
3606 2381 3683 2433 Ex
3706 2395 3804 2449 quo

2214 2472 2477 2539 coapimus
2512 2471 2808 2547 pitedicare
2858 2486 3026 2538 usque
3075 2471 3127 2545 in
3162 2470 3264 2524 hoc
3305 2482 3520 2540 tempus
3570 2472 3627 2525 in
3670 2472 3804 2526 nullo

2217 2564 2630 2618 abundat-imus.
2657 2561 2724 2615 Et
2751 2562 3012 2616 instabiles
3036 2577 3231 2615 sumus.
3253 2561 3526 2631 Nusquam
3553 2562 3803 2618 habemus

2216 2656 2422 2721 sedum,
2461 2656 2547 2711 vel
2589 2668 2736 2712 ct-rte
2784 2656 2865 2711 sic
2908 2654 3059 2709 vobis
3101 2655 3333 2709 videtur.
3381 2653 3447 2707 Et
3493 2656 3802 2720 laboramus,

2217 2744 2485 2819 aperantes
2512 2749 2747 2803 manibus
2776 2749 2963 2802 nostris
2990 2764 3008 2802 :
3042 2748 3419 2811 maledicimur,
3462 2758 3513 2802 et
3556 2750 3804 2803 benedici-

2219 2858 2330 2896 mus
2353 2858 2372 2895 :
2403 2842 2802 2911 persecutionem
2832 2843 3080 2910 patimur,
3113 2850 3160 2895 et
3198 2842 3528 2896 sustinemus.
3562 2841 3657 2897 Sic
3685 2858 3804 2912 ορθ-

2212 2936 2463 3000 rabatur,
2491 2942 2546 2988 ut
2576 2942 2685 2987 tota
2716 2934 2801 2987 die
2827 2933 3070 2993 doceret,
3094 2942 3147 2988 et
3177 2945 3336 2989 nocte
3365 2935 3657 3001 laboraret,
3676 2938 3808 2990 unde

2222 3042 2440 3103 postera
2472 3029 2560 3084 die
2595 3043 2786 3098 panem
2812 3028 3182 3094 manducaret,
3212 3045 3317 3083 non
3349 3040 3405 3084 ut
3431 3031 3626 3085 solidos
3652 3047 3811 3101 repo-

2222 3138 2373 3184 neret
2403 3130 2488 3184 die
2528 3136 2797 3193 noctu,ue
2844 3126 2896 3181 in
2946 3126 3033 3179 tali
3078 3141 3243 3195 opere
3287 3127 3676 3197 impcndendo,
3715 3129 3805 3182 sed

2220 3224 2360 3277 unde
2389 3231 2494 3274 tam
2519 3221 2653 3291 ipse,
2686 3236 2846 3290 quam
2878 3220 3125 3289 discipuli
3153 3221 3233 3274 sui
3262 3220 3525 3276 viverent.
3558 3221 3809 3289 Blasplie-s

2218 3331 2438 3382 utamur,
2462 3326 2506 3368 et
2536 3314 2878 3369 obsecramus.
2909 3315 3009 3368 l’ro
3041 3317 3141 3379 eis,
3171 3315 3258 3383 qui
3286 3331 3383 3368 nos
3412 3316 3807 3385 hla~phemanb

2219 3407 2490 3479 Tanquam
2530 3416 2869 3478 purgamenta
2898 3406 3057 3477 hujus
3098 3407 3279 3459 mundi
3318 3410 3442 3475 [acti
3469 3424 3674 3461 sumus.
3722 3406 3808 3462 Ju-

2219 3510 2334 3554 stus
2378 3499 2681 3553 immundus
2721 3508 2802 3552 est
2848 3499 2988 3567 apud
3033 3498 3220 3551 malos.
3259 3498 3503 3551 Omnium
3534 3499 3806 3567 peripsime

2220 3608 2380 3663 usque
2427 3592 2616 3645 adhuc.
2648 3590 2902 3645 Omnium
2958 3590 3262 3653 humillim',
3309 3589 3504 3658 atzjecti
3537 3634 3551 3657 ,
3621 3601 3675 3643 et
3719 3592 3806 3644 d.--

2221 3687 2409 3754 Specti,
2444 3685 2708 3755 mappula.
2735 3683 2857 3738 Non
2898 3693 2951 3738 ut
2987 3684 3299 3754 confundam
3332 3700 3441 3749 vos,
3475 3684 3586 3737 lucc
3614 3701 3700 3737 scr
3722 3684 3810 3737 bo:

2221 3779 2310 3833 sed
2349 3787 2403 3832 ut
2447 3778 2583 3847 ﬁlios
2630 3795 2767 3832 meos
2796 3777 3121 3831 charissimtis
3167 3793 3365 3830 moneo.
3400 3776 3662 3830 Poterant
3692 3792 3813 3831 eon-

2222 3870 2392 3940 l‘und“,
2428 3871 2473 3925 si
2522 3872 2642 3927 illos
2674 3887 2780 3925 non
2828 3871 3202 3927 consolaretur
3233 3889 3245 3925 :
3283 3887 3389 3925 non
3443 3874 3508 3925 ad
3542 3873 3812 3927 confusio-

2222 3982 2365 4029 nem,
2399 3967 2492 4021 sed
2534 3965 2597 4019 ad
2632 3965 2928 4035 profectum
2956 3978 3193 4020 vestrum
3223 3966 3423 4020 scribo.
3458 3965 3595 4019 Nam
3647 3969 3694 4021 si
3732 3970 3815 4021 dc-

2222 4076 2326 4113 cem
2368 4057 2535 4113 millia
2562 4059 2962 4131 paedagogorum
3002 4058 3233 4112 [tabentis
3259 4059 3309 4111 in
3332 4059 3560 4124 Christo,
3590 4061 3687 4114 sed
3720 4076 3817 4114 nan

2224 4151 2410 4206 multos
2431 4162 2624 4221 patres.
2643 4151 2841 4207 Omnes
2864 4160 3127 4222 quotquot
3142 4152 3254 4221 jam
3281 4154 3420 4206 natis
3450 4166 3819 4224 apponuntur,

2226 4255 2403 4314 patres
2448 4259 2569 4299 esse
2609 4260 2715 4298 non
2760 4256 3004 4314 possunt.
3037 4245 3177 4298 Nam
3214 4248 3266 4299 in
3309 4244 3515 4301 Christo
3558 4245 3689 4301 Iesu
3729 4266 3820 4317 per

2225 4335 2562 4410 Evangelium
2591 4354 2684 4408 ego
2730 4353 2815 4391 vos
2858 4340 3036 4408 genui.
3082 4338 3163 4392 Me
3209 4340 3437 4407 primum
3490 4342 3819 4410 prtedicanze

2226 4429 2452 4484 Domino
2482 4429 2813 4484 credidistis.
2839 4428 2986 4500 Rogo
3016 4446 3136 4499 ergo
3166 4446 3273 4495 vos,
3297 4431 3577 4484 imitatores
3610 4434 3707 4485 mei
3734 4449 3818 4485 cs.

2224 4532 2344 4576 tote.
2390 4523 2658 4576 Bonorum
2713 4522 2943 4575 liliorum
2983 4530 3067 4576 est
3108 4523 3437 4575 inmunibus
3484 4522 3684 4576 imitari
3723 4538 3821 4590 pa-

538 4613 657 4679 pisti
680 4613 702 4666 ?
724 4612 859 4677 Quid
892 4614 1056 4667 babes
1085 4628 1149 4667 ex
1194 4626 1265 4679 te,
1318 4616 1416 4668 nisi
1462 4615 1598 4669 forte
1628 4615 1944 4684 peccatum?
1986 4616 2117 4668 Nam
2152 4611 2196 4667 D
2227 4615 2575 4672 reutes.Ideo
2604 4617 2721 4669 misi
2745 4617 2814 4668 ad
2837 4632 2921 4669 vos
2955 4614 3396 4683 Tintothcum,qui
3422 4626 3493 4672 est
3524 4616 3821 4683 liliusmcus

535 4704 647 4760 sive
678 4703 918 4769 scicntia,
951 4706 1065 4759 sive
1104 4705 1301 4775 aliquid
1331 4707 1453 4759 δοιιὶ
1494 4707 1545 4759 in
1578 4716 1627 4758 te
1657 4715 1759 4771 est,
1794 4705 1989 4759 donum
2026 4706 2122 4759 Dei

534 4805 617 4850 est
648 4812 660 4848 :
692 4795 831 4865 quod
873 4794 917 4849 si
965 4810 1028 4850 ex
1076 4802 1126 4849 te
1171 4811 1289 4851 esse
1341 4797 1675 4862 credideris,
1732 4797 1938 4853 dicetur
1984 4800 2116 4853 tibi:

534 4884 670 4953 Quid
723 4885 909 4953 habes,
940 4886 1079 4956 quod
1114 4902 1219 4940 non
1269 4888 1567 4959 accepisti?
1598 4900 1650 4944 et
1697 4890 1876 4945 evenit
1924 4891 2037 4955 tibi,
2074 4876 2129 4945 si

535 4977 627 5032 tibi
668 4976 867 5046 aliquid
914 4978 1163 5043 ascribis,
1198 4989 1250 5034 et
1300 4996 1404 5034 non
1459 4981 1589 5047 Deo,
1636 4981 1765 5037 illud
1818 4983 2051 5053 Evangel
2082 4983 2116 5047 i,

533 5069 673 5139 quod
701 5069 768 5124 de
798 5071 1007 5141 ingrato
1034 5070 1231 5126 dicitur
1258 5089 1270 5125 ε
1302 5074 1399 5140 Qui
1425 5074 1566 5128 enim
1598 5090 1700 5129 non
1722 5075 1902 5140 habet,
1933 5076 1983 5130 id
2011 5084 2116 5142 e-t,

530 5180 559 5218 a
594 5163 733 5229 Deo,
759 5164 917 5219 etiam
950 5165 1089 5235 quod
1124 5166 1330 5220 videtur
1375 5166 1595 5232 habere,
1630 5167 1903 5224 auferetur
1932 5169 1998 5224 ab
2029 5184 2115 5224 eo.

537 5258 599 5309 Et
617 5257 738 5311 ideo
760 5256 1093 5312 declinemus
1112 5260 1434 5325 superbiam,
1458 5271 1507 5313 et
1528 5260 1716 5316 demus
1742 5261 1848 5315 Deo
1869 5261 2116 5331 gloriam,

534 5363 563 5401 n
597 5366 700 5418 quo
739 5358 822 5404 est
851 5364 1010 5405 omne
1052 5352 1236 5404 datum
1281 5354 1542 5420 Optimum
1575 5367 1589 5405 :
1624 5366 1689 5405 ne
1716 5351 1759 5405 si
1789 5366 1816 5404 a
1851 5351 2004 5404 nobis
2036 5352 2119 5405 vel

537 5442 813 5506 lidem,vel
842 5445 975 5498 bona
1006 5459 1164 5513 opera
1197 5460 1315 5499 esse
1346 5445 1637 5512 credimus,
1661 5445 1949 5514 perdamus
1975 5446 2115 5513 quod

538 5532 733 5587 habere
780 5534 1040 5588 videmur.
1074 5535 1135 5589 Si
1187 5546 1351 5588 autem
1393 5535 1655 5602 accepisti,
1702 5534 1825 5602 quid
1855 5536 2116 5605 gloriaris,

536 5628 676 5691 quasi
707 5643 807 5679 non
835 5629 1305 5696 acceperis?Quasi
1337 5628 1535 5697 aliquid
1569 5640 1714 5681 tuum
1752 5628 1969 5683 habeas.
1996 5628 2117 5681 Jam

534 5719 754 5772 solut-oti
776 5723 913 5782 estis,
927 5723 1037 5791 jam
1062 5723 1241 5775 divites
1265 5722 1389 5791 facti
1407 5722 1525 5776 estis
1542 5737 1561 5786 ;
1577 5722 1685 5775 sine
1710 5721 1848 5775 nobis
1870 5723 2113 5792 rrgnntis.

547 5811 790 5869 Docttina
828 5814 908 5871 vel
936 5816 1177 5871 scientia.
1216 5817 1322 5871 lloc
1353 5818 1675 5887 increpantis
1729 5818 2111 5888 pronuntiatur

2222 4711 2551 4765 charissimus
2593 4719 2640 4763 et
2668 4708 2837 4779 ﬁdelis
2873 4710 2926 4764 in
2956 4710 3196 4764 Domino.
3222 4710 3435 4778 Quanto
3467 4709 3678 4765 ﬁdelior
3706 4725 3819 4766 ca:-

2226 4804 2376 4871 teris,
2411 4814 2558 4857 tanto
2587 4803 2802 4858 charior
2832 4805 3115 4859 universis.
3139 4804 3239 4869 Qui
3262 4821 3345 4857 t'os
3366 4806 3821 4869 commonefacial.

2227 4897 2326 4963 Qui
2347 4910 2442 4948 vos
2463 4906 2515 4950 et
2538 4896 2669 4951 meis
2685 4896 2900 4962 litteris,
2920 4906 2973 4951 et
3003 4911 3101 4950 suo
3125 4898 3344 4951 doceret
3368 4900 3653 4967 exemplo:
3672 4899 3824 4955 aliud

2226 4987 2368 5041 enim
2398 4986 2513 5041 sine
2535 4986 2641 5041 alio
2674 5002 2776 5041 non
2797 4988 2990 5056 poterit
3020 5003 3141 5042 esse
3167 4988 3483 5057 perfectum.
3506 4989 3632 5044 Vias
3656 5008 3823 5057 meas,

2228 5096 2342 5147 ante
2368 5090 2483 5133 sunt
2514 5081 2565 5132 in
2595 5079 2816 5133 Christo.
2846 5078 3057 5145 \’ita,et
3084 5094 3297 5133 cursum
3326 5096 3524 5147 meum,
3554 5091 3715 5149 atque
3746 5084 3829 5136 la-

2228 5173 2408 5228 bores.
2444 5171 2594 5227 Sicut
2618 5172 2802 5241 ubique
2839 5172 2893 5223 in
2933 5174 3070 5224 omni
3104 5170 3337 5225 Ecclesia
3369 5172 3550 5227 doceo.
3588 5174 3731 5237 Viae,
3771 5186 3829 5231 ct

2228 5265 2618 5329 doctrinam,et
2640 5264 3106 5319 conversationem
3140 5264 3335 5332 quibus
3366 5267 3560 5336 ubique
3590 5270 3830 5335 aequaiis

2232 5356 2442 5422 incedo,
2469 5365 2523 5409 et
2549 5372 2577 5408 a
2611 5356 2758 5410 nullo
2789 5357 3078 5425 quidquam
3114 5356 3248 5410 lucri
3282 5357 3360 5411 vel
3386 5363 3654 5413 commodi
3685 5371 3829 5414 tem-

2232 5451 2374 5519 poris
2407 5449 2685 5519 pra-sentis
2731 5449 2957 5517 accipio.
2992 5448 3265 5518 Tanquam
3312 5467 3415 5504 non
3444 5463 3681 5507 venturus
3718 5457 3829 5507 sint

2224 5544 2291 5596 ad
2321 5560 2422 5610 vos,
2456 5545 2527 5596 sic
2560 5543 2727 5611 inﬂati
2775 5550 2891 5595 sunt
2944 5543 3176 5612 quidam.
3213 5544 3421 5598 Tandiu
3478 5544 3695 5601 inﬂatus
3736 5557 3831 5602 est

2222 5636 2436 5705 aliquis,
2465 5635 2697 5705 quandiu
2740 5650 2844 5689 non
2873 5645 3040 5701 venit,
3071 5637 3160 5705 qui
3204 5651 3383 5691 veram
3426 5636 3590 5693 habet
3637 5639 3831 5694 scien-

2227 5732 2351 5785 tiam
2390 5746 2401 5780 :
2437 5745 2541 5782 Itnn
2576 5728 2719 5781 illam
2764 5743 2883 5796 qua:
2932 5727 3157 5782 stulzitia
3188 5735 3273 5782 est
3310 5728 3451 5797 apud
3487 5730 3674 5783 Deum.
3715 5729 3827 5785 i'c-

2223 5823 2359 5876 niam
2391 5830 2558 5875 autent
2610 5820 2704 5873 cito
2751 5821 2816 5874 ad
2842 5836 2929 5873 vos
2950 5860 2964 5887 ,
2998 5822 3040 5873 si
3072 5817 3323 5873 Dominus
3351 5820 3565 5876 voluerit
3594 5837 3611 5875 .'
3639 5832 3685 5876 ct
3735 5840 3827 5877 co-
