4004 6354
207 341 304 393 517

994 338 1057 393 ΙΝ
1102 337 1480 394 EPISTOLAM
1521 337 1537 390 Ι
1580 334 1669 387 AD
1708 331 2114 387 CORINTIIIOS
2152 332 2669 385 COMEIENTAlllA.

3337 340 3440 388 ὃῖδ

203 466 438 522 gnoseam
468 467 565 505 non
590 465 864 504 sermonem
890 464 1063 503 casum
1083 450 1166 517 qui
1196 449 1361 518 inflati
1392 455 1527 513 sunt,
1552 446 1639 499 sed
1668 444 1769 497 vir-
1796 444 1845 502 Λ
1874 439 2015 494 dulci
2042 441 2293 495 acerbum
2328 442 2553 494 factum?
2600 440 2717 493 Non
2765 440 2934 510 utique
2961 442 3250 510 fornicariis
3290 442 3445 515 hujus

203 555 374 596 tutcm.
395 543 651 597 Virtutem
678 541 818 606 ﬁdei,
848 556 963 610 qua:
990 542 1039 594 in
1060 540 1308 607 Operibus
1331 538 1523 593 Christi
1550 544 1650 597 est,
1684 534 1773 589 vel

201 635 382 701 signis.
422 632 539 687 Non
570 633 697 685 enim
728 635 779 684 in
826 647 1054 684 sermone
1100 641 1171 684 est
1201 645 1412 697 regnum
1460 626 1572 689 Dei,
1602 626 1689 679 sed
1718 628 1773 677 in‘

200 727 398 779 virtute.
434 725 636 778 Nowtm
668 724 741 780 Te
774 732 1086 778 tamentam.
1124 721 1261 788 Quid
1299 720 1472 773 vultis.
1502 717 1771 787 Benignus

201 817 471 882 magister,
487 814 574 884 qui
598 813 977 883 discipulorum
998 810 1383 866 correctionem
1402 811 1451 863 in
1477 824 1657 864 eorum
1679 823 1771 877 po-

200 903 307 957 suit
348 904 639 957 voluntate.
671 902 725 955 Si
753 919 855 957 non
880 901 1266 965 emendatis,in
1297 903 1470 970 virga;
1497 901 1538 953 si
1566 911 1766 963 autem,

202 994 252 1045 itt
296 994 679 1048 consolatione.
710 993 774 1046 In
814 994 954 1062 virga
975 993 1171 1045 veniam
1200 993 1266 1044 ad
1294 1009 1398 1057 vos,
1429 1009 1497 1044 an
1524 993 1576 1044 in
1610 992 1771 1043 chari-

202 1093 393 1145 (πταίει
441 1085 619 1153 spiritu
661 1082 1098 1136 mansuetudinis?
1140 1083 1191 1135 ln
1226 1084 1365 1150 virga
1394 1083 1614 1148 justitia:
1665 1097 1767 1151 qua

200 1176 344 1242 virga
385 1191 506 1233 usus
548 1186 626 1229 est
658 1177 843 1230 Petrus
876 1175 938 1228 ad
974 1177 1230 1228 Ananiam
1274 1186 1327 1228 et
1367 1176 1670 1242 Sapltiram,
1717 1184 1777 1229 et

203 1264 395 1319 Paulus
434 1266 497 1318 ad
527 1267 770 1336 Magum:
803 1266 1066 1334 simulque
1110 1264 1575 1330 considerandum,
1626 1264 1768 1334 quod

200 1356 415 1423 ipsaira
467 1357 516 1410 iu
548 1369 722 1411 nostra
771 1358 837 1410 sit
886 1358 1052 1426 posita
1105 1364 1383 1423 potestate,
1437 1371 1540 1409 non
1590 1370 1686 1409 nos
1718 1356 1769 1409 in

200 1448 341 1501 illius
362 1465 373 1499 :
392 1457 443 1501 et
472 1457 592 1501 tunc
614 1450 866 1510 exeritur,
887 1449 1097 1515 quando
1121 1447 1209 1500 Dei
1237 1446 1424 1514 injuria
1449 1447 1781 1499 vindicatur.

271 1538 400 1592 Car.
430 1554 481 1591 ν.
516 1538 733 1591 Omnino
760 1540 969 1591 auditur
992 1538 1118 1590 inter
1138 1554 1223 1591 vos
1255 1537 1545 1607 fornicatio.
1581 1536 1634 1588 In
1666 1537 1785 1589 Ec-'

196 1629 361 1684 clesia
391 1632 473 1684 cui
507 1646 598 1684 vos
629 1632 889 1699 prmestis.
922 1629 984 1682 Et
1009 1631 1124 1683 talis
1156 1631 1453 1699 fornicatio,
1484 1632 1650 1698 qualis
1682 1645 1771 1681 nec

199 1720 331 1773 inter
348 1729 536 1787 gentes.
566 1721 806 1775 Ostendit
828 1735 922 1773 cur
949 1720 1077 1772 iram
1105 1719 1439 1784 praemiserit.
1471 1716 1550 1769 Ita
1572 1730 1622 1770 ut
1648 1734 1772 1771 uxo-

1876 529 2086 597 mundi,
2120 541 2206 584 aut
2228 533 2411 595 avaris,
2446 542 2532 584 aut
2560 532 2858 600 rapacibus,
2892 542 2978 586 aut
3005 531 3158 587 idolis
3183 536 3448 587 servienti-

1876 622 1981 676 bus.
2019 624 2129 677 Non
2160 624 2393 693 gentium
2443 624 2762 678 loruicariis.
2806 623 3044 689 Alioquin
3074 624 3356 678 debueratis
3388 626 3452 679 de

1883 730 1973 767 noc
2015 716 2205 767 mundo
2255 716 2441 771 exisse.
2490 716 2608 769 Alio
2654 731 2849 785 genere
2885 716 3189 771 debueratis
3239 718 3445 780 exisse,

1875 818 1978 859 non
2011 806 2119 869 sic,
2153 815 2245 859 aut
2272 816 2419 860 certe
2460 807 2503 860 si
2543 806 2652 873 sic,
2685 808 2873 862 melius
2911 808 3061 861 vobis
3093 809 3263 861 fuerat
3292 809 3446 861 mori.

1875 896 2031 949 Nunc
2057 907 2223 949 autem
2252 898 2431 966 scripsi
2459 897 2617 962 vobis,
2651 916 2749 951 non
2780 901 3109 955 commisceri.
3142 902 3250 954 Hoc
3276 901 3446 968 ipsum

1874 1005 2011 1042 nunc
2042 990 2227 1057 scripsi
2260 991 2396 1058 quod
2448 992 2587 1043 dico.
2636 991 2694 1045 Si
2726 993 2768 1043 is
2805 994 2893 1061 qui
2937 995 3093 1060 frater
3122 995 3410 1046 nominatur
3432 1033 3448 1059 ,

1871 1089 1941 1132 est
1975 1081 2299 1147 fornicurius,
2329 1091 2415 1133 aut
2434 1097 2645 1146 avarus,
2678 1093 2765 1135 aut
2788 1082 2937 1137 idolis
2959 1086 3191 1147 serviens,
3221 1094 3308 1138 aut
3336 1103 3447 1138 ma-

1873 1170 2084 1234 ledicus,
2116 1180 2202 1222 aut
2232 1170 2481 1235 ebriosus,
2515 1180 2603 1223 aut
2633 1188 2814 1239 rapax.
2848 1173 2961 1227 Non
2995 1189 3057 1227 ex
3090 1175 3206 1229 solo
3236 1176 3451 1229 nomine

1873 1261 2132 1315 dicendus
2161 1272 2241 1315 est
2270 1262 2453 1322 frater.
2489 1264 2579 1316 sed
2606 1278 2667 1316 ex
2699 1274 2839 1317 actu.
2872 1264 2979 1318 Sed
3002 1267 3043 1317 si
3070 1265 3187 1333 quis
3218 1264 3450 1321 fornica-

1875 1360 1958 1405 tor
1988 1352 2315 1415 nominatur,
2348 1353 2486 1421 quod
2512 1361 2566 1405 et
2595 1354 2647 1405 in
2678 1353 2855 1407 Veteri
2881 1354 3222 1409 Testamento
3248 1357 3451 1411 inveni-

1874 1454 1958 1497 tur
1985 1462 1996 1496 :
2032 1444 2132 1511 Qui
2164 1460 2221 1498 se
2248 1444 2419 1513 jungit
2452 1445 2768 1509 fornicariis,
2802 1461 3029 1514 nequam
3053 1449 3153 1501 erit
3186 1449 3448 1515 :putredo

1872 1542 1925 1589 et
1968 1550 2177 1589 vermes
2227 1535 2615 1589 luereditabunt
2661 1551 2801 1588 eum.
2856 1536 2983 1589 Cum
3023 1537 3319 1610 Itujusmodi
3361 1556 3449 1591 nec

1871 1626 2033 1678 cibum
2062 1643 2274 1679 sumere.
2304 1628 2439 1689 Quid
2472 1628 2602 1679 enim
2633 1628 2756 1680 mihi
2781 1627 2843 1681 de
2870 1627 2932 1681 iis
2962 1629 3048 1697 qui
3074 1630 3199 1698 foris
3228 1638 3339 1682 sunt
3360 1631 3452 1697 ju-

1872 1717 2082 1770 dicare?
2111 1717 2295 1769 Nonne
2331 1716 2393 1770 de
2425 1718 2485 1769 iis
2518 1720 2602 1777 qui
2633 1720 2767 1771 intus
2793 1728 2908 1771 sunt
2939 1734 3023 1771 vos
3041 1720 3324 1788 judicatis?
3344 1720 3452 1773 Nec

197 1825 303 1861 rem
338 1812 494 1879 patris
522 1811 605 1863 sui
635 1811 822 1878 aliquis
853 1808 1052 1862 habeat.
1084 1809 1445 1862 Cottcubiuam
1475 1809 1639 1875 patris
1671 1808 1767 1861 sibi
1806 1814 1842 1869 8
1876 1808 2031 1859 istum
2059 1821 2394 1859 communem
2425 1822 2579 1870 quem
2606 1810 2867 1871 Concessi,
2895 1824 3013 1862 cum
3037 1810 3285 1878 ge-tibus
3307 1810 3348 1864 si
3375 1811 3451 1864 ire

199 1902 498 1956 sociaverit.
519 1900 581 1954 Et
604 1918 688 1954 vos
707 1901 868 1969 inﬂati
884 1902 1017 1954 estis.
1041 1894 1206 1953 lnliati
1225 1901 1354 1954 estis
1372 1916 1503 1952 vana
1523 1902 1767 1965 scientia,

198 1991 283 2045 vel
313 1992 557 2059 superbia
578 2031 592 2056 ,
625 2001 674 2045 et
724 2006 826 2043 non
850 1998 931 2043 est
973 1992 1121 2043 vobis
1151 2005 1279 2043 cura
1325 1991 1389 2043 dc
1421 1990 1501 2043 his
1544 1993 1629 2060 qui
1680 2006 1771 2058 pe-

201 2089 362 2135 reunt
394 2120 407 2144 ,
436 2090 493 2133 ut
518 2082 932 2145 conveniaotur,
967 2090 1017 2133 et
1047 2090 1138 2133 aut
1168 2081 1500 2150 corrigantur
1525 2124 1537 2144 ,
1568 2090 1655 2134 aut
1687 2095 1771 2133 re-

193 2169 467 2239 jiciantur.
492 2169 553 2221 Et
584 2188 683 2223 non
708 2174 863 2241 mang
886 2172 1073 2224 luctum
1099 2172 1359 2225 habuistis.
1382 2172 1506 2226 Boni
1532 2183 1771 2239 pastores

198 2274 413 2329 semper
442 2276 537 2329 pro
566 2264 748 2330 populi
801 2264 1028 2330 peccatis
1068 2262 1263 2317 ﬂevere
1284 2304 1299 2326 ,
1331 2263 1469 2317 sicut
1511 2262 1771 2316 Jeremias

197 2349 361 2403 dicit:
388 2352 515 2416 Quis
538 2351 684 2405 dabit
707 2353 865 2421 capiti
892 2368 1007 2406 meo
1031 2354 1341 2421 aquam,cui
1367 2368 1470 2407 non
1504 2353 1768 2419 voluntas,

196 2441 291 2497 sed
321 2441 567 2511 lacrymze
607 2441 866 2497 deluere?
900 2442 966 2497 Ut
994 2445 1209 2496 totfatur
1239 2444 1301 2496 de
1346 2443 1515 2497 medio
1552 2456 1770 2496 vestrum

197 2534 283 2601 qui
303 2534 397 2586 hoc
429 2550 553 2601 opus
582 2533 716 2601 fecit.
753 2535 877 2589 Sive
907 2536 995 2603 qni
1020 2535 1165 2600 fecit,
1200 2536 1318 2589 sive
1355 2534 1580 2590 Satanas
1612 2534 1768 2588 tolla-

198 2634 303 2691 tur,
337 2624 459 2677 dum
498 2641 602 2679 non
638 2626 798 2681 habet
827 2642 920 2694 per
949 2642 1106 2695 quem
1153 2628 1386 2693 operari.
1424 2626 1533 2694 Ego
1567 2628 1770 2697 quidem

196 2714 374 2767 absens
404 2731 637 2781 corpore,
691 2732 911 2782 pra’sens
952 2726 1120 2769 autem
1164 2716 1372 2787 spiritu,
1399 2719 1511 2785 jam
1543 2718 1772 2783 judiemi

197 2815 250 2857 ut
280 2822 501 2872 prtrsens
530 2823 640 2859 eum
670 2808 756 2867 aui
778 2809 851 2860 sic
880 2819 1117 2878 operatus
1144 2816 1235 2869 est,
1260 2808 1310 2859 in
1334 2809 1538 2861 nomine
1565 2806 1771 2860 Domini

195 2899 355 2950 nostri
382 2895 506 2950 Jesu
532 2897 754 2965 Christi,
796 2902 1117 2971 congregatis
1158 2900 1314 2953 vobis.
1347 2900 1421 2953 Ne
1471 2909 1557 2953 tan
1587 2917 1673 2954 unt
1706 2917 1771 2954 ex

193 2988 375 3042 auditu
403 2988 642 3056 judicare
690 2998 983 3057 putaretur.
1019 2990 1085 3044 Et
1121 3006 1231 3043 meo
1274 2993 1480 3059 spiritu.
1534 2993 1769 3046 Mearum

192 3075 489 3131 litterarum
516 3077 738 3146 judicio.
772 3078 896 3133 Cum
925 3081 1105 3133 rirtutc
1139 3079 1348 3133 Domini
1375 3082 1519 3137 Jesu.
1562 3083 1769 3136 Domini

1874 1898 2168 1950 volueritis.
2204 1896 2340 1950 Nam
2372 1915 2453 1950 eos
2479 1901 2564 1967 qui
2595 1899 2718 1967 foris
2740 1909 2853 1952 sunt
2884 1897 3022 1952 Deus
3040 1902 3314 1971 judicabit.
3348 1901 3450 1953 Fo-

1873 1992 1945 2044 ris
1974 1990 2263 2043 Ecclesiam
2290 2000 2413 2043 sunt
2441 1990 2630 2057 JUtllBi,
2664 1991 2918 2055 haeretici,
2947 1994 3025 2045 vel
3058 1994 3302 2061 gentiles.
3338 1996 3443 2045 Au-

1872 2088 1999 2152 ferte
2026 2084 2214 2137 malum
2245 2099 2306 2137 ea:
2348 2083 2487 2137 vobis
2522 2085 2667 2153 ipsis.
2700 2081 2811 2137 Non
2858 2098 2924 2139 ex
2953 2086 3230 2152 gentibus,
3260 2086 3352 2139 sed
3383 2099 3449 2139 ex

1870 2177 2045 2230 vobis.

1941 2269 2068 2321 Car.
2104 2285 2175 2321 vt.
2210 2269 2368 2321 Audet
2392 2268 2576 2337 aliquis
2607 2278 2822 2320 rostrum
2852 2266 3039 2320 habens
3078 2268 3327 2335 negotium
3358 2267 3450 2317 atl-

1869 2376 2037 2413 versus
2067 2363 2302 2415 alterum.
2337 2367 2508 2415 Ausus
2548 2372 2628 2416 est
2667 2362 2858 2429 aliquis
2904 2370 3084 2413 contra
3130 2371 3449 2429 praeceptum

1875 2452 2082 2506 Domini
2116 2455 2294 2507 venire
2325 2454 2550 2508 dicentis
2579 2471 2591 2506 :
2622 2452 2677 2507 Si
2709 2454 2825 2522 quis
2856 2462 3024 2506 tecum
3056 2453 3280 2506 voluerit
3306 2453 3449 2521 judi-

1871 2544 1952 2596 cio
1984 2545 2329 2611 contendere,
2367 2555 2420 2598 et
2452 2547 2682 2598 tunicam
2718 2554 2859 2597 tuam
2892 2546 3111 2609 tollere,
3137 2546 3340 2597 dimitte
3374 2544 3448 2597 illi

1871 2643 1923 2687 et
1971 2634 2227 2702 pallium?
2274 2634 2369 2687 llic
2414 2635 2724 2702 intelligitur
2752 2634 2892 2704 quod
2948 2634 3178 2688 maxime
3229 2646 3451 2703 propter

1876 2726 2253 2779 fornicationes
2284 2739 2669 2780 accusarentur
2696 2727 2747 2779 in
2783 2725 2985 2793 judicio
3014 2724 3252 2779 smculari
3284 2743 3296 2777 :
3326 2729 3447 2792 quia

1873 2814 1996 2868 illud
2031 2814 2113 2868 hic
2144 2816 2194 2868 in
2225 2816 2395 2869 media
2427 2830 2583 2871 cauSa
2624 2814 2991 2868 fornicationis
3033 2815 3271 2867 inuuisit.
3303 2812 3450 2866 Jutti«

1872 2907 1978 2957 cari
2007 2907 2143 2973 apud
2174 2908 2404 2975 iniquos,
2436 2916 2482 2960 et
2512 2924 2609 2959 non
2639 2907 2780 2976 apud
2801 2908 3040 2960 sanctos?
3069 2906 3164 2960 llic
3198 2907 3356 2975 proba
3388 2920 3450 2960 ur

1869 2998 2073 3065 judices
2102 2999 2326 3066 gentiles
2358 2999 2539 3062 fuisse,
2569 3001 2705 3068 quod
2738 3000 2902 3069 iniqui
2937 3000 3199 3055 dicuntur.
3236 3000 3314 3054 An
3361 3020 3448 3055 ne-

1871 3090 2009 3142 scitis
2038 3092 2276 3159 qttoniam
2308 3092 2469 3143 sanati
2496 3094 2559 3144 de
2589 3091 3141 3161 mnndojudicabunt?
3165 3092 3308 3145 Sicut
3332 3092 3450 3144 Sal-

190 3190 403 3245 quoque
430 3191 533 3230 non
564 3177 733 3230 deerit
767 3178 957 3230 virtus.
991 3176 1215 3230 Tradere
1240 3177 1529 3247 hujusmodi
1564 3177 1771 3232 Satanas
1798 3170 1844 3233 C
1875 3188 2023 3231 vator
2044 3180 2115 3231 ait
2140 3197 2151 3230 :
2180 3180 2440 3232 Sedebitis
2468 3196 2627 3248 super
2649 3180 2925 3233 duodecim
2951 3180 3126 3245 sedes,
3146 3179 3448 3246 judicautes

190 3269 239 3321 in
262 3269 525 3321 interitum
552 3269 738 3322 carnis.
789 3269 858 3322 Ut
898 3268 1088 3321 habeat
1122 3277 1436 3336 potestatem
1478 3270 1768 3337 accipiendi

190 3358 363 3424 illum,
393 3367 452 3412 ut
480 3358 561 3414 vel
594 3360 671 3413 sic
701 3368 1066 3425 convertatur,
1096 3360 1221 3413 dum
1246 3360 1435 3414 viderit
1471 3376 1528 3414 se
1555 3376 1653 3414 nec
1684 3360 1769 3415 hic

189 3450 405 3512 carnis,
453 3464 552 3504 nec
598 3450 649 3503 in
691 3449 868 3505 futuro
905 3450 1124 3518 Spiritus
1169 3452 1405 3520 requiem
1440 3451 1763 3505 habiturum.

190 3536 499 3593 Cavendum
531 3557 542 3591 :
577 3539 698 3606 quia
729 3540 815 3607 qui
855 3542 1377 3608 excommunicatur,
1411 3543 1623 3597 Satanas
1663 3557 1767 3596 tra-

128 3650 137 3658 °
188 3628 353 3682 ditur.
388 3628 453 3683 Ut
486 3631 690 3695 spiritus
719 3632 888 3683 salvus
925 3632 987 3685 sit
1017 3632 1067 3683 in
1094 3632 1177 3685 die
1208 3631 1413 3684 Domini
1435 3630 1578 3685 Jesu.
1614 3634 1764 3699 Quod

187 3721 306 3773 siin
330 3720 570 3786 spiritum
593 3726 819 3779 Satanas
843 3737 945 3775 non
974 3725 1240 3793 acceperit
1270 3734 1608 3793 potestatem,
1637 3726 1761 3779 dum

188 3815 449 3883 corrigit,
486 3816 651 3869 solius
701 3817 902 3870 Domini
931 3818 1131 3885 judicio
1161 3828 1492 3871 reservatur.
1542 3819 1659 3872 Non
1689 3830 1763 3873 est

187 3907 321 3960 bona
342 3907 578 3977 gloriatio
599 3910 654 3961 ve
683 3919 782 3963 tra.
811 3909 907 3975 Qui
932 3910 1087 3964 talem
1122 3911 1171 3963 in
1202 3909 1435 3965 Ecclesia
1464 3911 1756 3965 admittit’s.

188 3998 370 4052 Nescit
391 4016 415 4051 s
443 4000 558 4068 quia
598 4002 849 4053 modicum
878 4002 1177 4069 fermentum
1210 4013 1363 4054 totam
1392 4020 1607 4056 massam
1638 4021 1764 4056 cor-

184 4090 421 4158 rumpit?
453 4090 747 4161 lguoratis,
803 4093 923 4162 quia
968 4093 1122 4146 unius
1170 4093 1291 4145 mali
1334 4096 1581 4162 exemplo
1612 4095 1760 4147 multi

188 4193 412 4249 possunt
447 4185 642 4253 perire,
698 4194 751 4238 et
796 4198 887 4253 per
912 4185 1064 4239 unius
1110 4187 1358 4239 delictum
1407 4187 1456 4238 in
1491 4187 1633 4239 omni
1668 4200 1762 4254 po-

190 4276 338 4343 pttlo,
374 4276 447 4327 ira
481 4275 571 4330 Dei
617 4277 926 4343 supe'vrnit
956 4277 1006 4329 itt
1055 4276 1249 4342 pottulo
1278 4276 1622 4330 .ludteorum?
1654 4273 1765 4329 Ea:-

188 4375 405 4434 purgate
431 4376 566 4418 vetus
594 4366 918 4431 fermentum,
946 4375 1000 4416 ut
1035 4365 1143 4417 sitis
1171 4382 1299 4417 nova
1338 4368 1625 4433 conspersio
1650 4406 1664 4429 ,
1693 4368 1765 4420 si-

186 4472 273 4518 cut
322 4464 438 4516 esfis
497 4462 685 4528 azymi.
726 4460 865 4512 Nihil
913 4460 963 4512 in
1009 4460 1160 4512 vob's
1207 4468 1480 4512 remaneat
1530 4460 1763 4525 pristinas

1874 3268 2152 3323 duodecim
2188 3270 2354 3322 tribus
2386 3269 2569 3323 Israel.
2600 3270 2749 3334 Quod
2783 3280 2958 3322 autem
2992 3269 3096 3322 illis
3119 3268 3289 3332 dixit,
3333 3284 3449 3322 ont-

1873 3361 2027 3412 nibus
2051 3360 2202 3422 dixit,
2237 3360 2323 3427 qui
2351 3375 2443 3413 eos
2476 3360 2667 3413 luetint
2693 3359 2904 3412 imitati.
2937 3359 3065 3411 Nam
3092 3359 3157 3412 de
3189 3359 3290 3413 illis
3318 3360 3449 3412 duo-

1872 3450 2040 3503 decim
2076 3465 2210 3504 unus
2244 3451 2433 3518 periit,
2467 3459 2517 3503 et
2550 3453 2685 3504 a'ius
2715 3451 2803 3519 qui
2837 3451 2982 3503 illum
3026 3466 3131 3503 non
3164 3451 3405 3505 audierat
3427 3492 3440 3514 ,

1870 3544 1917 3612 ej
1942 3558 1982 3596 IS
2026 3545 2139 3598 loco
2170 3546 2425 3598 successit
2452 3560 2464 3595 :
2498 3554 2551 3598 et
2602 3545 2793 3598 Paulus
2834 3554 2886 3598 et
2917 3543 3183 3597 Barnabas
3214 3545 3440 3612 apostoli

1869 3635 1972 3688 iuet
1990 3648 2100 3691 uttt.
2126 3635 2188 3688 Et
2213 3637 2328 3689 siin
2352 3637 2812 3707 robisjudicabitur
2838 3637 3078 3703 mundus,
3105 3637 3303 3706 indigni
3329 3641 3449 3693 estis

1866 3728 1954 3796 qui
1995 3728 2055 3779 de
2105 3727 2326 3779 minimis
2362 3729 2653 3798 Judtcct‘s!
2681 3728 2805 3781 Sive
2836 3742 2929 3796 per
2965 3743 3079 3789 vos,
3125 3729 3236 3782 sive
3265 3739 3449 3783 vestro

1866 3818 2132 3885 exemplo.
2167 3816 2387 3870 Nescitis
2408 3820 2644 3889 quoiiiam
2686 3821 2892 3890 angelos
2919 3818 3444 3889 jutlicabit:us?lllos

1866 3910 2192 3979 angelosqtti
2223 3923 2409 3964 contra
2454 3921 2693 3964 naturam
2734 3922 3087 3979 peccaverunt
3122 3909 3439 3979 judicabant

1866 4000 1901 4054 ii
1933 4001 2018 4067 qui
2048 4016 2206 4069 supra
2242 4012 2482 4054 naturam
2514 4004 2811 4055 castitatem
2838 4017 2955 4055 cum
2990 4002 3077 4054 Dei
3107 4002 3305 4056 auxilio
3327 4016 3441 4056 ser-

1868 4105 2141 4144 vavcrmu.
2173 4091 2377 4154 Quanto
2417 4093 2576 4159 magis
2607 4093 2909 4144 sa‘cularia?
2954 4094 3025 4143 De
3055 4092 3211 4144 rebus
3240 4093 3442 4147 smculi.

1869 4180 2153 4235 chularia
2182 4182 2337 4249 igitur
2368 4181 2573 4250 judicia
2612 4182 2657 4233 si
2698 4181 2970 4232 habueritis
2994 4219 3009 4244 ,
3055 4181 3445 4246 contemptibiles

1865 4274 1954 4342 qui
1983 4282 2100 4325 sunt
2132 4273 2184 4323 in
2213 4270 2471 4336 Ecclesia,
2512 4271 2628 4323 illos
2653 4271 2941 4321 constituite
2977 4270 3045 4319 ad
3073 4269 3439 4337 judicandum.

1869 4363 2099 4417 Possunt
2126 4363 2191 4416 de
2223 4363 2301 4414 his
2331 4363 2489 4415 etiam
2539 4363 2609 4414 illi
2653 4361 2922 4428 judicare,
2959 4360 3045 4427 qui
3081 4368 3203 4411 sunt
3241 4360 3443 4414 minimi

1869 4456 1920 4508 in
1954 4455 2188 4508 Ecclesia
2212 4493 2226 4517 ,
2258 4461 2347 4504 aut
2375 4460 2522 4506 certe
2554 4452 2639 4519 qui
2673 4450 2892 4517 injurias
2923 4464 3043 4503 suas
3073 4459 3441 4506 contemnunt.

184 4552 631 4610 conversationis.
670 4550 870 4603 Etenim
901 4550 1085 4615 pascha
1117 4558 1343 4602 nostrum
1377 4550 1664 4601 immolatus
1689 4560 1761 4604 est
1794 4543 1842 4601 Ι)
1867 4546 2163 4602 Notandum
2192 4545 2331 4616 quod
2365 4544 2614 4598 minimos
2637 4543 2814 4607 dicat,
2860 4544 2946 4612 qui
2975 4543 3024 4595 in
3057 4542 3149 4597 Dei
3188 4543 3303 4613 lege
3334 4560 3464 4601 non

187 4642 444 4697 Christus.
472 4641 613 4695 Facti
650 4656 740 4709 per
770 4640 1086 4708 baptismum
1111 4641 1291 4695 mundi
1323 4642 1388 4695 de
1414 4642 1591 4695 saculi
1621 4641 1762 4697 vitiis

184 4734 253 4790 ad
286 4734 508 4787 virtutes
538 4733 743 4787 Domini
775 4743 1125 4786 transeamus.
1155 4732 1336 4803 Itaque
1356 4735 1633 4801 epulamur,
1660 4751 1759 4788 non

186 4828 238 4879 in
254 4829 498 4894 fermento
514 4826 685 4889 veteri,
710 4840 869 4891 neque
888 4824 936 4877 in
958 4824 1196 4893 fermento
1222 4825 1426 4878 malitia:
1437 4834 1484 4879 et
1504 4828 1756 4894 nequitice,

188 4916 277 4971 sed
306 4915 357 4967 in
382 4915 572 4984 azymis
597 4914 901 4969 sinceritatis
937 4924 983 4966 et
1019 4915 1269 4968 veritatis.
1303 4916 1501 4983 Scripsi
1528 4916 1666 4970 vobis
1706 4919 1759 4970 in

189 5008 438 5073 epistola,
468 5024 532 5061 ne
569 5006 992 5060 commisceamini
1014 5006 1323 5072 fornicariis.
1355 5008 1385 5043 “
1409 5006 1523 5061 Non
1553 5022 1718 5077 agnus
1738 5049 1754 5074 ,

190 5103 278 5169 qui
318 5110 428 5153 erat
456 5100 617 5168 ﬁgura
642 5096 838 5150 CltriSIi
860 5140 874 5163 ,
904 5106 959 5150 ct
988 5096 1061 5149 illi
1103 5095 1317 5165 quidem
1343 5105 1545 5163 septem
1569 5098 1756 5153 diebus

191 5205 378 5260 azyma
407 5189 780 5251 contcdebant,
814 5202 914 5241 nos
939 5202 1170 5255 semper,
1197 5187 1241 5241 si
1263 5186 1532 5256 simplices
1553 5205 1755 5254 sumus,

194 5282 314 5349 quia
341 5290 392 5335 et
417 5290 617 5345 septem
648 5278 834 5333 diebus
864 5279 1091 5331 mundus
1117 5287 1200 5333 est
1236 5276 1405 5333 lactus
1438 5280 1505 5331 ε*
1525 5282 1759 5348 quotidie

194 5372 348 5425 nobis
374 5362 540 5441 agitus
575 5370 835 5425 occiditur
865 5386 878 5422 :
912 5368 1148 5437 quotidie
1192 5372 1387 5437 pascha
1417 5368 1716 5426 celebratur
1742 5391 1755 5425 :

193 5465 281 5533 qui
311 5463 626 5518 fermentum
653 5462 865 5515 malitiae
893 5472 945 5515 et
966 5462 1211 5530 nequitia:
1233 5477 1338 5515 non
1367 5461 1543 5516 habet.
1571 5462 1682 5517 Non
1709 5464 1760 5518 in

194 5556 468 5609 saturitate
495 5556 721 5618 ventris,
751 5568 868 5621 qua:
894 5552 958 5606 ad
987 5553 1147 5605 Deum
1180 5567 1283 5606 non
1309 5553 1552 5621 pertinet,
1584 5555 1679 5609 sed
1708 5556 1758 5609 itt

194 5647 530 5716 simplicitate
569 5646 760 5701 mentis
812 5646 1077 5732 etiordis
1126 5646 1372 5711 puritate.
1426 5644 1759 5700 Fermentnm

194 5738 331 5794 enini
363 5740 486 5809 quid
535 5750 647 5802 est,
691 5739 787 5792 nisi
834 5737 1099 5805 corruptio
1130 5748 1333 5791 natura:
1360 5778 1374 5802 ,
1424 5737 1649 5807 idipsum
1695 5738 1785 5794 de»

1865 4649 1986 4693 sunt
2010 4638 2273 4705 instructi,
2307 4636 2401 4689 sed
2430 4636 2479 4689 in
2506 4634 2709 4690 saeculi.
2740 4633 2819 4686 Ad
2847 4635 3193 4687 verecundiam
3226 4647 3441 4691 vestram

1864 4730 1999 4783 dico.
2032 4728 2183 4796 Quod
2227 4726 2466 4780 dicturus
2493 4740 2634 4788 sum,
2664 4735 2719 4779 ut
2749 4725 3064 4780 trubescant
3094 4728 3180 4795 qui
3218 4737 3341 4780 sunt
3364 4738 3441 4782 ta-

1864 4821 1965 4875 les.
1998 4820 2086 4874 Sic
2113 4834 2214 4872 non
2236 4828 2309 4871 est
2337 4820 2468 4869 inter
2510 4832 2597 4870 vos
2638 4817 2841 4883 sapiens
2861 4817 3123 4885 quisquam
3157 4817 3245 4885 qui
3283 4822 3439 4887 possit

1852 4910 2094 4982 judicare
2136 4909 2265 4962 inter
2305 4909 2513 4976 fratrem
2558 4908 2743 4960 suum?
2778 4906 3019 4976 Nunquid
3050 4922 3154 4961 non
3186 4910 3303 4963 est?
3333 4911 3438 4964 Sed

1866 5004 2023 5073 frater
2058 5017 2175 5054 cum
2202 5002 2358 5069 fratre
2376 5000 2574 5070 judicio
2604 5000 2876 5065 contendit,
2902 4998 3062 5053 ethoc
3088 5002 3227 5070 apud
3257 5003 3440 5069 inlide-

1866 5099 1957 5150 tes.
2000 5095 2278 5163 Duplicant
2321 5103 2592 5162 peccatum
2636 5103 2690 5147 et
2726 5091 2863 5163 quod
2904 5092 3151 5161 litigant,
3197 5100 3252 5146 et
3295 5093 3438 5162 quod

1866 5189 2004 5258 apud
2031 5187 2273 5242 inﬁdeles
2316 5186 2538 5254 litigant.
2571 5184 2692 5237 Jant
2731 5186 2932 5254 quidem
2962 5185 3166 5237 omnino
3196 5183 3435 5238 delictum

1865 5291 1936 5336 est
1968 5283 2019 5334 in
2046 5280 2201 5342 vobis,
2234 5278 2367 5348 quod
2379 5278 2579 5349 judicia
2620 5277 2809 5331 habetis
2852 5277 2982 5330 inter
3024 5291 3131 5329 vos.
3165 5275 3396 5330 Primum
3418 5315 3435 5343 ,

1864 5372 1984 5444 quia
2017 5380 2334 5441 praeceptum
2366 5369 2563 5424 Christi
2602 5367 2971 5432 contemnitis,
3000 5366 3108 5435 jam
3160 5375 3433 5437 peccatum

1867 5466 2090 5520 habetis.
2129 5467 2299 5532 Quare
2328 5480 2427 5518 non
2468 5463 2626 5533 magis
2674 5462 2922 5532 injuriam
2969 5461 3239 5527 accipitis?
3270 5462 3438 5528 Quare

1867 5576 1965 5613 non
1995 5560 2155 5627 magis
2183 5557 2416 5628 fraudem
2447 5556 2721 5625 patimini?
2746 5554 2853 5608 lllis
2880 5554 3134 5624 loquitur,
3165 5556 3252 5625 (νιί
3279 5556 3437 5609 facie-

1867 5655 2013 5717 bant,
2046 5671 2148 5708 nou
2180 5654 2268 5723 qui
2303 5657 2637 5723 patiebantur
2668 5670 2683 5708 :
2714 5652 2990 5707 Sustinere
3014 5652 3219 5709 debetis
3245 5657 3288 5710 si
3321 5662 3437 5727 quis

1868 5744 2020 5798 vobis
2052 5744 2237 5798 fecerit
2284 5745 2554 5815 iujuriam.
2608 5742 2713 5798 Sed
2752 5757 2838 5797 vos
2880 5743 3124 5815 injuriam
3171 5748 3338 5817 facitis
3389 5760 3438 5803 ct

262 5857 287 5892 η
326 5855 602 5912 lusanabili
631 5854 753 5909 villo
781 5853 983 5907 laborat
1012 5850 1158 5906 locus
1187 5851 1324 5906 inter
1346 5851 1479 5908 duos
1507 5857 1761 5914 asterisco

1878 5856 2073 5916 clusus,
2109 5856 2259 5911 Eutr.
