4004 6354
541 319 641 371 519

1642 308 1930 365 leMASil
1970 307 2414 363 ADRUMETANI
2457 306 2670 363 EPlSC.

3676 310 3786 369 δὶα

536 429 811 503 fraudatis,
848 437 894 483 et
923 430 1015 483 hoc
1043 427 1304 497 fratribus.
1342 426 1414 479 An
1447 426 1647 479 nescitis
1687 426 1806 495 quia
1835 424 1997 492 iniqui
2030 437 2112 474 re-
2138 423 2185 480 Α
2214 421 2291 475 sic
2319 421 2615 488 graviorem
2646 419 2775 475 dicit
2799 434 2919 476 esse
2950 418 3386 485 fornicationem,
3416 436 3573 490 quam
3598 424 3701 478 scit
3726 439 3787 478 tn

536 539 694 594 gnum
725 520 817 575 Dei
856 538 956 576 non
986 520 1344 587 possidebunt?
1388 517 1593 584 Quibus
1636 530 1736 569 nec
1781 516 1952 568 vicem
1984 514 2109 568 licet

536 612 761 668 reddere
787 612 1031 666 inimicis.
1062 609 1239 663 Nolite
1255 624 1445 673 errare,
1469 625 1630 678 neque
1646 607 1931 677 fornicarii,
1951 622 2107 676 neque

536 702 688 756 idolis
730 702 1022 766 servientes,
1056 715 1213 769 neque
1236 698 1484 763 adulteri,
1524 713 1681 765 neque
1709 696 1918 759 molles,
1950 711 2108 765 neque

537 795 877 850 masculorum
890 794 1252 857 concubitores,
1268 807 1425 862 neque
1438 792 1595 859 fures,
1611 805 1768 859 neque
1782 790 2108 855 avari,nequc

537 887 736 952 ebriosi,
765 901 920 957 neque
941 882 1197 947 maledici,
1225 898 1378 950 neque
1403 896 1609 948 rapaces
1632 894 1843 949 regnum
1869 877 1958 931 Dei
1988 893 2107 947 pos-

537 978 791 1033 sidebant.
812 976 979 1030 Nolite
1001 973 1202 1038 seduci,
1227 974 1594 1026 existimantes
1613 970 1679 1023 de
1703 970 1899 1031 multis,
1919 978 1972 1020 et
1998 982 2105 1021 non

538 1071 697 1125 etiam
725 1068 792 1122 de
834 1082 935 1121 uno
966 1076 1182 1136 peccato
1213 1063 1559 1133 puniendum.
1589 1060 1659 1113 Et
1697 1061 1802 1113 lucc
1829 1057 2105 1125 aliquando

536 1165 739 1233 quidem
770 1162 955 1231 fuistis.
989 1160 1166 1213 Nolite
1205 1159 1392 1212 timere
1432 1155 1501 1210 de
1538 1154 1818 1224 praeteritis
1852 1171 1865 1205 :
1902 1160 2105 1204 tantum

540 1266 606 1303 ne
636 1258 753 1319 post
784 1250 1100 1318 baptismum
1130 1247 1475 1303 criminosum
1509 1243 1705 1312 aliquid
1735 1241 2099 1298 comtnittatis.

540 1340 645 1396 Sed
680 1341 839 1393 abluti
868 1341 1017 1403 estis,
1061 1340 1149 1391 sed
1194 1336 1493 1403 sancti/irati
1520 1335 1641 1389 estis
1663 1378 1677 1399 ,
1725 1334 1811 1387 sed
1830 1331 2107 1403 justiﬁcati

534 1432 653 1485 estis
695 1432 746 1484 in
790 1432 990 1483 nomine
1034 1429 1240 1482 Domini
1275 1427 1400 1481 Jesu
1448 1424 1637 1481 Christi
1674 1436 1723 1479 et
1754 1426 1953 1495 Spiritu
2006 1422 2106 1477 Dei

535 1523 717 1577 nostri.
766 1522 945 1577 Abluti
973 1520 1025 1573 in
1058 1520 1270 1573 nomine
1302 1518 1505 1572 Domini
1545 1516 1669 1570 Jesu
1698 1513 1927 1578 Christi,
1975 1528 2103 1567 san-

536 1613 753 1667 ctiﬁcati
778 1628 871 1682 per
890 1612 1144 1678 Spiritum
1176 1619 1437 1663 sanctum.
1472 1607 1565 1661 Hic
1595 1615 1756 1660 totam
1785 1605 2125 1663 Trinitatem,

537 1705 793 1774 iutellige.
828 1704 1012 1755 Omnia
1035 1702 1156 1754 mihi
1185 1701 1354 1765 licent,
1383 1700 1467 1751 sed
1491 1714 1591 1750 non
1615 1696 1782 1749 omnia
1805 1696 2100 1767 expediunt.

2210 511 2315 566 illis
2345 526 2500 578 esse,
2534 526 2651 580 qua:
2687 510 2826 580 apud
2871 510 2990 564 illos
3035 511 3165 567 levis
3212 511 3489 566 videbatur
3514 555 3529 579 ,
3572 514 3692 582 quia
3725 517 3787 570 in

2208 602 2644 673 consuetudinem
2688 602 2841 657 ierat.
2893 603 2972 655 An
3019 604 3222 657 nescitis
3268 606 3507 672 quoniam
3555 607 3789 659 membra

2209 705 2370 748 vestra
2399 696 2635 765 templum
2664 704 2777 747 sunt
2812 694 3037 763 Spiritus
3078 696 3242 748 sancti
3279 696 3368 765 qui
3408 696 3462 749 in
3491 697 3631 750 vobis
3666 699 3789 752 est?

2208 800 2355 854 quem
2382 785 2572 838 habetis
2617 801 2648 837 a
2686 783 2827 851 Deo,
2865 794 2909 836 et
2951 801 3050 837 non
3081 786 3201 838 estis
3228 785 3396 839 vestri.
3442 785 3613 856 Empti
3642 787 3781 840 enim

2205 876 2325 928 estis
2361 879 2520 944 pretio
2550 892 2751 946 magno.
2782 876 2880 942 Qui
2911 892 3015 930 non
3038 888 3122 931 est
3148 893 3276 932 suus
3297 919 3311 943 ,
3342 894 3447 933 non
3478 880 3643 934 debet
3680 879 3787 934 sibi

2206 965 2405 1029 vivere,
2433 966 2526 1021 sed
2566 967 2637 1020 illi
2672 967 2821 1035 cujus
2851 976 2933 1021 est
2975 970 3234 1037 sanguine
3281 982 3645 1038 comparatus.
3680 972 3785 1036 Qui

2206 1056 2337 1124 vult,
2371 1056 2561 1126 inquit,
2594 1066 2713 1126 post
2735 1072 2818 1112 me
2839 1059 3038 1125 venire,
3067 1058 3294 1129 abneget
3322 1073 3381 1113 se
3400 1058 3523 1115 sibi.
3544 1058 3597 1115 Si
3624 1059 3789 1124 homo

2207 1160 2237 1200 a
2259 1160 2413 1201 servo
2437 1162 2595 1217 parva
2613 1149 2829 1219 pecunia
2850 1160 3159 1217 comparato
3179 1149 3484 1204 continuum
3506 1152 3785 1204 servitium

2205 1240 2420 1307 qumrit,
2452 1252 2651 1309 quanto
2699 1241 2869 1310 magis
2914 1240 3032 1306 ille,
3066 1240 3156 1309 qui
3190 1240 3306 1309 plus
3335 1255 3431 1308 pro
3460 1241 3612 1295 nobis
3638 1242 3783 1309 quod

2205 1328 2358 1385 daret
2386 1346 2491 1385 non
2524 1329 2734 1395 habuit,
2769 1346 2926 1400 quam
2964 1332 3348 1402 semetipsum?
3372 1330 3691 1401 Gloriﬁcatc.
3720 1334 3773 1387 Id

2205 1422 2366 1491 agite,
2400 1431 2456 1476 ut
2489 1422 2814 1491 gloriﬁcetur
2837 1438 2932 1491 per
2958 1437 3052 1477 vos
3083 1416 3247 1487 Deus,
3279 1431 3333 1475 et
3361 1438 3456 1491 per
3481 1438 3645 1490 opera
3685 1438 3777 1477 ve-

2205 1522 2335 1566 stra.
2365 1510 2429 1564 Et
2452 1523 2647 1578 portate
2672 1510 2949 1566 Dominum
2978 1514 3028 1565 in
3054 1529 3266 1580 corpore
3287 1523 3470 1566 vestro.
3501 1512 3567 1567 Ut
3588 1523 3768 1579 porte-

2206 1619 2326 1658 mns
2356 1604 2635 1673 imaginem
2661 1606 2956 1660 caelestem.
2988 1603 3308 1665 Nottndum.
3337 1605 3475 1672 quod
3501 1604 3586 1658 hic
3608 1604 3775 1659 Deum

2206 1709 2363 1764 quem
2390 1704 2601 1762 portare
2620 1694 2894 1763 iubemur,
2926 1692 3182 1763 Spiritum
3213 1704 3456 1748 sanctum
3485 1695 3617 1749 dicit
3647 1710 3663 1749 :
3688 1710 3775 1749 cu.

537 1798 668 1864 Quia
694 1798 759 1851 de
785 1795 1133 1851 fornicatione
1174 1803 1389 1855 tractat,
1430 1791 1541 1844 vult
1570 1790 1845 1844 materiam
1876 1788 2102 1843 fornica-
2136 1785 2180 1844 Β
2203 1785 2291 1850 jus
2323 1787 2569 1851 superius
2614 1784 2850 1839 membra
2898 1793 3077 1838 nostra
3117 1785 3371 1852 templum
3396 1798 3516 1838 esse
3553 1794 3776 1839 testatus

536 1885 695 1941 tionis
716 1886 1017 1941 ostendere.
1040 1883 1223 1937 Omnia
1240 1883 1363 1935 mihi
1390 1883 1562 1945 licent,
1581 1881 1667 1935 sed
1690 1896 1780 1949 ego
1800 1882 1891 1933 sub
1910 1878 2103 1933 nullius

535 1976 738 2047 redigar
765 1984 1031 2045 potestate.
1086 1975 1233 2029 Licet
1270 1974 1421 2028 nobis
1451 1972 1769 2027 manducare
1805 1980 1857 2026 et
1887 1971 2102 2035 bibere,

535 2071 628 2124 sed
671 2070 716 2122 si
759 2069 1144 2138 subjecerimus
1190 2082 1289 2122 nos
1333 2066 1749 2130 comessationi,
1790 2066 1891 2119 hoc
1932 2065 2103 2133 ipsum

536 2160 740 2214 licitum
773 2160 1028 2229 perducet
1068 2174 1164 2213 nos
1192 2158 1257 2212 ad
1292 2159 1531 2212 illicitum
1556 2200 1570 2224 ,
1606 2160 1705 2211 hoc
1730 2167 1809 2211 est
1833 2197 1848 2221 ,
1880 2156 1944 2210 ad
1993 2158 2104 2211 for-

534 2253 873 2309 nicationem.
904 2252 993 2308 Slc
1020 2262 1074 2307 et
1099 2252 1165 2307 de
1193 2252 1390 2320 nuptiis
1410 2292 1425 2316 ,
1448 2262 1502 2305 et
1530 2251 1596 2306 de
1626 2250 1847 2314 divitiis,
1873 2258 1923 2303 et
1944 2259 2106 2304 crete-

535 2344 610 2398 ris
636 2344 937 2413 huiusmodi
961 2343 1117 2398 rebus
1143 2352 1316 2412 potest
1365 2342 1625 2412 intelligi,
1677 2357 1795 2409 quin
1844 2357 1949 2394 non
1981 2348 2106 2395 sunt

537 2453 648 2507 pect
668 2447 810 2491 atum
830 2480 844 2504 ,
876 2438 968 2491 sed
992 2437 1058 2491 ad
1085 2437 1419 2491 occasionem
1448 2442 1668 2503 possunt
1691 2434 1982 2501 perducere
2013 2432 2107 2486 de-

538 2530 803 2584 lictorum.
842 2527 973 2582 Esca
1001 2529 1188 2593 ventri,
1217 2536 1262 2580 et
1288 2536 1453 2581 center
1490 2524 1614 2579 escis
1639 2540 1657 2576 :
1688 2522 1826 2577 Deus
1861 2532 2029 2576 autem
2054 2532 2103 2576 et

538 2623 692 2686 hunc,
722 2630 768 2673 et
797 2621 903 2675 lucc
932 2621 1177 2674 destruet.
1212 2618 1277 2671 Et
1321 2618 1434 2672 haec
1470 2617 1608 2685 duo,
1642 2616 1693 2670 id
1725 2624 1836 2680 est,
1884 2626 1937 2670 et
1977 2630 2107 2670 ven-

539 2723 706 2778 trem,
750 2721 804 2767 et
831 2726 1039 2777 escam,
1068 2722 1119 2765 et
1158 2710 1327 2778 ipsum
1361 2710 1658 2774 hominem,
1690 2709 1778 2778 qui
1802 2707 1854 2761 in
1886 2708 1967 2763 his
2000 2718 2104 2762 est.

538 2798 731 2873 Corpus
748 2813 911 2856 autem
932 2818 1032 2855 non
1057 2801 1400 2871 fornicationi,
1421 2803 1509 2854 sed
1530 2800 1771 2867 Domino,
1788 2809 1831 2853 et
1858 2798 2106 2853 Dominus

537 2896 756 2964 corpori.
802 2895 941 2948 Deus
972 2893 1242 2946 vobiscum
1275 2902 1357 2946 est
1382 2936 1395 2958 ,
1438 2892 1672 2962 quandiu
1702 2908 1795 2945 vos
1824 2892 1954 2947 estis
1983 2907 2103 2947 cum

538 2988 627 3041 illo
653 3001 667 3039 :
696 2986 740 3040 si
778 2994 954 3039 autem
996 2984 1384 3054 dereliqueritis
1429 2999 1550 3038 eum
1573 3021 1588 3049 ,
1620 2984 1953 3052 derelinquet
1986 2999 2103 3038 vos.

539 3079 677 3132 Deus
705 3094 820 3132 vero
848 3088 896 3131 et
928 3077 1201 3130 Dominum
1228 3077 1504 3140 suscitavit,
1532 3086 1575 3129 et
1604 3092 1694 3130 nos
1727 3076 1986 3129 suscitabit
2017 3092 2108 3145 per

2207 1886 2311 1940 est,
2343 1876 2525 1931 dicens
2553 1892 2567 1930 :
2602 1876 2704 1930 Vos
2746 1878 2877 1931 estis
2920 1876 3170 1945 templum
3204 1875 3317 1941 Dei,
3344 1885 3398 1929 et
3418 1875 3652 1945 Spiritus
3686 1875 3774 1929 Dei

2208 1966 2413 2021 habitat
2441 1968 2493 2020 in
2522 1966 2692 2021 vobis.
2725 1967 2790 2021 Et
2818 1983 2976 2031 nunc,
3006 1967 3329 2033 Glorilicate,
3354 1967 3545 2037 inquit,
3575 1977 3629 2021 et
3651 1982 3773 2036 por-

2207 2064 2316 2111 tate
2342 2057 2508 2112 Deum
2542 2058 2593 2111 in
2626 2072 2851 2128 corpore
2877 2066 3077 2127 vestro,
3111 2057 3290 2128 utique
3329 2052 3493 2113 Deum
3522 2058 3773 2128 Spiritum

2207 2159 2473 2201 sanctum.

2279 2267 2406 2323 Cap.
2435 2284 2527 2323 vn.
2557 2269 2631 2322 De
2660 2269 2840 2339 quibus
2864 2278 3035 2325 autem
3067 2269 3361 2337 scripsistis.
3413 2270 3770 2339 Interrogatus

2208 2359 2498 2429 respondet
2528 2377 2541 2414 :
2571 2358 2771 2413 Bonum
2803 2368 2875 2413 est
2906 2359 3097 2413 homini
3135 2360 3396 2413 mulierem
3423 2376 3524 2412 non
3558 2371 3769 2429 tangere.

2208 2449 2414 2506 Bonum
2446 2460 2560 2504 erat
2586 2450 2734 2514 illud,
2760 2449 2902 2521 quod
2932 2451 3187 2515 optimum
3217 2449 3500 2519 praedicari
3533 2466 3548 2502 :
3579 2451 3625 2504 si
3656 2464 3775 2519 ergo

2207 2543 2405 2598 bonum
2436 2541 2648 2596 babenti
2692 2557 2796 2597 non
2841 2552 3091 2611 tangere,
3138 2550 3337 2611 quanto
3382 2543 3553 2610 magis
3582 2542 3628 2594 si
3673 2556 3769 2594 nan

2209 2631 2421 2686 duxerit
2448 2633 2639 2688 melius
2663 2634 2676 2686 l
2710 2632 3090 2688 lncontinentia
3119 2640 3175 2688 et
3201 2642 3441 2702 tempore
3463 2642 3519 2686 et
3550 2640 3709 2686 :eta'e
3727 2640 3776 2686 et

2211 2724 2520 2780 infirmitate
2567 2724 2882 2793 prohibetur
2913 2741 2925 2775 :
2960 2723 3181 2779 castitas
3223 2734 3400 2778 autem
3430 2738 3646 2793 semper
3692 2739 3778 2792 po—

2211 2826 2351 2882 test,
2385 2818 2495 2872 Deo
2545 2816 2789 2887 adjutore
2831 2826 2884 2872 et
2923 2818 3176 2885 custode,
3220 2817 3441 2872 servari.
3492 2818 3624 2872 Illud
3658 2831 3780 2887 ergo

2209 2910 2381 2976 magis
2406 2907 2743 2976 qumreodum
2767 2916 2848 2963 est
2867 2908 3006 2977 quod
3026 2918 3282 2963 aeternum
3310 2917 3412 2962 est.
3438 2907 3610 2974 Quare
3633 2923 3777 2977 ergo,

2210 2998 2447 3052 Crescite
2474 3005 2528 3050 et
2563 2997 2988 3066 multiplicamini
3019 3007 3073 3052 et
3122 2999 3325 3066 replete
3360 3007 3549 3053 terram
3578 3000 3601 3051 ἵ
3640 3014 3783 3055 nunc

2212 3101 2389 3146 autem
2418 3091 2577 3146 etiam
2612 3092 2723 3159 ipsa
2754 3100 2891 3145 terra
2920 3093 3028 3158 jam
3067 3105 3171 3145 non
3211 3092 3354 3159 capit
3383 3091 3639 3145 homines.
3677 3091 3782 3147 Sed

537 3170 861 3226 uirtutem.Si
889 3169 1477 3231 suscitavitDominum,
1501 3176 1554 3221 et
1579 3180 1895 3238 nosquoque
1920 3167 2107 3222 eadem
2138 3153 2182 3215 (ἶ
2217 3186 2417 3252 potuit,
2452 3153 2661 3253 inquit,
2695 3197 2884 3237 omnes
2909 3153 2976 3237 de
3017 3191 3154 3237 terra
3209 3153 3425 3239 facere?
3456 3185 3665 3252 potuit,
3697 3184 3783 3240 sed

539 3261 735 3316 virtute
755 3260 1052 3315 suscitabit.
1087 3258 1141 3314 Si
1165 3260 1278 3327 ejus
1302 3259 1534 3313 membra
1558 3273 1762 3325 sumus,
1786 3274 1911 3328 ergo
1948 3259 2109 3313 debe-

540 3366 659 3421 mus
689 3352 926 3406 membra
972 3359 1151 3405 notra
1182 3352 1548 3415 sanctitictre,
1595 3359 1653 3403 ut
1692 3349 1748 3403 in
1786 3365 1850 3404 eo
1895 3365 2113 3406 manere

541 3458 859 3499 mereamur.
894 3441 1115 3495 Nescitis
1143 3444 1383 3511 quoniam
1424 3456 1641 3509 corpora
1679 3451 1844 3493 vestra
1890 3434 2110 3494 membra

542 3538 733 3594 Christi
754 3540 909 3593 sunt?
935 3538 1119 3592 Omnis
1146 3537 1388 3591 Ecclesia
1413 3549 1608 3601 corpus
1638 3531 1835 3587 Christi
1857 3541 1938 3587 est
1960 3549 1974 3595 ;
2001 3535 2111 3587 sin-

539 3638 644 3705 guli
675 3646 850 3691 autem
877 3635 1132 3689 membra.
1168 3634 1210 3686 Τ
1212 3636 1371 3687 ollens
1397 3648 1516 3702 ergo
1544 3632 1762 3685 membra
1794 3630 2002 3694 Christi,
2030 3633 2113 3699 fa-

540 3730 668 3780 ciam
694 3728 913 3779 membra
943 3726 1251 3779 meretricis?
1272 3725 1434 3779 Absit.
1460 3725 1572 3779 Non
1597 3725 1728 3778 dixit
1752 3724 2107 3787 fornicatoris,

540 3816 634 3870 sed
663 3815 959 3868 meretricis
985 3831 997 3866 :
1020 3824 1076 3867 ut
1104 3816 1410 3869 omendcret
1435 3829 1555 3868 eum
1590 3814 1828 3880 ejusdem
1861 3828 1979 3868 esse
2000 3814 2110 3867 cri—

543 3907 705 3961 minis
752 3917 806 3961 et
836 3907 1090 3970 nominis,
1115 3906 1267 3974 cujus
1308 3909 1555 3961 meretrix
1604 3921 1723 3961 cum
1755 3923 1853 3976 qua
1885 3906 2113 3960 fornica-

542 4011 628 4055 tur
650 4017 663 4052 :
684 4001 804 4069 quia
835 3998 1134 4053 hominibus
1164 3999 1337 4053 minus
1370 3999 1575 4052 videtur
1612 4014 1831 4069 peccare
1851 4000 1930 4052 vir
1955 4014 2109 4067 quam

542 4092 757 4148 mulier.
796 4092 963 4147 Simul
1005 4093 1296 4145 notandum
1322 4132 1336 4155 ,
1369 4092 1489 4160 quia
1530 4101 1653 4145 ante
1695 4090 1830 4143 tollit
1872 4091 2111 4145 membra

541 4184 764 4250 Christi,
797 4186 884 4252 qui
916 4184 1153 4239 facturus
1181 4195 1261 4239 est
1282 4184 1577 4239 meretricis
1608 4201 1620 4237 :
1654 4184 1707 4238 in
1729 4198 1793 4237 eo
1824 4184 2113 4238 fornicator

543 4277 764 4346 majoris
788 4286 870 4331 est
898 4276 1134 4331 criminis
1157 4317 1172 4342 ,
1204 4276 1325 4345 quia
1355 4276 1492 4329 tollit
1523 4276 1758 4330 membra
1790 4273 1985 4329 Christi
2008 4319 2021 4341 ,
2061 4284 2114 4329 et

542 4370 668 4424 facit
686 4384 750 4424 ea
780 4368 1018 4422 membra
1059 4366 1375 4421 meretricis.
1413 4366 1492 4420 An
1529 4367 1731 4421 nescitis
1760 4369 1995 4435 quoniam
2024 4366 2114 4434 qui

541 4461 763 4514 adhmet
792 4460 1063 4525 meretrici,
1095 4459 1250 4512 unum
1276 4475 1459 4529 corpus
1489 4459 1746 4528 efﬁcitur?
1785 4458 1946 4511 Erunt
1981 4459 2114 4511 enim

2212 3275 2384 3331 noluit
2415 3292 2429 3329 :
2463 3277 2635 3344 potuit
2654 3276 2795 3328 enim
2829 3284 2881 3329 et
2908 3275 3157 3343 pinnatos
3181 3286 3229 3330 et
3261 3286 3515 3331 cornutos
3547 3277 3784 3333 homines

2212 3368 2410 3421 facere.
2453 3366 2556 3421 Sed
2587 3366 2763 3419 omnia
2804 3350 3092 3421 secundum
3145 3368 3407 3422 rationem
3457 3368 3559 3422 sibi
3610 3378 3783 3422 notam

2212 3462 2414 3528 optime
2457 3460 2599 3514 fecit.
2637 3459 2808 3526 Ipsam
2859 3460 3088 3530 denique
3130 3460 3291 3515 Evam
3342 3461 3512 3514 noluit
3544 3461 3612 3516 de
3654 3473 3784 3516 terra

2212 3551 2420 3616 facere,
2452 3552 2545 3604 sed
2577 3551 2644 3606 de
2673 3560 2843 3606 costa.
2887 3551 2943 3606 Si
2989 3560 3162 3605 autem
3202 3561 3352 3620 putas
3384 3551 3543 3606 modo
3592 3552 3647 3606 id
3679 3566 3785 3607 esse

2213 3643 2271 3698 in
2317 3644 2593 3708 omnibus,
2629 3643 2835 3697 imitare
2880 3643 3006 3698 Cain
3049 3653 3102 3697 et
3142 3653 3365 3698 caeteros
3402 3643 3493 3712 qui
3554 3644 3786 3713 proprias
3850 3644 3853 3647 ’

2213 3750 2430 3790 Sorores
2460 3734 2683 3789 duxere.
2715 3733 2770 3788 Si
2820 3749 2946 3804 ergo
2979 3735 3080 3788 hoc
3117 3734 3195 3788 sic
3218 3743 3333 3788 erat
3357 3778 3370 3803 ,
3400 3734 3583 3789 omnia
3631 3734 3784 3789 Deum

2212 3829 2506 3884 secundum
2554 3828 2940 3897 przscientiam
2987 3844 3090 3896 qua
3142 3829 3281 3883 Deus
3333 3838 3414 3883 est
3465 3830 3788 3899 temporibus

2216 3923 2495 3976 ordinasse
2523 3921 2826 3975 credamus.
2869 3921 2999 3975 illud
3033 3921 3190 3975 etiam
3220 3910 3545 3975 credendum
3573 3964 3588 3989 ,
3641 3922 3689 3975 si
3718 3920 3787 3975 vel

2217 4015 2378 4068 modo
2398 4012 2686 4068 secundum
2717 4014 2883 4082 legem
2903 4013 3102 4067 nubant
3122 4027 3225 4067 non
3253 4027 3500 4083 peccare;
3537 4016 3621 4067 lex
3655 4015 3787 4069 enim

2217 4116 2435 4178 propter
2456 4106 2596 4161 ﬁlios
2619 4107 2819 4161 nubere
2844 4108 3123 4175 permittit,
3141 4123 3243 4160 non
3264 4117 3479 4174 promer
3503 4107 3788 4161 luxuriam.

2216 4200 2275 4257 ln
2302 4199 2402 4253 hoc
2427 4213 2485 4253 se
2509 4199 2668 4253 etiam
2700 4199 3018 4253 animalibus
3048 4198 3341 4253 deteriores
3373 4198 3575 4252 faciunt
3616 4198 3788 4253 homi-

2219 4305 2336 4355 nes,
2366 4291 2508 4358 quod
2540 4306 2659 4345 cum
2694 4304 2790 4344 nec
2822 4291 3106 4361 praegnatis
3134 4300 3388 4360 parcunt,
3421 4292 3719 4346 ostendunt
3740 4306 3791 4345 se

2220 4381 2468 4434 homines
2499 4395 2694 4434 uxores
2720 4395 2823 4435 non
2846 4391 3062 4450 propter
3094 4382 3229 4435 lilios
3250 4382 3539 4450 accepisse.
3570 4381 3677 4448 Qui
3707 4396 3794 4433 au-

2225 4482 2332 4526 tem
2362 4473 2473 4525 sola
2514 4471 2740 4526 filiorum
2773 4486 2931 4525 causa
2957 4512 2972 4537 ,
3020 4483 3296 4540 p0slquam
3350 4471 3557 4540 peperit
3604 4470 3792 4525 mulier

545 4553 648 4603 duo
681 4554 732 4602 in
763 4566 917 4603 carne
943 4568 1065 4603 una.
1100 4554 1145 4617 Q
1169 4552 1378 4605 tomodo
1418 4566 1539 4605 cum
1573 4565 1735 4605 uxore
1766 4550 1933 4614 Iicite,
1962 4550 2041 4603 sic
2063 4557 2116 4602 et
2143 4536 2194 4597 Ι)
2219 4566 2455 4619 abstinet
2490 4579 2581 4629 se,
2613 4572 2666 4617 ει
2697 4564 2823 4617 dum
2855 4536 3080 4618 13cm,"
3123 4536 3331 4627 “iram,
3352 4536 3540 4633 ἐιῬρι.
3582 4571 3792 4616 autem

546 4656 667 4696 cum
696 4642 975 4694 meretrice
1013 4656 1115 4694 una
1146 4658 1269 4696 caro
1291 4642 1523 4696 eflicitur
1555 4658 1646 4709 per
1685 4657 1921 4697 amorem
1954 4642 2111 4696 illici-

546 4742 681 4786 tum.
735 4731 835 4799 Qui
877 4739 1042 4782 autem
1071 4733 1296 4786 adhteret
1340 4731 1578 4799 Domino,
1628 4750 1755 4786 unus
1785 4734 1993 4802 spiritus
2018 4742 2110 4787 est.

551 4828 831 4894 Quomodo
859 4831 945 4897 qui
980 4828 1157 4882 carnis
1186 4844 1344 4895 opera
1369 4828 1493 4882 facit
1527 4843 1650 4882 caro
1677 4836 1759 4881 est
1782 4869 1797 4893 ,
1840 4829 1909 4881 ita
1942 4840 1994 4883 et
2024 4829 2111 4898 qui

551 4919 640 4973 Dei
668 4932 827 4987 Opera
857 4919 1000 4989 iacit,
1030 4934 1167 4973 unus
1210 4921 1428 4989 spiritus
1465 4930 1568 4975 est.
1610 4919 1795 4992 Fugite
1822 4924 2118 4987 [arnicatio-

546 5026 677 5064 nem.
706 5011 952 5067 Videntes
978 5026 1132 5081 quam
1155 5013 1328 5081 gravis
1358 5014 1443 5067 sit.
1476 5014 1634 5067 Omne
1656 5025 1929 5083 peccatum,
1954 5015 2117 5085 qund-

545 5120 741 5171 cunque
764 5102 939 5172 {reet-it
961 5106 1131 5171 homo,
1158 5114 1300 5158 extra
1327 5122 1513 5173 corpus
1536 5117 1628 5160 est.
1644 5107 1813 5160 Omne
1842 5116 2115 5174 peceatum

549 5197 616 5249 ab
645 5212 748 5252 uno
780 5206 945 5266 potest
978 5196 1114 5263 ﬁeri,
1146 5200 1232 5266 qui
1264 5213 1457 5267 corpus
1486 5200 1588 5252 dici
1627 5213 1730 5253 non
1773 5209 1947 5267 po:est
1968 5239 1981 5261 ,
2020 5197 2115 5253 sed

549 5288 850 5343 membrum
882 5306 895 5342 :
930 5289 980 5341 in
1034 5289 1380 5344 fornicatione
1414 5301 1591 5344 autem
1631 5291 1736 5344 duo
1781 5298 2033 5358 pereunt,
2066 5300 2120 5344 et

550 5378 655 5432 duo
686 5391 903 5447 possunt
943 5378 1047 5433 dici
1081 5396 1313 5446 corpus:
1343 5383 1558 5447 gravius
1590 5396 1718 5443 ergo
1748 5390 1831 5434 est
1880 5379 1967 5432 ubi
2013 5380 2120 5433 duo

551 5484 810 5539 pereunt,
846 5488 1004 5540 quam
1050 5473 1137 5528 ubi
1166 5489 1299 5527 ttnus
1330 5490 1341 5527 :
1376 5473 1497 5542 quia
1531 5472 1730 5540 reliqua
1759 5481 1971 5540 peccata
1999 5486 2121 5539 pos-

552 5573 756 5616 suntet
788 5563 903 5618 sine
944 5578 1170 5631 corpt'rc
1224 5566 1358 5617 fieri.
1405 5565 1503 5627 Qui
1538 5572 1705 5615 autem
1748 5566 2028 5630 fornicatur
2067 5563 2120 5617 in

552 5666 736 5721 corpus
756 5669 902 5705 suum
937 5664 1128 5718 peccat.
1159 5654 1384 5722 Quidam
1409 5655 1475 5707 de
1496 5668 1717 5721 corpore
1751 5654 2002 5707 Erue-ia:
2030 5669 2125 5721 pu-

559 5752 670 5795 tant
702 5742 901 5801 dictum
936 5759 947 5795 ;
982 5744 1073 5799 sed
1108 5747 1157 5799 in
1199 5758 1395 5814 corpus
1421 5759 1576 5797 suum
1629 5754 1836 5812 peccat,
1869 5745 1938 5797 ait
1967 5762 1981 5797 :
2012 5746 2124 5801 sive

2220 4657 2360 4711 forte
2386 4658 2494 4727 jam
2527 4666 2679 4724 partu
2709 4670 2972 4722 cessan'e,
3006 4667 3242 4711 cessatur
3271 4665 3325 4709 et
3366 4655 3434 4709 ab
3478 4669 3646 4724 opere
3675 4670 3797 4722 nup-

2224 4749 2331 4803 tiali
2364 4767 2376 4802 :
2408 4764 2511 4801 non
2542 4758 2791 4816 tangere,
2820 4748 3111 4801 secundum
3145 4762 3325 4805 usum.
3359 4761 3464 4800 non
3503 4746 3793 4799 secundum

2222 4850 2420 4896 tactum
2453 4839 2769 4908 simplicem.
2798 4838 3017 4909 Propter
3040 4839 3425 4909 fornicationem
3449 4846 3621 4889 autem
3649 4852 3797 4889 unus-

2223 4933 2432 5001 quisque
2457 4946 2601 4984 suam
2622 4946 2827 4984 uxorem
2848 4929 3049 4995 habeat,
3072 4940 3118 4982 et
3141 4945 3453 4998 unaquath
3472 4944 3622 4982 suum
3642 4928 3797 4980 virum

2224 5023 2426 5077 habeat.
2451 5022 2612 5076 Uxori
2624 5023 2696 5075 vir
2716 5021 2936 5075 debitum
2951 5021 3128 5074 reddat
3145 5021 3407 5074 :similiter
3427 5029 3597 5073 autem
3611 5032 3798 5073 (νικαῖον

2224 5114 2348 5166 uiro.
2376 5112 2809 5166 Fornicatoribus
2838 5112 3107 5165 concessit
3136 5122 3191 5163 ut
3213 5111 3433 5175 nubant,
3464 5112 3795 5165 incontinens

2225 5218 2292 5257 ne
2314 5202 2605 5257 fornicetur
2635 5218 2648 5256 :
2677 5201 2878 5255 sicutsi
2910 5200 3297 5255 dicitntedicus
3328 5202 3538 5255 infirmo
3559 5216 3572 5253 :
3594 5200 3796 5253 Bonum

2225 5294 2318 5349 tibi
2350 5303 2467 5348 erat
2501 5310 2607 5348 non
2639 5292 2963 5346 manducare
2991 5307 3145 5362 poma
3173 5311 3185 5345 :
3216 5301 3271 5346 et
3302 5293 3390 5347 ille
3413 5308 3517 5345 non
3548 5307 3605 5345 se
3633 5289 3798 5361 possit

2222 5384 2517 5451 continere,
2541 5394 2599 5438 ut
2628 5383 2757 5437 velit
2783 5385 3106 5436 manducare
3138 5382 3308 5436 licus:
3339 5390 3524 5452 postea
3564 5381 3799 5436 medicas

2225 5476 2478 5529 concedat
2511 5475 2582 5527 illi
2620 5475 2749 5528 dura
2777 5474 2977 5528 coena“
3003 5482 3207 5526 tantum
3240 5489 3305 5526 ne
3328 5474 3630 5538 manducet,
3662 5472 3798 5523 unde

2227 5570 2504 5621 moriatur.
2536 5567 2685 5621 Unde
2711 5567 3046 5637 praedicanda
3074 5575 3154 5619 cst
3183 5564 3439 5635 perfectio
3469 5585 3482 5618 :
3513 5564 3600 5634 qui
3623 5573 3797 5616 autem

2228 5674 2333 5713 non
2367 5668 2570 5728 potest,
2600 5658 2832 5711 dandum
2870 5660 3163 5739 remedium
3210 5658 3466 5727 nuptiale.
3509 5656 3699 5710 Mulier
3722 5672 3797 5708 sm

2230 5754 2456 5820 corporis
2486 5759 2784 5820 potestatem
2823 5766 2923 5802 non
2961 5748 3138 5815 habet,
3178 5749 3263 5803 sed
3294 5750 3387 5804 uir.
3434 5749 3566 5817 Quia
3610 5757 3799 5818 sponte

624 5857 651 5891 "
684 5857 987 5928 Lt‘gellllum
1020 5859 1367 5931 probabiliter
1395 5862 1662 5930 dumcina,
1690 5877 1720 5916 a
1754 5862 2074 5933 durat‘inum,
2107 5869 2246 5940 quod
2272 5876 2353 5924 cst
2383 5867 2586 5924 Gallice
2617 5867 2902 5941 bigttrreau.
2941 5868 3087 5923 Ευιτ.
