4004 6354
146 383 238 441 sat
920 370 987 431 lN
1032 360 1419 431 EPISTOLAM
1448 374 1481 429 l
1522 374 1613 431 an
1652 366 2059 431 CORINTIIIOS
2098 368 2615 430 COMMENTARIA.
3307 362 3416 432 ωε

145 496 239 553 sibi
286 487 506 548 abstulit
553 485 876 543 libertatem.
928 486 1178 541 Similiter
1217 496 1387 541 autem
1422 494 1469 540 et
1516 487 1592 539 vir
1640 482 3414 556 suiAcriﬁant,ctcumviderintexebriosissobrias,exsuperbis

145 585 367 658 corporis
398 587 693 653 potestatem
726 595 831 632 non
868 578 1037 645 habet,
1070 578 1161 632 sed
1186 578 1387 632 mulier.
1421 578 1729 648 Agnoscunt
1829 578 2082 644 humiles,
2100 579 2281 634 dicant
2301 597 2311 631 :
2331 579 2469 635 Vere
2494 576 2581 634 lex
2608 575 2702 632 Dei
2732 583 2832 643 est,
2859 591 2979 646 quae
3004 578 3081 633 sic
3100 580 3268 647 potuit
3295 598 3416 638 mu—

146 678 239 734 viri
269 691 374 732 non
405 673 509 729 sibi
535 673 703 727 licere
732 671 889 725 aliam
927 678 1121 741 praeter
1150 685 1375 727 uxorem
1395 672 1729 739 agnoscere,
1830 676 1948 725 tare
1973 684 2153 726 mores
2191 670 2431 726 inolitos.
2472 667 2649 724 Credo
2684 667 2794 738 jam
2827 678 3146 738 provenerat
3174 681 3231 727 ut
3274 689 3417 729 non-

146 772 263 842 quia
291 767 481 840 aequali
508 772 655 821 sorte
683 763 789 819 sibi
833 763 1059 817 invicem
1092 771 1218 818 sunt
1241 760 1443 817 subditi
1483 769 1540 815 et
1579 759 1729 816 debi-
1832 759 1997 815 nullae
2027 760 2239 816 feminas
2282 776 2377 832 per
2405 761 2552 820 viros
2602 759 2822 827 ﬁdeles,
2854 768 2909 816 et
2953 761 3052 816 viri
3085 777 3177 832 per
3219 779 3418 820 uxores

148 874 309 917 tores.
346 857 519 912 Nolite
553 853 800 927 fraudare
840 852 1080 920 invicem,
1124 852 1224 907 nisi
1251 852 1380 923 forte
1401 867 1463 905 ea:
1488 864 1734 905 consensu
1834 852 2021 909 ﬁdeles
2048 853 2103 909 in
2130 853 2237 909 ﬁde
2283 853 2566 909 venirent:
2599 862 2654 909 et
2679 853 2924 923 quamvis
2968 867 3074 908 non
3108 854 3292 910 dicens
3322 870 3421 912 no-

146 952 211 1006 ad
235 962 453 1021 tempus,
487 956 543 1003 ut
572 946 756 1002 vacetis
788 944 1013 999 orationi
1038 958 1057 997 :
1078 951 1124 997 et
1148 944 1329 997 iterum
1350 942 1657 997 revertimini
1679 941 1736 994 in
1835 945 2001 1013 mina,
2034 944 2295 1016 exemplis
2325 952 2411 1001 est
2432 952 2613 1000 tamen
2640 943 2887 1000 hortatus
2906 945 2973 1000 ad
2994 945 3421 1003 conﬁrmandum

153 1045 392 1115 .dipsum.
425 1040 542 1095 Non
579 1044 754 1109 potest
785 1050 980 1091 vacare
1007 1033 1240 1090 orationi
1272 1032 1363 1104 qui
1394 1032 1736 1088 incontinens
1836 1034 2119 1092 consilium
2168 1050 2346 1091 suum.
2390 1035 2460 1090 Et
2500 1036 2821 1106 sanctificata
2860 1044 2935 1090 est
2975 1037 3158 1092 mulier
3196 1040 3422 1108 inﬁdelis

154 1144 250 1193 cst.
269 1136 385 1191 Non
406 1134 581 1189 solum
598 1139 775 1187 autem
796 1127 1122 1186 continentia
1149 1126 1205 1182 in
1228 1126 1376 1182 Novo
1393 1125 1738 1181 Testamento

153 1227 431 1285 laudabilis
457 1233 572 1292 est,
603 1222 700 1279 sed
734 1229 788 1278 et
812 1221 877 1290 Lin
909 1220 1091 1276 Veteri
1116 1219 1484 1283 Testamento,
1515 1216 1741 1272 descen-

154 1334 309 1376 surus
340 1318 483 1373 Deus
530 1316 584 1371 in
611 1321 845 1371 montem
890 1312 1039 1370 Sinai
1060 1353 1075 1379 ,
1113 1310 1437 1368 sanctiﬁcari
1464 1310 1618 1381 jubet
1645 1323 1742 1379 po-

154 1409 334 1480 pulum
360 1422 392 1464 a
414 1405 731 1463 mulieribus
748 1403 961 1475 triduo;
984 1410 1187 1474 quanto
1210 1403 1371 1475 igitur
1386 1402 1556 1472 magis
1574 1402 1744 1456 Deum

156 1502 339 1558 videre
363 1500 561 1571 poterit
588 1499 681 1569 qui
723 1512 938 1568 semper
979 1507 1160 1553 castus
1203 1511 1325 1553 esse
1359 1495 1626 1552 voluerit?
1654 1494 1743 1551 Si-

156 1592 358 1649 militer
386 1600 440 1648 et
462 1590 715 1647 sacerdos
757 1588 925 1645 David
952 1587 1228 1659 prohibuit
1254 1595 1499 1645 sanctum
1547 1599 1744 1656 panem

155 1699 434 1757 quousque
470 1684 704 1741 mundus
728 1698 760 1739 a
788 1682 1109 1738 mulieribus
1136 1695 1256 1738 esse
1278 1687 1627 1752 cognosceret
1656 1697 1669 1733 :
1694 1686 1749 1734 et

156 1777 352 1833 Petrus
378 1776 531 1847 jubet
560 1776 723 1831 etiam
754 1789 785 1829 a
813 1774 972 1831 licitis
1008 1782 1329 1844 temperare.
1373 1771 1454 1827 Ne
1483 1780 1634 1827 tentet
1666 1786 1749 1826 vos

1840 1142 1931 1196 per
1950 1126 2111 1180 virum
2134 1126 2355 1195 ﬁdelem.
2385 1126 2628 1196 Alioquin
2657 1126 2755 1195 filii
2775 1128 2926 1182 vestri
2948 1129 3204 1184 immundi
3232 1142 3418 1196 essent,

1840 1234 1977 1273 nunc
2026 1226 2192 1274 autem
2238 1220 2403 1274 sancti
2446 1227 2587 1275 sunt.
2619 1218 2678 1275 Si
2724 1220 2883 1276 ambo
2934 1222 3175 1279 inﬁdeles
3205 1226 3422 1291 essetis,

1842 1312 2149 1367 necessario
2180 1311 2276 1367 ﬁlii
2296 1325 2392 1367 vos
2420 1311 2800 1368 imitarentur:
2827 1328 2969 1370 nunc
2994 1324 3171 1371 autem
3202 1316 3428 1373 forsitan

1844 1404 2056 1461 ﬁdelem
2100 1405 2407 1474 imitantur,
2442 1414 2497 1461 et
2545 1406 2719 1472 sancti
2760 1416 2925 1463 sunt:
2960 1410 3082 1478 quia
3120 1411 3329 1466 etiamsi
3358 1414 3428 1469 de

1846 1496 2056 1553 duobus
2086 1497 2332 1554 ﬁdelibus
2363 1505 2652 1553 nascantur
2676 1542 2691 1568 ,
2721 1497 2801 1553 sic
2827 1507 3137 1568 nascantur,
3170 1510 3429 1571 tanquam

1848 1592 1896 1647 si
1923 1591 2157 1647 oleaster
2179 1606 2245 1647 ex
2271 1591 2431 1646 oliva.
2456 1591 2757 1647 Oleastrum
2771 1591 2894 1648 dico
2924 1600 3145 1664 propter
3169 1595 3432 1665 originale

1850 1692 2130 1753 peccatum
2149 1722 2165 1749 ,
2193 1689 2251 1739 et
2272 1690 2491 1753 propter
2520 1683 2624 1737 hoc
2647 1690 2774 1739 sunt
2796 1682 2897 1739 sub
2924 1682 3172 1751 diabolo,
3205 1684 3308 1739 nisi
3345 1700 3433 1740 re-

1851 1781 2143 1831 nascantur
2187 1775 2244 1830 in
2290 1773 2506 1829 Christo
2534 1790 2547 1825 :
2575 1772 2701 1844 quia
2736 1773 2981 1829 diabolus
3026 1775 3199 1845 culpzn
3245 1784 3434 1831 auctor

156 1868 383 1923 Satanas
413 1875 620 1937 prapter
646 1866 1069 1920 incontinentiam
1090 1872 1327 1920 vestram.
1355 1862 1432 1918 Ne
1448 1877 1554 1918 uno
1581 1876 1640 1917 se
1664 1876 1751 1917 re-
1780 1877 1827 1938 Β
1851 1876 1957 1937 est,
1981 1882 2089 1923 non
2110 1874 2335 1922 naturai.
2363 1864 2480 1920 Jam
2503 1864 2664 1920 credo
2698 1864 2840 1934 quod
2865 1874 3018 1921 erant
3046 1866 3251 1935 parvuli
3279 1865 3435 1922 Chri-

156 1958 432 2026 trahente,
459 1958 596 2016 alius
622 1958 942 2022 fornicetur,
977 1964 1032 2013 et
1061 1957 1286 2013 Satanas
1306 1957 1481 2012 locum
1511 1954 1753 2010 tentandi

156 2050 422 2106 inveniat.
456 2048 569 2104 Hoc
598 2058 765 2105 autem
792 2050 905 2103 dico
927 2047 1204 2104 secundum
1234 2046 1753 2118 indulgentiam,non

159 2142 443 2196 secundum
470 2141 762 2216 imperium.
804 2140 943 2196 Volo
980 2150 1152 2195 autem
1186 2154 1356 2193 omnes
1381 2139 1609 2192 homines
1651 2154 1758 2192 esse

156 2233 295 2287 sicut
325 2235 598 2305 meipsum.
642 2234 758 2290 lloc
790 2233 1019 2289 inﬁrmis
1045 2232 1296 2302 indulgeo
1317 2273 1332 2298 ,
1365 2247 1471 2288 non
1502 2231 1757 2302 perlectis

157 2323 423 2393 praecipio
449 2364 464 2389 ,
497 2325 587 2393 qui
614 2337 803 2380 omnes
834 2324 1082 2379 homines
1109 2323 1271 2378 velim
1299 2337 1386 2378 me
1425 2323 1478 2377 in
1507 2322 1756 2378 omnibus

160 2415 387 2481 imitari,
419 2415 511 2486 qui
536 2415 650 2471 scio
676 2425 935 2487 quantum
956 2416 1128 2486 possit
1157 2416 1376 2471 castitas
1398 2416 1537 2487 apud
1565 2416 1752 2471 Deum.

161 2506 274 2563 Sed
296 2508 640 2578 unusquisque
666 2510 934 2580 praprium
977 2508 1126 2563 habet
1152 2508 1347 2564 donum
1373 2525 1435 2563 ea:
1460 2508 1568 2564 Deo
1584 2553 1597 2577 ,
1623 2508 1756 2563 alius

161 2598 368 2667 quidem
395 2599 501 2670 sic,
549 2598 686 2653 alius
731 2615 848 2653 vero
895 2600 988 2655 sic.
1041 2599 1325 2670 Proprium
1356 2598 1604 2669 Ldonum,
1634 2602 1757 2670 quia

162 2689 311 2746 Deus
355 2690 607 2747 dividens
635 2691 858 2762 singulis
888 2701 1046 2762 prout
1093 2693 1242 2762 vult,
1272 2693 1396 2764 quia
1442 2708 1543 2749 nec
1568 2707 1759 2749 omnes

161 2783 389 2853 capiunt
420 2782 645 2840 verbum
696 2783 824 2840 hoc.
856 2783 1122 2843 Caeterum
1170 2787 1217 2841 si
1267 2800 1456 2843 omnes
1500 2795 1757 2858 possunt,

161 2874 439 2944 quomodo
474 2876 604 2933 dicit
653 2877 929 2949 Scriptura
957 2918 974 2944 ,
1029 2879 1172 2949 quod
1218 2894 1377 2937 nemo
1426 2894 1545 2936 esse
1590 2880 1763 2950 possit

162 2968 475 3033 continens,
504 2968 608 3023 nisi
637 2975 692 3022 tu
718 2967 930 3024 dederis
944 2968 1203 3041 ?.’Donum
1225 2985 1292 3026 ex
1314 2970 1450 3040 Deo,
1480 2970 1617 3026 alius
1645 2971 1763 3041 qui-

162 3058 291 3112 dem
323 3057 405 3113 sic
424 3099 441 3124 ,
474 3059 611 3114 alius
639 3073 770 3114 vero
812 3059 911 3115 sic.
943 3060 1111 3115 Audis
1141 3061 1340 3117 donum
1367 3100 1383 3127 ,
1411 3070 1588 3117 cesset
1618 3076 1763 3131 prte-

162 3152 431 3222 sumptio.
466 3152 593 3207 Dico
616 3164 789 3207 autem
810 3170 910 3207 non
940 3156 1115 3225 nuptis
1135 3195 1150 3220 ,
1182 3162 1230 3208 et
1266 3155 1454 3209 viduis.
1480 3154 1673 3226 Incipit
1696 3155 1766 3211 de

1856 1958 2037 2027 stiani,
2061 1959 2154 2029 qui
2179 1959 2293 2015 sive
2309 1965 2531 2014 auctore
2550 1971 2657 2013 uno
2685 1971 2752 2013 ex
2781 1957 3112 2026 parentibus,
3139 1961 3257 2015 sive
3283 1972 3436 2016 ntro-

1857 2066 1962 2121 que
1980 2051 2355 2107 consentiente
2383 2049 2707 2106 sanctiﬁcati
2740 2058 2895 2105 erant
2925 2066 2938 2102 :
2963 2050 3105 2119 quod
3128 2065 3233 2105 non
3258 2052 3435 2120 ﬁeret,

1857 2142 1902 2197 si
1923 2155 2031 2198 uno
2052 2141 2307 2197 credente
2336 2139 2717 2195 dissociaretur
2737 2137 3064 2209 coniugium.
3101 2140 3251 2206 Quod
3281 2143 3325 2196 si
3352 2144 3441 2196 in-

1857 2233 2028 2302 ﬁdelis
2062 2232 2309 2301 discedit,
2347 2231 2597 2285 discedat.
2630 2230 2746 2286 Non
2789 2236 2874 2285 est
2899 2231 3044 2286 enim
3075 2232 3247 2301 major
3284 2234 3442 2289 mari-

1860 2330 1944 2378 tus
1966 2363 1983 2391 ,
2018 2336 2177 2392 quam
2201 2321 2367 2377 Deus.
2397 2319 2522 2375 Non
2544 2328 2617 2375 est
2644 2320 2777 2376 enim
2798 2322 3025 2376 servituti
3054 2323 3314 2395 subjectus
3333 2326 3443 2394 fra-

1860 2425 1959 2484 ter,
2001 2426 2091 2471 aut
2115 2431 2279 2472 soror.
2308 2413 2557 2486 Nunquid
2582 2414 2662 2471 sic
2700 2415 2820 2483 quis
2842 2415 3045 2482 nubet,
3072 2426 3129 2473 ut
3155 2420 3361 2475 serviat
3388 2430 3446 2478 et

1859 2516 2045 2579 pereat
2071 2516 2292 2579 propter
2309 2507 2537 2564 alterum
2561 2506 2870 2564 inﬁdelem?
2887 2507 2954 2565 Et
2976 2510 3290 2579 notandum,
3314 2511 3445 2583 quia

1858 2601 2088 2658 invicem
2115 2601 2262 2657 servi
2288 2608 2434 2657 sunt.
2466 2600 2535 2654 In
2561 2601 2833 2671 ejusmodi.
2868 2601 2926 2657 In
2950 2603 3215 2673 ejusmodi
3238 2620 3317 2672 re,
3348 2615 3447 2663 aut

1860 2708 2040 2750 causa.
2078 2691 2146 2748 In
2169 2709 2293 2766 pace
2326 2702 2494 2749 autem
2521 2696 2715 2749 vocavit
2752 2710 2845 2750 nos
2870 2693 3027 2751 Deus.
3061 2695 3121 2753 ln
3149 2697 3395 2755 libertate
3427 2717 3443 2754 :

1861 2800 1970 2843 non
2000 2799 2128 2857 ergo
2154 2784 2415 2842 debemus
2444 2797 2546 2840 nos
2564 2784 2707 2841 ultro
2725 2785 2953 2843 discere.
2984 2786 3131 2843 Unde
3159 2791 3295 2844 enim
3322 2792 3445 2857 scis,

1862 2878 2066 2937 mulier.
2082 2879 2125 2932 si
2146 2878 2309 2932 virum
2323 2879 2520 2933 salvum
2541 2878 2731 2949 facies?
2752 2879 2854 2935 Aut
2871 2880 3007 2935 unde
3017 2881 3139 2950 scis,
3154 2882 3251 2952 vir,
3269 2884 3313 2938 si
3328 2900 3448 2939 mu.

1862 2972 2036 3027 liorem
2049 2969 2244 3025 salvam
2261 2972 2453 3041 facies?
2477 2970 2598 3027 Nisi
2619 2972 2892 3043 unicuique
2915 2975 3046 3028 sicut
3069 2975 3243 3029 divisit
3262 2973 3449 3031 Domi-

1864 3078 1957 3116 nus
1980 3077 2000 3116 :
2024 3077 2429 3132 unumquemque
2472 3063 2603 3117 sicut
2646 3064 2841 3117 vocavit
2877 3062 3039 3119 Deus.
3076 3065 3133 3120 In
3160 3067 3323 3123 dubio
3352 3082 3450 3138 pov

1864 3153 2032 3207 suit:
2079 3152 2177 3207 sed
2230 3166 2484 3222 semper,
2545 3152 2591 3208 si
2643 3153 2770 3224 quid
2832 3154 3138 3225 ambiguum
3197 3166 3318 3221 est,
3393 3159 3451 3214 in

163 3242 253 3298 his
281 3244 379 3315 qui
409 3259 605 3300 uxores
640 3261 748 3301 non
777 3245 997 3311 habent,
1045 3246 1191 3303 etde
1232 3247 1426 3303 viduis.
1460 3247 1662 3303 Bonum
1690 3257 1763 3303 est
1791 3244 1838 3307 C
1867 3245 2076 3301 meliori
2128 3252 2279 3315 parte
2318 3244 2627 3301 intellectus
2667 3244 2945 3302 ducendus
2984 3255 3084 3301 est.
3142 3246 3227 3302 Ita
3264 3256 3313 3303 et
3340 3266 3451 3305 ant-

163 3336 272 3391 illis
315 3338 362 3392 si
390 3338 464 3392 sic
490 3348 761 3407 maneant,
793 3340 925 3398 sicut
965 3348 1012 3393 et
1060 3355 1170 3410 ego.
1206 3339 1337 3406 Quis
1385 3346 1564 3410 potest
1588 3341 1769 3397 dicere

164 3445 279 3487 non
314 3445 441 3488 esse
470 3432 691 3499 bonum,
725 3432 871 3503 quod
903 3434 1017 3503 ipse
1050 3432 1178 3489 dicit
1208 3448 1328 3491 esse
1356 3434 1589 3491 bonum?
1615 3435 1766 3505 Quis,

164 3538 333 3594 rogo,
370 3526 573 3596 possit,
606 3526 707 3582 nisi
740 3526 881 3582 forte
926 3526 1281 3585 Jovinianus?
1315 3527 1465 3596 Quod
1502 3530 1548 3584 si
1585 3546 1686 3586 non
1717 3546 1769 3586 se

163 3617 462 3687 continent,
497 3617 712 3672 nubant.
740 3619 849 3675 Aut
870 3617 1268 3678 incontinenter
1290 3621 1525 3691 patieris,
1555 3630 1645 3679 aut
1673 3638 1771 3678 nu-

165 3708 309 3764 bere
343 3723 450 3764 non
473 3708 657 3779 debes,
683 3708 728 3764 si
754 3711 1039 3768 continens
1065 3726 1186 3768 esse
1202 3712 1306 3767 vis.
1327 3711 1518 3768 Melius
1538 3722 1610 3767 est
1636 3713 1771 3768 enim

164 3804 375 3858 nubere
401 3818 553 3873 quam
584 3804 686 3857 uri.
719 3803 1028 3860 Fornicatio
1057 3805 1180 3876 igne
1212 3805 1450 3875 punitur,
1480 3805 1618 3862 sicut
1643 3805 1773 3862 dicit

162 3894 351 3951 Judas
382 3895 449 3953 de
478 3912 616 3952 nuru
646 3912 764 3953 sua.
795 3895 1129 3954 Producatur
1148 3939 1165 3966 ,
1198 3898 1400 3969 inquit,
1427 3907 1483 3955 et
1522 3898 1773 3956 incenda-

164 3993 281 4042 tur.
320 3986 406 4043 Ad
431 3986 885 4058 comparationem
908 4002 1036 4058 ergo
1059 3987 1448 4054 fornicationis,
1476 3998 1560 4045 cst
1582 3989 1773 4046 melius

164 4078 411 4135 nubere.
444 4077 546 4134 His
568 4086 738 4133 autem
767 4079 856 4148 qui
886 4078 1211 4133 matrimonio
1224 4079 1399 4151 juncti
1424 4088 1564 4147 sunt,
1593 4080 1775 4150 praeci-

162 4171 259 4239 pio
296 4185 406 4224 non
435 4186 529 4241 ego
555 4213 569 4238 ,
611 4171 700 4226 sed
732 4169 1008 4226 Dominus.
1040 4171 1137 4226 llic
1166 4170 1383 4241 proprie
1424 4169 1662 4241 loquitur
1708 4169 1775 4225 ad

161 4261 526 4332 conjugatos,
559 4277 627 4317 ne
654 4261 989 4317 dimitterent
1018 4274 1247 4329 uxores,
1275 4268 1331 4317 et
1357 4261 1493 4315 alias
1512 4260 1776 4317 ducerent

160 4363 267 4409 aut
330 4352 618 4422 pulchras,
669 4362 759 4408 aut
800 4353 1031 4419 divites,
1082 4354 1220 4408 sicut
1266 4351 1438 4407 Judmi
1486 4351 1770 4408 faciebant.

165 4444 416 4501 Uxorem
438 4461 467 4496 a
494 4444 599 4495 viro
620 4458 722 4496 non
743 4442 1017 4497 discedere.
1032 4441 1089 4496 Si
1110 4442 1229 4511 quis
1246 4440 1509 4496 dimiserit
1526 4454 1777 4508 uxorem,

1869 3336 2006 3391 bulet
2035 3353 2056 3391 :
2093 3344 2140 3391 et
2166 3337 2297 3391 sicut
2341 3336 2395 3390 in
2424 3336 2657 3392 omnibus
2684 3336 2908 3392 ccclesiis
2949 3337 3124 3393 doceo.
3155 3339 3280 3396 Sive
3326 3354 3454 3397 cum

1868 3428 2083 3494 uxore,
2120 3429 2233 3485 sive
2263 3427 2382 3485 sine
2421 3442 2609 3485 uxore.
2653 3428 2780 3487 Sive
2808 3428 3157 3487 circumcisus
3182 3472 3196 3498 ,
3242 3430 3357 3488 sive
3397 3434 3454 3489 in
3508 3494 3521 3505 ο

1870 3522 2168 3593 praeputio:
2198 3522 2312 3578 sive
2342 3532 2549 3587 servus,
2576 3522 2691 3579 sive
2713 3521 2869 3577 liber.
2897 3521 3236 3579 Circumcisus
3266 3526 3454 3595 aliquis

1870 3622 2074 3685 vocatus
2103 3622 2180 3668 est
2211 3628 2229 3667 :
2257 3628 2357 3667 non
2387 3613 2614 3668 adducat
2633 3613 2964 3684 praeputium.
2992 3613 3118 3671 Sive
3137 3630 3258 3671 cum
3286 3631 3455 3673 uxore

1869 3714 2092 3762 vocatus
2116 3715 2198 3761 est
2216 3745 2230 3772 ,
2259 3719 2366 3761 non
2392 3703 2626 3760 dimittat
2648 3720 2768 3762 eam
2785 3746 2801 3773 ,
2832 3706 2947 3761 sive
2972 3706 3088 3762 sine
3115 3722 3313 3773 uxore,
3342 3722 3455 3766 non

1872 3798 1923 3853 ei
1949 3810 2083 3867 opus
2112 3796 2333 3863 nubere,
2365 3797 2411 3852 si
2440 3796 2492 3851 in
2521 3810 2587 3851 eo
2613 3796 2839 3852 consilio
2864 3796 3175 3867 acquiescit,
3205 3806 3259 3854 et
3285 3799 3330 3854 si
3360 3814 3455 3869 po-

1874 3899 1981 3945 test
2032 3890 2329 3945 continere.
2385 3886 2518 3943 Nam
2569 3889 2921 3944 circumcisus
2968 3890 3220 3959 quoniam
3272 3891 3459 3947 habuit

1873 3981 2224 4052 praeputium,
2264 3993 2522 4035 revocare
2559 3993 2667 4035 non
2715 3987 2892 4049 potest
2936 3993 2997 4035 se
3042 3980 3315 4051 superﬂuo
3353 3982 3461 4036 cir-

1878 4072 2177 4127 cumcisum
2207 4069 2349 4140 quod
2384 4084 2482 4124 suo
2521 4077 2763 4139 tempore
2798 4082 2933 4138 opus
2968 4069 3105 4124 fuit;
3140 4085 3247 4126 non
3283 4070 3461 4136 dicat,

1876 4163 2069 4220 melius
2094 4163 2267 4217 fuerat
2291 4162 2335 4216 si
2365 4175 2472 4216 non
2498 4160 2720 4216 luissem
2758 4158 3137 4225 circumcisus,
3175 4175 3283 4214 non
3315 4162 3465 4217 vivat

1879 4252 2169 4325 gentiliter.
2196 4250 2261 4304 In
2287 4251 2534 4321 praeputio
2558 4250 2745 4319 aliquis
2766 4257 2974 4303 vocatus
2997 4251 3105 4301 est?
3125 4264 3226 4302 non
3249 4250 3464 4302 circum-

1879 4343 2100 4397 cidatur.
2122 4338 2239 4393 Non
2258 4345 2408 4407 putet
2431 4336 2590 4392 ﬁdem
2617 4336 2827 4391 Domini
2848 4348 3063 4389 causam
3090 4349 3209 4391 csse
3233 4336 3459 4394 dissidii.

1881 4432 1950 4486 Et
1982 4430 2303 4485 circumcisio
2342 4428 2472 4482 nihil
2513 4437 2620 4500 est,
2650 4438 2698 4483 et
2724 4426 3033 4499 prteputium
3066 4429 3198 4483 nihil
3233 4439 3339 4496 est;
3371 4432 3463 4487 sed

155 4544 411 4602 excepta
431 4546 593 4587 causa
616 4532 1006 4596 fornicationis,
1032 4531 1159 4587 facit
1184 4545 1303 4587 eam
1324 4530 1605 4588 mmchari.
1628 4531 1778 4601 Quod
1881 4526 2163 4583 observatio
2196 4523 2559 4579 mandatorum
2603 4523 2718 4579 Dei.
2757 4522 3113 4594 Unusquisque
3149 4524 3203 4579 in
3241 4542 3343 4596 qua
3377 4543 3465 4582 vo-

155 4629 211 4683 si
241 4624 567 4689 discesserit,
598 4640 803 4679 manere
828 4624 1119 4694 innuptam.
1144 4624 1260 4681 Non
1290 4626 1361 4681 ita
1388 4624 1689 4695 discedere,
1721 4636 1779 4684 ut
1804 4613 1857 4676 D
1882 4618 2080 4673 εαιὶοηε
2107 4622 2313 4672 vocatus
2339 4620 2441 4681 est,
2472 4613 2526 4668 in
2552 4630 2611 4669 ea
2639 4621 2937 4683 permaneat
2964 4614 3107 4685 apud
3139 4614 3322 4669 Deum.
3354 4616 3466 4674 Nec

154 4721 263 4777 alii
315 4715 524 4773 nubat:
556 4718 603 4772 si
633 4717 701 4773 ob
747 4716 978 4788 aliquam
1026 4732 1246 4774 causam
1295 4716 1649 4788 discesserit,
1683 4719 1764 4776 alii

1880 4709 2066 4776 obest,
2113 4723 2213 4763 nec
2250 4707 2472 4777 prodest
2501 4705 2553 4759 in
2584 4704 2687 4762 hoc
2727 4714 2987 4776 tempore.
3030 4706 3220 4763 Servus
3259 4719 3464 4766 vocatus

159 4826 283 4869 non
321 4808 511 4863 nubat.
556 4808 655 4863 Aut
694 4810 802 4863 viro
841 4825 934 4863 suo
964 4811 1313 4866 reconciliari.
1358 4812 1430 4865 Et
1466 4811 1542 4866 vir
1563 4827 1776 4869 uxorem

162 4921 281 4961 non
308 4900 558 4956 dimittat.
580 4900 718 4955 Nam
742 4903 941 4957 ctcteris
967 4919 1058 4974 ego
1080 4904 1212 4972 dico,
1242 4921 1345 4960 non
1368 4903 1641 4964 Dominus.
1664 4906 1776 4965 Me-

162 4998 284 5053 lius
313 5002 402 5051 cst
423 4993 468 5049 si
497 4992 565 5047 ad
590 4993 762 5049 virum
777 5006 933 5047 suum
948 5003 1271 5062 revertatur,
1287 5011 1447 5066 quam
1473 4997 1565 5052 alii
1586 4998 1771 5055 nubat.

164 5090 234 5146 Si
266 5088 393 5157 quis
414 5090 573 5157 frater
604 5102 813 5141 uxorem
839 5085 985 5141 habet
1012 5087 1301 5157 infidelem,
1333 5096 1381 5140 et
1402 5089 1510 5144 haec
1530 5092 1779 5146 consentit

166 5180 419 5234 habitare
450 5194 565 5232 cum
593 5177 705 5245 illo,
730 5194 831 5232 non
859 5176 1087 5232 dimittat
1116 5178 1281 5233 illam.
1307 5176 1376 5232 Et
1397 5180 1443 5233 si
1467 5196 1569 5250 qua
1595 5182 1780 5237 mulier

164 5274 337 5327 habet
362 5270 523 5324 virum
541 5269 822 5339 inﬁdelem,
842 5280 890 5325 et
911 5269 992 5323 hic
1016 5271 1266 5325 consentit
1290 5270 1519 5325 habitare
1529 5287 1644 5326 cum
1664 5272 1779 5339 illa,

164 5381 278 5419 non
294 5362 525 5416 dimittat
546 5360 803 5428 virum..Si
817 5360 936 5431 quis
957 5375 1096 5416 unus
1116 5358 1344 5416 credidit
1358 5375 1389 5417 e
1407 5359 1616 5418 duobus
1636 5380 1649 5417 :
1673 5376 1783 5418 non

162 5471 284 5527 quo
313 5453 626 5523 permiserit
651 5450 921 5508 inﬁdelem
949 5450 1095 5508 ﬁdeli
1127 5465 1231 5507 non
1251 5452 1426 5524 jungi,
1451 5453 1547 5509 sed
1583 5453 1650 5509 de
1665 5453 1778 5523 jam

162 5546 488 5617 conjunctis
520 5546 774 5615 loquitur.
803 5543 1172 5615 Sanctificatus
1197 5553 1269 5600 est
1292 5544 1424 5599 enim
1453 5546 1529 5601 vir
1552 5546 1778 5615 infidelis

163 5642 223 5696 in
256 5637 485 5694 muliere
522 5636 684 5707 ﬁdeli.
709 5636 865 5707 Saepe
885 5637 1108 5707 contigit
1128 5644 1188 5691 ut
1211 5635 1507 5693 lucriﬁeret
1534 5652 1630 5707 per
1657 5652 1780 5694 mu—

168 5734 403 5789 lierem.
436 5729 561 5784 ldeo
588 5730 662 5783 ait
689 5728 879 5784 beatus
910 5727 1126 5796 Petrus,
1151 5736 1210 5784 ut
1234 5730 1281 5784 si
1303 5730 1395 5801 qui
1421 5743 1529 5785 non
1556 5729 1783 5786 credunt

166 5824 383 5889 verbo,
418 5836 512 5892 per
536 5820 823 5876 mulierum
850 5820 1342 5903 conversationem,
1367 5821 1488 5882 sine
1511 5823 1676 5894 verbo
1694 5820 1783 5889 [u-

484 5941 756 6007 Pu'non.
800 5936 1084 6007 LXVIII.

1881 4821 1933 4859 es
1954 4805 1977 4859 ?
2001 4819 2103 4859 non
2157 4800 2222 4855 sit
2263 4800 2354 4855 tibi
2382 4816 2538 4854 curw.
2571 4799 2777 4870 Aliquis
2813 4788 3128 4857 servitutem
3156 4803 3463 4873 conjugium

1882 4893 2069 4950 volunt
2092 4890 2335 4962 intelligi.
2362 4890 2469 4946 Sed
2494 4892 2608 4945 etsi
2635 4899 2775 4961 potes
2800 4890 2927 4946 liber
2947 4892 3058 4961 ﬁeri
3076 4933 3090 4959 ,
3113 4895 3275 4963 magis
3302 4904 3461 4950 utere.

1884 4984 2021 5053 Quia
2060 4984 2202 5040 Deus
2230 4981 2566 5039 conditiones
2594 4997 2700 5038 non
2733 4983 2990 5053 respicit,
3020 4983 3116 5039 scd
3146 4994 3380 5040 merrtem
3410 4996 3466 5040 ct

1882 5074 2255 5131 voluntatem:
2285 5086 2387 5128 nec
2417 5072 2597 5142 dicas,
2630 5073 2901 5143 quomodo
2944 5088 3159 5141 possum
3200 5075 3313 5131 Deo
3354 5075 3467 5145 plu-

1884 5182 2037 5236 cerc,
2069 5180 2257 5222 servus
2286 5166 2446 5222 sum?
2478 5165 2580 5233 Qui
2607 5166 2743 5220 enim
2771 5165 2825 5219 in
2852 5163 3075 5221 Domino
3110 5176 3317 5223 vocatus
3357 5185 3466 5222 ser-

1884 5276 2006 5327 vus,
2051 5259 2259 5315 libertus
2304 5268 2379 5313 est
2421 5258 2635 5314 Domini
2662 5277 2681 5318 :
2722 5258 2960 5313 similiter
2987 5261 3073 5330 qui
3103 5261 3229 5315 liber
3256 5272 3467 5317 vocatus

1884 5360 1998 5423 est,
2050 5363 2225 5410 servus
2272 5361 2347 5410 est
2397 5352 2605 5409 Christi.
2658 5353 2757 5420 Qui
2799 5353 3034 5409 hominis
3072 5370 3286 5421 servus,
3326 5360 3466 5427 apud
3563 5360 3582 5379 °

1887 5448 2057 5505 Deum
2088 5447 2225 5503 liber
2252 5454 2340 5503 est
2365 5463 2378 5500 :
2410 5454 2466 5503 et
2497 5447 2586 5518 qui
2616 5444 2756 5516 apud
2785 5445 3032 5502 homines
3072 5455 3157 5501 est
3198 5447 3352 5516 liber,
3386 5460 3469 5505 cst

1888 5556 2075 5599 servus
2114 5540 2254 5597 Dei:
2288 5554 2416 5609 ergo
2452 5539 2611 5595 ambo
2649 5552 2817 5593 unum
2853 5545 2998 5592 sunt.
3039 5538 3153 5594 Non
3200 5549 3279 5595 est
3324 5543 3467 5596 enim

1888 5635 2128 5706 acceptio
2157 5648 2511 5706 personarum
2546 5632 2687 5703 apud
2715 5632 2905 5687 Deum.
2936 5630 3115 5687 Pretio
3140 5636 3292 5706 empti
3315 5638 3463 5705 estis,
3492 5682 3495 5689 ,

1889 5730 2045 5784 nolite
2068 5729 2183 5797 fieri
2208 5729 2336 5783 servi
2369 5729 2652 5784 hominum.
2699 5724 3059 5797 Unusquisque
3099 5728 3151 5782 in
3191 5744 3292 5799 quo
3320 5747 3469 5783 voca-

1892 5828 1972 5880 tus
2009 5828 2112 5893 est,
2157 5822 2373 5895 fratres,
2408 5820 2463 5877 in
2499 5818 2595 5873 hoc
2634 5823 2836 5873 maneat
2876 5818 3017 5889 apud
3059 5818 3244 5877 Deum.
3292 5819 3465 5877 Nolito

2921 5936 2991 5991 1'7
