4004 6354
559 338 667 402 523

1670 330 1965 390 PRIMASI!
2003 329 2456 392 ADRUMETANI
2492 331 2712 395 EPISC.

3760 338 3883 400 εει

560 466 782 531 propter
816 448 1065 513 homines
1110 451 1313 510 servire
1351 447 1418 507 ad
1458 449 1702 518 oculum,
1742 462 1801 508 ιιι
1837 452 2147 510 hominibus
2175 456 2229 516 Α
2255 452 2477 508 alterius
2506 452 2674 509 simus
2704 460 2929 509 naturae.
2960 450 3091 507 Nam
3124 452 3340 524 sapiens
3370 450 3598 511 aliorum
3628 458 3878 519 casibus

560 556 861 627 placeatis:
888 553 986 609 sed
1010 551 1192 607 omnia
1227 557 1445 619 propter
1488 547 1689 614 Deum,
1728 548 2009 604 credentes
2046 562 2143 605 vos

560 646 873 705 mercedem
896 651 1279 701 consecuturos
1303 654 1332 694 a
1365 640 1494 696 Deo.
1522 638 1601 694 De
1649 640 1929 711 virginibus
1968 650 2142 696 autem

565 747 874 811 praceptum
912 735 1121 791 Domini
1160 750 1263 789 non
1301 733 1484 787 habeo.
1535 731 1764 801 Scriptis
1817 732 2138 802 respondit:

564 833 690 903 quia
727 830 804 886 illi
828 829 1119 885 dicebant:
1150 824 1253 883 Ubi
1293 832 1561 896 praecepta
1598 831 1684 881 est
1720 825 2049 897 virginitas?
2084 832 2144 881 ut

562 922 894 993 superﬂuum
922 920 1326 977 demontrarent
1345 959 1362 987 ,
1393 917 1518 989 quia
1547 917 1692 989 quod
1724 916 1827 974 sub
1870 926 2143 988 praecepto

566 1022 685 1083 est,
727 1026 833 1067 non
873 1009 1151 1080 impletum
1192 1009 1428 1079 punitur,
1471 1008 1749 1079 impletum
1787 1014 1963 1063 autem
2005 1022 2144 1077 prte-

562 1106 733 1161 mium
763 1118 869 1159 non
901 1100 1081 1158 habet.
1112 1099 1409 1157 Consilium
1441 1100 1566 1167 dat,
1598 1099 1877 1156 Salvatore
1905 1098 2141 1167 dicente,

563 1196 681 1253 Non
713 1210 901 1254 omnes
930 1196 1147 1267 capiunt
1174 1196 1399 1252 verbum
1438 1195 1580 1251 istud
1621 1212 1634 1249 :
1678 1195 1773 1250 scd
1814 1195 2008 1265 quibus
2049 1195 2146 1251 da-

562 1297 678 1346 tum
708 1298 813 1346 est.
840 1288 973 1345 Nam
1001 1288 1047 1344 si
1073 1289 1322 1360 generale
1349 1295 1514 1354 esset,
1537 1288 1675 1357 quod
1700 1296 1874 1358 potest
1902 1303 2059 1355 unus,
2090 1296 2147 1345 et

566 1396 756 1439 omnes
798 1391 1035 1451 possent.
1090 1381 1316 1437 Occasio
1356 1382 1616 1437 castitatis
1653 1392 1737 1437 est
1774 1380 2142 1437 abstinentia:

564 1471 780 1529 occasio
806 1482 985 1530 autem
1016 1472 1420 1529 incontinentize
1440 1515 1453 1539 ,
1488 1473 1695 1528 luxuria
1722 1481 1824 1529 est.
1861 1474 2022 1529 Datur
2052 1488 2148 1529 au-

566 1572 674 1621 tem
702 1578 735 1620 a
759 1563 892 1632 Deo,
919 1564 1044 1634 quia
1072 1563 1241 1633 ipsius
1264 1564 1538 1635 proprium
1567 1564 1765 1621 donum
1792 1573 1904 1632 est,
1934 1566 2149 1622 dicente

564 1656 868 1727 propheta:
898 1655 1031 1712 Cum
1064 1657 1227 1713 sciam
1258 1657 1379 1725 quia
1411 1672 1568 1714 nemo
1596 1666 1681 1714 est
1710 1658 2011 1724 continens,
2044 1658 2147 1715 nisi

566 1749 653 1815 cui
684 1747 998 1806 credideris.
1030 1747 1312 1804 Consilium
1336 1756 1506 1804 autem
1534 1750 1621 1805 do.
1657 1750 1849 1821 Implet
1874 1750 2008 1806 illud
2038 1750 2147 1806 Do-

2250 546 2589 600 emendatur.
2622 545 2750 600 Ideo
2779 545 3073 601 Salomon:
3104 545 3234 615 Cor,
3265 547 3471 618 inquit,
3501 552 3781 620 sapientis
3814 556 3875 611 in

2211 706 2226 720 _
2248 634 2411 691 domo
2450 635 2628 691 luctus
2656 676 2672 703 ,
2703 649 2797 691 cor
2824 644 3003 691 autem
3048 636 3353 707 insipientis
3378 639 3434 694 in
3468 639 3636 697 domo
3663 645 3875 699 convi-

2250 730 2341 784 vii.
2376 727 2622 786 Praeterit
2652 730 2785 784 enim
2816 730 2985 801 figura
3012 732 3171 799 huius
3198 731 3404 789 mundi.
3447 733 3562 790 Hoc
3591 737 3871 793 sacculum
3930 720 3935 785 δ

2246 820 2419 893 ﬁgura
2447 820 2612 878 l‘uturi
2643 830 2747 878 est.
2782 821 2837 880 Si
2868 822 3036 895 ﬁgura
3066 824 3188 880 talis
3218 833 3302 881 est
3322 867 3337 893 ,
3370 824 3542 896 qualis
3570 827 3681 883 erit
3710 829 3869 885 veri-

2250 913 2378 968 tas?
2408 911 2559 969 Sicut
2589 912 2745 969 stella
2776 916 2945 985 ﬁgura
2971 922 3054 971 est
3079 914 3229 972 solis.
3270 913 3400 972 Volo
3423 927 3599 973 autem
3626 936 3723 973 vos
3754 920 3868 976 sine

2247 1002 2595 1059 sollicitudine
2616 1019 2740 1061 esse.
2759 1004 2884 1062 Ideo
2901 1010 3008 1063 non
3038 1006 3190 1063 nubit
3215 1008 3354 1079 quis,
3377 1017 3437 1064 ut
3460 1008 3669 1066 mundo
3695 1011 3733 1046 "‘
3755 1013 3865 1066 sol-

2248 1093 2468 1151 licitudo
2497 1095 2772 1166 discedat,
2808 1114 2879 1155 ne
2905 1099 3076 1170 spinae
3102 1097 3372 1157 suﬂocent
3409 1116 3601 1159 semen
3627 1144 3646 1169 ,
3693 1111 3759 1159 et
3795 1119 3863 1161 ne

2250 1184 2459 1242 dicant:
2484 1185 2677 1243 Villam
2702 1190 3040 1260 comparavi,
3068 1189 3234 1247 boves
3258 1190 3364 1248 emi
3386 1233 3401 1260 ,
3427 1207 3661 1249 uxorem
3688 1192 3857 1247 duxi:

2248 1284 2307 1333 et
2328 1292 2435 1333 non
2466 1279 2639 1349 possit
2664 1294 2884 1336 coenare
2910 1296 3034 1337 cum
3063 1296 3283 1353 sponso.
3310 1282 3414 1348 Qui
3439 1284 3551 1339 sine
3569 1300 3745 1339 uxore
3769 1294 3856 1350 est,

2249 1369 2503 1426 sollicitus
2532 1379 2611 1425 est
2640 1387 2757 1442 qua:
2787 1371 2998 1427 Domini
3024 1382 3141 1430 sunt
3160 1416 3174 1441 ,
3205 1377 3457 1445 quomodo
3489 1375 3701 1446 placeat
3733 1377 3854 1433 Dee.

2253 1461 2355 1529 Qui
2378 1471 2549 1519 autem
2574 1479 2685 1518 cum
2710 1479 2870 1519 uxore
2896 1472 3003 1535 est,
3034 1464 3287 1521 sollicitus
3316 1477 3388 1521 est
3418 1482 3534 1537 qua:
3562 1477 3687 1522 sunt
3711 1486 3859 1522 man.

2252 1554 2344 1622 di,
2376 1556 2633 1626 quomodo
2660 1557 2864 1626 placeat
2892 1558 3064 1612 uxori.
3098 1557 3545 1629 interrogandum
3573 1559 3670 1615 cui
3697 1574 3856 1630 αρε·

2253 1647 2370 1704 diat
2411 1648 2622 1719 placere
2644 1690 2660 1714 ,
2696 1648 2837 1718 Deo,
2870 1665 2940 1705 an
2970 1649 3182 1706 mulieri
3212 1649 3511 1706 moriturae.
3556 1648 3629 1703 Et
3663 1652 3849 1706 divisus

2256 1748 2353 1794 est.
2384 1738 2579 1795 Mulier
2606 1741 2823 1814 innupta
2849 1749 2895 1797 ct
2922 1744 3062 1812 virgo
3093 1743 3284 1813 cogitat
3313 1759 3428 1814 qua:
3457 1742 3689 1797 Domini
3722 1755 3849 1801 sunt.

565 1842 737 1910 mini,
771 1842 915 1913 quod
944 1844 996 1899 ei
1025 1842 1081 1898 in
1111 1842 1277 1913 ﬁgura
1306 1842 1584 1900 stabularii
1612 1842 1746 1899 dixit
1774 1863 1788 1902 :
1818 1843 1876 1902 Si
1904 1843 2029 1914 quid
2058 1858 2149 1899 su-

2257 1830 2309 1889 Si
2337 1832 2542 1889 divisus
2564 1875 2580 1902 ,
2612 1849 2733 1891 esse
2763 1850 2869 1891 non
2904 1846 3081 1906 potest
3109 1850 3277 1891 unum
3310 1852 3325 1890 :
3358 1851 3483 1891 nam
3514 1836 3701 1893 unitas
3730 1835 3853 1891 divi-

563 1936 944 2006 perogaveris,
996 1950 1097 2006 ego
1143 1934 1367 1992 veniens
1418 1935 1641 1992 reddam
1701 1935 1822 1992 tibi.
1874 1934 2153 2007 Tanquam

566 2032 971 2089 misericordiam
997 2041 1293 2088 consecutus
1318 2049 1351 2086 a
1374 2032 1591 2088 Domino
1612 2039 1669 2086 ut
1696 2031 1793 2089 sim
1813 2030 2002 2101 ﬁdelis.
2029 2033 2157 2087 0m-

565 2125 659 2181 nia
685 2125 752 2181 ad
784 2125 880 2183 Dei
909 2125 1335 2183 misericordiam
1360 2124 1547 2192 refert,
1580 2133 1638 2180 ut
1662 2138 1759 2180 suo
1786 2125 2033 2193 exemplo
2054 2121 2153 2177 do-

567 2226 722 2285 ceat,
754 2219 860 2276 nisi
908 2220 963 2273 in
1018 2219 1132 2275 Deo
1168 2232 1290 2274 esse
1327 2216 1686 2288 gloriandum.
1723 2214 1921 2271 Fidelis
1964 2230 2153 2272 servus

566 2320 653 2369 est
688 2312 809 2379 qui,
852 2309 1100 2367 omnibus
1140 2310 1544 2379 praetermissis,
1578 2307 1790 2362 Domini
1828 2306 1911 2361 sui
1941 2321 2155 2375 semper

565 2402 789 2460 servitio
816 2408 1129 2471 occupatur,
1161 2400 1229 2455 ad
1259 2401 1401 2471 quod
1431 2414 1527 2456 eos
1555 2412 1653 2454 suo
1681 2398 1933 2467 exemplo
1962 2412 2158 2464 provo-

564 2502 654 2550 cat
674 2533 691 2562 ,
721 2502 780 2549 ut
809 2493 913 2564 ipsi
940 2493 1042 2550 soli
1068 2492 1382 2552 desiderent
1407 2493 1632 2550 servire.
1666 2492 1730 2548 Et
1758 2507 1917 2548 nemo
1943 2492 2011 2548 de
2040 2493 2153 2546 suis

567 2590 781 2647 meritis
810 2597 1137 2661 praesumat,
1171 2588 1384 2660 quando
1412 2588 1503 2645 ille
1525 2596 1584 2645 ut
1610 2587 1784 2645 ﬁdelis
1811 2588 1912 2653 sit,
1944 2586 2155 2643 miseri-

568 2684 811 2742 cordiam
843 2684 1055 2739 Domini
1082 2697 1141 2739 se
1188 2682 1441 2753 adeptum
1471 2689 1717 2740 testatur.
1748 2679 2008 2735 Existimo
2035 2696 2153 2751 ergo

567 2776 670 2831 hoc
702 2775 889 2831 bonum
926 2791 1056 2831 esse.
1098 2774 1401 2842 Existimo,
1440 2773 1543 2830 hoc
1580 2786 1688 2829 non
1718 2785 1838 2828 esse
1874 2771 2027 2842 quasi
2054 2771 2154 2825 du-

568 2869 739 2938 bium,
768 2871 863 2927 sed
886 2878 1096 2928 certum
1128 2885 1143 2924 :
1174 2869 1313 2927 sicut
1341 2876 1447 2936 est,
1480 2866 1616 2924 Puto
1644 2865 1787 2937 quod
1826 2874 1879 2921 et
1899 2880 1999 2936 ego
2039 2864 2153 2933 spi-

566 2967 731 3022 ritum
775 2966 873 3022 Dei
912 2963 1161 3021 habeam.
1205 2961 1429 3035 Propter
1470 2962 1742 3017 instantem
1782 2960 2152 3015 necessitatem.

571 3067 698 3125 Sive
719 3065 1053 3123 custodiendi
1070 3064 1353 3136 justitiam,
1374 3063 1489 3121 sive
1509 3061 1726 3120 carendi
1749 3060 1932 3116 mundi
1956 3058 2153 3114 sollici-

564 3161 775 3217 tudine.
812 3160 1065 3229 Quouiam
1091 3158 1278 3214 bonum
1302 3165 1377 3215 est
1408 3155 1604 3211 homini
1633 3155 1711 3210 sic
1738 3170 1865 3210 esse.
1897 3152 2153 3223 Alligatus

565 3270 621 3308 es
650 3253 829 3323 uxori,
860 3252 965 3307 noli
989 3266 1214 3323 quaerere
1238 3251 1561 3307 solutionem.
1589 3247 1783 3304 Malum
1809 3254 1894 3302 est
1919 3259 2046 3314 ergo
2075 3243 2154 3299 sic
2182 3223 2229 3289 ο
2262 3209 2296 3323 ξ

567 3358 677 3399 non
705 3357 827 3399 esse
852 3385 868 3412 ,
897 3342 1023 3414 quia
1052 3343 1302 3413 primitus
1332 3340 1508 3412 perdit
1537 3339 1816 3409 praemium
1847 3336 2108 3392 castitatis
2136 3352 2150 3391 :

564 3449 674 3491 non
704 3435 846 3506 quod
886 3444 1092 3505 peccet.
1134 3433 1351 3490 Solutus
1390 3449 1441 3487 es
1483 3430 1547 3485 ab
1575 3446 1767 3495 uxore,
1800 3429 2157 3497 noliquwrerc

565 3542 799 3584 uxorem.
829 3526 910 3582 Ita
942 3526 1110 3593 dicit,
1140 3541 1246 3582 non
1279 3522 1550 3594 ligandum
1572 3560 1587 3586 ,
1614 3518 1884 3592 quomodo
1912 3533 2019 3575 non
2049 3516 2156 3574 sol-

565 3623 825 3678 vendum.
870 3620 932 3676 Si
970 3629 1142 3674 autem
1179 3619 1433 3689 acceperis
1474 3631 1718 3685 uxorem,
1760 3630 1863 3670 non
1911 3614 2153 3684 peccasti.

567 3714 673 3779 Qui
703 3713 840 3767 liber
869 3726 961 3778 es,
993 3711 1039 3767 si
1069 3723 1175 3766 non
1204 3710 1285 3765 vis
1314 3722 1434 3764 esse
1463 3707 1658 3779 major,
1691 3714 1808 3763 esto
1839 3705 1924 3761 vel
1956 3705 2155 3761 minor.

568 3803 640 3859 Et
669 3805 715 3858 si
744 3804 970 3875 nupserit
996 3803 1160 3873 virgo,
1187 3818 1290 3856 non
1320 3800 1569 3871 peccabit.
1598 3799 1807 3871 Nuptim
1834 3812 1931 3870 per
1959 3812 2018 3855 se
2049 3813 2156 3854 non

568 3894 771 3951 habent
798 3898 1096 3965 peccatum,
1119 3894 1215 3951 sed
1236 3909 1332 3965 per
1358 3892 1774 3950 sollicitudinem
1804 3891 1986 3947 saeculi
2011 3904 2158 3961 saepe

569 3995 853 4060 peccatum
884 3990 1185 4046 incurrunt.
1222 3987 1629 4045 Tribulalionem
1670 3994 1842 4041 tanton
1867 3985 2039 4040 carnis
2066 3985 2155 4039 hac

573 4084 756 4139 bebunt
778 4083 1101 4156 hujusmodi.
1118 4083 1230 4141 Sub
1251 4081 1535 4138 maledicto
1554 4095 1614 4137 se
1635 4080 1765 4137 Eva:
1786 4078 2155 4150 subjicientes,

572 4191 692 4245 qum
722 4175 843 4232 ideo
876 4177 928 4232 in
959 4184 1113 4246 partu
1154 4174 1587 4232 maledictionem
1628 4174 1874 4245 accepit,
1900 4173 2155 4245 quoniam

570 4268 776 4325 sciebat
804 4267 944 4325 Deus
972 4267 1367 4326 incontinentes
1392 4266 1602 4325 futuros
1643 4265 1925 4331 homines,
1965 4274 2026 4321 ut
2070 4264 2156 4320 vel

568 4370 720 4417 metu
736 4361 938 4417 doloris
950 4375 979 4416 a
997 4360 1217 4418 libidine
1232 4367 1615 4432 temperarent.
1634 4359 1977 4431 Adjiciuntur
1993 4356 2157 4413 etiam

567 4456 777 4523 vagitus
808 4455 1066 4510 infantum
1085 4496 1101 4523 ,
1131 4454 1363 4511 ﬁliorum
1392 4463 1596 4511 mortes
1615 4494 1630 4519 ,
1654 4467 1753 4509 nec
1784 4466 1892 4508 non
1913 4457 1968 4508 et
1990 4450 2153 4506 abor-

570 4561 685 4601 sus.
718 4546 830 4615 Ego
858 4554 1024 4601 autem
1050 4548 1189 4602 vobis
1206 4564 1399 4617 parco.
1429 4548 1555 4603 Ideo
1585 4547 1711 4617 quia
1739 4546 2038 4603 secundum
2068 4544 2153 4600 in-

571 4635 893 4705 dulgentiam
915 4636 1157 4705 conjugis
1173 4651 1280 4693 non
1300 4637 1520 4693 omnino
1544 4636 1822 4706 prohibeo.
1844 4635 1961 4689 Hoc
1982 4636 2153 4706 itaque
2181 4620 2234 4681 D

573 4727 712 4793 dico,
744 4728 951 4798 fratres.
976 4726 1073 4781 Hie
1100 4741 1291 4783 omnes
1316 4727 1383 4783 ad
1408 4727 1791 4783 continentiam
1817 4727 2149 4783 cohortatur.

570 4820 794 4891 Tempus
820 4820 963 4874 breve
989 4818 1085 4875 est.
1116 4816 1391 4890 Reliquum
1426 4828 1502 4875 est
1527 4828 1581 4874 ut
1610 4827 1657 4874 et
1683 4820 1772 4890 qui
1805 4818 1989 4874 habent
2026 4835 2154 4875 uxo-

569 4927 652 4968 res
674 4954 689 4980 ,
719 4913 821 4968 sint
849 4921 1089 4985 tanquam
1128 4929 1231 4969 non
1262 4912 1517 4970 habentes.
1550 4913 1687 4970 Vitae
1714 4922 1913 4971 nostra
1940 4921 2153 4984 tempus

568 5005 735 5062 breve
762 5014 879 5078 est,
911 5008 1034 5077 quia
1064 5007 1171 5063 cito
1201 5015 1291 5062 aut
1319 5005 1504 5077 unius,
1537 5015 1629 5064 aut
1657 5008 1936 5066 amborum
1978 5015 2153 5065 morte

568 5099 869 5156 solventur.
919 5100 1010 5157 Sic
1059 5099 1500 5171 intelligendum,
1551 5112 1772 5174 propter
1821 5104 2150 5158 brevitatem

568 5194 715 5250 nulla
743 5208 865 5252 esse
889 5197 1125 5265 putanda
1150 5195 1219 5252 ad
1245 5198 1701 5269 comparationem
1728 5196 2047 5253 futurorum.
2082 5193 2153 5250 Et

568 5286 653 5352 qui
690 5288 847 5356 flent,
880 5294 1121 5357 tanquam
1150 5304 1250 5344 non
1278 5291 1495 5361 flentes;
1533 5298 1584 5346 et
1619 5291 1705 5360 qui
1741 5289 1997 5358 gaudent,
2037 5296 2153 5345 tan-

568 5391 723 5443 quam
752 5394 855 5433 non
884 5381 1196 5448 gaudentes;
1220 5389 1268 5437 et
1290 5383 1378 5453 qui
1407 5390 1615 5453 emunt,
1643 5391 1883 5453 tanquam
1906 5398 2007 5437 non
2035 5400 2152 5453 pos-

482 5452 501 5469 ’
567 5466 825 5532 sidentes;
849 5478 895 5523 et
913 5470 999 5539 qui
1019 5478 1232 5526 utuntur
1254 5471 1349 5528 hoc
1371 5473 1588 5541 mundo,
1611 5452 1851 5542 tanquam
1876 5490 1976 5529 non
2001 5452 2149 5532 utan-

572 5563 676 5609 tur.
718 5558 776 5612 ln
816 5557 919 5615 hoc
957 5562 1190 5633 saeculo,
1232 5565 1356 5635 quia
1397 5566 1576 5621 omnia
1605 5566 1658 5621 in
1688 5565 1839 5623 brevi
1879 5568 2150 5626 ﬁnientur.

570 5646 901 5715 Temporum
942 5653 1259 5711 brevitatem
1300 5656 1559 5713 describit
1581 5658 1834 5715 Salomon
1870 5676 1885 5715 :
1918 5660 2152 5733 Tempus

570 5745 631 5795 et
672 5747 946 5807 tempora;
987 5758 1088 5801 nos
1125 5754 1302 5802 autem
1345 5750 1584 5820 quotidie
1625 5753 1869 5813 videmus
1908 5756 2152 5817 homines

569 5838 869 5899 morientes
886 5882 905 5909 .
935 5852 996 5902 et
1022 5854 1255 5905 aeternos
1294 5851 1501 5912 futuros
1533 5869 1633 5915 nos
1659 5858 1968 5927 credimus.
1996 5866 2151 5934 quasi

594 5994 612 6007 μ
640 5934 675 5974 ’⁸
700 5933 891 5993 Melius
916 5936 1184 6008 legeretur
1212 5946 1411 6019 mundi.
1443 5947 1601 6009 Eutr.

2259 1922 2467 1979 sionem
2492 1939 2597 1980 non
2620 1924 2827 1995 recipit.
2862 1925 2930 1981 Ut
2956 1928 3019 1981 sit
3042 1936 3217 1980 sancta
3239 1932 3286 1980 et
3314 1940 3555 1995 corpore,
3578 1935 3631 1980 et
3654 1924 3847 1996 spiritu.

2257 2011 2495 2085 Corpore
2515 2057 2531 2081 ,
2562 2017 2631 2073 ab
2658 2031 2757 2073 usu
2783 2033 2798 2084 ;
2829 2018 3019 2087 spiritu
3038 2059 3053 2085 ,
3084 2032 3116 2073 a
3149 2016 3513 2073 sollicitudine
3543 2017 3631 2073 vel
3664 2031 3852 2073 concu-

2256 2106 2526 2176 piscentia
2557 2109 2957 2179 cogitationum.
2990 2111 3117 2176 Qua:
3142 2120 3309 2165 autem
3348 2120 3516 2181 nupta
3556 2120 3675 2178 est,
3722 2112 3848 2180 cogi-

2261 2206 2337 2252 tat
2379 2214 2496 2269 quoe
2534 2207 2655 2254 sunt
2694 2202 2897 2256 mundi.
2942 2202 3074 2270 Quae
3114 2210 3279 2272 nupta
3322 2210 3442 2271 est,
3484 2202 3532 2259 si
3572 2217 3703 2271 qua:
3742 2212 3850 2258 sunt

2268 2290 2459 2345 mundi
2499 2292 2698 2362 cogitat
2722 2332 2737 2358 ,
2779 2294 2865 2349 cui
2908 2294 3121 2364 placere
3160 2294 3469 2363 desiderat,
3516 2295 3743 2367 incipiet
3778 2294 3845 2350 illi

2260 2382 2501 2453 praeponi
2534 2394 2697 2454 nupta
2726 2426 2741 2451 ,
2773 2400 2892 2455 qua:
2937 2385 3099 2442 habet
3139 2388 3545 2443 excusationem
3584 2387 3846 2457 cogitandi

2258 2486 2381 2536 qum
2408 2473 2593 2529 mundi
2620 2483 2775 2542 sunt,
2804 2475 3090 2532 occasione
3115 2477 3322 2534 mariti.
3357 2477 3638 2545 Quomodo
3666 2478 3847 2548 placeat

2257 2564 2387 2617 viro.
2422 2564 2527 2621 lsta
2556 2579 2656 2621 nec
2685 2580 2913 2637 corpore
2935 2609 2951 2634 ,
2984 2582 3083 2624 nec
3110 2569 3301 2639 spiritu
3332 2577 3414 2624 est
3446 2576 3667 2626 saneta.
3698 2567 3847 2624 Porro

2260 2657 2357 2709 hoc
2387 2656 2455 2710 ad
2486 2657 2759 2713 utilitatem
2788 2668 3005 2715 vestram
3035 2660 3172 2717 dico.
3205 2659 3282 2717 Nc
3311 2660 3588 2719 videretur
3631 2662 3845 2718 inﬁrmis

2258 2748 2395 2804 dure
2428 2750 2640 2807 locutus
2671 2767 2826 2819 esse,
2860 2753 3021 2809 modo
3065 2761 3288 2811 excusat
3324 2769 3423 2824 se;
3464 2756 3567 2813 sed
3606 2757 3731 2827 ipsa
3767 2772 3846 2813 ex-

2260 2840 2472 2895 cusatio
2505 2842 2893 2898 consideranda
2924 2852 3026 2901 est.
3061 2844 3185 2899 Non
3210 2854 3265 2900 ut
3297 2846 3536 2915 laqueum
3565 2846 3717 2903 vobis
3744 2848 3849 2919 inji-

2260 2930 2415 2985 ciant.
2451 2931 2563 2987 Non
2595 2933 2816 3004 impono
2843 2936 3221 2993 necessitatem
3252 2937 3524 3009 innuptis,
3556 2940 3662 2997 sed
3689 2940 3847 2997 cousi-

2259 3021 2389 3076 lium
2422 3022 2523 3090 do,
2557 3023 2682 3094 quid
2714 3026 2883 3095 magis
2920 3027 3074 3082 vobis
3104 3028 3377 3098 expediat.
3411 3028 3513 3085 Sed
3535 3030 3608 3084 ad
3638 3032 3699 3085 id
3723 3034 3847 3103 quod

2264 3114 2538 3169 honestum
2582 3126 2652 3172 cst
2672 3159 2686 3183 ,
2731 3128 2777 3173 et
2806 3120 2945 3190 quod
2974 3121 3278 3191 facultatem
3310 3123 3530 3193 prebeat
3554 3123 3672 3181 sine
3702 3126 3844 3194 inspe-

2301 3208 2489 3262 imento
2520 3207 2801 3265 Dominum
2839 3216 3161 3270 obsecrandi.
3214 3215 3362 3287 Ergo
3405 3231 3508 3274 nec
3546 3218 3724 3287 utile,
3759 3231 3844 3274 nee

2263 3299 2551 3357 honestum
2579 3310 2724 3370 erat,
2750 3303 2892 3374 quod
2921 3304 2996 3361 illi
3023 3307 3299 3364 volebant.
3329 3309 3391 3365 Si
3421 3310 3534 3379 quis
3562 3320 3737 3366 autem
3758 3322 3841 3365 ter-

2259 3408 2374 3459 pem
2402 3409 2456 3449 se
2480 3394 2642 3449 videri
2670 3397 2926 3452 existimat
2953 3416 3108 3471 super
3134 3402 3329 3471 virgine
3357 3420 3454 3457 sua
3474 3447 3489 3471 ,
3518 3407 3660 3474 quod
3687 3404 3749 3460 sit
3772 3419 3841 3460 ss-

2260 3483 2557 3551 peradulta.
2600 3484 2795 3555 Turpis
2838 3486 3122 3555 Videbitur,
3168 3490 3215 3546 si
3255 3505 3377 3547 cum
3426 3491 3495 3549 ad
3557 3494 3835 3564 perfectam

2261 3582 2474 3630 aetatem
2504 3578 2713 3633 venerit
2734 3619 2752 3648 ,
2779 3588 3031 3637 neutrum
3056 3581 3351 3652 deliberet,
3380 3584 3466 3641 vel
3493 3584 3837 3657 virginitatem

2260 3680 2501 3738 servare,
2527 3670 2610 3726 vel
2637 3672 2872 3741 nubere;
2899 3682 2991 3729 aut
3012 3675 3056 3730 si
3086 3676 3288 3733 volenti
3316 3677 3554 3746 nubere,
3584 3695 3701 3735 non
3725 3693 3833 3749 per-

2259 3758 2467 3829 mittat,
2502 3771 2556 3818 et
2583 3762 2675 3817 illa
2705 3763 2865 3820 fuerit
2893 3764 3177 3823 fornicata.
3223 3768 3356 3824 Nam
3395 3770 3441 3825 si
3476 3771 3833 3841 unusquisque

2260 3851 2366 3908 hoc
2393 3853 2461 3908 ad
2490 3868 2708 3912 carnem
2736 3873 2885 3914 suam
2915 3868 3164 3927 revocet,
3198 3869 3252 3918 et
3278 3862 3458 3917 videat
3486 3878 3550 3920 se
3579 3862 3836 3935 virginita-

2265 3950 2375 3999 tem
2405 3958 2629 4003 servare
2657 3962 2761 4002 non
2792 3963 2981 4019 posse,
3014 3951 3209 4019 nubat,
3242 3967 3311 4009 ne
3336 3952 3663 4012 fornicando
3688 3953 3835 4025 turpis

2260 4044 2536 4105 appareat.
2568 4037 2636 4093 Et
2664 4040 2738 4093 ita
2781 4050 2977 4111 oportet
3029 4042 3166 4112 ﬁeri.
3207 4043 3283 4099 Ita
3316 4060 3544 4103 necesse
3573 4058 3700 4115 est,
3729 4062 3836 4119 pro-

2259 4134 2377 4195 pter
2398 4129 2731 4185 voluntatem
2750 4132 2963 4201 puellte.
2992 4133 3144 4200 Quod
3168 4136 3273 4189 vult
3296 4137 3501 4205 faciat:
3526 4156 3633 4193 non
3656 4148 3833 4209 peccat,

2256 4220 2303 4275 si
2329 4221 2505 4277 nubat.
2540 4221 2793 4280 Parentes
2821 4226 3036 4295 quidem
3061 4228 3260 4285 debent
3288 4244 3407 4285 eam
3437 4246 3609 4301 usque
3643 4233 3711 4288 ad
3738 4245 3838 4287 tua.

2264 4320 2440 4370 turant
2481 4323 2695 4373 aetatem
2736 4320 3041 4388 custodire,
3073 4331 3129 4379 et
3157 4323 3351 4379 docere
3378 4325 3712 4382 castitatem.
3750 4324 3838 4380 Sed

2257 4408 2303 4463 si
2335 4408 2569 4466 noluerit
2589 4451 2603 4477 ,
2633 4410 2728 4466 ﬁat
2753 4412 2893 4482 quod
2921 4428 3144 4471 necesse
3168 4425 3288 4483 est;
3334 4432 3439 4472 non
3472 4427 3673 4487 peccat
3702 4428 3837 4488 pater

2259 4498 2453 4567 puellm
2475 4539 2489 4565 ,
2526 4498 2641 4555 sive
2672 4501 2785 4570 ipsa
2816 4502 3025 4570 puella,
3066 4504 3112 4558 si
3153 4504 3337 4560 nubat.
3382 4504 3524 4559 Nam
3556 4508 3652 4575 qui
3679 4506 3837 4562 statuit

2255 4588 2309 4644 in
2348 4590 2498 4643 corde
2535 4606 2630 4645 suo
2669 4590 2871 4657 ﬁrmus.
2913 4592 3136 4649 Firmus
3177 4596 3265 4651 ille
3302 4595 3489 4651 statuit
3528 4597 3693 4667 cujus
3732 4598 3837 4651 ﬁlitc

2259 4679 2507 4735 voluntas
2546 4681 2837 4737 ﬁrmaverit
2875 4684 3229 4741 voluntatem.
3272 4686 3395 4741 Non
3436 4686 3632 4745 habens
3678 4705 3834 4744 neces-

2259 4773 2482 4827 sitatem.
2516 4772 2653 4829 Hinc
2682 4777 3023 4845 cognoscitur
3053 4778 3202 4833 illum
3234 4780 3616 4836 necessitatem
3656 4780 3841 4836 habere

2261 4864 2412 4931 ﬁlim,
2443 4865 2509 4921 de
2536 4881 2642 4936 quo
2669 4864 2837 4935 dixit,
2870 4866 3183 4925 Polestatcm
3210 4881 3381 4927 autem
3410 4872 3598 4929 habens
3634 4890 3741 4930 suta
3765 4888 3839 4927 eo-

2259 4957 2504 5025 lunlatis,
2533 4967 2580 5013 et
2610 4960 2703 5015 Itoc
2724 4962 2981 5032 judicavit
3011 4963 3065 5017 in
3095 4967 3247 5018 corde
3280 4982 3407 5033 suo,
3440 4984 3650 5024 servare
3696 4968 3840 5039 virgi-

2260 5064 2555 5121 nemsuam,
2580 5052 2701 5108 bene
2718 5052 2863 5123 facit.
2878 5053 3062 5112 Potest
3088 5055 3265 5113 facere
3286 5059 3427 5128 quod
3451 5060 3582 5114 vult.
3603 5057 3782 5131 Igitur
3799 5065 3841 5113 et

2262 5144 2349 5213 qui
2369 5145 2696 5201 matrimonio
2712 5148 2889 5219 jungit
2906 5147 3154 5219 virginem
3177 5165 3345 5217 suam,
3372 5151 3492 5206 bene
3516 5152 3666 5223 facit,
3692 5159 3737 5209 et
3761 5149 3843 5220 qui

2260 5251 2360 5291 non
2376 5238 2573 5311 jungit,
2600 5238 2780 5293 melius
2802 5240 2946 5311 facit.
2966 5238 3287 5297 Conclusiva
3311 5242 3557 5300 collectio
3578 5254 3696 5302 est:
3720 5244 3840 5300 Pru-

2256 5326 2511 5386 dentibus
2541 5346 2671 5388 sane
2697 5346 2910 5403 semper
2936 5333 3159 5390 meliora
3187 5335 3445 5392 sectanda
3472 5346 3619 5393 sunt.
3655 5336 3839 5392 Mulier

2255 5421 2472 5493 alligata
2501 5432 2575 5480 est
2604 5434 2797 5495 quanto
2829 5433 3054 5497 tempore
3082 5428 3159 5483 vir
3188 5430 3303 5502 ejus
3343 5430 3485 5487 vivit.
3527 5430 3627 5486 llic
3667 5430 3735 5486 de
3768 5426 3836 5481 vi-

2256 5513 2377 5570 duis
2406 5516 2597 5586 incipit
2622 5533 2636 5572 :
2669 5519 2790 5588 quia
2822 5526 2877 5575 et
2907 5517 2975 5575 de
3003 5519 3136 5590 ipsis
3165 5522 3575 5579 consuluerunt.
3621 5518 3775 5587 Quod
3801 5534 3839 5571 si

2255 5605 2518 5661 dormierit
2547 5609 2624 5662 vir
2651 5610 2784 5680 ejus,
2814 5610 3029 5666 liberata
3054 5619 3143 5666 est.
3176 5612 3274 5668 Cui
3300 5614 3407 5668 vult
3434 5613 3621 5681 nubat,
3650 5620 3838 5667 tantum

2256 5696 2311 5751 in
2338 5695 2580 5754 Domino.
2624 5701 2818 5759 Libera
2851 5702 2991 5758 facta
3021 5719 3053 5759 a
3083 5704 3299 5761 vinculo
3343 5706 3610 5778 coniugali
3645 5717 3837 5763 secun-

2255 5788 2382 5845 dum
2426 5791 2641 5863 legem:
2674 5794 2722 5851 si
2750 5809 2851 5852 nec
2877 5802 3004 5852 tunc
3044 5810 3105 5853 se
3152 5799 3386 5868 potuerit
3415 5800 3725 5864 continere,
3754 5790 3837 5851 cui

2254 5882 2484 5965 latuerit
2509 5886 2709 5963 nubat,
2732 5889 3102 5951 tantummodo
3126 5891 3182 5955 in
3207 5891 3457 5967 ,Christo.
3484 5893 3689 5951 Beatior
3720 5888 3829 5959 erit,
