4004 6354
192 398 293 460 523

962 385 1027 447 ΙΝ
1068 381 1450 446 EPISTOLAM
1489 379 1509 439 l
1550 377 1638 439 AD
1678 376 2085 437 CORINTIIIOS
2125 380 2642 441 COMMENTARIA.

3350 378 3456 440 526

189 521 234 577 si
260 519 334 572 sic
358 510 712 587 permanserit.
746 508 907 566 Beata
940 506 1142 564 habens
1180 505 1431 561 maritum
1461 543 1475 571 ,
1517 502 1562 556 si
1601 498 1773 571 possit
1798 500 1848 559 Α
1875 498 1966 550 tia.
2012 497 2126 553 Non
2165 512 2353 555 omnes
2402 500 2611 567 sciunt,
2650 495 2791 568 quod
2827 502 3046 567 propter
3086 503 3455 568 contemptum

190 608 456 669 cuStodire
478 605 773 678 justitiam,
799 610 853 660 et
880 610 1085 658 tantum
1109 609 1325 671 propter
1352 598 1490 652 lilios
1519 593 1770 650 maritum
1873 587 1975 643 hoc
2005 588 2249 644 faciatis:
2290 590 2384 645 sed
2417 597 2605 659 putant
2639 604 2734 645 vos
2781 596 2999 659 propter
3050 587 3455 648 venerationem

190 701 467 775 cognoscit
503 716 517 755 :
551 700 757 755 beatior
785 697 942 752 vidua
965 736 979 762 ,
1013 695 1133 765 quia
1164 693 1332 763 magis
1371 690 1575 745 laborat
1612 700 1771 759 quam

192 806 358 867 nupta
378 836 393 861 ,
437 800 492 850 et
521 792 682 848 habet
714 789 1021 846 mercedem
1050 786 1309 842 castitatis
1329 823 1344 851 ,
1375 791 1428 839 et
1457 795 1613 839 orare
1641 794 1774 851 quo-

195 890 329 946 tidie
379 886 546 943 libera
596 883 926 940 conscientia
975 888 1168 951 potest.
1224 877 1384 947 Virgo
1429 875 1770 939 beatissima,

194 980 319 1050 quia
350 975 735 1047 compendioso
774 974 958 1029 labore
988 972 1055 1027 ad
1084 969 1287 1042 grande
1315 969 1595 1036 praemium
1628 974 1775 1037 pote-

191 1072 267 1129 rit
295 1070 602 1142 pervenire.
637 1068 933 1124 Secundum
972 1080 1141 1119 meum
1182 1062 1469 1118 consilium.
1511 1058 1663 1128 Quod
1707 1057 1777 1114 do

194 1164 511 1235 virginibus.
563 1160 700 1216 Puto
730 1170 899 1216 autem
927 1159 1063 1231 quod
1095 1166 1142 1214 et
1169 1172 1260 1228 ego
1290 1157 1531 1229 spiritum
1560 1153 1657 1209 Dei
1684 1153 1779 1207 ha-

196 1261 363 1319 beam.
394 1263 569 1319 Nolite
599 1272 787 1333 putare
820 1262 946 1333 quia
976 1275 1043 1317 ex
1076 1273 1162 1316 me
1191 1258 1295 1315 hoc
1323 1258 1500 1328 ipsum
1529 1255 1600 1312 sit
1638 1253 1780 1324 quod

193 1356 355 1411 dico:
385 1355 615 1425 Spiritus
656 1354 752 1409 Dei
791 1354 845 1409 in
886 1367 973 1410 me
1014 1352 1270 1422 loquitur,
1305 1364 1463 1420 quem
1507 1345 1782 1403 contemni

196 1456 307 1502 non
340 1444 575 1517 expedit.
606 1444 732 1507 Hic,
763 1451 926 1514 puto,
958 1455 1068 1496 non
1098 1440 1427 1495 dubietatem
1459 1436 1744 1508 signiﬁcat.

269 1537 399 1593 CAP.
432 1552 549 1593 vm.
582 1535 661 1591 De
691 1535 768 1590 his
795 1542 966 1589 autem
990 1548 1105 1604 qua:
1130 1532 1283 1587 idolis
1311 1531 1688 1599 sacriﬁcantur.
1718 1528 1785 1586 Et

200 1628 271 1686 de
299 1629 383 1685 his
412 1628 490 1684 illi
521 1629 872 1700 scripserant,
897 1627 1037 1682 sicut
1063 1633 1118 1681 et
1145 1624 1214 1681 de
1241 1622 1632 1696 superioribus,
1661 1621 1783 1692 quia

196 1720 599 1777 manducabant
639 1720 697 1775 in
725 1718 943 1789 templis
966 1760 981 1786 ,
1017 1716 1256 1774 dicentes
1274 1757 1293 1785 ,
1325 1714 1512 1771 Omnis
1540 1720 1784 1769 creatura

198 1811 298 1869 Dei
328 1813 468 1870 bona
486 1854 502 1879 ,
529 1822 584 1870 et
613 1811 815 1869 idolum
842 1811 976 1868 nihil
1004 1819 1087 1869 est
1106 1851 1122 1879 ,
1151 1820 1204 1867 et
1233 1810 1331 1866 hac
1359 1809 1590 1880 imagine
1615 1808 1785 1879 magis

1877 678 2004 735 illud
2022 678 2217 735 facere.
2241 681 2461 747 Quidam
2484 692 2651 737 autem
2677 700 2791 737 cum
2813 683 3121 739 conscientia
3142 700 3299 755 usque
3320 700 3459 740 nunc

1875 772 2036 839 idoli,
2064 775 2210 841 quasi
2261 776 2605 846 idolothytum
2653 777 2966 831 manducant
3006 783 3101 832 :et
3146 778 3458 833 conscientia

1875 865 2123 936 ipsorum,
2145 881 2256 918 cum
2285 867 2351 920 sit
2380 868 2608 936 inﬁrma,
2642 868 2911 937 polluitur.
2935 868 3124 923 Adhuc
3151 869 3231 924 sic
3259 868 3460 923 habent

1879 956 1933 1012 in
1964 957 2324 1022 conscientia,
2361 958 2634 1025 quomodo
2659 969 2946 1028 antequam
2973 958 3274 1014 crederent.
3323 957 3461 1013 Esca

1881 1056 2052 1101 autem
2084 1063 2185 1101 non
2217 1062 2309 1101 nos
2336 1048 2657 1102 commendat
2685 1048 2795 1102 Deo
2821 1064 2839 1102 :
2863 1065 3024 1118 neque
3046 1050 3090 1103 si
3115 1066 3219 1105 non
3240 1048 3463 1105 mandu-

1881 1142 2180 1208 caverimus,
2198 1142 2510 1211 deﬁciemus,
2536 1159 2694 1214 neque
2715 1146 2758 1199 si
2783 1146 3279 1214 manducaverimus,
3298 1146 3463 1200 abun-

1883 1236 2135 1290 dabimus.
2164 1235 2313 1291 Sicut
2343 1235 2471 1291 dicit
2501 1236 2713 1307 Aggens
2744 1237 3000 1307 prepheta
3022 1277 3039 1305 ,
3072 1236 3140 1291 Et
3164 1239 3207 1294 si
3234 1237 3464 1293 mandu-

1881 1326 2135 1383 caveritis
2167 1336 2221 1382 et
2259 1327 2534 1393 biberitis,
2580 1342 2760 1384 nonne
2799 1329 2951 1386 vobis
2990 1328 3381 1385 manducabitis
3406 1336 3466 1384 et

1882 1416 2129 1473 bibetis‘l
2168 1416 2347 1473 Videte
2378 1428 2549 1474 autem
2579 1434 2642 1473 ne
2668 1422 2800 1490 forte
2827 1418 2937 1474 hwc
2965 1420 3165 1474 licentia
3189 1428 3355 1474 uestra
3379 1420 3466 1490 of-

1891 1508 2211 1579 fendiculum
2249 1509 2339 1577 ﬁat
2376 1509 2617 1576 inﬁrmis.
2646 1508 2831 1565 Potest
2858 1508 2965 1564 hoc
2992 1507 3150 1564 simul
3178 1515 3233 1564 et
3260 1508 3329 1565 de
3359 1507 3468 1565 illis

1888 1597 2159 1666 religiosis
2188 1597 2275 1653 vel
2305 1598 2517 1653 clericis
2548 1598 2651 1654 dici
2676 1639 2689 1665 ,
2734 1600 2824 1670 qui
2864 1599 3008 1671 quod
3048 1600 3243 1657 docent
3269 1599 3470 1667 verbo,

1886 1686 2170 1743 destruunt
2197 1688 2466 1758 exemplo,
2495 1687 2621 1743 dum
2653 1697 2707 1744 et
2733 1689 2933 1745 divitiis
2960 1690 3245 1757 incubant,
3269 1699 3324 1747 et
3347 1703 3471 1760 pre-

1888 1780 2043 1837 tiosis
2064 1781 2303 1837 vestibus
2323 1780 2745 1838 circumdantur.
2766 1780 2827 1836 Si
2847 1782 2981 1836 enim
2999 1784 3111 1853 quis
3127 1782 3311 1838 viderit
3327 1796 3467 1853 eum,

198 1918 365 1978 quam
397 1906 622 1962 veritate
650 1904 873 1961 rationis
904 1902 1173 1960 errabant.
1207 1901 1410 1961 Scimus
1439 1902 1559 1972 quia
1582 1916 1783 1956 onmes.

1897 1877 1975 1947 qui
1997 1876 2143 1931 habet
2169 1876 2463 1947 scientiam,
2492 1877 2547 1930 in
2566 1876 2706 1931 idolo
2734 1877 3099 1933 rccumbentem
3120 1918 3134 1945 ,
3162 1894 3331 1933 nonne
3350 1892 3475 1933 aon-

199 1993 314 2054 Nos
343 2012 575 2066 omnes;
604 2012 730 2053 nam
762 2012 868 2053 non
895 1996 1007 2064 illi,
1040 1996 1106 2051 de
1132 1996 1325 2067 quibus
1348 1994 1511 2061 dicit,
1545 1991 1651 2050 Sed
1682 2007 1788 2047 non

204 2089 264 2143 in
296 2090 543 2145 omnibus
571 2098 653 2146 est
684 2088 938 2156 scientia,
983 2087 1038 2143 id
1076 2097 1188 2157 est,
1229 2085 1453 2144 scientia
1491 2099 1522 2139 a
1562 2084 1788 2140 Domino

202 2178 352 2235 data.
380 2179 661 2235 Scientiam
683 2179 943 2235 habemus.
970 2178 1117 2234 Hanc
1137 2177 1300 2234 habet
1322 2176 1785 2245 consuetudinem,

202 2274 269 2322 ut
312 2268 543 2337 primum
575 2270 766 2325 leniter
796 2270 1148 2340 ingrediatur,
1181 2277 1237 2324 et
1264 2270 1319 2323 in
1349 2267 1642 2324 novissimo
1680 2267 1785 2321 vim

200 2366 320 2415 Suae
348 2360 610 2416 orationis
640 2361 910 2417 ostendat.
943 2361 1176 2417 Scientia
1204 2361 1378 2430 inflat.
1421 2359 1626 2431 Illoque
1654 2356 1787 2413 stul-

199 2447 318 2503 titia
349 2456 434 2505 est
462 2450 601 2520 apud
634 2450 822 2506 Deum.
864 2450 920 2507 Si
958 2451 1181 2508 scientia
1222 2450 1408 2519 inﬂat,
1438 2451 1623 2521 utquid
1665 2450 1787 2508 illos

198 2540 376 2597 adhuc
402 2542 520 2610 plus
543 2542 655 2599 vult
678 2544 919 2601 instare?
942 2545 1061 2615 Ipse
1088 2545 1247 2601 etiam
1275 2544 1343 2601 de
1369 2560 1429 2602 se
1457 2544 1622 2614 dicit,
1648 2544 1714 2600 Et
1740 2544 1787 2601 si

201 2629 489 2701 imperitus
526 2648 813 2702 sermone,
844 2635 941 2691 sed
970 2650 1079 2691 non
1108 2636 1354 2693 scientia.
1389 2635 1456 2691 Et
1484 2651 1582 2706 pro
1612 2635 1788 2705 Ephe-

198 2721 300 2777 siis
331 2731 482 2789 orat,
516 2731 574 2777 ut
602 2724 824 2780 scicntia
854 2726 1184 2795 repleantur.
1216 2727 1283 2781 Et
1312 2727 1367 2781 in
1401 2724 1502 2782 hac
1523 2726 1646 2795 [ipsa
1677 2727 1789 2798 cpi-

198 2814 340 2870 ctola
381 2817 579 2885 gratias
620 2818 764 2888 agit,
806 2818 949 2889 quod
978 2820 1171 2889 repleti
1199 2819 1309 2875 sint
1337 2819 1559 2876 scientia
1598 2819 1787 2890 hujus-

200 2905 374 2974 modi,
419 2907 643 2964 scientia
685 2924 803 2979 quae
835 2910 1118 2981 imaginem
1162 2912 1329 2982 magis
1366 2912 1588 2968 rationis
1627 2927 1787 2983 quam

203 2998 494 3053 veritatem
526 2998 796 3056 ostendit:
831 3014 940 3056 non
968 3001 1189 3057 scientia
1232 3017 1352 3072 quae
1404 3011 1578 3072 potest
1604 3018 1791 3074 reprc-

200 3088 397 3146 hendi.
427 3090 666 3147 Charitas
691 3108 811 3147 uero
840 3093 1088 3162 aediﬁcat.
1123 3092 1217 3148 llla
1269 3090 1501 3151 charitas
1535 3110 1653 3165 qua:
1682 3110 1790 3152 non

201 3186 400 3256 quaerit
432 3201 551 3257 quae
581 3201 678 3243 sua
708 3196 873 3255 sunt,
909 3187 1004 3244 sed
1034 3187 1303 3258 quomodo
1330 3202 1425 3258 per
1449 3203 1565 3244 eam
1593 3187 1791 3245 Christi

1889 1968 2103 2025 scientia
2124 1970 2254 2037 ejus,
2283 1984 2402 2022 cum
2435 1968 2500 2022 sit
2531 1967 2762 2036 inﬁrma,
2793 1968 3131 2036 ludiﬁcabitur
3157 1966 3226 2023 ad
3253 1970 3475 2024 mandu-

1890 2061 2113 2114 candum
2136 2059 2463 2130 idolothyta?
2492 2055 2557 2112 Et
2581 2058 2732 2129 periit
2758 2057 2996 2127 inﬁrmus
3020 2059 3073 2112 in
3100 2068 3189 2114 tua
3214 2061 3476 2115 conscien-

1890 2155 1982 2221 tia,
2000 2157 2181 2224 frater,
2202 2163 2408 2225 propter
2428 2169 2576 2221 quem
2593 2153 2825 2208 Christus
2845 2161 3075 2208 mortuus
3091 2160 3180 2208 est.
3204 2152 3294 2208 Sic
3307 2162 3476 2208 autem

1891 2256 2154 2319 peccantes
2176 2248 2229 2300 in
2258 2251 2462 2318 fratres,
2490 2258 2536 2300 et
2559 2248 2891 2316 percutientes
2917 2246 3274 2300 conscientiam
3299 2260 3479 2300 eorum

1888 2340 2171 2409 inﬁrmam,
2186 2340 2239 2393 in
2261 2338 2465 2393 Christo
2488 2338 2726 2407 peccatis.
2742 2337 3057 2406 Quicunque
3080 2336 3478 2393 scandalizave-

1892 2431 1967 2486 rit
1989 2445 2156 2485 unum
2180 2430 2246 2485 de
2275 2429 2481 2499 pusillis
2507 2429 2646 2496 istis,
2668 2427 2884 2499 expedit
2910 2428 2984 2484 illi
3006 2436 3065 2483 ut
3080 2428 3220 2483 mola
3238 2428 3477 2483 asinaria

1890 2522 2251 2592 suspendatur
2293 2521 2434 2576 collo
2474 2520 2628 2591 ejus,
2671 2529 2724 2576 et
2769 2521 3008 2576 mittatur
3053 2521 3106 2576 in
3149 2520 3475 2589 profundum

1890 2617 2083 2673 maris:
2103 2615 2275 2672 levius
2298 2622 2381 2671 est
2401 2614 2531 2670 illud
2547 2656 2562 2680 ,
2586 2614 2729 2684 quod
2749 2627 2935 2684 grave.
2957 2615 3279 2685 Quapropter
3294 2616 3337 2668 si
3356 2628 3472 2669 esca

1891 2707 2207 2763 scandalizat
2238 2710 2447 2777 fratrem
2478 2721 2641 2759 meum
2666 2745 2681 2771 ,
2714 2720 2817 2759 non
2846 2706 3161 2759 manducabo
3190 2720 3393 2760 carnem
3422 2706 3478 2761 in

1890 2811 2159 2869 aeternum,
2183 2818 2245 2855 ne
2265 2802 2482 2871 fratrem
2504 2815 2673 2854 meum
2692 2799 3061 2857 scandalizem.
3080 2799 3195 2857 Non
3218 2800 3333 2857 sola
3353 2813 3476 2858 esca

1891 2904 1944 2952 et
1968 2909 2126 2964 caro,
2155 2894 2250 2951 sed
2278 2908 2465 2951 omnes
2494 2895 2718 2965 reliqua:
2746 2908 2852 2951 res.
2890 2895 2894 2900 '

1961 3014 2091 3069 CAP.
2121 3028 2198 3070 Ix.
2231 3012 2354 3067 Non
2374 3027 2486 3066 sum
2513 3012 2676 3067 liber?
2696 3028 2797 3066 non
2823 3027 2933 3066 sum
2960 3010 3263 3081 apostolus?
3289 3010 3363 3065 ita
3391 3009 3471 3065 le-

1892 3104 2125 3174 gendum
2169 3112 2282 3173 est,
2324 3101 2572 3170 Nunquid
2613 3116 2721 3157 non
2760 3102 2921 3156 sum?
2961 3098 3129 3155 Suum
3169 3098 3476 3168 exemplum

1894 3194 2004 3250 illis
2021 3193 2263 3263 replicat,
2286 3193 2429 3264 quod
2455 3205 2577 3247 cum
2605 3190 2881 3247 habuisset
2901 3190 3079 3246 omnia
3108 3192 3161 3245 in
3190 3197 3472 3259 potestate,

203 3290 411 3346 corpus
445 3277 708 3346 proliciat.
753 3279 990 3335 Scientia
1016 3279 1136 3336 sine
1165 3278 1425 3335 charitate
1455 3279 1635 3347 inﬂat,
1666 3294 1789 3336 cum
1816 3268 1863 3333 C
1894 3284 2129 3339 noluerit
2155 3282 2358 3350 facere,
2389 3280 2531 3351 quod
2558 3280 2639 3336 illi
2663 3280 2890 3347 licebat,
2916 3288 3113 3350 printer
3138 3280 3364 3335 aliorum
3391 3294 3479 3335 sa-

200 3367 470 3424 charitate
490 3370 735 3426 aediﬁcat.
764 3370 826 3427 Si
847 3372 959 3441 quis
980 3386 1033 3428 se
1056 3371 1316 3425 existimat
1338 3372 1467 3426 scire
1490 3370 1707 3443 aliquid.
1732 3370 1789 3428 Si

193 3459 329 3534 quis
357 3458 457 3519 sibi
485 3460 697 3520 videtur
726 3462 968 3532 sapiens,
1002 3475 1109 3519 non
1146 3472 1230 3519 est
1263 3462 1516 3533 sapiens;
1548 3478 1669 3519 nam
1700 3463 1790 3535 qui

200 3569 339 3613 vere
365 3558 582 3627 sapiens
610 3567 691 3615 est
714 3602 730 3628 ,
764 3554 1188 3629 insipientiorem
1221 3569 1279 3614 se
1306 3554 1555 3614 omnibus
1584 3554 1787 3622 credit,

196 3657 257 3707 et
285 3648 386 3705 ille
415 3663 539 3707 vere
566 3657 650 3705 est
676 3650 925 3720 sapiens,
958 3650 1049 3721 qui
1088 3649 1343 3720 quidquid
1381 3650 1505 3705 boni
1546 3648 1718 3720 sapit,
1760 3659 1792 3702 a

198 3738 323 3798 Deo
352 3755 409 3796 se
436 3741 705 3811 accepisse
736 3749 982 3797 testatur.
1030 3740 1278 3796 Nondum
1308 3741 1571 3810 cognovit,
1612 3754 1790 3810 quem-

194 3834 489 3889 admodum
530 3844 762 3906 oporteat
805 3851 921 3891 eum
958 3836 1105 3891 scire.
1148 3836 1249 3903 Qui
1290 3836 1388 3891 sibi
1432 3835 1612 3891 tribuit
1652 3834 1793 3905 quod

200 3929 313 3985 scit
341 3939 437 3997 per
461 3928 678 3983 stultam
706 3929 1178 3998 praesumptionem
1199 3967 1215 3994 ,
1246 3928 1416 3983 nescit
1443 3927 1793 3998 quemadmo-

200 4020 341 4077 dum
370 4031 614 4091 oporteat
638 4036 759 4078 eum
789 4023 951 4078 scire.
982 4022 1044 4078 Si
1069 4023 1184 4093 quis
1210 4030 1376 4077 autem
1402 4023 1565 4092 diligit
1596 4022 1758 4075 Deum
1777 4062 1792 4089 ,

202 4112 291 4167 hic
324 4114 552 4184 cognitus
580 4122 653 4171 est
682 4116 745 4170 ab
788 4132 867 4171 eo.
909 4114 1249 4172 Edillcando
1288 4116 1580 4171 Ecclesium
1623 4115 1797 4186 diligit

203 4205 383 4263 Deum
404 4247 419 4275 ,
448 4209 573 4279 quia
604 4216 661 4265 et
686 4211 992 4280 proximum
1021 4211 1165 4266 hunc
1190 4209 1341 4265 novit
1364 4209 1642 4276 Dominus,
1674 4210 1797 4279 quia

198 4302 461 4370 cognovit
490 4302 749 4358 Dominus
780 4305 870 4373 qui
895 4312 1020 4357 sunt
1044 4304 1182 4372 ejus.
1216 4303 1291 4357 De
1322 4305 1444 4357 escis
1476 4313 1645 4355 autem
1684 4316 1798 4371 qua:

200 4391 365 4447 idolis
390 4391 742 4458 immolantur,
764 4395 948 4447 scimus
974 4395 1093 4461 quia
1114 4392 1243 4445 nihil
1265 4401 1337 4445 est
1359 4393 1557 4445 idolum
1583 4393 1633 4444 in
1655 4407 1801 4444 mim-

198 4484 305 4548 do,
332 4482 537 4551 etquod
566 4482 740 4536 nullus
768 4489 842 4536 est
872 4480 1042 4548 Deus,
1072 4483 1173 4536 nisi
1200 4497 1352 4537 unus.
1384 4481 1629 4550 Repetit,
1658 4479 1799 4551 quod

197 4571 465 4641 superius
493 4571 730 4639 dixerat,
763 4572 999 4642 scimus,
1034 4587 1088 4628 et
1118 4570 1246 4643 quid
1276 4571 1345 4627 sit
1374 4570 1605 4627 ostendit
1630 4597 1645 4641 ,-
1675 4572 1797 4641 quia

1893 3372 2083 3430 lutem.
2114 3372 2302 3428 Nonne
2329 3370 2507 3427 Jesum
2535 3371 2816 3426 Dominum
2842 3381 3073 3426 nostrum
3097 3371 3236 3426 vidi?
3255 3369 3478 3438 Quando

1891 3464 1939 3519 ei
1970 3464 2218 3533 apparuit
2248 3463 2304 3518 in
2330 3465 2436 3518 via.
2471 3461 2663 3517 Nonne
2690 3477 2817 3532 Opus
2842 3478 3008 3516 meum
3033 3478 3119 3517 vos
3143 3463 3260 3517 estis
3288 3463 3341 3516 in
3368 3460 3478 3515 Do-

1892 3557 2031 3611 mino
2054 3556 2078 3609 ?
2110 3555 2176 3613 Et
2206 3555 2250 3611 si
2280 3556 2398 3610 aliis
2426 3572 2527 3610 non
2555 3572 2667 3610 sum
2702 3554 2967 3625 apostolus
2986 3595 3002 3623 ,
3030 3556 3120 3611 sed
3148 3566 3312 3611 tamen
3338 3555 3479 3610 vobis

1890 3664 2025 3704 sum.
2058 3645 2214 3716 Aliis,
2248 3647 2314 3703 ad
2355 3660 2490 3718 quos
2538 3660 2643 3702 non
2691 3661 2807 3702 sum
2851 3646 3067 3702 missus.
3117 3645 3257 3701 Nam
3298 3647 3478 3717 signa-

1894 3742 2068 3796 culum
2101 3743 2419 3811 apostolatus
2448 3742 2546 3795 mei
2576 3757 2662 3795 vos
2688 3741 2805 3795 estis
2832 3739 2889 3793 in
2929 3739 3174 3795 Domino.
3219 3736 3478 3795 Indicium

1894 3833 2227 3904 apostolatus
2258 3834 2365 3890 mei
2395 3842 2508 3899 est,
2540 3831 2683 3903 quod
2709 3844 2806 3887 vos
2832 3829 3142 3888 credidistis
3168 3832 3221 3886 in
3256 3831 3483 3887 Domino

1896 3942 1994 3999 per
2037 3944 2144 3984 me.
2192 3927 2311 3983 Mea
2354 3926 2583 3999 defensio
2623 3925 2763 3998 apud
2791 3942 2876 3982 eos
2903 3927 2991 3998 qui
3020 3944 3101 3982 me
3129 3928 3478 3999 interrogant,

1898 4025 2006 4079 [me
2035 4033 2131 4078 est.
2162 4023 2265 4079 Per
2306 4024 2422 4078 haec
2451 4021 2711 4078 defendor
2740 4036 2861 4077 esse
2901 4022 3196 4093 apostolus.
3231 4022 3485 4094 Nunquid

1902 4132 2004 4171 non
2052 4116 2297 4169 habemus
2338 4122 2635 4185 potestatem
2661 4114 3009 4168 manducandi
3046 4122 3093 4166 et
3126 4113 3362 4167 bibendi?
3410 4114 3487 4169 De

1899 4217 2083 4264 vestro
2113 4209 2231 4261 sine
2261 4206 2446 4263 labore
2477 4216 2686 4261 nostro.
2721 4205 2976 4273 Nunquid
3003 4220 3105 4258 non
3131 4205 3369 4258 habemus
3395 4220 3490 4273 po-

1902 4305 2135 4351 testatem
2162 4312 2393 4351 sororem
2414 4297 2683 4349 mulierem
2706 4292 3159 4347 circumducendi?
3182 4294 3310 4360 Qua:
3334 4293 3490 4351 nobis

1907 4389 2259 4443 ministraret.
2294 4387 2411 4443 Non
2440 4387 2576 4442 dixit
2608 4385 2874 4452 ducendi,
2903 4384 2995 4442 sed
3023 4386 3486 4459 circumducendi,

1911 4496 1979 4537 ne
2010 4480 2131 4551 quis
2160 4479 2227 4537 de
2256 4495 2427 4537 uxore
2457 4494 2553 4536 sua
2580 4478 2754 4550 ipsum
2780 4479 2981 4536 dixisse
3008 4488 3237 4550 putaret.
3269 4480 3417 4538 Sicut
3441 4490 3490 4537 et

1906 4575 2074 4631 cwteri
2101 4575 2359 4646 apostoli,
2392 4585 2439 4629 et
2466 4574 2651 4644 fratres
2682 4570 2921 4640 Domini,
2954 4582 3004 4628 et
3036 4571 3252 4645 Cephas.
3282 4572 3396 4630 Non
3427 4574 3491 4631 il—

197 4660 351 4720 nihil
378 4668 461 4717 est
486 4660 706 4717 idolum.
736 4661 878 4717 Nam
904 4670 953 4717 et
980 4662 1023 4717 si
1047 4672 1163 4718 sunt
1188 4663 1274 4732 qui
1302 4663 1539 4715 dicantur
1560 4661 1667 4715 Dii.
1698 4660 1795 4715 Po-
1828 4645 1883 4708 Ῑ)
1908 4668 1989 4725 los
2019 4645 2216 4725 indicat
2244 4686 2256 4723 :
2307 4665 2402 4723 sed
2442 4667 2564 4737 quia
2603 4665 2677 4721 illi
2716 4664 3043 4723 ﬁdelioribus
3089 4666 3487 4739 prtedicahant,

199 4761 323 4812 test
349 4753 455 4810 dici
482 4752 623 4824 quod
646 4754 874 4824 dicatur,
905 4763 961 4811 et
988 4770 1094 4811 non
1121 4755 1211 4812 sit.
1243 4754 1362 4810 Sive
1386 4758 1438 4808 in
1465 4754 1587 4809 coelo
1616 4754 1718 4808 sive
1744 4754 1796 4809 in

203 4854 353 4903 terra
376 4860 396 4900 :
425 4845 676 4915 siquidem
704 4855 823 4901 sunt
854 4846 942 4901 Dii
967 4847 1144 4915 multi,
1176 4854 1222 4901 et
1253 4845 1461 4901 Domini
1490 4847 1677 4901 multi:
1706 4863 1797 4901 no-

207 4941 292 4997 bis
321 4950 487 4997 tamen
504 4956 637 4996 unus
659 4940 797 4996 Deus
823 4938 1001 5008 Pater,
1024 4958 1089 4996 ex
1104 4956 1203 5011 quo
1223 4941 1415 5007 omnia,
1440 4948 1485 4995 et
1512 4956 1601 4994 nos
1628 4940 1795 4994 illum.

210 5034 411 5103 Angeli
442 5040 497 5089 et
524 5032 736 5104 sancti,
768 5030 962 5104 quibus
991 5032 1150 5101 dicit,
1189 5032 1300 5102 Ego
1329 5032 1470 5098 dixi,
1512 5032 1594 5087 Dii
1635 5032 1764 5087 estis
1784 5072 1800 5102 ,

208 5132 270 5178 et
305 5123 555 5190 Domini,
586 5123 759 5181 sancti
790 5136 977 5180 eorum
1007 5138 1142 5193 quos
1181 5122 1525 5192 judicabant,
1568 5122 1696 5179 Sive
1726 5123 1805 5179 sic

214 5213 305 5270 Dii
339 5212 392 5268 in
422 5213 561 5270 coelo
582 5255 597 5280 ,
628 5222 686 5270 et
716 5214 928 5270 Domini
957 5214 1014 5269 in
1047 5222 1211 5269 terra.
1246 5211 1345 5269 Hic
1383 5213 1568 5268 Ariani
1606 5213 1804 5269 calum-

213 5309 461 5377 niantur,
488 5307 759 5365 Christum
788 5308 960 5365 Deum
988 5322 1109 5365 esse
1134 5316 1416 5379 negantes,
1449 5308 1568 5378 quia
1597 5315 1804 5365 tantum

218 5401 489 5457 Dominus
519 5402 840 5473 appellatur.
872 5401 1078 5468 Quibus
1106 5399 1539 5470 respondendum
1581 5406 1701 5455 est:
1745 5398 1805 5456 Si

216 5494 348 5549 ideo
373 5508 481 5548 non
507 5494 616 5549 erit
641 5495 784 5550 Deus
805 5534 820 5560 ,
848 5494 976 5565 quia
999 5508 1136 5551 unus
1164 5493 1303 5550 Deus
1331 5501 1413 5549 est
1442 5490 1620 5559 Pater,
1673 5506 1802 5563 ergo

214 5595 272 5643 et
294 5584 457 5643 Pater
477 5602 586 5643 non
606 5588 710 5643 erit
731 5587 1009 5655 Dominus,
1040 5587 1162 5658 quia
1187 5587 1444 5643 Dominus
1473 5599 1611 5641 unus
1652 5584 1805 5642 Chri-

216 5686 343 5733 stus
384 5676 501 5732 :Et
537 5694 668 5734 unus
716 5678 973 5733 Dominus
1011 5677 1161 5734 Iesus
1210 5677 1467 5743 Christus,
1522 5694 1611 5748 per
1656 5692 1802 5747 quem

214 5768 430 5838 maia,
462 5777 511 5823 et
540 5784 633 5825 nos
661 5786 750 5841 per
775 5770 967 5839 ipsum.
999 5770 1101 5839 Qui
1131 5771 1309 5827 omnia
1342 5785 1408 5825 ex
1437 5768 1605 5825 nihilo
1638 5768 1763 5825 fecit
1786 5810 1799 5837 ,

215 5857 317 5917 Ibi
338 5857 654 5921 Trinitatem
686 5861 941 5933 intelligo.
965 5862 1071 5921 Sed
1096 5878 1197 5919 non
1224 5862 1278 5918 in
1301 5861 1536 5918 omnibus
1560 5869 1631 5919 est
1650 5860 1808 5917 scien-

1907 4760 2125 4818 liberius
2173 4775 2366 4831 panem
2413 4756 2783 4830 quotidianum
2837 4758 3204 4829 accipiebant,
3253 4757 3381 4829 quia
3434 4768 3490 4815 et

1909 4854 2048 4923 apud
2090 4851 2303 4909 Judmos
2344 4853 2461 4909 [nec
2515 4863 2629 4909 erat
2675 4852 3007 4910 consuetudo
3044 4851 3347 4909 doctorum.
3390 4852 3495 4906 Aut

1909 4947 2049 5001 solus
2094 4962 2187 5017 ego
2230 4953 2277 4998 et
2330 4943 2595 5001 Barnabas
2634 4962 2738 5000 non
2774 4944 3019 5001 habemus
3056 4951 3355 5016 potestatem
3394 4943 3492 4997 hoc

1910 5038 2203 5110 aperandi?
2240 5038 2341 5106 Qui
2379 5039 2445 5094 ad
2483 5046 2668 5109 gentes
2698 5039 2847 5097 missi
2885 5052 3093 5096 sumus.
3130 5039 3256 5106 Quis
3283 5036 3489 5091 militat.

1915 5130 2015 5187 Dat
2054 5130 2158 5185 alia
2196 5129 2478 5200 exempla,
2520 5130 2712 5200 quibus
2751 5129 2941 5202 probet
2978 5129 3081 5186 sibi
3112 5128 3350 5185 debitum
3390 5127 3496 5184 hoc

1914 5222 2100 5280 fuisse.
2126 5222 2253 5279 Suis
2274 5223 2544 5295 stipendiis
2570 5223 2836 5296 unquam?
2862 5223 2930 5279 Et
2956 5238 3063 5279 non
3089 5222 3336 5293 publicis.
3367 5220 3496 5286 Quis

1914 5316 2109 5387 plantat
2138 5316 2358 5382 vineam,
2390 5324 2440 5371 et
2472 5316 2537 5371 de
2566 5315 2738 5387 fructu
2764 5316 2877 5387 ejus
2904 5330 3007 5370 non
3035 5314 3193 5369 edet?
3219 5312 3322 5369 Per
3346 5326 3496 5369 com-

1912 5409 2247 5481 parationem
2274 5408 2362 5466 hic
2390 5409 2649 5480 populum
2675 5407 2805 5465 dicit
2828 5408 3071 5477 vineam,
3094 5404 3234 5461 sicut
3256 5404 3362 5475 ibi,
3391 5403 3489 5459 Vi-

1912 5516 2068 5559 neam
2085 5501 2152 5559 de
2173 5500 2407 5573 A‘ngpto
2428 5500 2760 5558 transtulisti.
2788 5499 2915 5567 Quis
2937 5498 3096 5569 pascit
3116 5514 3340 5570 gregem,
3362 5504 3408 5552 et
3431 5498 3496 5555 de

1911 5592 2042 5650 lacte
2056 5596 2221 5666 gregis
2252 5610 2353 5650 non
2373 5593 2686 5649 manducal?
2708 5593 2774 5649 Et
2800 5590 2940 5649 dabo
2966 5590 3118 5648 vobis
3140 5600 3383 5663 pastores
3404 5605 3493 5649 se-

1908 5683 2146 5742 cundum
2178 5698 2275 5743 cor
2303 5700 2520 5754 meum,
2552 5694 2607 5741 et
2640 5691 2863 5755 pascent
2895 5697 2990 5740 vos
3024 5697 3148 5739 cum
3184 5681 3496 5753 disciplina.

1917 5774 2168 5849 Nunquid
2191 5780 2467 5835 secundum
2495 5778 2750 5833 hominem
2775 5776 2885 5834 hinc
2912 5776 3062 5834 dico?
3088 5777 3169 5834 Ex
3196 5791 3305 5834 me.
3336 5774 3419 5830 An
3445 5781 3500 5830 et

1913 5867 1998 5927 les
2025 5870 2132 5929 htcc
2160 5887 2261 5928 non
2291 5870 2456 5929 dicit?
2488 5869 2751 5944 Scriptum
2779 5877 2853 5930 est
2880 5869 3012 5933 enim
3038 5869 3095 5930 in
3133 5869 3243 5942 lege
3280 5860 3455 5935 M0335
3476 5898 3497 5935 ι
