4004 6354
498 473 598 531 59.7

1606 443 1903 506 PRIMASll
1940 433 2388 499 ADRUMETANI
2426 430 2638 489 EPISC.

3668 417 3786 473 528

501 589 625 645 Non
653 581 887 655 alligabis
917 593 972 633 os
1000 574 1110 631 bovi
1139 567 1418 627 trituranti.
1449 564 1641 622 Omnia
1674 562 1809 631 legis
1837 559 2080 615 testimo-
2106 556 2159 617 Α
2185 554 2361 607 dicaris
2387 550 2530 655 isinen
2549 550 2753 650 sumptu
2795 556 2980 655 pqnam
3010 536 3369 655 Even-getiam.
3404 533 3557 655 Unde
3596 533 3787 641 habeo
3847 596 3857 641 τ

500 683 604 738 niis
628 650 926 735 conﬁrmat.
954 665 1201 736 Nunquid
1234 662 1296 716 de
1326 659 1481 713 bobus
1508 672 1633 712 cura
1658 662 1733 708 est
1757 652 1864 706 Deo
1889 651 1913 704 ?
1939 650 2083 716 Quo-

501 772 664 828 modo
701 780 829 836 ergo
868 762 934 817 de
970 753 1277 828 passeribus
1316 750 1427 805 Deo
1465 760 1592 803 cura
1629 751 1741 810 est,
1776 751 1829 797 et
1867 742 1922 795 in
1951 739 2087 836 ,Ιοηὲ

505 862 699 917 dicitur
738 827 803 912 de
840 827 1068 913 Ninive,
1107 846 1160 899 in
1200 856 1303 911 qua
1342 848 1466 897 sunt
1504 835 1782 893 hominum
1821 832 1942 902 plus
1984 827 2087 883 120

480 922 694 1014 \millia,
722 954 775 1001 et
804 954 998 1014 pecora
1025 933 1237 992 multa?
1266 930 1372 988 Sed
1409 937 1464 985 et
1502 929 1617 997 ipsa
1656 933 1875 1014 propter
1911 919 2090 1014 homi-

508 1057 632 1099 nem
663 1011 843 1093 creata
872 1038 1015 1088 sunt.
1044 1027 1176 1083 Nam
1203 1022 1486 1079 deliciente
1511 1018 1726 1072 homine
1744 1057 1757 1081 ,
1784 1022 1838 1069 et
1865 1013 1965 1068 ista
1996 1011 2092 1099 de.-

739 1129 819 1181 An
844 1130 1054 1194 prapler
1092 1133 1185 1172 nos
1220 1116 1389 1184 utique
1415 1110 1573 1164 dicit?
1600 1107 1739 1161 Nam
1768 1113 1973 1176 propter
2002 1093 2093 1155 nos

508 1224 681 1290 utique
722 1218 913 1287 scripta
952 1220 1090 1267 sunt.
1139 1206 1393 1275 Quoniam
1431 1201 1570 1256 debet
1612 1201 1665 1254 in
1705 1213 1792 1266 spe
1827 1196 1913 1265 qui
1950 1200 2093 1257 arat,

509 1285 694 1376 arare,
735 1317 785 1362 et
823 1285 907 1377 qui
940 1304 1175 1367 triturat,
1204 1300 1257 1352 in
1285 1312 1374 1366 spe
1404 1298 1601 1365 fructus
1632 1286 1963 1361 percipiendi.
1996 1285 2096 1340 De-

513 1405 608 1461 bet
639 1375 870 1457 fructum
900 1397 981 1451 sui
1011 1404 1231 1465 sperare
1259 1386 1458 1443 laboris
1478 1426 1493 1450 ,
1523 1391 1578 1439 ct
1606 1382 1695 1451 qui
1728 1380 1973 1444 triturat,
2003 1375 2099 1431 de-

515 1496 611 1552 bet
639 1493 707 1549 de
737 1495 851 1561 ipsa
882 1501 1007 1543 area
1036 1482 1383 1539 manducare.
1421 1477 1492 1532 Ut
1528 1489 1623 1545 per
1652 1471 1791 1527 hanc
1820 1478 2101 1536 compara-

517 1587 727 1642 tionem
756 1560 986 1636 libenter
1015 1574 1277 1630 tribuatur
1314 1569 1379 1625 iis
1416 1567 1506 1637 qui
1542 1566 1598 1621 in
1635 1563 1797 1620 verbo
1835 1560 2099 1615 laborant.

518 1677 584 1733 Si
631 1691 722 1731 nos
768 1670 906 1726 vobis
945 1663 1239 1739 spiritualia
1275 1657 1667 1721 seminavimus,
1715 1666 1956 1724 magnum
2006 1656 2103 1704 est.

522 1769 645 1825 Non
674 1772 787 1822 erat
817 1773 1063 1831 magnum
1084 1798 1100 1826 ,
1132 1770 1238 1813 non
1268 1766 1363 1810 vos
1392 1747 1739 1822 gravabamus
1758 1784 1775 1812 ,
1808 1743 1855 1798 si
1881 1740 2106 1797 velimus

524 1860 773 1928 accipere
793 1897 808 1923 ,
841 1854 938 1909 sed
965 1851 1213 1907 nolumus
1242 1852 1458 1916 propter
1484 1854 1600 1895 vos.
1643 1836 1704 1893 Si
1742 1851 1834 1889 nos
1875 1831 2107 1928 carnalia

2189 642 2530 701 mercedem?
2559 649 2612 696 ct
2638 640 2753 710 ipse
2782 636 2886 692 sibi
2916 632 3227 704 respondit,
3269 640 3328 687 ut
3371 630 3536 702 gratis
3564 634 3787 685 annun-
3843 628 3861 699 ξ

2192 738 2335 795 tiem.
2375 736 2443 791 Ut
2472 750 2573 789 non
2602 732 2785 786 abutar
2812 736 3056 800 potestate
3082 742 3199 782 mea
3224 725 3281 779 in
3314 722 3617 795 Evangelia.
3648 720 3786 777 Sive
3846 722 3852 744 λ

2194 844 2264 885 ne
2306 834 2423 883 utar
2468 830 2731 895 potestate
2769 834 2929 891 quam
2975 817 3181 888 accepi.
3225 815 3351 873 Sive
3387 814 3516 870 dum
3554 813 3791 869 voluero

2196 916 2460 987 accipere,
2488 913 2649 969 vilem
2686 911 2877 967 faciam
2925 916 3240 979 potestatem
3271 919 3468 971 meam,
3500 918 3625 961 cum
3659 918 3791 975 pro-

2202 1020 2318 1080 pter
2364 1016 2608 1065 ventrem
2651 1018 2830 1060 meum
2882 1002 3077 1058 docere
3130 1001 3436 1056 existimor.
3468 997 3613 1053 Nam
3669 1012 3794 1050 cum

2204 1101 2328 1155 liber
2352 1115 2511 1154 essem
2544 1113 2607 1153 ea:
2648 1094 2901 1160 omnibus,
2949 1092 3176 1146 omnium
3212 1107 3294 1145 me
3330 1105 3532 1145 servum
3560 1088 3686 1157 feci,
3733 1094 3797 1139 ut

2203 1194 2373 1265 plures
2415 1190 2789 1260 lucrifacerem.
2839 1187 2974 1242 Cum
3021 1185 3223 1255 possim
3251 1184 3327 1238 uti
3358 1182 3612 1239 libertate
3644 1194 3791 1249 mea,

2206 1290 2261 1338 et
2288 1282 2355 1336 de
2384 1280 2594 1337 caneris
2623 1294 2729 1334 non
2759 1291 2969 1343 curare,
2998 1276 3249 1330 omnibus
3276 1282 3452 1329 tamen
3474 1280 3796 1341 compassu‘s

2206 1387 2345 1438 sum,
2373 1379 2431 1427 ut
2459 1385 2551 1427 cos
2579 1370 2865 1426 salvarem.
2891 1367 2959 1421 Et
2988 1368 3151 1437 factus
3179 1382 3294 1419 sum
3315 1363 3518 1419 Iudaeis
3547 1358 3795 1430 tanquam

2207 1460 2446 1529 Judwus,
2467 1469 2521 1515 ut
2548 1459 2759 1514 Judteos
2794 1459 3039 1511 lucrarer.
3067 1454 3290 1524 Quando
3316 1469 3376 1512 se
3406 1454 3711 1527 puriﬁcavit
3741 1454 3798 1508 in

2208 1554 2432 1623 templo,
2475 1552 2616 1622 quod
2648 1562 2889 1620 tempore
2931 1549 3117 1620 gratiae
3162 1557 3385 1605 noverat
3433 1562 3556 1604 esse
3602 1561 3795 1617 super-

2210 1644 2397 1702 ﬂuum.
2455 1643 2555 1698 llis
2598 1645 2687 1714 qui
2713 1642 2804 1697 sub
2843 1643 2951 1713 lege
2977 1649 3115 1708 sunt,
3166 1641 3311 1709 quasi
3340 1639 3432 1695 sub
3472 1639 3587 1709 lege
3614 1653 3796 1693 essent.

2213 1735 2459 1793 Ostendit
2486 1733 2757 1804 quomodo
2788 1732 2946 1788 fuerit
2969 1746 3090 1788 cum
3117 1733 3197 1788 eis
3238 1740 3290 1788 et
3316 1732 3430 1803 ipse
3451 1730 3697 1796 ludens,
3740 1736 3797 1786 ut

2215 1830 2266 1885 ei
2284 1830 2500 1885 daretur
2524 1826 2737 1885 occasio
2760 1824 3079 1897 praedicandi
3098 1825 3197 1880 eis.
3223 1824 3347 1879 Cum
3374 1824 3486 1893 ipse
3514 1838 3620 1877 non
3645 1836 3799 1877 essent

522 1912 987 2006 ves‘tr'a'me'tamus.
1021 1912 1361 2010 Quaecunque
1388 1929 1690 1989 necessaria
1729 1934 1872 1982 sunt.
1916 1922 1977 1980 Si
2014 1920 2106 1975 alii
2141 1943 2191 2005 Β
2222 1921 2313 1976 sub
2347 1922 2474 1993 lege,
2512 1929 2567 1974 ut
2599 1935 2685 1975 eos
2712 1918 2797 1988 qui
2841 1917 2931 1972 sub
2955 1919 3063 1987 lege
3103 1926 3247 1971 erant
3277 1915 3660 1985 lucrifacerem.
3685 1912 3801 1969 Non

525 2041 789 2115 potestatis
809 2049 984 2095 vestrw
1004 2033 1278 2108 participes
1304 2036 1453 2094 sunt,
1476 2039 1635 2096 quare
1659 2038 1761 2075 non
1789 2019 1958 2091 potius
1982 2016 2108 2071 nos?

525 2108 640 2191 Sed
669 2149 768 2189 non
800 2132 877 2186 usi
904 2144 1079 2184 sumus
1107 2127 1202 2179 hac
1228 2130 1494 2195 potestate.
1527 2118 1603 2173 De
1652 2108 2117 2187 pseudoapostolis

527 2223 693 2291 dicit,
724 2221 918 2292 quibus
948 2232 1056 2273 non
1084 2215 1399 2279 debebatur,
1439 2211 1529 2282 qui
1558 2206 1693 2264 nihil
1722 2206 1825 2261 illis
1854 2201 2118 2273 praestite-

529 2324 672 2372 rant.
707 2314 815 2370 Sed
845 2310 1018 2366 omnia
1049 2307 1378 2362 sustinemus.
1410 2304 1476 2357 Et
1505 2301 1700 2355 famam
1725 2340 1740 2366 ,
1772 2305 1825 2352 et
1854 2295 1997 2350 sitim
2019 2331 2034 2357 ,
2066 2298 2122 2348 et

530 2404 852 2462 nuditatem.
896 2401 980 2455 Ne
1026 2397 1165 2469 quod
1210 2392 1581 2463 o/fendiculum
1619 2393 1791 2443 demus
1841 2383 2121 2455 Evangelia

536 2494 750 2550 Christi.
783 2490 858 2546 Ne
885 2490 939 2545 in
966 2489 1144 2559 aliquo
1168 2486 1449 2556 displiceat
1474 2480 1783 2553 praedicatio
1808 2485 1988 2534 nostra
2008 2514 2023 2541 ,
2054 2488 2125 2531 ne

534 2586 615 2645 illi
644 2586 836 2656 quibus
866 2584 1321 2655 evangelizamus,
1353 2593 1447 2648 per
1472 2592 1571 2633 nos
1594 2575 1899 2641 oﬁendant,
1931 2571 2124 2627 adver-

539 2677 698 2733 sariis
722 2676 1005 2733 occasione
1032 2680 1252 2742 accepta
1291 2668 1693 2725 devorantibus.
1736 2662 1958 2719 Nescitis
1999 2674 2128 2730 quo-

541 2771 684 2825 niam
722 2770 807 2841 qui
833 2769 887 2824 in
916 2767 1144 2823 sacrario
1172 2770 1469 2836 operantur,
1498 2776 1611 2832 qua:
1648 2760 1711 2813 de
1746 2756 1973 2812 sacrario
2010 2760 2129 2809 sunt

541 2863 738 2920 edant?
769 2862 867 2928 Qui
895 2859 1084 2915 altario
1115 2857 1403 2913 deserviunt
1429 2870 1547 2909 cum
1577 2852 1764 2906 altario
1796 2848 2127 2919 participant.

545 2953 701 3024 Apud
725 2952 935 3009 Judaros
960 2950 1254 3024 secundum
1281 2947 1474 3018 legem.
1503 2943 1590 2998 Ila
1614 2952 1663 2997 et
1691 2940 1948 2996 Dominus
1973 2938 2129 2991 ador-

545 2965 701 3024 Apud
725 2965 935 3009 tuumos
960 2965 1019 3007 se
1128 2965 1254 3009 dum
1281 2965 1474 3018 regem.
1503 2965 1590 2998 ua
1614 2965 1663 2997 ει
1691 2965 1947 2996 υυηηιηιε
1973 2965 2129 2991 uuw-

545 3047 685 3102 navit
712 3046 777 3100 iis
806 3048 895 3115 qui
920 2965 1258 3116 Eracﬁum
1297 3039 1604 3095 annuntiant
1643 3036 1706 3090 de
1744 3034 2026 3105 Evangelia
2055 3030 2132 3086 vi-

544 3155 681 3195 vere.
711 3137 859 3196 Sicut
887 3136 1048 3206 dicit,
1087 3136 1287 3205 Dignus
1314 3141 1397 3189 est
1424 3129 1703 3201 operarius
1734 3126 1982 3183 mercede
2009 3136 2126 3181 sua.

544 3230 686 3288 Dicit
714 3229 1039 3300 Apostolus,
1072 3228 1235 3283 licere
1266 3225 1367 3281 sibi
1396 3223 1611 3295 quidem
1643 3232 1697 3278 et
1734 3219 2057 3292 permissum
2096 3230 2130 3273 a

2225 2023 2309 2071 est
2336 2014 2435 2069 sub
2456 2013 2595 2082 lege,
2629 2026 2747 2082 quae
2768 2009 3002 2082 parvulis
3025 2009 3149 2063 data
3175 2016 3277 2077 eSt,
3305 2008 3397 2078 qui
3425 2006 3601 2076 gratia
3622 2005 3803 2077 implet

2218 2108 2424 2178 legem;
2467 2106 2612 2175 justo
2638 2104 2780 2158 enim
2812 2104 2900 2159 lex
2950 2116 3057 2159 non
3084 2111 3168 2158 est
3206 2102 3400 2173 posita.
3432 2100 3537 2155 His
3563 2101 3658 2171 qui
3700 2098 3802 2153 sine

2220 2200 2329 2270 lege
2351 2206 2516 2265 erant,
2547 2206 2785 2265 tanquam
2813 2196 2922 2250 sine
2943 2196 3049 2267 lege
3076 2211 3252 2262 essem,
3288 2210 3406 2249 cum
3434 2194 3547 2249 sine
3572 2194 3684 2263 lege
3711 2192 3803 2246 Dei

2222 2306 2323 2346 non
2353 2304 2531 2345 essent.
2562 2290 2607 2344 A
2630 2287 2918 2358 gentilibus
2940 2287 3171 2357 primum
3198 2286 3364 2342 solam
3396 2285 3561 2342 ﬁdem
3595 2298 3803 2355 quaere-

2223 2383 2368 2451 bam,
2400 2382 2549 2453 quasi
2577 2396 2685 2437 non
2711 2381 3263 2455 haberem‘praecepta
3284 2380 3421 2450 legis
3447 2379 3671 2445 Christi,
3693 2391 3805 2448 qua

2224 2474 2345 2530 illos
2367 2474 2657 2529 observare
2680 2472 2953 2528 docerem.
2990 2472 3097 2527 Sed
3120 2474 3173 2525 in
3198 2472 3302 2543 lege
3322 2488 3485 2526 essem
3514 2470 3729 2537 Christi,
3756 2477 3806 2525 at

2228 2565 2577 2635 lucrifacerem
2603 2580 2687 2619 eos
2728 2564 2817 2633 qui
2860 2565 2969 2617 sine
2998 2562 3107 2633 lege
3136 2573 3299 2616 erant.
3332 2560 3532 2617 Contra
3564 2562 3799 2627 Arianos,

2228 2656 2320 2728 qui
2340 2666 2535 2727 negant
2572 2655 2847 2712 Christum
2877 2670 2998 2712 esse
3022 2656 3210 2711 Deum.
3260 2656 3392 2710 Nam
3422 2669 3545 2711 cum
3572 2653 3725 2721 dicit,
3754 2669 3807 2709 se

2230 2749 2345 2804 sine
2373 2748 2489 2819 lege
2519 2748 2614 2804 Dei
2642 2762 2748 2803 non
2771 2762 2916 2813 esse,
2939 2746 3034 2803 sed
3056 2747 3109 2801 in
3132 2746 3249 2817 lege
3278 2760 3396 2802 esse
3417 2743 3642 2811 Christi,
3668 2744 3807 2799 Chri-

2232 2851 2373 2899 stum
2396 2843 2563 2898 Deum
2582 2856 2702 2897 esse
2731 2842 2945 2897 fatetur.
2966 2840 3160 2894 Factus
3180 2856 3291 2905 sum
3311 2840 3530 2909 in/irtnis
3553 2839 3809 2908 inﬁrmus,

2233 2944 2289 2989 ut
2341 2935 2571 3003 inﬁrmos
2615 2934 2994 3004 lucrifacerem.
3025 2930 3156 2987 Cum
3202 2931 3428 2986 inﬁrmis
3480 2932 3625 2985 olera
3669 2944 3813 2985 man-

2233 3026 2445 3093 ducavi,
2470 3039 2593 3081 cum
2622 3039 2835 3095 possem
2875 3038 3063 3080 carnes
3092 3023 3421 3079 manducare
3454 3023 3567 3077 sine
3592 3023 3812 3078 timore.

2234 3119 2334 3176 Vel
2359 3120 2491 3176 illud
2516 3136 2531 3175 :
2556 3121 2669 3190 Ego
2698 3134 2786 3176 me
2811 3119 2944 3176 nihil
2968 3119 3209 3189 iudicavi
3240 3121 3381 3176 scire
3410 3120 3546 3175 inter
3565 3134 3692 3189 vos,
3715 3121 3811 3176 nisi

2235 3214 2506 3271 Christum
2523 3214 2731 3283 Iesum,
2755 3222 2810 3271 et
2832 3214 2976 3270 hunc
3002 3213 3338 3270 cruciﬁxum.
3377 3213 3628 3267 Omnibus
3653 3214 3814 3267 omnia

545 3323 773 3380 Domino
795 3337 935 3391 esse,
958 3328 1017 3377 ut
1033 3322 1120 3393 qui
1143 3318 1488 3389 Evangelium
1510 3315 1846 3382 annuntiant,
1870 3314 1937 3369 de
1957 3313 2135 3368 Evan-
2160 3313 2206 3377 Ο
2240 3310 2408 3380 [actus
2428 3324 2563 3363 sum.
2585 3306 2699 3363 Non
2727 3306 2859 3362 mihi
2883 3307 3083 3377 aliquid
3104 3321 3349 3377 quaerens
3370 3306 3515 3377 quod
3535 3306 3672 3361 mihi
3699 3306 3815 3361 utile

546 3418 685 3489 gelio
714 3418 919 3484 vivant,
951 3415 1003 3470 id
1048 3422 1164 3480 est,
1214 3413 1281 3469 de
1319 3411 1607 3480 Evangelio
1647 3409 1877 3463 habeant
1913 3421 1975 3461 ea
2013 3418 2133 3474 quas

546 3508 673 3566 huic
712 3509 836 3564 vitae
874 3513 999 3562 sunt
1037 3504 1379 3571 necessaria,
1419 3502 1515 3557 sed
1555 3509 1735 3555 tamen
1774 3514 1833 3553 se
1870 3511 1978 3552 non
2016 3509 2134 3552 esse

544 3602 773 3658 abusum
809 3599 910 3654 hac
946 3603 1229 3668 potestate.
1272 3596 1443 3651 Erant
1470 3593 1612 3648 enim
1640 3591 1826 3655 multi,
1855 3588 1946 3658 qui
1961 3602 2134 3670 occa:

545 3692 753 3749 sionem
797 3690 997 3745 habere
1044 3686 1331 3755 cupiebant
1373 3672 1742 3753 acquirendi,
1767 3690 1821 3736 et
1864 3663 2135 3735 vendendi

548 3782 896 3861 Evangelium
920 3820 935 3846 ,
971 3778 1164 3850 quibus
1200 3791 1320 3834 eam
1360 3777 1546 3831 volens
1584 3783 1863 3844 amputare
1902 3775 2134 3842 Aposto-

549 3874 673 3943 lus,
722 3874 969 3929 manibus
1016 3870 1131 3927 suis
1174 3871 1373 3926 victum
1426 3883 1582 3925 suum
1633 3867 1898 3924 toleravit.
1938 3866 2015 3923 De
2053 3866 2136 3922 his

553 3967 700 4025 enim
730 3965 839 4021 alio
869 3964 988 4020 loco
1015 3964 1185 4020 dicit:
1219 3963 1289 4019 Ut
1314 3971 1584 4032 amputem
1625 3962 1963 4017 occasionem
1983 3999 2000 4027 ,
2047 3959 2138 4029 qui

550 4066 797 4132 qumrunt
833 4060 1193 4115 occasionem.
1237 4058 1547 4129 Quanquam
1587 4057 1746 4113 etiam
1786 4057 1922 4111 sicut
1959 4054 2138 4109 caeteri

547 4153 677 4211 boni
706 4152 935 4224 apostoli
974 4151 1238 4221 permissu
1275 4149 1487 4206 Domini
1529 4149 1700 4220 possit
1737 4148 1805 4204 de
1845 4145 2139 4216 Evangelio

548 4248 765 4315 vivere,
814 4254 990 4301 tamen
1039 4258 1144 4299 non
1192 4244 1248 4299 in
1291 4257 1356 4299 eo
1404 4243 1547 4297 victu
1593 4240 1931 4297 constituerit
1978 4239 2139 4293 ﬁnem

550 4337 985 4410 cvangelizandi,
1030 4346 1089 4392 ut
1132 4350 1239 4392 non
1287 4334 1407 4391 ideo
1444 4333 1873 4405 evangelizaret,
1914 4340 1972 4385 ut
2011 4344 2138 4399 per-

545 4433 759 4488 veniret
786 4431 852 4485 ad
882 4431 1059 4486 cibum
1081 4471 1096 4497 ,
1129 4439 1183 4485 et
1222 4430 1265 4483 si
1308 4443 1411 4499 qua
1450 4436 1575 4483 sunt
1616 4427 1742 4482 talia
1784 4423 2139 4481 necessaria?

548 4523 645 4577 sed
674 4522 796 4576 ideo
825 4522 927 4576 ista
954 4530 1223 4586 sumeret,
1254 4529 1311 4575 ut
1347 4520 1481 4574 illud
1510 4520 1790 4589 impleret,
1816 4533 1884 4573 ne
1910 4530 2017 4572 non
2044 4529 2141 4569 γοα

548 4613 671 4668 lens
690 4651 705 4678 ,
738 4611 832 4666 sed
864 4612 1186 4667 necessitate
1216 4611 1625 4679 evangelizaret.
1660 4608 1771 4680 Ego
1799 4618 1969 4662 autem
1995 4605 2140 4660 nullo

2237 3409 2344 3459 est.
2377 3400 2447 3456 Ut
2471 3415 2644 3456 omnes
2669 3400 2891 3469 facerem
2921 3400 3109 3455 salvos.
3131 3398 3511 3471 Cogitaudum,
3533 3400 3658 3470 quia
3691 3399 3815 3453 Deus

2235 3495 2472 3565 suscepit
2509 3492 2806 3561 hominem,
2840 3500 2896 3549 et
2924 3506 3045 3547 cum
3075 3499 3220 3547 esset
3261 3493 3380 3548 sine
3424 3500 3673 3561 peccato,
3706 3504 3813 3560 pec-

2236 3594 2355 3644 cata
2379 3594 2566 3643 nostra
2589 3584 2848 3656 portavit.
2882 3584 3199 3654 Nosiautem
3228 3584 3471 3639 homines
3487 3597 3681 3638 sumus
3710 3596 3816 3653 pec-

2238 3690 2472 3750 calores.
2500 3676 2854 3733 Considerare
2874 3675 3133 3731 debemus
3154 3675 3295 3745 quod
3316 3674 3700 3744 mgritudinem
3720 3673 3816 3728 sive

2239 3770 2456 3838 animm,
2489 3769 2602 3826 sive
2628 3768 2894 3839 corporis,
2917 3781 3078 3837 quam
3105 3768 3159 3822 in
3185 3766 3402 3821 homine
3423 3766 3533 3820 alio
3561 3765 3815 3829 videmus,

2238 3865 2400 3920 etiam
2430 3871 2486 3919 et
2536 3876 2635 3918 nos
2674 3860 2877 3917 habere
2905 3861 3198 3929 potuimus,
3234 3868 3325 3915 aut
3374 3872 3691 3929 possumus.
3723 3857 3818 3912 [loc

2240 3970 2370 4025 ergo
2398 3953 2749 4009 exhibeamus
2778 3951 2830 4007 ei
2857 3950 3010 4022 cujus
3041 3950 3403 4006 inﬁrmitatem
3437 3955 3658 4020 portare
3685 3948 3821 4005 vola.

2241 4064 2382 4118 mus,
2424 4048 2564 4118 quod
2604 4047 2674 4102 ab
2705 4046 2798 4101 illo
2826 4046 2981 4102 nobis
3006 4045 3234 4102 velimus
3274 4044 3537 4111 exhiberi,
3572 4044 3622 4100 si
3654 4059 3750 4100 nos
3774 4043 3821 4097 in

2241 4155 2304 4196 ea
2328 4152 2587 4207 essemus,
2615 4148 2669 4194 et
2694 4138 2809 4208 ipse
2829 4152 2937 4193 non
2963 4147 3125 4193 esset.
3152 4136 3231 4192 Ad
3263 4137 3402 4207 quod
3428 4136 3671 4205 pertinet
3697 4153 3715 4193 :
3741 4135 3817 4190 la-

2243 4232 2416 4288 vicem
2444 4245 2607 4286 onera
2637 4239 2818 4285 vestra
2848 4236 3078 4300 portate.
3116 4228 3301 4283 Omnia
3333 4237 3505 4283 autem
3538 4230 3681 4299 facio
3714 4242 3822 4299 pro-

2242 4332 2355 4393 pter
2384 4321 2745 4394 Evangelium,
2791 4328 2847 4377 ut
2894 4306 3531 4393 particeps'cjus’e/ﬁciar:
3570 4306 3742 4377 Ut'in
3767 4332 3823 4374 eo

2242 4417 2470 4473 habeam
2492 4424 2719 4485 partem.
2746 4412 2967 4467 Nescitis
2986 4414 3122 4483 quod
3144 4414 3181 4467 ii
3212 4414 3298 4483 qui
3322 4413 3375 4466 in
3404 4412 3573 4467 stadio
3593 4419 3821 4475 canant,

2244 4528 2417 4567 omnes
2445 4510 2651 4578 quidem
2683 4516 2919 4575 currunt,
2953 4508 3043 4563 sed
3069 4524 3202 4562 unus
3230 4507 3413 4577 accipit
3434 4507 3709 4560 bravium?
3737 4506 3825 4558 Deo

2245 4604 2437 4660 bemus
2459 4614 2646 4658 omnes
2669 4615 2889 4657 currere
2913 4617 2928 4667 ;
2960 4616 3083 4656 nam
3105 4601 3151 4655 si
3178 4600 3251 4655 ibi
3272 4614 3410 4654 unus
3425 4600 3515 4669 qui
3540 4599 3734 4654 vicerit
3750 4610 3828 4649 ac-

550 4704 737 4759 horum
770 4718 891 4757 usus
922 4718 1057 4756 sum.
1091 4702 1213 4756 Non
1238 4703 1418 4772 scripsi
1444 4710 1615 4755 autem
1646 4702 1752 4753 lucc
1773 4740 1788 4765 ,
1818 4707 1875 4753 ut
1902 4701 1975 4752 ita
2014 4699 2144 4767 [iant
2171 4687 2223 4748 D
2249 4697 2399 4766 cipit,
2430 4701 2630 4765 quanto
2659 4693 2831 4762 magis
2860 4706 2980 4762 nos,
3007 4693 3099 4762 qui
3127 4705 3316 4747 omnes
3353 4691 3494 4746 dono
3524 4689 3621 4745 Dei
3658 4700 3827 4759 posse

548 4797 606 4853 in
635 4812 733 4851 me.
766 4795 886 4850 Non
916 4792 1032 4850 haec
1059 4794 1178 4848 ideo
1206 4793 1414 4860 scribo,
1444 4799 1504 4847 ut
1532 4792 1623 4845 ﬁat
1647 4790 1787 4861 quod
1818 4806 1925 4846 non
1951 4798 2034 4846 est
2062 4791 2141 4845 fa-

549 4894 740 4947 ctum:
781 4885 879 4942 sed
917 4884 1070 4942 vobis
1099 4882 1402 4953 exemplum
1436 4880 1664 4937 faciendi
1700 4880 1788 4936 do.
1829 4878 2029 4935 Bonum
2069 4887 2140 4935 est

550 4981 689 5037 enim
728 4980 855 5034 mihi
893 4978 1058 5049 magis
1102 4978 1265 5044 mori,
1309 4992 1459 5047 quam
1500 4983 1554 5031 ut
1574 4976 1793 5048 gloriam
1831 4992 1997 5030 meam
2026 4975 2141 5043 quis

549 5080 783 5128 evacuet.
817 5069 1042 5126 Etiamsi
1072 5068 1274 5123 moriar
1299 5067 1472 5135 fame,
1502 5082 1608 5123 non
1654 5068 1998 5124 evacuabitur
2028 5065 2144 5122 htec

550 5164 754 5237 gloria,
786 5177 946 5234 quam
976 5161 1151 5218 habeo
1188 5160 1479 5216 secundum
1509 5160 1678 5215 Deum
1698 5201 1713 5228 ,
1743 5168 1802 5214 ut
1830 5159 1962 5215 nihil
1990 5175 2020 5213 a
2050 5174 2144 5215 vo-

548 5261 636 5318 bis
678 5260 960 5329 accipiam.
1008 5255 1151 5311 Nam
1196 5257 1240 5310 si
1283 5255 1712 5327 evangeliaavero,
1756 5270 1855 5307 non
1898 5262 1973 5309 est
2018 5253 2144 5307 mihi

549 5353 752 5424 gloria,
784 5352 1057 5407 necessitas
1085 5351 1221 5404 enim
1246 5349 1371 5403 milii
1397 5348 1659 5402 incumbit.
1692 5347 1823 5402 Cum
1854 5347 2033 5401 omnia
2062 5348 2141 5403 fe-

552 5444 738 5500 ceritis
782 5443 977 5509 dicite,
1009 5440 1162 5497 Servi
1206 5438 1424 5493 inutiles
1467 5450 1680 5504 sumus,
1722 5435 1864 5504 quod
1904 5434 2145 5492 debitum

552 5531 734 5591 facere
754 5575 769 5601 ,
803 5534 1049 5589 fecimus.
1079 5531 1171 5586 Va:
1198 5532 1333 5585 enim
1357 5528 1486 5582 mihi
1511 5538 1615 5594 est,
1643 5528 1686 5581 si
1710 5543 1811 5581 non
1831 5529 2146 5599 euangeliza-

554 5640 697 5679 vero.
723 5625 943 5678 Poenam
969 5623 1162 5677 habeo.
1188 5621 1251 5676 Si
1271 5621 1401 5674 enim
1420 5620 1589 5672 volens
1612 5619 1706 5673 hoc
1728 5634 1846 5688 ago,
1872 5622 2148 5677 mercedem

556 5713 739 5767 habeo.
766 5712 829 5767 Si
855 5720 1027 5764 autem
1055 5712 1277 5777 invitus,
1307 5708 1619 5777 dispensatio
1664 5706 1789 5760 mihi
1831 5709 2143 5766 creditoresl.

556 5803 709 5860 Tunc
751 5802 856 5858 erit
888 5800 1240 5854 voluntarium
1260 5836 1276 5863 ,
1310 5798 1354 5851 si
1383 5796 1543 5851 etiam
1574 5796 1809 5851 debitum
1838 5808 2150 5856 contemna-

559 5905 663 5959 tur.
720 5897 850 5961 Qua:
890 5899 962 5949 est
1005 5905 1123 5957 ergo
1163 5902 1349 5941 merces
1392 5891 1543 5944 mea?
1570 5898 1625 5944 ut
1654 5888 1988 5961 Evangelium
2016 5910 2150 5964 prce.

2247 4802 2367 4845 mus
2394 4787 2633 4855 vincere,
2663 4794 2715 4841 et
2746 4799 2933 4841 omnes
2969 4784 3171 4854 pariter
3202 4799 3297 4854 per
3335 4783 3477 4839 illius
3523 4780 3829 4837 misericor-

2248 4880 2389 4936 diam
2419 4877 2707 4935 coronari?
2735 4876 2826 4933 Sic
2848 4877 3055 4943 currite,
3086 4884 3140 4929 ut
3165 4891 3339 4931 omnes
3364 4870 3828 4943 comprehendctis.

2249 4971 2306 5030 Si
2330 4970 2398 5026 ad
2423 4969 2607 5037 fidem,
2633 4967 2767 5023 ﬁdes
2788 4982 2908 5022 cum
2939 4965 3189 5036 operibus
3214 4965 3307 5034 sit,
3335 4965 3381 5021 si
3406 4965 3474 5020 ad
3507 4964 3829 5025 doctrinam,

2248 5064 2491 5122 doctrina
2515 5063 2755 5118 ﬁrmetur
2779 5060 3048 5129 exemplo.
3077 5058 3258 5113 Omnis
3280 5068 3451 5114 autem
3477 5058 3568 5127 qui
3592 5058 3653 5112 in
3678 5070 3829 5129 agone

2250 5158 2528 5224 contendit,
2579 5156 2641 5209 ab
2671 5153 2903 5209 omnibus
2932 5168 2987 5207 se
3014 5153 3254 5207 abstinet.
3296 5150 3365 5207 Et
3406 5149 3500 5205 ille
3544 5151 3757 5221 quidem
3780 5152 3833 5199 ut

2251 5247 2638 5321 corruptibilem
2685 5261 2926 5301 coronam
2972 5244 3214 5313 accipiat.
3263 5244 3346 5300 Ab
3376 5241 3628 5298 omnibus
3676 5238 3831 5303 escis,

2250 5358 2372 5413 quae
2396 5342 2698 5413 impediunt
2722 5354 2961 5409 cursum,
2984 5338 3070 5394 vel
3088 5337 3229 5393 unde
3256 5336 3395 5393 alius
3422 5334 3831 5392 scandalizatur.

2250 5434 2339 5490 Sic
2364 5446 2494 5505 ergo
2519 5446 2817 5499 curramus,
2837 5438 2897 5487 ut
2915 5430 3676 5501 comprehendamuszomnes
3698 5426 3833 5484 enim

2254 5529 2345 5600 qui
2370 5536 2518 5585 recte
2544 5535 2784 5594 currunt,
2811 5525 3297 5595 comprehendunt.
3320 5525 3441 5583 Non
3464 5524 3603 5581 sicut
3635 5523 3695 5579 in
3714 5532 3837 5590 ago-

2256 5634 2324 5676 ne
2351 5619 2632 5687 theatrico,
2665 5634 2853 5675 omnes
2877 5617 3095 5688 quidem
3130 5623 3374 5686 currunt,
3413 5615 3509 5671 sed
3539 5628 3680 5670 unus
3701 5609 3836 5668 acci-

2255 5714 2332 5781 pit
2358 5711 2612 5781 palmam.
2652 5709 2941 5766 Curramus
2981 5708 3272 5777 credendo,
3300 5706 3591 5779 sperando,
3618 5702 3832 5762 deside-

2256 5802 2462 5869 rando;
2496 5816 2773 5860 curramus
2795 5817 2990 5874 corpus
3014 5802 3350 5873 castigando,
3375 5809 3432 5858 et
3452 5796 3832 5869 eleemosynis,

2257 5893 2314 5958 in
2340 5892 2496 5952 bonis
2516 5893 2724 5966 dandis,
2752 5896 3013 5969 malisque
3032 5894 3392 5968 ignoscendis,
3422 5892 3674 5954 hilariter
3689 5898 3748 5950 et
3765 5900 3833 5951 ex
