4004 6354
124 5990 165 6035 ,ί

204 411 316 471 529

996 418 1063 475 IN
1092 414 1475 477 EPISTOLAM
1510 413 1533 470 1
1567 412 1661 472 AD
1695 410 2106 478 CORINTHIOS
2142 416 2657 478 COMMENTARIA.

3373 423 3476 482 550

204 525 378 585 corde
415 525 691 593 faciendo,
743 534 798 586 et
843 531 1170 587 currentium
1218 532 1360 588 Vires
1389 540 1447 587 ut
1480 525 1882 617 adiuventurA
1903 531 2018 601 ejus
2046 533 2137 601 qui
2175 533 2232 588 in
2261 547 2348 590 me
2380 533 2615 604 loquitur
2653 531 2940 590 Christus?
2967 532 3149 605 Neque
3190 548 3478 591 murmura-

203 621 442 688 orando,
482 630 536 677 et
574 624 653 678 sic
683 623 961 680 audiamus
1006 625 1359 696 perfectionis
1387 632 1677 695 prtecepta,
1725 638 1794 679 ne

206 729 436 772 currere
459 716 785 786 negligamus
813 719 879 773 ad
909 719 1295 788 plenitudinem
1319 717 1617 785 eharitatis,
1648 723 1703 772 et
1728 729 1799 773 ne

208 812 375 867 nobis
425 811 737 881 tribuamus,
792 812 933 884 quod
962 815 1248 869 currimus.
1283 811 1395 867 Nos
1425 822 1593 867 autem
1627 811 1797 865 incor-

205 914 441 975 ruptam.
475 903 553 958 llli
584 905 635 959 in
663 906 925 960 incertum
951 913 1192 973 currunt,
1220 905 1341 974 quia
1362 905 1579 961 vincere
1608 916 1797 958 omnes

204 1009 323 1050 non
347 1004 587 1065 possunt.
622 995 733 1067 Ego
758 997 914 1066 igitur
940 998 1012 1051 sic
1037 1012 1213 1062 curro,
1248 1012 1349 1070 non
1379 995 1525 1065 quasi
1548 995 1603 1049 in
1630 995 1797 1048 incer-

204 1095 342 1140 tum.
368 1086 467 1151 Qui
490 1096 705 1156 pmpter
727 1087 1015 1143 humanum
1040 1087 1281 1144 favorem
1310 1088 1586 1157 praedicat,
1620 1086 1796 1142 incer-

202 1183 299 1233 tus
327 1185 410 1233 est
432 1178 499 1233 de
539 1180 805 1236 mercede.
839 1180 930 1236 Sic
955 1197 1148 1251 pugno,
1179 1197 1281 1235 non
1317 1181 1462 1251 quasi
1489 1196 1659 1235 aerem
1686 1196 1797 1235 ver-

204 1271 416 1339 berans,
439 1272 528 1326 sed
550 1274 740 1343 castigo
768 1290 953 1343 corpus
985 1290 1172 1328 meum.
1197 1271 1311 1328 Non
1334 1274 1475 1344 ﬁngo
1496 1282 1793 1337 certamen,

203 1371 305 1417 aut
334 1365 388 1419 in
416 1380 607 1419 vanum
638 1360 833 1435 pugno.
864 1365 934 1420 Et
953 1367 1006 1423 in
1026 1370 1318 1423 seruitutem
1340 1366 1537 1438 redigo,
1569 1383 1632 1421 ne
1661 1365 1797 1434 forte

203 1470 330 1509 cum
356 1456 471 1510 aliis
501 1458 898 1526 prtedicaverim,
927 1472 1023 1528 per
1052 1457 1458 1527 abstinentiam,
1483 1465 1542 1512 ut
1570 1456 1711 1511 Elias
1740 1455 1793 1510 in

204 1547 432 1613 melote,
491 1549 652 1603 Isaias
681 1551 736 1604 in
754 1549 953 1617 cilicio,
985 1560 1040 1606 et
1086 1552 1271 1606 caeteri
1302 1550 1354 1604 in
1387 1548 1636 1616 diversis,
1687 1547 1797 1617 ipse

203 1638 458 1708 reprobus
486 1640 693 1709 efﬁciar.
726 1639 1014 1710 Reprobus
1044 1642 1162 1712 ipse
1195 1640 1443 1709 efficitur,
1469 1640 1560 1712 qui
1587 1646 1795 1695 tantum

203 1730 377 1787 verbo
405 1732 583 1798 docet,
616 1746 725 1789 non
758 1735 1025 1805 exemplo.

1906 624 2097 691 veritis,
2128 625 2258 679 sicut
2286 626 2496 696 quidam
2521 642 2700 681 eorum
2735 635 3208 695 murmuraverunt,
3236 634 3285 681 et
3312 628 3478 701 perie-

1895 725 2018 771 runt
2045 716 2106 769 ab
2137 718 2544 774 exterminatore.
2567 719 2625 773 In
2652 718 3101 775 tribulationibus.
3130 718 3261 774 Hist:
3304 726 3476 774 autem

1899 809 2071 862 omnia
2087 808 2139 862 in
2154 808 2323 878 ﬁgura
2344 810 2701 880 contingebant
2723 810 2848 864 illis.
2868 808 3056 866 Omnia
3073 822 3188 879 qua:
3214 807 3319 865 illis
3347 822 3481 863 con-
3576 818 3585 841 η

1900 899 2133 968 tigerunt
2160 898 2457 955 secundum
2486 900 2624 956 facta
2650 914 2745 956 sua
2774 900 2989 972 quidem
3018 907 3333 969 receperunt
3351 897 3479 955 :sed

1899 1000 2079 1047 tamen
2131 998 2416 1060 propterea
2461 993 2654 1061 scripta
2688 1002 2834 1063 sunt,
2862 1000 2922 1047 ut
2949 1006 3056 1047 non
3087 1006 3185 1048 nos
3230 999 3479 1061 putemus

1900 1081 2118 1150 impune
2169 1093 2392 1149 peccare
2426 1098 2437 1132 :
2467 1081 2513 1135 si
2544 1082 2647 1136 illis
2684 1082 2773 1151 qui
2804 1081 3013 1150 parvuli
3042 1089 3197 1138 erant
3241 1095 3345 1135 non
3384 1094 3482 1150 pe-

1898 1170 2089 1241 percit,
2122 1179 2321 1240 quanto
2348 1171 2518 1240 magis
2547 1172 2726 1239 nobis,
2755 1174 2845 1243 qui
2870 1174 3041 1244 legem
3070 1172 3362 1243 perfectam
3388 1176 3489 1228 ac’-’

1900 1264 2159 1334 cepimus,
2189 1263 2234 1319 si
2262 1279 2369 1319 non
2392 1264 2793 1319 custodiamus?
2826 1266 3035 1334 Scripta
3059 1272 3179 1318 sunt
3214 1272 3384 1319 autem
3413 1263 3481 1316 ad

1903 1356 2271 1427 surreptionem
2314 1365 2563 1425 nostram,
2608 1357 2663 1412 in
2691 1373 2817 1428 qttos
2845 1359 2973 1427 ﬁnes
3002 1361 3304 1416 stcculorum
3332 1358 3482 1413 deue-

1900 1458 2105 1502 nerunt.
2137 1448 2195 1503 In
2220 1463 2355 1518 quos
2386 1456 2493 1505 tota
2522 1447 2778 1519 perfectio
2807 1451 2971 1519 cadit,
3019 1451 3073 1506 id
3102 1459 3206 1521 est,
3239 1449 3479 1519 comple-

1902 1547 2011 1593 tum
2038 1546 2121 1595 est
2150 1540 2291 1609 quod
2336 1539 2409 1595 illi
2437 1540 2524 1595 vel
2555 1540 2936 1610 praedixerunt,
2968 1541 3056 1597 vel
3100 1540 3495 1630 praeﬁgurave-L

1897 1643 2044 1689 runt.
2072 1632 2260 1703 Itaque
2304 1639 2467 1702 quise
2498 1635 2752 1691 existimat
2779 1644 2932 1701 stare,
2983 1636 3149 1690 uideat
3194 1652 3258 1689 ne
3307 1634 3481 1690 cadat.

1899 1724 2004 1781 Per
2026 1725 2129 1781 hoc
2148 1726 2323 1796 ipsum
2350 1726 2493 1796 quod
2519 1742 2579 1782 se.
2600 1737 2751 1797 putat
2777 1738 2941 1795 stare,
2960 1728 3121 1795 cadit,
3145 1728 3272 1785 dum
3287 1740 3483 1797 super-

283 1822 414 1879 CAP.
449 1840 505 1878 x.
540 1824 678 1879 Nolo
701 1826 836 1879 enim
877 1842 962 1881 vos
998 1828 1257 1898 ignorare,
1313 1830 1520 1898 fratres,
1550 1827 1793 1897 quoniam
1825 1894 1860 1898 _
1899 1818 1997 1884 hit,
2026 1826 2080 1872 et
2106 1818 2173 1873 de
2199 1830 2260 1873 se
2283 1818 2574 1887 praesumit.
2614 1817 2847 1873 Tcntatio
2874 1836 2959 1873 vos
2979 1836 3080 1875 non
3106 1818 3481 1892 apprehendat,

203 1924 383 1985 patres
412 1917 575 1972 nostri
604 1934 777 1973 omnes
803 1919 893 1973 sub
920 1894 1052 1974 nube
1073 1894 1409 1990 fuerunthe
1432 1894 1683 1991 quis‘sibi
1703 1927 1795 1975 aut

1900 1909 2001 1965 nisi
2030 1908 2277 1965 humana.
2319 1908 2457 1965 Sunt
2494 1908 2746 1965 humanae
2776 1910 3118 1978 tentationes,
3167 1925 3289 1966 cum
3334 1908 3482 1967 bono

203 2008 270 2064 in
296 2009 563 2080 baptismo
584 2012 833 2077 conﬁdat,
859 2021 951 2069 aut
983 2014 1037 2068 in
1066 2028 1187 2069 esca
1218 2013 1499 2084 spirituali,
1527 2020 1619 2068 aut
1642 2022 1791 2083 potu,

207 2108 271 2154 et
298 2109 447 2169 putet
472 2102 639 2157 Deum
680 2104 782 2159 sibi
821 2120 1065 2173 parcere,
1093 2106 1139 2162 si
1168 2106 1469 2177 peccaverit
1503 2105 1795 2162 criminali-

207 2198 321 2247 ter.
366 2193 553 2248 Omnia
590 2210 707 2266 quae
734 2198 929 2268 popqu
963 2199 1126 2256 lsrael
1169 2200 1304 2255 facta
1333 2208 1456 2254 sunt
1498 2200 1549 2253 in
1604 2198 1790 2268 ﬁgura,

206 2280 369 2335 nobis
400 2285 650 2339 eveniunt
688 2285 743 2341 in
781 2289 1042 2344 veritate:
1072 2289 1208 2342 sicut
1238 2287 1312 2341 illi
1347 2302 1441 2356 per
1476 2287 1694 2357 Moysen
1726 2301 1793 2342 ex

201 2369 443 2441 Egypto
474 2374 681 2431 liberati
711 2386 857 2445 sunt,
889 2380 966 2433 sic
1006 2393 1104 2433 nos
1148 2394 1243 2448 per
1268 2379 1592 2447 baptismum
1623 2393 1655 2435 e
1684 2393 1790 2435 sae-

201 2462 331 2517 culo
365 2479 377 2514 :
409 2464 602 2521 deinde
645 2476 703 2521 ut
732 2470 1106 2525 catechumcni
1140 2485 1236 2539 per
1280 2471 1490 2526 deserta
1520 2470 1790 2539 ducimur,

202 2561 268 2608 ut
296 2568 391 2624 per
420 2558 711 2615 exercitum
752 2562 1130 2618 obliviscamur
1170 2564 1390 2636 IEgypti
1433 2566 1793 2636 voluptatem,

200 2651 262 2699 et
290 2647 592 2704 nesciamus
632 2651 829 2707 reverti
858 2653 912 2708 in
952 2654 1248 2713 saeculum:
1280 2663 1480 2712 etcum
1512 2657 1788 2713 transieri-

197 2748 327 2790 mus
356 2751 526 2803 mare,
576 2740 803 2796 moritur
823 2742 978 2799 nobis
999 2730 1205 2802 Pharao
1234 2760 1354 2801 cum
1378 2748 1619 2802 exercitu
1644 2762 1742 2803 suo
1768 2763 1784 2815 ;

198 2835 396 2895 postea
414 2843 665 2886 mannam
689 2834 1038 2905 accipiemus,
1058 2845 1112 2892 et
1136 2851 1326 2907 aquam
1351 2838 1418 2893 de
1438 2848 1621 2910 petra;
1650 2847 1790 2909 post-

199 2933 267 2976 ea
298 2930 477 2979 autem
508 2925 821 2981 ostendetur
848 2929 1003 2984 nobis
1040 2930 1254 2987 claritas
1293 2932 1563 3009 scientice,
1608 2941 1667 2989 et
1699 2948 1789 2990 re-

197 3010 484 3083 frigerium
533 3018 933 3076 consolationis.
982 3021 1035 3077 Si
1076 3031 1255 3081 autem
1300 3033 1422 3096 post
1464 3024 1566 3081 ista
1606 3025 1789 3081 omnia

197 3107 605 3174 peccaverimus
629 3111 858 3180 capitale
886 3123 1185 3183 peccatum,
1224 3115 1324 3172 ista
1352 3116 1506 3173 nobis
1532 3131 1638 3172 non
1661 3131 1789 3186 pro-

196 3204 353 3252 sunt.
378 3197 483 3254 Sed
506 3206 759 3271 tanquam
790 3204 983 3273 ingrati
1011 3206 1203 3274 majori
1228 3220 1402 3275 poenae
1416 3207 1783 3277 subjiciemur,

197 3288 248 3343 si
279 3303 394 3346 non
421 3290 522 3347 hoc
560 3306 657 3362 per
680 3296 1054 3365 paenitentiam
1080 3297 1368 3369 diluamus,
1413 3301 1550 3356 sicut
1584 3301 1652 3357 ad
1682 3301 1787 3357 He-

194 3379 381 3439 braeos
409 3384 537 3440 dicit
570 3406 583 3440 :
614 3387 821 3443 lrritam
868 3392 986 3459 quis
1015 3391 1219 3447 faciens
1251 3393 1422 3464 legem
1450 3394 1635 3464 Moysi,
1669 3394 1789 3450 sine

194 3474 311 3529 ulla
334 3476 679 3564 miseratione
706 3481 926 3549 punitur
951 3482 975 3535 ?
1003 3484 1217 3550 Quanto
1244 3485 1413 3553 magis
1463 3486 1786 3556 baptismum

200 3564 406 3623 Christi
429 3568 451 3622 ‘l
479 3568 549 3622 Et
574 3586 747 3627 omnes
768 3589 908 3628 mare
933 3576 1262 3631 transierunt.
1287 3576 1430 3632 Mare
1452 3576 1689 3634 Rubrum
1713 3578 1787 3635 si-

192 3658 419 3728 gniﬁcat
444 3662 786 3731 baptismum,
816 3666 1014 3722 Christi
1052 3668 1311 3740 sanguine
1346 3669 1675 3726 decoratum.
1713 3671 1785 3725 Et

194 3767 380 3807 ontnes
404 3754 457 3806 in
486 3753 665 3826 Moyse
696 3757 936 3829 baptizati
971 3768 1113 3816 sunt.
1146 3760 1355 3832 Moyses
1391 3761 1582 3817 ductor
1617 3762 1784 3833 signi-

194 3840 330 3897 ﬁcat
353 3842 662 3912 Christum;
693 3848 919 3917 populus
963 3850 1230 3906 transiens
1260 3851 1526 3920 signiﬁcat
1553 3850 1780 3919 ﬁdeles;

194 3951 349 3993 mors
372 3937 747 4011 (Egyptiorum
782 3942 1048 4010 signiﬁcat
1068 3943 1413 4000 abolitionem
1443 3955 1781 4015 peccatorum

190 4027 248 4083 in
284 4029 427 4086 nube
462 4040 516 4087 et
544 4033 595 4086 in
623 4034 777 4099 mari,
810 4049 928 4104 qua:
969 4036 1138 4091 nubes
1185 4036 1346 4091 habet
1374 4039 1678 4104 humorem,
1725 4038 1781 4094 id

191 4128 303 4184 est,
330 4135 521 4191 aquam
550 4123 818 4193 baptismi.
850 4124 917 4178 Et
962 4141 1133 4181 omnes
1159 4129 1389 4182 eamdem
1428 4143 1597 4182 escam
1621 4128 1779 4196 spiri-

193 4213 353 4267 talem
382 4216 834 4281 ntanducauerunt,
862 4226 907 4271 et
933 4235 1105 4273 omnes
1121 4220 1350 4274 eumdem
1369 4229 1546 4290 potum
1571 4220 1780 4289 spirita-

190 4303 296 4358 lem
324 4305 575 4361 biberunt.
607 4307 853 4363 Bibebant
892 4321 1062 4365 autem
1085 4312 1149 4364 de
1177 4313 1420 4381 spiritali,
1448 4318 1781 4379 consequente

187 4409 279 4448 eos
303 4404 463 4464 petra.
498 4396 653 4451 Petra
673 4408 839 4453 autem
862 4409 969 4452 erat
997 4400 1251 4453 Christus.
1288 4402 1342 4454 ln
1366 4403 1642 4470 mysterio.
1674 4401 1781 4455 Sed

189 4507 298 4545 non
349 4493 404 4545 in
447 4493 678 4561 pluribus
723 4508 899 4545 eorum
938 4494 1300 4561 beneplacitum
1348 4502 1421 4547 est
1469 4492 1594 4546 Deo.
1639 4491 1779 4544 Nam

188 4582 439 4649 prostrati
476 4589 596 4634 sunt
634 4582 687 4634 in
728 4581 948 4638 deserto.
990 4582 1180 4637 Manna
1223 4583 1275 4636 in
1312 4592 1494 4654 typum
1535 4584 1778 4653 corporis

188 4671 415 4727 Christi.
439 4672 569 4727 Haec
597 4682 761 4731 autent
792 4675 845 4727 in
867 4676 1037 4745 ﬁgura
1061 4673 1199 4744 facta
1227 4684 1344 4728 sunt
1374 4675 1553 4742 nostri,
1586 4682 1644 4728 ut
1672 4691 1775 4731 non

184 4766 353 4820 simus
387 4768 798 4835 concupiscentes
836 4768 1108 4837 malorum,
1156 4766 1287 4821 sicut
1315 4776 1361 4823 et
1400 4767 1480 4821 illi
1509 4768 1778 4839 concupie-

184 4867 333 4913 runt.
374 4858 508 4928 Ipsis
548 4869 671 4915 tunc
712 4859 911 4916 veritas
955 4868 1088 4929 erat,
1137 4859 1233 4916 sed
1275 4869 1510 4917 nostram
1549 4860 1773 4931 ﬁguram

186 4951 568 5020 praferebant.
610 4951 791 5021 Neque
819 4953 1105 5008 idololatra:
1123 4942 1433 5022 Zﬁiciamini,
1477 4955 1609 5008 sicut
1654 4956 1773 5026 qui-

186 5043 308 5098 dam
331 5061 394 5100 ea:
418 5046 562 5117 ipsis,
593 5046 1021 5115 quemadmodum
1059 5046 1307 5115 scriptum
1345 5054 1417 5100 est
1449 5060 1468 5100 :
1496 5045 1645 5100 Sedit
1679 5063 1773 5115 po-

188 5137 341 5203 pulus
381 5138 691 5192 manducare
715 5148 761 5193 et
781 5138 969 5205 bibere,
999 5146 1044 5191 et
1073 5146 1400 5191 surrexerunt
1434 5136 1627 5192 ludere.
1660 5137 1771 5193 Ne-

187 5242 284 5295 que
314 5231 645 5299 fornicemur,
674 5230 804 5284 sicut
831 5230 1042 5299 quidam
1063 5244 1126 5283 ea:
1146 5228 1270 5299 ipsis
1298 5228 1535 5299 fornicati
1556 5237 1698 5295 sunt,
1721 5237 1772 5284 et

188 5320 477 5375 ceciderunt
502 5337 607 5375 una
629 5322 710 5376 die
747 5322 925 5393 uiginti
955 5323 1053 5375 tria
1076 5320 1258 5374 millia.
1282 5318 1510 5389 Propter
1535 5320 1657 5375 illos
1675 5320 1767 5389 qui

188 5413 241 5470 in
267 5415 422 5472 idolis
449 5415 852 5472 recumbebant.
882 5415 1061 5485 Neque
1087 5422 1332 5469 tentemus
1358 5414 1646 5480 Christum,
1668 5412 1769 5467 sic-

188 5516 244 5562 ut
288 5511 499 5577 quidam
524 5525 694 5564 eorum
736 5517 1071 5577 tentaverunt,
1102 5516 1147 5563 et
1190 5525 1222 5561 a
1264 5508 1580 5578 serpentibus
1606 5508 1768 5579 peric-

189 5616 323 5659 runt.
357 5606 626 5672 Dicentes,
654 5605 888 5675 nunquid
917 5612 1091 5675 potest
1113 5604 1290 5659 Deus?
1314 5604 1379 5658 Et
1409 5602 1492 5657 hic
1519 5601 1767 5656 Christus

192 5696 326 5751 Deus
366 5698 695 5762 ostenditur,
735 5698 861 5768 quia
900 5699 1155 5768 scriptum
1198 5703 1281 5751 est
1321 5696 1487 5750 Deum
1522 5694 1761 5749 dixisse:

194 5790 253 5843 Et
278 5800 612 5847 teutaverunt
636 5806 739 5845 me.
778 5791 887 5845 lloc
909 5789 1106 5846 decies.
1136 5789 1260 5845 ldco
1282 5796 1467 5845 autem
1494 5787 1622 5843 dicit
1643 5786 1766 5843 illos

195 5890 414 5953 tentare,
444 5884 579 5942 sicut
601 5883 730 5939 dicit
768 5882 872 5939 illis
904 5901 917 5937 :
952 5883 1033 5939 An
1063 5882 1485 5955 experimentum
1530 5879 1767 5951 quaeritis

1895 2004 2125 2075 quisque
2145 2005 2325 2060 animo
2355 2004 2649 2059 secundum
2675 2003 2963 2059 humanam
2994 2012 3200 2060 tantum
3224 2003 3484 2074 fragilita-

1895 2101 2004 2150 tem
2025 2094 2081 2151 in
2104 2094 2284 2165 aliquo
2312 2094 2541 2151 consilio
2564 2094 2779 2162 labitur,
2802 2103 2894 2148 aut
2919 2094 3161 2149 irritatur
3180 2093 3238 2149 in
3260 2096 3481 2150 fratrem

1894 2189 2072 2245 studio
2114 2189 2439 2259 corrigendi,
2482 2191 2640 2259 paulo
2670 2199 2845 2246 tamen
2884 2190 3113 2259 amplius
3142 2204 3302 2261 quam
3330 2188 3482 2244 chri-

1892 2283 2068 2339 stiana
2112 2282 2470 2353 tranquillitas
2512 2284 2751 2352 postulat
2792 2301 2803 2335 :
2847 2282 2915 2337 de
2950 2282 3141 2351 quibus
3192 2281 3482 2352 Apostolus

1893 2370 2024 2427 dicit
2055 2390 2067 2425 :
2101 2372 2351 2428 Tcntatio
2377 2386 2474 2428 vos
2517 2387 2627 2427 non
2652 2371 3042 2443 apprehendat,
3089 2372 3190 2427 nisi
3221 2372 3478 2427 humana.

1892 2460 2066 2517 Nolite
2093 2461 2246 2517 vobis
2272 2461 2402 2532 ipsis
2424 2461 2603 2517 facere
2631 2464 2980 2517 tentationem
3010 2459 3244 2531 aliquam
3274 2476 3287 2513 :
3311 2459 3359 2516 si
3380 2472 3480 2515 vos

1894 2552 2138 2609 homines
2169 2563 2462 2625 coegerunt
2494 2554 2798 2621 tormentis,
2831 2552 3137 2609 consentire
3176 2567 3285 2609 non
3322 2552 3483 2609 debe-

1893 2646 2047 2713 retis,
2071 2653 2130 2699 ut
2156 2660 2186 2699 a
2204 2645 2310 2701 ﬁde
2334 2645 2620 2701 recedatis.
2644 2644 2885 2702 Humana
2910 2644 3134 2703 tentatio
3162 2653 3247 2702 est
3270 2644 3479 2701 arbitrii

1892 2748 2025 2790 vana
2056 2736 2421 2807 praesumptio,
2451 2736 2537 2791 vel
2567 2736 2706 2792 sicut
2732 2737 2850 2809 ipse
2877 2737 3122 2807 superius
3149 2736 3289 2793 dixit
3309 2752 3325 2793 :
3343 2736 3481 2793 Cum

1890 2830 2037 2885 enim
2064 2829 2134 2884 sit
2162 2830 2303 2885 inter
2330 2843 2425 2885 vos
2456 2829 2625 2898 zelus,
2654 2838 2709 2886 et
2748 2830 3041 2898 aemulatio,
3072 2843 3253 2887 nonne
3301 2829 3481 2886 homi-

1889 2934 1990 2977 nes
2029 2920 2192 2987 estis,
2230 2930 2285 2975 et
2320 2920 2614 2976 secundum
2658 2920 2931 2976 hominem
2965 2920 3295 2978 ambulatis?
3335 2920 3479 2989 Quid

1892 3020 1999 3067 tam
2024 3010 2337 3079 humatum),
2368 3026 2529 3082 quam
2548 3012 2617 3068 de
2643 3012 2868 3070 occultis
2892 3013 3169 3068 hominum
3195 3026 3300 3067 non
3326 3022 3477 3067 recte

1888 3107 2130 3163 sentire?
2153 3115 2212 3162 ut
2231 3106 2393 3161 homo
2408 3106 2595 3163 credat
2620 3107 2844 3173 bonum,
2872 3120 3033 3176 quem
3053 3105 3226 3163 nescit
3247 3104 3472 3170 malum,

1889 3208 1947 3257 et
1969 3200 2163 3255 iterum
2211 3193 2463 3267 opinione
2491 3213 2601 3254 non
2646 3206 2797 3254 certa
2844 3199 3028 3254 credat
3054 3198 3277 3263 malum,
3308 3208 3470 3265 quem

1892 3304 2001 3347 non
2032 3288 2277 3359 probavit
2320 3290 2540 3357 malum,
2580 3300 2636 3345 et
2668 3296 2794 3345 ante
2838 3298 3049 3358 tempus
3071 3287 3293 3358 judicet,
3327 3286 3474 3357 quod

1891 3381 2083 3439 nescit.
2134 3380 2381 3437 Tcntatio
2426 3380 2656 3435 humana
2706 3388 2882 3450 potest
2926 3378 3051 3445 dici,
3102 3387 3157 3433 et
3201 3377 3473 3448 suggestio

1891 3491 2073 3547 prava,
2112 3490 2234 3547 qua:
2264 3474 2348 3530 vel
2376 3473 2431 3530 in
2459 3474 2642 3547 anima
2667 3473 2856 3543 surgit,
2891 3471 2975 3529 vel
3004 3486 3124 3542 qua:
3155 3485 3252 3540 per
3276 3483 3471 3540 pravos

1890 3545 2144 3627 homines
2163 3568 2483 3640 suggeritur,
2519 3545 2679 3623 sicuti
2724 3575 2828 3633 est,
2877 3572 2969 3621 aut
3005 3564 3199 3620 falsum
3229 3562 3471 3619 testimo-

1887 3664 2035 3720 nium
2064 3664 2268 3733 dicere,
2299 3672 2390 3719 aut
2422 3662 2729 3719 inimicitias
2765 3660 3065 3726 intendere,
3090 3666 3181 3714 aut
3207 3658 3466 3713 ultionem

1887 3759 2184 3829 requirere,
2206 3767 2261 3814 et
2288 3758 2495 3829 reliqua
2520 3755 2847 3827 huiusmodi.
2871 3754 3042 3811 Aliter
3061 3752 3203 3809 enim
3242 3750 3471 3817 sentire,

1885 3865 2045 3922 quam
2072 3849 2369 3920 perfectum
2393 3858 2498 3917 est,
2530 3856 2709 3918 potest
2741 3847 2848 3903 dici
2880 3847 3110 3901 humana
3139 3842 3383 3907 tentatio,
3414 3848 3472 3895 et

1884 3956 2059 4013 pugna
2098 3942 2275 3998 carnis
2295 3948 2473 4011 potest
2497 3939 2730 3995 humana
2757 3936 2983 3995 tentatio
3013 3935 3136 4001 dici,
3180 3933 3308 3989 dum
3337 3946 3467 3986 caro

1885 4035 2217 4105 concupiscit
2243 4033 2503 4089 adversus
2547 4032 2815 4101 spiritum,
2862 4036 2917 4085 et
2953 4029 3172 4099 spiritus
3211 4027 3469 4082 adversus

1884 4141 2124 4183 carnem.
2156 4124 2356 4180 Fidelis
2376 4134 2546 4178 autem
2576 4122 2719 4176 Deus
2747 4129 2843 4184 est,
2869 4121 2954 4189 qui
2984 4135 3090 4174 non
3130 4118 3353 4186 patietur
3379 4130 3469 4168 vos

1886 4219 2069 4272 tentari
2106 4230 2266 4285 supra
2313 4215 2368 4267 id
2392 4214 2529 4283 quod
2567 4211 2792 4283 potestis.
2828 4209 2936 4263 Vos
2958 4215 3096 4262 state
3140 4204 3382 4269 ﬁrmiter,
3410 4212 3468 4256 et

1884 4311 1977 4365 ille
2005 4310 2156 4364 vobis
2184 4308 2439 4362 virtutem
2465 4306 2667 4360 tribuet
2704 4300 2987 4358 tolerandi.
3022 4298 3128 4354 Sed
3151 4297 3301 4365 faciet
3344 4310 3466 4347 cum

1885 4402 2159 4456 tentatione
2189 4400 2341 4451 etiam
2368 4405 2689 4466 proventum,
2718 4401 2774 4446 ut
2805 4390 3009 4460 possitis
3038 4387 3305 4441 sustinere.
3328 4384 3468 4439 Illud

1884 4491 2035 4546 vobis
2063 4490 2218 4543 faciet
2248 4486 2552 4556 provenire,
2581 4484 2722 4553 quod
2768 4481 3013 4552 poteritis
3051 4478 3467 4545 sustinere,.aut

1884 4584 1952 4639 de
1994 4582 2108 4653 ipsa
2151 4578 2492 4636 tribulatione
2537 4577 2746 4632 lucrum
2786 4574 3001 4629 animae.
3046 4571 3273 4641 PrOpter
3303 4569 3465 4641 quod,

1880 4674 2170 4732 c/tarissimi
2200 4672 2348 4738 mihi,
2391 4671 2554 4741 fugite
2594 4671 2660 4724 ab
2691 4668 2948 4724 idolorum
2984 4666 3205 4721 cultura.
3244 4662 3312 4719 Ut
3348 4679 3469 4734 pruo

1879 4767 2110 4823 dentibus
2140 4766 2343 4835 loquor,
2366 4778 2451 4817 vos
2472 4762 2710 4835 judicate
2730 4759 2866 4830 quod
2896 4759 3032 4815 dico.
3058 4758 3285 4827 Propter
3315 4755 3463 4826 quod

1878 4875 1985 4917 non
2002 4858 2272 4916 deberetis
2290 4870 2389 4913 nec
2402 4855 2551 4911 inviti
2578 4855 2683 4911 hoc
2705 4854 2729 4908 f
2730 4868 2903 4911 acere.
2930 4852 3081 4908 Catia:
3102 4848 3463 4905 benedictionis

1878 4954 1963 5009 cui
2020 4950 2381 5006 benedicimus.
2428 4947 2554 5003 ldeo
2602 4946 2836 5016 primum
2879 4943 3097 4999 calicem
3128 4940 3461 5007 nominavit,

1878 5046 1998 5116 quia
2033 5050 2223 5112 postea
2252 5042 2320 5097 de
2347 5053 2485 5109 pane
2510 5038 2632 5109 plus
2679 5038 3044 5107 disputaturus
3079 5041 3216 5089 erat.
3268 5031 3462 5085 Nonne

1879 5134 2275 5191 communicatio
2302 5131 2568 5202 sanguinis
2609 5127 2805 5183 Christi
2849 5126 2958 5181 est?
3004 5123 3154 5181 Sicut
3182 5121 3315 5178 dixit
3343 5117 3463 5177 Sal-

1878 5238 2037 5285 vator
2068 5245 2080 5283 :
2115 5227 2217 5295 Qui
2265 5224 2552 5281 manducat
2591 5236 2807 5278 carnem
2836 5232 3033 5285 meam,
3073 5223 3129 5272 et
3172 5213 3309 5271 bibit
3333 5225 3461 5268 san-

1877 5320 2094 5391 guinem
2125 5331 2327 5384 meum,
2362 5315 2417 5371 in
2440 5328 2525 5369 me
2556 5322 2756 5377 manet,
2789 5318 2842 5365 et
2870 5322 2972 5380 ego
2997 5307 3051 5363 in
3076 5319 3162 5362 eo.
3198 5303 3268 5358 Et
3308 5301 3462 5373 panis

3564 948 3582 1017 ἑ

3562 1032 3584 1069 ει

3548 1070 3575 1206 ἓ

1878 5428 2027 5483 quem
2056 5410 2364 5482 frangimus,
2403 5420 2571 5461 nonne
2614 5401 2941 5474 participatis
2985 5395 3213 5467 corporis
3245 5392 3459 5448 Domini
3528 5472 3543 5479 α

1880 5508 1993 5561 est?
2017 5504 2106 5560 Sic
2135 5511 2189 5558 et
2210 5502 2473 5556 idolorum
2497 5498 2651 5568 panis
2672 5497 2971 5550 dmmonum
2996 5487 3331 5559 participatio
3349 5492 3455 5541 est.

1880 5599 2132 5665 Quoniam
2158 5613 2289 5649 unus
2312 5595 2460 5665 panis
2489 5601 2535 5647 et
2560 5606 2718 5645 unum
2744 5604 2930 5656 corpus
2951 5585 3095 5638 multi
3117 5597 3316 5655 sumus,
3345 5594 3456 5634 om-

1876 5710 1961 5747 nes
1988 5692 2071 5761 qui
2095 5691 2157 5744 de
2187 5703 2287 5743 uno
2315 5702 2445 5759 pane
2476 5684 2863 5754 participamus.
2893 5676 2982 5733 Sic
3006 5683 3060 5731 et
3087 5674 3133 5730 si
3158 5673 3226 5729 de
3263 5671 3455 5728 eodem

1875 5800 2013 5856 pane
2059 5782 2441 5839 manducamus
2470 5776 2612 5833 unde
2644 5772 2956 5837 idololatrat,
2986 5782 3151 5824 unum
3197 5780 3319 5823 cum
3347 5764 3455 5823 illis

1877 5889 2069 5947 corpus
2121 5871 2405 5932 efﬁcimur.
2463 5867 2640 5925 Videte
2682 5864 2849 5924 Israel
2894 5862 3172 5921 secundum
3224 5870 3447 5919 carnem.
3506 5914 3509 5915 ν
