4004 6354
483 436 578 495 53l
1604 431 1897 494 PBl-llASll
1938 421 2391 492 ADRUMETANI
2433 430 2646 491 EPlSC.
3657 426 3783 488 532

484 552 725 609 Cerealis
778 548 942 608 lsrael
994 549 1235 608 carnales
1292 545 1496 604 hostias
1559 548 1717 606 oll‘ert
1736 591 1751 619 ,
1811 550 2064 621 Spiritalis
2093 552 2148 614 Α
2170 549 2472 606 immolare.
2500 548 2621 606 Sive
2642 562 2759 621 ergo
2782 545 3126 615 manducetis,
3150 547 3251 602 sive
3276 545 3464 614 bibitis,
3486 545 3779 602 εἰναιιὶαά

485 647 774 717 spiritales,
805 655 860 703 et
889 643 1160 717 quomodo
1201 643 1276 698 illi
1308 639 1596 714 participes
1619 644 1804 700 altaris
1834 645 1954 711 Dei,
1984 644 2062 700 sic
2165 645 2290 715 quid
2317 645 2505 715 facitis,
2550 649 2719 698 onmia
2745 645 2798 697 in
2823 642 3041 716 gloriam
3082 641 3176 696 Dei
3203 643 3379 710 facite.
3422 642 3571 698 Nihil
3613 644 3779 700 aliud

486 750 587 799 iste
621 741 805 796 altaris
834 742 1116 795 idolorum.
1147 737 1336 792 Nonne
1355 738 1444 808 qui
1482 739 1639 794 edunt
1660 739 1872 804 hostias,
1900 739 2066 809 parti-
2165 738 2426 808 agendum
2462 745 2543 792 est
2569 735 2897 803 Christiano,
2931 735 3033 799 nisi
3063 742 3121 788 ut
3152 734 3203 789 in
3229 735 3374 790 omni
3427 749 3603 804 opere
3645 735 3776 802 eius

487 836 618 904 :ipes
645 843 761 888 sunt
790 833 1010 887 altaris?
1039 831 1178 898 Quid
1203 846 1322 902 ergo
1343 831 1367 884 ξ)
1389 831 1502 885 dico
1523 831 1660 901 quod
1705 831 1855 885 idolis
1883 831 2066 884 immo-
2169 830 2311 886 Deus
2355 831 2708 901 gloriﬁcetur,
2751 828 2883 884 nihil
2914 828 3264 899 superﬂuum.
3308 829 3437 884 Sine
3479 829 3774 894 offensione

487 929 722 981 latumsit
738 926 954 996 aliquid,
977 934 1065 979 aut
1091 924 1287 978 idolum
1304 925 1367 978 sit
1389 923 1719 991 aliquid?Ne
1743 925 1817 978 illi
1845 937 2066 992 respon-
2166 933 2320 978 estote
2345 922 2565 987 Juda’is,
2600 933 2647 977 et
2669 922 2924 993 gentibus,
2956 931 3002 976 et
3042 921 3286 976 Ecclesiw
3325 921 3444 976 Dei.
3480 921 3606 977 lstis
3642 936 3772 975 om-

489 1020 704 1074 deretur
735 1018 832 1082 sic,
865 1017 1000 1072 dicis
1029 1017 1180 1088 quasi
1226 1016 1425 1071 idolum
1479 1016 1674 1086 aliquid
1720 1015 1933 1079 habeat,
1975 1022 2066 1070 aut
2166 1017 2323 1073 nibus
2357 1016 2734 1073 oﬂ'endiculum
2767 1025 2904 1071 erat.
2937 1014 3108 1070 Judaei
3138 1015 3390 1072 dicebant
3421 1032 3434 1069 :
3463 1015 3769 1070 Christiani

491 1114 716 1183 aliquam
743 1109 1018 1174 malitiam,
1051 1109 1193 1180 quod
1219 1110 1336 1164 sine
1369 1108 1543 1162 anima
1569 1116 1671 1163 est.
1700 1107 1804 1164 Sed
1833 1124 1944 1176 qtae
1965 1108 2067 1160 im-
2168 1110 2222 1164 in
2256 1119 2453 1164 tantam
2485 1109 2811 1164 dementiam
2845 1108 3114 1176 abierunt,
3146 1115 3206 1162 ut
3235 1106 3397 1162 idolis
3437 1105 3766 1172 immolent;

489 1205 679 1260 molam
716 1212 908 1277 gentes,
939 1204 1208 1258 daemoniis
1240 1201 1529 1265 immolant,
1557 1210 1602 1255 et
1634 1216 1734 1254 non
1764 1197 1871 1253 Deo
1890 1217 1909 1265 ;
1947 1199 2067 1254 nolo

488 1306 655 1353 autem
700 1313 789 1351 vos
835 1296 1000 1350 socios
1025 1296 1139 1365 ﬁeri
1184 1295 1573 1349 dwmoniorum.
1616 1292 1755 1350 Sunt
1797 1293 2068 1349 daemones

489 1391 574 1459 qui
616 1389 718 1444 issa
755 1388 1022 1458 polluunt,
1065 1388 1155 1457 qui
1196 1387 1485 1456 praesident
1512 1385 1835 1453 simulacris,
1867 1384 1932 1439 ad
1973 1383 2072 1438 ho-

491 1483 662 1537 mines
681 1481 1037 1536 seduccndos.
1064 1479 1188 1535 Non
1217 1481 1426 1552 potestis
1462 1495 1650 1534 mensa:
1676 1479 1885 1533 Domini
1913 1476 2072 1547 parti-

493 1573 626 1643 cipes
663 1589 790 1639 esse,
833 1580 882 1627 et
920 1587 1108 1627 mensa:
1137 1572 1528 1627 daemoniorum.
1576 1571 1690 1626 Non
1733 1571 1978 1640 potestis,
2019 1577 2074 1627 et

493 1678 614 1719 cum
637 1663 751 1720 Deo
777 1664 909 1719 socii
938 1677 1078 1732 esse,
1113 1671 1310 1720 etcum
1343 1663 1699 1730 daemonibus,
1728 1663 1849 1732 quia
1874 1663 2074 1718 utrius-

495 1769 601 1823 que
625 1770 827 1811 mensas
851 1756 1009 1811 vultis
1049 1771 1170 1813 esse
1196 1757 1504 1826 participes.
1535 1758 1613 1810 An
1649 1757 1953 1810 mmulamur
1976 1753 2077 1809 Do-

497 1851 738 1904 minum?
775 1849 925 1905 Sicut
961 1850 1030 1905 ibi
1061 1867 1072 1903 :
1105 1849 1445 1905 [Emulantur
1476 1864 1575 1905 vos
1611 1864 1716 1904 non
1737 1849 1895 1904 bene.
1925 1848 2076 1903 Nun-

2168 1210 2353 1271 gentes
2393 1200 2641 1255 dicebant
2667 1217 2680 1253 :
2712 1199 2994 1268 Quomodo
3021 1213 3120 1254 nos
3151 1199 3438 1269 prohibent
3464 1199 3533 1252 ab
3581 1197 3767 1264 idolis,

2170 1305 2224 1352 et
2271 1295 2371 1366 ipsi
2425 1295 2700 1350 nobiscum
2749 1294 2990 1350 serviunt
3018 1292 3218 1348 idolis?
3254 1290 3551 1347 Christiani
3582 1298 3768 1346 autem

2171 1390 2333 1447 licere
2358 1399 2630 1460 putantes,
2663 1388 3025 1461 sequebantur
3047 1385 3375 1456 exemplum.
3410 1384 3564 1440 Sicut
3595 1395 3642 1439 et
3669 1399 3768 1454 ego

2173 1499 2264 1555 per
2281 1483 2452 1538 omnia
2475 1481 2708 1535 omnibus
2725 1480 2923 1550 placeo,
2949 1496 3050 1534 non
3073 1495 3304 1548 quanam
3327 1477 3468 1548 quod
3489 1477 3619 1530 mihi
3639 1476 3766 1532 utile

2175 1583 2268 1643 est,
2299 1575 2389 1630 sed
2414 1575 2551 1646 quod
2579 1575 2774 1641 multis,
2805 1582 2860 1626 ut
2897 1573 3024 1628 salvi
3065 1573 3212 1641 ﬁant.
3246 1567 3358 1641 Ego
3379 1585 3470 1626 me
3503 1570 3585 1626 sic
3614 1569 3766 1626 exhi-

2176 1669 2301 1735 beo,
2333 1678 2392 1723 ut
2418 1670 2678 1739 placeam.
2715 1667 2771 1722 Si
2799 1667 2918 1737 quis
2949 1675 3124 1722 autem
3152 1675 3316 1737 gratis
3345 1679 3434 1720 me
3479 1663 3619 1733 odit,
3650 1664 3763 1733 ipse

2178 1762 2332 1826 sciat,
2365 1775 2470 1816 non
2501 1775 2616 1814 mea
2649 1759 2803 1830 culpa
2826 1768 2927 1814 est.

2248 1852 2376 1907 Car.
2408 1869 2480 1908 ιι.
2514 1851 2810 1906 Imitatores
2859 1851 2956 1904 mei
2994 1857 3169 1917 estote,
3196 1850 3326 1906 sicut
3354 1856 3400 1904 et
3425 1865 3520 1919 ego
3548 1846 3759 1904 Christi.

497 1940 620 2007 quid
639 1940 875 2009 fortiores
910 1940 1003 1993 illo
1025 1942 1240 1995 sumus?
1269 1939 1455 1994 Omnia
1485 1940 1611 1993 mihi
1651 1941 1825 2007 licent,
1853 1942 1942 1995 sed
1971 1956 2072 1994 non
2103 1935 2150 1996 B
2177 1947 2426 2004 Christus
2469 1946 2605 2001 nihil
2649 1955 2866 2016 propter
2905 1960 2964 2000 se
2995 1953 3086 2000 aut
3117 1943 3264 2008 fecit,
3306 1953 3396 1997 aut
3429 1956 3625 2014 passus
3662 1951 3759 2007 est,

499 2033 666 2086 omnia
702 2034 998 2102 expediunt.
1033 2034 1132 2101 Qui
1174 2036 1273 2088 ista
1313 2049 1418 2088 non
1449 2033 1600 2099 fecit,
1642 2034 1688 2088 si
1715 2034 1908 2089 scisset
1954 2033 2079 2088 hinc

499 2124 662 2178 ﬁdem
697 2127 906 2194 probari
931 2125 1228 2192 fortiorem,
1258 2135 1312 2182 et
1346 2128 1460 2196 ipse
1501 2127 1628 2182 illud
1659 2126 1895 2194 fecisset,
1941 2136 1995 2182 ut
2026 2136 2079 2183 et

499 2232 552 2272 tn
575 2216 675 2271 hoc
714 2218 869 2272 nobis
905 2219 1059 2274 daret
1090 2221 1414 2291 exemplum.
1445 2220 1631 2274 Omnia
1651 2221 1773 2273 mihi
1797 2220 1966 2286 licent,
1991 2219 2079 2276 sed

501 2326 601 2365 non
625 2311 796 2366 omnia
824 2313 1101 2381 a'di/icant.
1139 2313 1305 2366 Nemo
1332 2314 1465 2382 quod
1486 2330 1634 2366 suum
1663 2322 1736 2367 est
1755 2322 1969 2382 quierat,
1991 2312 2080 2366 sed

499 2403 632 2470 quod
672 2401 906 2458 alterius.
952 2403 1122 2458 Omne
1161 2404 1300 2472 quod
1341 2403 1575 2473 expedit,
1622 2404 1746 2458 licet
1780 2417 1886 2458 non
1922 2417 2083 2457 omne

503 2494 644 2562 quod
665 2493 810 2559 licet,
852 2495 1087 2566 expedit.
1113 2496 1219 2551 Sed
1245 2512 1340 2550 nos
1371 2495 1616 2564 exemplo
1645 2494 1841 2550 Christi
1862 2510 1966 2550 non
1990 2497 2083 2550 de-

504 2590 692 2640 bemus
729 2585 1072 2642 considerare
1106 2602 1225 2657 quze
1267 2587 1459 2652 licent,
1499 2586 1593 2642 sed
1635 2602 1753 2656 qua:
1793 2585 2084 2656 expediunt

503 2675 683 2740 nobis,
731 2685 786 2730 et
821 2676 1086 2731 mditicant
1129 2677 1352 2742 alteros,
1393 2686 1453 2731 ut
1488 2692 1592 2733 non
1627 2691 1928 2747 quaeramus
1965 2691 2084 2746 quae

503 2767 662 2822 nobis
685 2768 814 2823 solis
842 2777 1082 2838 prosunt,
1109 2781 1162 2825 et
1183 2770 1333 2824 alteri
1357 2778 1448 2825 aut
1475 2785 1580 2825 non
1611 2778 1854 2840 prosunt,
1887 2781 1974 2823 aut
1997 2785 2086 2824 nu-

505 2866 630 2914 cent
663 2873 680 2913 :
710 2874 830 2930 quae
853 2875 958 2916 non
979 2860 1353 2930 prohibentur,
1378 2862 1502 2931 quia
1529 2877 1623 2932 per
1663 2875 1723 2915 se
1754 2875 1859 2914 non
1891 2860 2087 2914 habent

503 2957 805 3018 peccatum,
825 2951 918 3006 sed
935 2953 1276 3007 occasionem
1299 2952 1503 3007 habent
1525 2954 1746 3022 peccati.
1767 2953 1929 3005 Omne
1951 2951 2086 3022 quod

504 3041 558 3094 in
575 3040 794 3095 macello
811 3042 964 3109 venit,
983 3044 1304 3097 manducate.
1319 3043 1471 3110 Quod
1487 3043 1615 3098 dixit
1637 3044 1868 3097 :Bouum
1884 3052 1965 3097 est
1982 3057 2085 3096 non

507 3130 832 3186 manducare
847 3145 1088 3199 carnem,
1106 3142 1162 3189 et
1187 3148 1293 3188 non
1310 3132 1495 3188 bibere
1521 3132 1701 3187 vinum
1725 3148 1739 3198 ;
1769 3140 1823 3186 ct
1851 3133 2042 3187 iterum
2072 3150 2087 3188 :

506 3221 623 3279 Non
645 3223 978 3280 manducabo
998 3239 1214 3282 carnem
1236 3225 1288 3280 in
1310 3235 1572 3280 aeternum
1595 3241 1606 3278 :
1625 3223 1895 3295 quomodo
1910 3225 2084 3279 omnia

507 3317 749 3387 praecipit
774 3317 1179 3374 manducanda?
1202 3318 1308 3376 Sed
1321 3319 1566 3374 concedit
1579 3320 1748 3389 magis
1764 3319 2088 3376 manducare
2115 3309 2162 3372 C

507 3422 721 3479 carnes,
753 3419 956 3468 tantum
989 3427 1058 3468 ne
1087 3412 1382 3484 idolothyta
1405 3412 1752 3468 manducent.
1768 3411 1916 3465 Nihil
1933 3413 2090 3465 inter-

508 3512 765 3573 rogantes,
783 3513 990 3575 propter
1001 3503 1382 3559 conscientiam.
1398 3503 1603 3558 Domini
1615 3512 1688 3557 est
1702 3512 1859 3573 terra,
1875 3513 1920 3556 et
1939 3503 2093 3570 pleni-

509 3595 635 3647 tudo
651 3596 781 3667 ejus.
805 3595 861 3650 Si
881 3596 1294 3664 interrogarent,
1325 3593 1784 3663 cognoscebantur
1804 3594 2091 3649 Christiani

512 3699 656 3751 esse,
680 3686 1285 3756 etpropterirrisionem
1299 3687 1477 3742 omnia
1494 3687 1600 3743 illis
1625 3688 1874 3743 dicebant
1902 3687 2095 3744 immo-

512 3777 620 3833 lata
647 3791 787 3834 esse.
809 3779 870 3834 Si
881 3781 996 3847 quis
1009 3788 1153 3833 vocat
1171 3796 1255 3834 vos
1272 3781 1559 3849 inﬁdelium
1573 3781 1640 3834 ad
1654 3797 1868 3849 caenam,
1887 3781 2096 3835 etvultis

515 3869 611 3936 ire,
635 3886 782 3925 omne
800 3871 936 3942 quod
956 3873 1095 3927 vobis
1124 3874 1404 3943 apponitur
1431 3873 1756 3940 manducata,
1782 3875 1912 3928 nihil
1941 3874 2099 3926 inter-

517 3972 777 4032 rogantes,
807 3973 1011 4033 propter
1036 3965 1414 4019 conscientiam.
1457 3965 1519 4020 Si
1545 3967 1658 4036 quis
1687 3978 1856 4021 autem
1888 3965 2095 4034 dixerit,

519 4054 619 4108 hoc
639 4054 955 4111 immolatum
973 4066 1044 4114 est
1063 4060 1234 4126 idolis,
1265 4059 1424 4115 nolite
1442 4062 1772 4130 manducare,
1802 4071 2007 4132 prapter
2029 4061 2098 4114 il-

520 4144 632 4200 lum
657 4148 744 4218 qui
787 4149 1048 4218 indicavit,
1083 4160 1131 4205 et
1162 4161 1367 4224 propter
1395 4155 1774 4208 conscientiam.
1820 4155 1884 4208 Et
1920 4155 2019 4208 hoc
2049 4154 2101 4207 in

521 4240 795 4298 voluntate
818 4244 1052 4312 ipsorum
1086 4247 1263 4314 posuit
1294 4265 1308 4300 :
1335 4261 1440 4301 non
1471 4247 1625 4314 dixit,
1651 4247 1746 4302 Ite.
1774 4246 1925 4300 Tunc
1958 4245 2100 4300 enim

521 4332 684 4390 debet
712 4334 1051 4393 Christianus
1083 4339 1160 4395 ire
1189 4339 1254 4393 ad
1299 4339 1593 4406 inﬁdelem,
1633 4341 1676 4395 si
1703 4341 1934 4410 aliquem
1980 4352 2105 4408 pro-

522 4425 720 4484 fectum
751 4428 966 4498 habeat,
998 4430 1050 4487 id
1081 4441 1184 4500 est,
1213 4433 1258 4488 si
1286 4434 1389 4488 scit
1417 4447 1476 4490 se
1504 4448 1662 4503 posse
1685 4433 1832 4487 illum
1866 4431 2062 4486 lucrari
2089 4448 2100 4482 :

523 4521 668 4574 sicut
689 4521 933 4577 Salvator
954 4533 1236 4593 propterea
1260 4525 1394 4593 ibat,
1419 4537 1502 4593 ut,
1518 4535 1609 4582 aut
1630 4527 1856 4580 virtutes
1880 4524 2101 4590 faceret,

526 4608 942 4678 nutincreparet
975 4627 987 4665 :
1020 4614 1158 4668 sicut
1183 4617 1396 4684 quando
1423 4617 1516 4670 ivit
1545 4618 1609 4670 ad
1636 4616 1923 4686 quemdam
1965 4614 2106 4668 Pha-

2181 2042 2274 2097 sed
2307 2051 2525 2111 propter
2547 2040 2788 2093 omnium
2819 2038 3067 2093 salutem.
3102 2036 3178 2092 lta
3214 2044 3268 2091 et
3294 2034 3514 2101 Paulus,
3541 2034 3637 2105 qui
3660 2049 3762 2088 non

2181 2136 2372 2206 quaerit
2416 2133 2557 2204 quod
2598 2133 2696 2187 sibi
2740 2132 2868 2187 utile
2901 2139 3002 2198 est,
3049 2129 3145 2186 sed
3171 2127 3312 2198 quod
3341 2127 3552 2182 multis.
3588 2123 3762 2178 Laudo

2182 2237 2350 2282 autem
2375 2243 2477 2292 vos,
2511 2228 2718 2296 fratres,
2749 2224 2884 2295 quod
2909 2241 2997 2294 per
3026 2223 3195 2277 omnia
3224 2221 3324 2276 mei
3343 2234 3594 2273 memores
3626 2218 3762 2272 estis.

2183 2318 2323 2386 Quid
2353 2327 2490 2385 erat,
2518 2316 2661 2388 quod
2691 2315 2869 2371 subito
2894 2313 3072 2369 laudat
3096 2327 3230 2383 quos
3258 2321 3383 2366 ante
3406 2309 3759 2378 vituperavit?

2186 2413 2283 2468 [bi
2317 2413 2447 2482 legis
2473 2412 2846 2467 auctoritatem
2875 2423 2980 2464 non
3014 2407 3196 2474 habet,
3233 2405 3622 2460 blandimentis
3649 2416 3764 2470 pro-

2185 2514 2336 2561 vocat
2358 2505 2420 2559 ad
2446 2505 2730 2559 rationem.
2759 2501 2825 2557 Et
2848 2503 2973 2555 sicut
3000 2499 3195 2553 tradidi
3216 2498 3354 2552 vobis
3375 2506 3638 2569 praecepto
3659 2510 3766 2548 mea

2185 2599 2384 2653 tenetis.
2417 2597 2505 2653 Sic
2532 2596 2680 2667 quasi
2713 2595 2909 2665 legem,
2942 2592 3064 2663 quia
3089 2590 3256 2645 nostis
3287 2603 3371 2643 me
3401 2587 3653 2660 spiritum
3673 2583 3766 2640 Dei

2186 2690 2407 2754 habere,
2448 2687 2537 2758 qui
2579 2687 2634 2741 in
2680 2687 2794 2756 lege
2833 2693 2888 2741 et
2922 2681 3194 2754 prophetis
3243 2681 3452 2736 locutus
3493 2686 3598 2734 est.
3643 2674 3768 2730 Volo

2185 2790 2356 2835 autem
2391 2795 2474 2833 vos
2515 2779 2664 2832 scire.
2709 2775 2883 2831 Etiam
2925 2773 3026 2829 hoc
3063 2771 3186 2827 volo
3230 2785 3325 2824 vos
3365 2778 3576 2824 tenere.
3620 2766 3770 2834 Quod

2189 2872 2350 2926 omnis
2375 2872 2469 2925 viri
2492 2879 2644 2941 caput
2673 2868 2906 2923 Christus
2928 2874 3022 2921 est.
3041 2863 3184 2919 Nulli
3201 2861 3480 2918 hominum
3493 2858 3770 2928 subjectus

2188 2972 2271 3018 est
2299 2963 2401 3029 vir,
2436 2962 2537 3016 nisi
2569 2959 2803 3027 Christo,
2839 2957 2925 3029 qui
2957 2964 3013 3012 et
3037 2955 3199 3011 homo
3229 2964 3331 3019 ed,
3372 2961 3428 3008 et
3461 2951 3621 3008 Deus.
3669 2950 3774 3004 Ca-

2189 3069 2278 3129 put
2320 3067 2488 3110 autem
2521 3054 2774 3121 mulieris,
2826 3053 2924 3108 t‘ll’.
2975 3050 3161 3105 Mulier
3201 3057 3256 3104 et
3293 3048 3410 3104 viro
3445 3053 3498 3102 et
3544 3042 3774 3100 Chrile

2190 3147 2425 3217 subjecta
2451 3161 2570 3202 esse
2601 3145 2781 3211 debet,
2813 3141 3104 3197 secundum
3129 3139 3371 3194 ordinem
3398 3143 3634 3200 natura;
3667 3148 3770 3188 c2-

2190 3247 2360 3295 terum
2389 3238 2437 3292 in
2466 3235 2684 3292 Christo
2719 3234 2845 3291 Jesu
2872 3246 3045 3303 neque
3075 3230 3366 3295 maseulus,
3398 3241 3578 3298 neque
3620 3223 3772 3280 temi-

2194 3347 2280 3396 na,
2314 3328 2409 3384 sed
2441 3327 2609 3382 voluit
2639 3339 2731 3380 eas
2779 3338 2901 3381 esse
2939 3321 3228 3391 snhjectas.
3261 3318 3428 3388 Caput
3468 3331 3586 3370 vero
3627 3312 3774 3368 Chri-

2192 3424 2260 3477 sti
2316 3421 2473 3474 Deus.
2505 3418 2724 3484 Christi,
2765 3415 3058 3472 secundum
3092 3413 3386 3476 hominem,
3415 3408 3564 3466 unde
3589 3418 3645 3463 et
3681 3423 3775 3463 no-

2194 3529 2315 3568 men
2346 3511 2571 3581 accepit.
2600 3509 2731 3564 Nam
2773 3522 2967 3562 nomen
2998 3505 3116 3577 ejus
3147 3506 3200 3560 in
3229 3502 3448 3566 deitate,
3481 3499 3776 3556 mundun!

2197 3606 2563 3672 Salomonem,
2599 3603 2716 3673 quis
2739 3609 2916 3670 potest
2944 3597 3128 3654 scire?
3158 3597 3452 3660 dicentem,
3501 3592 3660 3660 Quod
3689 3605 3782 3646 nec

2197 3715 2318 3756 mcu
2350 3697 2508 3766 ejus?
2527 3703 2620 3750 aut
2645 3695 2788 3765 quod
2814 3707 3007 3748 nomen
3035 3690 3130 3745 lilii
3154 3690 3304 3759 ejus?
3325 3687 3508 3742 Omnis
3531 3687 3608 3739 vir
3631 3701 3781 3740 orans

2199 3800 2288 3845 aut
2338 3790 2644 3859 prophetans
2689 3786 2848 3840 velato
2894 3784 3088 3856 capite,
3134 3784 3369 3850 detnrpat
3413 3788 3570 3846 caput
3611 3792 3779 3830 suum.

2204 3883 2380 3936 Omnis
2407 3891 2573 3934 autem
2606 3880 2787 3932 mulier
2808 3892 2980 3938 orans,
3014 3886 3101 3929 aut
3135 3874 3446 3944 prOphetans
3489 3886 3596 3925 non
3627 3870 3788 3924 velato

2203 3975 2385 4042 capite,
2432 3973 2667 4042 deturpat
2695 3979 2846 4039 caput
2877 3985 3056 4033 suum;
3089 3983 3246 4021 unum
3274 3966 3404 4020 enim
3429 3973 3504 4018 est
3542 3980 3603 4017 ac
3626 3963 3673 4017 si
3700 3964 3785 4016 de-

2204 4068 2428 4120 calvetur
2451 4082 2468 4119 :
2488 4080 2605 4118 nam
2632 4064 2675 4117 si
2693 4080 2792 4118 non
2813 4063 3010 4116 velatur
3030 4061 3234 4126 mulier,
3264 4057 3565 4113 tondeatur.
3588 4056 3652 4113 Si
3679 4071 3790 4109 vero

2207 4169 2354 4226 turpe
2397 4166 2468 4210 est
2508 4155 2710 4208 mulieri
2746 4155 2978 4216 tonderi,
3020 4161 3107 4205 aut
3148 4151 3406 4207 decaloari
3476 4149 3605 4204 velet
3642 4154 3793 4217 caput

2205 4266 2371 4305 suum.
2430 4248 2522 4302 Vir
2552 4249 2754 4319 quidem
2793 4263 2896 4300 non
2935 4245 3077 4299 debet
3120 4243 3289 4298 velare
3335 4251 3514 4312 caput,
3549 4241 3794 4309 quoniam

2209 4343 2376 4410 imago
2407 4347 2451 4393 et
2482 4340 2645 4409 gloria
2677 4347 2749 4393 est
2779 4337 2908 4404 Dei;
2941 4336 3123 4390 mulier
3163 4344 3329 4388 autem
3371 4333 3539 4404 gloria
3574 4331 3672 4385 viri
3703 4338 3793 4384 est.

2213 4435 2371 4491 Venit
2401 4433 2467 4488 ad
2499 4445 2738 4497 causam,
2775 4430 2896 4500 quia
2929 4438 2981 4483 ct
3012 4429 3113 4483 viri
3157 4426 3414 4496 aliquanti
3447 4438 3662 4478 comam
3702 4437 3770 4476 nu

2211 4528 2466 4592 triehant,
2515 4535 2565 4581 et
2591 4525 2841 4579 mulieres
2885 4523 3028 4577 nudo
3050 4521 3222 4591 capite
3250 4519 3305 4574 in
3351 4517 3582 4573 ecclesia
3611 4528 3796 4585 proce-

2213 4619 2430 4684 debant,
2464 4626 2516 4672 et
2547 4617 2602 4671 in
2647 4616 2758 4670 suis
2801 4614 3011 4684 capillis
3057 4612 3456 4685 gloriabantur;
3502 4607 3648 4678 quod
3694 4620 3798 4661 non

527 4697 769 4765 τῖεαευηι,
802 4709 857 4754 ei
889 4701 1014 4755 dum
1045 4705 1387 4772 Prandel'enl,
1423 4707 1652 4774 primum
1686 4707 1859 4774 ipsum
1905 4704 2105 4772 docuit,
2137 4695 2189 4753 D
2214 4709 2384 4763 solum
2431 4707 2794 4770 inhonestum,
2853 4705 2946 4760 sed
2978 4704 3139 4758 etiam
3178 4701 3435 4757 seandalo
3487 4708 3626 4754 erat.
3664 4698 3798 4765 Ergo

529 4802 638 4845 non
666 4790 860 4848 divites
882 4794 1178 4862 pascendos
1204 4809 1344 4858 esse,
1373 4796 1468 4850 sed
1500 4796 1721 4851 debiles.
1753 4795 1954 4851 Deinde
1975 4795 2111 4850 Pha-

529 4881 724 4938 riseos
751 4883 950 4952 docuit,
980 4885 1138 4941 etiam
1170 4885 1223 4940 in
1253 4886 1478 4955 prandio
1500 4885 1856 4943 humilitatem
1890 4901 2109 4944 servan-

531 4971 678 5028 dam.
706 4973 888 5030 Tertio
919 4977 1257 5048 legisperitos
1280 4980 1472 5048 arguit,
1507 4982 1595 5050 qui
1623 4981 1724 5036 sibi
1766 4981 1881 5050 plus
1911 4981 2109 5051 aliquid

529 5067 894 5137 vindicabant,
923 5083 974 5127 et
1018 5089 1116 5130 nec
1156 5075 1257 5144 ipsi
1298 5078 1595 5146 arguebant
1643 5078 1974 5147 superbiam,
2015 5092 2112 5133 nec

531 5161 670 5218 alios
719 5165 1121 5233 permittebant.
1181 5167 1557 5224 Conscientiam
1607 5179 1776 5224 autent
1827 5171 1961 5234 dico,
2013 5185 2112 5222 non

535 5260 698 5320 tuam,
732 5256 822 5310 sed
851 5258 1085 5312 alterius.
1117 5259 1194 5315 Ne
1227 5260 1488 5327 dicerent,
1522 5262 1792 5332 quomodo
1814 5276 1912 5315 nos
1934 5269 2114 5315 vetant

537 5345 840 5416 immolare,
871 5350 1022 5418 quasi
1052 5351 1248 5406 malum
1271 5352 1360 5418 sit,
1391 5362 1443 5407 et
1473 5353 1543 5406 illi
1583 5351 1928 5412 manducant,
1962 5351 2115 5419 quasi

535 5451 720 5495 salicta
748 5449 802 5494 et
828 5443 1064 5497 munda?
1096 5441 1290 5515 thuid
1311 5445 1443 5499 enim
1468 5445 1674 5497 libertas
1715 5457 1826 5494 mea
1847 5442 2116 5511 judicatur

540 5531 604 5582 ab
641 5533 747 5585 alia
787 5537 1139 5591 conscientia?
1169 5536 1301 5591 Cum
1343 5536 1475 5591 nihil
1514 5533 1646 5588 mihi
1686 5534 1870 5600 prosit.
1925 5532 1984 5586 Si
2024 5550 2116 5603 ego

540 5635 658 5673 cum
681 5625 848 5691 gratia
863 5629 1136 5696 participe,
1159 5629 1282 5698 quid
1307 5626 1629 5697 blaspltemor
1658 5639 1749 5691 pro
1771 5639 1826 5675 eo
1848 5624 1983 5691 quod
2002 5640 2120 5692 gra—

542 5713 640 5768 ιῖαδ
683 5718 823 5784 ago?
859 5719 1050 5774 Omnia
1087 5723 1281 5776 munia
1329 5728 1475 5785 sunt,
1513 5731 1634 5784 qum
1666 5729 1786 5768 cum
1831 5715 2117 5782 gratiarum

548 5805 762 5861 actione
786 5808 1174 5877 percipiuntur,
1189 5811 1283 5866 sed
1308 5811 1396 5864 ille
1425 5811 1526 5862 hoc
1553 5805 1942 5872 nonintelligit,
1971 5809 2120 5874 ctju-

554 5896 698 5955 dicat
725 5913 833 5969 me,
863 5900 1016 5971 quasi
1038 5899 1232 5972 ﬁngam
1261 5916 1348 5957 me
1371 5902 1574 5967 dicere,
1595 5896 1792 5953 malum
1816 5910 1936 5951 esse
1967 5896 2120 5953 idolis

2219 4802 2300 4856 vir
2346 4817 2449 4855 non
2499 4799 2676 4862 debet,
2715 4797 2904 4866 inquit,
2939 4795 3138 4850 habere
3180 4794 3446 4855 velamen,
3492 4790 3585 4860 qui
3626 4788 3797 4843 solum

2220 4893 2486 4950 Christum
2532 4893 2690 4945 habet
2735 4900 2912 4959 caput.
2963 4887 3150 4942 Mulier
3181 4895 3357 4939 autem
3411 4881 3572 4938 debet
3602 4879 3798 4934 habere

2217 4987 2484 5050 velamen,
2521 4982 2658 5052 quod
2684 4980 2930 5036 ostendat
2956 4980 3099 5032 illam
3131 4977 3407 5039 humilem,
3451 4981 3507 5029 et
3535 4972 3655 5026 viro
3687 4983 3799 5026 esse

2220 5077 2534 5146 suhjccmm.
2579 5074 2734 5129 Notat
2770 5081 2947 5127 autem
3004 5069 3401 5125 Corinthiorum
3455 5062 3777 5120 consuetudi

2222 5185 2367 5231 neut,
2408 5166 2546 5238 quod
2580 5165 2828 5220 mulieres
2857 5177 3042 5217 eorum
3080 5163 3278 5216 intecto
3307 5158 3482 5228 capite
3505 5165 3710 5223 essent,
3753 5167 3799 5210 et

2221 5259 2321 5315 viri
2363 5273 2567 5313 comam
2616 5257 2901 5323 nutrirent,
2952 5264 3006 5310 et
3046 5253 3412 5308 indifferenter
3453 5259 3796 5306 vescerentur

2222 5353 2276 5407 in
2307 5351 2540 5420 templis,
2575 5360 2631 5404 ct
2663 5349 2832 5404 iullati
2861 5346 3122 5417 sapientia
3151 5344 3418 5410 saeculari,
3451 5342 3780 5397 resurrectio

2221 5457 2343 5498 nem
2385 5442 2558 5496 carnis
2590 5448 2870 5510 negarent.
2913 5438 3033 5490 Νθη
3075 5436 3207 5492 enim
3249 5437 3325 5489 vir
3369 5450 3432 5488 ex
3463 5435 3680 5487 muliere
3711 5442 3778 5485 est

2221 5533 2310 5586 sed
2339 5535 2521 5588 mulier
2552 5549 2614 5585 ea:
2636 5533 2766 5587 viro.
2806 5530 3007 5584 Etenim
3031 5545 3129 5583 non
3161 5538 3234 5584 est
3267 5535 3470 5583 creatus
3497 5527 3575 5579 vir
3601 5533 3792 5596 praptet

2221 5626 2498 5692 mulierem,
2525 5625 2612 5677 sed
2642 5625 2823 5676 mulier
2849 5632 3057 5692 propter
3078 5623 3261 5675 virum.
3296 5619 3426 5672 Ideo
3448 5618 3592 5672 debet
3626 5616 3792 5670 mulier

2223 5725 2513 5781 potestatem
2546 5713 2727 5768 habere
2748 5731 2900 5785 supra
2923 5722 3096 5784 caput.
3123 5711 3437 5781 Exemplum
3470 5710 3538 5764 de
3566 5709 3729 5764 Adam
3751 5713 3804 5759 et

2223 5808 2352 5862 Eva.
2372 5809 2586 5879 Propter
2603 5811 2827 5880 angelos.
2853 5809 3087 5882 Angelos
3103 5806 3433 5870 sacerdotes,
3451 5814 3504 5862 et
3529 5805 3798 5860 ministros

2224 5900 2408 5955 altaris
2453 5902 2712 5971 intelligo,
2741 5903 2823 5958 vel
2852 5916 3063 5958 omnem
3105 5901 3334 5969 clerum,
3383 5899 3476 5970 qui
3522 5898 3616 5954 Dei
3663 5907 3797 5969 pra-
