4004 6354
183 399 297 456 535

969 395 1036 456 ΙΝ
1073 392 1457 455 EPISTOLAM
1497 390 1517 448 1
1556 387 1648 448 AD
1688 384 2098 445 CORINTHIOS
2135 386 2647 447 COMMENTARIA.

3352 383 3455 442 3554

179 525 339 589 cepta
386 513 727 576 annuntiant.
768 513 1004 585 Angelus
1046 514 1191 569 enim
1224 521 1303 569 est
1342 524 1541 566 nomen
1578 504 1764 571 officii,
1796 504 1848 564 A
1874 518 1997 560 cum
2025 504 2142 575 ipso
2163 505 2486 576 apparebitis
2508 505 2559 561 in
2582 502 2921 577 gloria.Nihil
2944 517 3071 574 ergo
3094 502 3181 559 hic
3201 505 3455 575 qumratis

178 627 291 666 non
316 620 540 665 naturas.
566 609 924 664 Verumtamen
946 623 1104 678 neque
1131 608 1207 661 vir
1228 607 1333 660 sine
1355 605 1582 669 muliere,
1606 615 1767 671 neque

177 705 372 758 mulier
402 702 511 757 sine
542 702 649 757 viro
671 702 724 756 in
753 702 997 757 Domino.
1028 701 1159 770 Quia
1189 716 1284 771 pro
1304 695 1555 753 omnibus
1579 708 1638 749 se
1664 701 1771 747 tra-

178 796 323 850 didit
349 794 615 850 Christus.
651 792 789 849 Nam
806 796 934 849 sicut
963 795 1147 849 mulier
1174 794 1236 848 de
1258 793 1387 858 viro,
1416 792 1487 845 ita
1516 796 1562 843 et
1586 788 1659 841 vir
1681 801 1773 857 per

177 888 471 942 mulierem.
517 886 705 941 Omnia
744 896 910 942 autem
948 904 1011 943 ea:
1051 887 1176 942 Deo.
1216 886 1323 940 Vos
1362 885 1459 955 ipsi
1488 882 1722 955 judicate
1751 893 1772 934 :

179 980 332 1035 decet
372 980 643 1035 mulierem
686 998 788 1035 non
826 980 1041 1035 velatam
1082 996 1228 1035 orare
1263 977 1471 1032 Deum?
1511 973 1623 1029 Nec
1661 975 1774 1041 ipsa

178 1081 377 1126 natura
407 1071 551 1125 docet
585 1086 695 1137 vos,
727 1071 865 1141 quod
887 1071 961 1124 vir
992 1071 1195 1141 quidem
1229 1070 1274 1124 si
1317 1084 1513 1124 comam
1554 1068 1771 1133 nutriat,

178 1166 470 1238 ignominia
494 1174 567 1219 est
589 1164 701 1229 illi;
732 1163 914 1218 mulier
935 1180 1049 1220 vero
1067 1165 1111 1219 si
1134 1180 1334 1218 comam
1364 1162 1575 1226 nutriat,
1608 1161 1775 1232 gloria

184 1266 263 1312 est
292 1258 408 1312 illi:
426 1259 668 1329 quoniam
690 1258 865 1329 capilli
894 1275 986 1328 pro
1007 1258 1258 1313 velamine
1280 1259 1323 1312 ei
1360 1257 1469 1310 dati
1494 1264 1632 1311 sunt.
1658 1254 1775 1310 Sic-

186 1358 245 1405 ut
288 1351 457 1421 prima
496 1351 689 1406 mulier
724 1366 791 1408 ex
822 1350 1025 1417 Adam,
1068 1351 1140 1405 ita
1164 1350 1407 1406 Christus
1434 1366 1500 1405 ex
1534 1348 1771 1417 Virgine.

188 1441 252 1499 Si
281 1443 393 1513 quis
422 1453 591 1498 autem
614 1444 811 1499 videtur
838 1444 1181 1498 contentiosus
1213 1460 1338 1507 esse,
1367 1459 1456 1497 nos
1481 1442 1632 1496 talem
1656 1457 1777 1493 con-

187 1538 509 1590 suetudinem
560 1553 663 1592 non
703 1537 977 1603 habemus,
1022 1552 1183 1607 neque
1226 1534 1459 1588 Ecclesia
1501 1532 1616 1587 Dei.
1660 1532 1779 1587 Hoc

188 1637 362 1681 autem
414 1630 680 1699 prtecipio,
736 1645 837 1683 non
878 1630 1121 1695 laudans,
1180 1628 1315 1699 quod
1357 1644 1457 1681 non
1488 1626 1541 1680 in
1572 1626 1775 1693 melius,

189 1718 280 1772 sed
333 1720 386 1773 in
429 1720 651 1773 deterius
705 1721 1006 1775 convenitis.
1058 1719 1170 1774 lloc
1222 1727 1344 1783 est,
1405 1731 1501 1772 nos
1545 1716 1777 1772 diximus

188 1824 312 1879 qua:
368 1811 523 1867 nobis
577 1812 807 1867 honesta
848 1810 1205 1879 videbantur,
1249 1817 1302 1865 et
1326 1810 1492 1879 justa.
1552 1809 1607 1863 Si
1658 1808 1777 1879 quis

1872 598 2061 668 gloria:
2099 606 2152 653 et
2184 599 2383 669 gaudii,
2425 599 2515 654 ubi
2554 598 2744 655 mortui
2784 598 2932 653 estis.
2979 596 3078 651 Hic
3113 598 3251 652 calix
3272 612 3454 651 novum

1877 696 2229 743 testamentum
2255 700 2348 745 est.
2389 692 2523 760 Quia
2551 700 2703 747 vetus
2732 690 2833 747 hoc
2862 705 2956 761 per
2983 690 3295 761 sanguinem
3333 691 3455 743 ani-

1876 781 2092 837 malium
2132 784 2509 851 portendebat.
2553 782 2619 838 In
2660 802 2769 839 meo
2805 785 3069 854 sanguine.
3126 784 3237 839 lloc
3282 786 3451 854 facile.

1876 875 2277 931 Testamentum
2320 875 2417 946 per
2466 879 2781 947 sanguinem
2822 878 3128 942 dedicatur,
3170 878 3291 946 quia
3340 876 3457 930 sine

1877 977 2050 1023 morte
2071 968 2280 1023 ﬁrmum
2305 984 2413 1023 non
2442 979 2541 1023 est.
2572 970 2979 1040 Quotiescunque
2999 970 3194 1035 bibatis,
3217 969 3270 1021 in
3292 983 3459 1019 meant

1878 1060 2428 1115 commemorationem.
2472 1060 2878 1132 Quotiescunque
2912 1061 3048 1117 enim
3083 1058 3459 1113 manducabitis

1880 1168 2065 1223 panem
2088 1152 2243 1221 hunc,
2274 1161 2323 1207 et
2354 1153 2563 1206 calicem
2590 1152 2786 1207 bibetis.
2828 1153 3075 1209 Salvator
3100 1152 3241 1207 Deus
3279 1164 3466 1205 exem-

1879 1242 2025 1312 plum
2052 1242 2218 1311 dedit,
2244 1248 2302 1295 ut
2335 1243 2754 1312 quotiescunque
2780 1243 2881 1298 hoc
2910 1242 3150 1310 iacimus,
3182 1243 3236 1297 in
3279 1247 3461 1295 mente

1880 1332 2175 1387 habeamus
2202 1331 2343 1403 quod
2366 1332 2617 1388 Christus
2638 1346 2734 1403 pro
2762 1334 2918 1389 nobis
2943 1334 3191 1389 omnibus
3216 1342 3463 1387 mortuus

1880 1434 1982 1483 est.
2021 1427 2147 1482 ideo
2184 1427 2339 1481 nobis
2376 1426 2589 1492 dicitur,
2632 1442 2831 1497 corpus
2855 1427 3073 1495 Christi,
3109 1436 3165 1482 ut
3198 1442 3316 1481 cum
3358 1416 3462 1478 hoc

1879 1519 2147 1575 recordati
2188 1520 2476 1585 fuerimus,
2519 1535 2625 1577 non
2665 1521 2832 1575 simus
2870 1521 3061 1591 ingrati
3099 1521 3284 1589 gratia:
3320 1519 3460 1589 ejus,

1881 1614 2331 1682 quemadmodum
2372 1616 2417 1669 si
2457 1614 2574 1685 quis
2626 1616 2861 1671 moriens
2900 1615 3165 1685 relinquat
3209 1616 3257 1669 ei
3304 1628 3461 1683 quem

1883 1708 2055 1779 diligit
2090 1711 2304 1781 aliquod
2343 1712 2557 1781 pignus,
2598 1712 2735 1782 quod
2775 1712 2866 1768 ille
2902 1720 3019 1781 post
3057 1718 3282 1765 mortem
3321 1708 3461 1778 ejus,

1884 1802 2312 1872 quandocunque
2338 1802 2558 1872 viderit,
2590 1804 2824 1873 nunquid
2858 1810 3031 1871 potest
3058 1800 3308 1871 laerymis
3335 1812 3467 1851 con-

190 1914 372 1959 autem
416 1905 606 1960 nolens
639 1904 983 1975 acquiesi'ere
1018 1902 1255 1968 veritati,
1286 1902 1476 1971 quaerit
1511 1900 1652 1971 quod
1693 1914 1778 1955 re-
1806 1893 1856 1956 Β
1886 1897 2076 1963 linere,
2118 1896 2161 1949 si
2201 1909 2323 1950 eum
2364 1895 2601 1964 perfecte
2638 1895 2925 1951 dilexerit?
2999 1894 3218 1948 Mortem
3257 1889 3469 1945 Domini

190 1995 477 2065 spondeat,
528 2004 581 2050 et
610 1996 804 2066 quibus
858 1996 1076 2061 nitatur,
1136 2001 1355 2051 econtra
1408 1994 1540 2048 sciat
1587 2008 1646 2048 se
1688 2005 1779 2046 re-

192 2088 488 2155 sponsione
519 2100 625 2140 non
666 2086 910 2158 dignum,
954 2084 1077 2156 quia
1113 2085 1285 2155 magis
1314 2083 1639 2139 contendere
1682 2096 1781 2151 pa-

193 2183 347 2229 ratus
391 2183 472 2231 est
516 2191 675 2246 quam
717 2177 919 2233 doceri.
965 2176 1204 2232 Primum
1247 2178 1452 2246 quidem
1482 2177 1783 2230 convenien-

191 2266 332 2319 tibus
382 2267 519 2321 vobis
574 2268 629 2321 in
681 2266 1002 2337 Ecclesium,
1059 2268 1217 2322 audio
1270 2269 1521 2322 scissuras
1560 2284 1686 2333 esse,
1738 2276 1785 2323 et

191 2370 259 2409 ex
284 2364 430 2427 parte
472 2358 643 2411 credo.
694 2355 1101 2413 Contentiones.
1152 2357 1291 2411 Nam
1328 2365 1527 2425 oportet
1569 2357 1784 2410 harescit

193 2461 327 2515 esse,
375 2456 431 2501 ut
470 2457 516 2501 et
555 2448 641 2515 qui
680 2449 880 2517 probati
903 2460 1040 2514 sunt,
1078 2450 1336 2519 manifesti
1374 2450 1499 2517 [iant
1530 2450 1581 2502 in
1624 2449 1780 2503 vobis.

193 2538 314 2594 Non
354 2538 493 2609 quod
534 2540 767 2595 hzereses
798 2542 907 2596 Deo
945 2541 1212 2611 placeant,
1255 2540 1349 2595 sed
1393 2541 1532 2611 quod
1570 2555 1664 2609 per
1695 2553 1786 2596 eas

197 2630 385 2686 ﬁdeles
416 2630 721 2697 exercitati,
752 2632 889 2687 sicut
918 2632 1025 2687 Deo
1054 2632 1168 2687 noti
1198 2641 1344 2697 sunt,
1378 2633 1448 2686 ita
1480 2633 1641 2688 etiam
1674 2646 1786 2686 ma-

199 2720 522 2777 nilestentur
561 2721 888 2791 hominibus,
929 2733 982 2778 et
1020 2724 1216 2778 clarius
1254 2723 1611 2777 innotescant.
1654 2723 1785 2777 Nam

200 2814 347 2869 unde
374 2814 622 2871 advocati
668 2815 858 2884 peritia
904 2813 1203 2884 apparebit,
1246 2815 1293 2868 si
1336 2828 1552 2869 causam
1587 2814 1787 2870 nullam

200 2904 345 2962 dicat
372 2904 466 2959 ubi
504 2905 793 2975 probetur?
822 2905 964 2961 unde
1002 2904 1310 2973 nauclerus,
1347 2905 1431 2961 vel
1466 2906 1789 2977 gubernator

203 2997 528 3063 laudabitur,
567 2998 613 3053 si
644 2998 795 3053 navis
823 3012 1038 3067 semper
1068 2998 1118 3052 in
1152 3006 1306 3067 portu
1335 2998 1417 3053 vel
1450 2999 1501 3052 in
1532 2997 1791 3069 tranquil-

203 3089 357 3146 litate
394 3091 687 3146 consistat?
730 3089 1150 3145 Convenientibus
1188 3091 1334 3144 nobis
1371 3091 1424 3145 in
1464 3108 1642 3157 unum,
1676 3094 1791 3162 jam

206 3199 310 3238 non
349 3192 421 3239 est
459 3182 768 3237 dominicam
806 3199 997 3237 cmnam
1037 3182 1367 3237 manducare.
1433 3183 1792 3253 Unusquisque

1883 1987 2251 2042 annuntiabitis
2290 1986 2446 2040 donec
2483 1987 2669 2042 veniat.
2708 1986 2765 2040 In
2805 1985 3053 2040 cordibus
3090 1987 3303 2049 vestris,
3344 1997 3469 2038 cum

1885 2080 2104 2149 auditis,
2145 2093 2341 2148 corpus
2381 2078 2600 2135 Christi.
2655 2076 2839 2147 Itaque
2873 2078 3156 2147 quicunque
3189 2076 3471 2128 manduca-

1886 2175 2011 2228 verit
2040 2188 2221 2243 panem
2247 2172 2403 2237 hunc,
2433 2171 2511 2223 vel
2538 2170 2715 2225 biberit
2754 2170 2964 2223 calicem
2995 2168 3205 2221 Domini
3238 2166 3468 2235 indigne.

1887 2268 2073 2323 Omnis
2119 2266 2348 2321 mundus
2388 2265 2733 2321 manducabit
2768 2278 2959 2319 carnes
2983 2306 2998 2330 ,
3043 2271 3099 2317 et
3134 2261 3311 2315 anima
3351 2271 3473 2327 qua)

1888 2359 2285 2415 manducaverit
2315 2358 2605 2424 immunda,
2630 2356 3091 2413 exterminabitur.
3115 2354 3172 2411 Si
3199 2353 3267 2407 ibi
3296 2365 3473 2406 τοσον-

1890 2455 2049 2511 datus
2092 2453 2255 2511 fueris
2283 2454 2424 2525 quod
2452 2453 2615 2508 frater
2638 2462 2760 2508 tuus
2782 2452 2941 2507 habet
2962 2450 3158 2520 aliquid
3183 2448 3474 2503 adversum

1890 2559 1965 2617 te,
1996 2550 2237 2620 relinque
2266 2548 2335 2604 ibi
2367 2562 2560 2603 munus
2584 2556 2755 2603 tuum.
2782 2546 2845 2601 Et
2867 2546 3162 2602 Hieremias
3185 2561 3200 2599 :
3223 2541 3479 2612 Nunquid

1892 2651 2013 2698 vota
2044 2652 2098 2699 et
2148 2656 2340 2698 carnes
2377 2642 2626 2697 auferent
2664 2656 2694 2695 a
2732 2650 2783 2695 te
2811 2638 3073 2694 malitiam
3105 2638 3287 2694 tuam?
3322 2635 3483 2691 Prius

1891 2736 2276 2808 perscrutanda
2303 2744 2385 2791 est
2424 2735 2597 2789 omnis
2636 2732 2991 2799 conscientia,
3022 2734 3067 2788 si
3108 2732 3160 2786 in
3199 2728 3346 2787 nullo
3378 2743 3479 2783 nos

1892 2827 2257 2900 reprehendit,
2293 2835 2348 2883 ct
2387 2826 2463 2882 sic
2502 2835 2595 2881 aut
2631 2824 2960 2881 offerendum
3000 2832 3084 2880 est
3119 2831 3211 2878 aut
3234 2836 3481 2878 commu-

1892 2922 2201 2978 nicandum.
2246 2919 2385 2974 Reus
2423 2920 2517 2974 erit
2556 2920 2783 2989 corporis
2830 2918 3188 2990 etsanguinis
3245 2914 3499 2970 Domini.-

1894 3015 2055 3083 Quasi
2098 3018 2211 3084 ipse
2252 3012 2399 3066 illum
2442 3011 2719 3076 occiderit,
2752 3010 2875 3080 quia
2914 3008 3209 3065 contemnit
3248 3006 3393 3062 illum
3423 3009 3484 3059 et

1894 3125 1993 3180 pro
2032 3108 2200 3163 nihilo
2236 3108 2384 3163 ducit
2421 3120 2618 3176 corpus
2656 3105 2794 3175 ejus,
2835 3105 2973 3161 sicut
3010 3102 3177 3160 Judaei
3216 3100 3483 3156 fecerunt.

1897 3200 2087 3256 Probet
2114 3210 2286 3254 autem
2323 3200 2546 3266 seipsum
2574 3199 2746 3262 ltomo,
2780 3203 2828 3249 et
2861 3197 2933 3249 sic
2964 3196 3025 3250 de
3058 3210 3189 3261 pane
3217 3191 3308 3245 illo
3337 3190 3482 3253 edat,

205 3275 343 3329 enim
380 3290 528 3328 suant
567 3289 763 3327 caenam
800 3274 1065 3343 prtesumit
1104 3274 1171 3326 ad
1210 3272 1646 3327 manducandum.
1723 3272 1792 3328 Et
1818 3264 1865 3329 C
1897 3303 1943 3345 ει
1987 3293 2049 3346 (ιε
2088 3291 2245 3344 calice
2270 3264 2425 3343 bibat,
2476 3286 2534 3344 Si
2578 3288 2629 3341 in
2670 3286 2835 3341 “meo
2877 3293 2969 3340 θυι
3015 3287 3067 3340 in
3110 3297 3235 3338 vase
3280 3280 3486 3350 ροιιιιίο

206 3367 342 3422 alius
382 3369 588 3437 quidem
626 3367 805 3433 esurit,
840 3367 975 3421 alius
1011 3376 1179 3421 autem
1209 3366 1376 3419 ebrius
1410 3374 1500 3420 est.
1542 3366 1793 3434 Nunquid

207 3460 387 3514 domos
440 3475 541 3513 non
596 3459 791 3513 habetis
835 3458 902 3511 ad
948 3458 1365 3513 manducandum
1409 3467 1457 3512 et
1502 3458 1788 3524 bibendum,

208 3566 299 3612 aut
329 3558 612 3613 Ecclesium
644 3557 739 3610 Dei
774 3557 1115 3622 contemnitis,
1155 3565 1205 3611 et
1240 3554 1553 3624 confunditis
1590 3570 1673 3609 eos
1706 3556 1795 3625 qui

209 3666 316 3705 non
352 3650 577 3704 habent?
619 3649 757 3716 Quid
796 3650 963 3703 dicam
1002 3649 1180 3703 vobis?
1217 3648 1400 3702 Laudo
1440 3649 1571 3702 vos?
1606 3648 1658 3702 in
1700 3651 1794 3701 hoc

210 3757 317 3796 non
357 3741 532 3795 laudo.
576 3741 728 3811 Apud
764 3739 1071 3796 Corinthios
1108 3740 1412 3811 quondam,
1453 3739 1592 3795 sicut
1631 3738 1792 3810 aliqui

210 3843 491 3898 asserunt,
546 3847 709 3903 prava
761 3832 1059 3888 invaluerat
1110 3831 1479 3899 consuetudo,
1540 3831 1794 3887 ecclesias

212 3925 411 3996 passim
454 3923 809 3981 dehonestare
859 3923 1141 3991 conviviis,
1181 3924 1233 3979 in
1271 3924 1461 3996 quibus
1501 3924 1797 3980 vesceban-

212 4025 302 4097 Ψ
328 4025 452 4073 ante
472 4017 795 4073 dominicam
823 4016 1169 4082 oblationem,
1200 4031 1356 4085 quam
1388 4029 1595 4073 coenam
1624 4015 1797 4071 nocti-

214 4109 316 4167 bus
352 4110 647 4167 offerebant
690 4128 704 4166 :
744 4123 972 4180 cumque
1011 4109 1201 4164 divites
1248 4108 1384 4163 ebrii
1422 4109 1488 4163 ad
1530 4107 1796 4163 Euchari-

212 4204 372 4261 stiam
408 4206 672 4273 venirent,
705 4204 1037 4261 vexabantur
1081 4204 1266 4273 inopes
1308 4201 1472 4258 fame.
1526 4200 1641 4257 Mos
1670 4216 1798 4257 vero

212 4296 351 4364 iste,
398 4306 458 4353 ut
509 4298 783 4364 referunt,
840 4297 908 4352 de
964 4295 1148 4366 gentili
1196 4295 1369 4350 adhuc
1418 4293 1798 4364 superstitione

212 4388 462 4444 veniebat
492 4405 507 4442 ε
541 4389 685 4443 unde
721 4389 883 4442 etiam
922 4386 1237 4455 quibusdam
1281 4385 1413 4439 locis
1452 4397 1550 4451 per
1579 4383 1799 4453 Egypti

211 4478 351 4545 loca,
376 4476 459 4530 vel
481 4474 671 4544 Syriae,
695 4474 782 4527 die
805 4472 1014 4527 sabbati
1038 4480 1195 4525 nocte
1222 4478 1341 4538 post
1369 4483 1579 4523 comam
1602 4470 1799 4524 dicitur

214 4568 283 4623 ad
312 4566 603 4621 Ecclesiam
636 4562 937 4620 conveniri.
979 4560 1093 4631 Ego
1124 4562 1257 4616 cnim
1288 4562 1463 4631 accepi
1500 4577 1530 4612 a
1554 4557 1795 4630 Domino,

215 4663 356 4736 quod
386 4670 434 4716 et
463 4661 654 4715 tradidi
678 4660 814 4716 vobis
855 4675 875 4715 :

216 4758 344 4813 hinc
373 4755 524 4827 quasi
562 4754 758 4811 oblitus
786 4761 1177 4811 commemorat
1203 4766 1361 4823 quam
1393 4766 1642 4824 magnum
1671 4752 1798 4809 insit

216 4850 372 4920 hujus
408 4846 649 4919 mystcrii
686 4855 1104 4907 sacramentum.
1138 4845 1205 4899 In
1244 4863 1347 4917 qua
1375 4854 1522 4901 nocte
1562 4845 1800 4901 tradeba-

217 4951 317 5011 tur,
358 4942 550 5011 accepit
584 4956 786 5010 panem.
831 4940 1081 4995 Ultimam
1113 4940 1195 4994 sui
1227 4938 1379 4995 nobis
1408 4952 1798 4994 commemora-

219 5034 418 5091 tionem
457 5036 570 5089 sive
608 5033 929 5089 memoriam
976 5032 1209 5102 reliquit.
1270 5031 1338 5087 Et
1378 5033 1573 5104 gratias
1616 5047 1793 5103 agens,

217 5126 391 5199 fregit,
432 5136 479 5180 et
518 5127 669 5181 dixit.
722 5124 1077 5181 Bcnedicens.
1120 5122 1237 5177 Hoc
1272 5133 1344 5177 est
1384 5140 1570 5195 corpus
1608 5140 1794 5192 meum,

217 5218 354 5285 quod
380 5234 472 5287 pro
499 5217 635 5271 vobis
664 5217 910 5272 tradetur.
952 5214 1070 5271 Hoc
1105 5215 1257 5285 facite
1292 5215 1347 5268 in
1383 5231 1547 5271 meam
1583 5231 1801 5271 comme-

218 5308 570 5363 morationem.
636 5306 889 5363 Similiter
926 5314 974 5362 ct
1009 5308 1219 5362 calicem
1257 5314 1524 5379 postquam
1568 5309 1800 5374 coenavit,

221 5401 411 5454 dicens.
468 5400 568 5469 Qui
616 5400 935 5468 manducet,
986 5402 1193 5471 inquit,
1245 5414 1438 5471 corpus
1490 5416 1700 5467 meum,
1750 5411 1803 5458 et

140 5500 144 5505 ‘
218 5493 352 5548 bibit
380 5496 694 5564 sanguinem
730 5509 907 5551 meum
927 5535 942 5559 ,
974 5494 1028 5550 in
1060 5510 1146 5552 me
1175 5505 1388 5565 manet,
1418 5503 1475 5552 et
1501 5512 1599 5568 ego
1631 5498 1682 5551 in
1713 5512 1800 5553 eo.

225 5584 365 5654 Ergo
405 5599 526 5641 cum
568 5586 685 5656 ipso
724 5586 776 5642 in
817 5586 1083 5657 baptismo
1124 5590 1320 5643 mortui
1360 5603 1544 5645 sumus
1583 5590 1805 5657 mundo,

222 5680 359 5733 sicut
396 5677 525 5734 dicit
564 5678 875 5750 Apostolus.
917 5680 1110 5737 Mortui
1150 5682 1279 5737 estis
1317 5696 1438 5737 cum
1476 5681 1710 5748 Christo,
1752 5691 1810 5739 et

223 5772 329 5827 vita
382 5780 561 5829 vestra
619 5772 931 5831 abscondita
990 5780 1074 5831 est
1134 5787 1255 5831 cum
1304 5771 1516 5829 Christo
1575 5776 1627 5829 in
1671 5775 1801 5830 Deo.

223 5862 354 5921 Cum
392 5864 635 5955 Christus
683 5866 996 5938 apparuerit
1029 5866 1137 5924 vita
1173 5873 1353 5925 vestra
1380 5906 1398 5936 ,
1436 5872 1567 5924 tunc
1616 5873 1669 5922 et
1709 5879 1803 5923 vos

1899 3395 2005 3435 non
2048 3386 2222 3452 potest
2251 3378 2413 3442 mitti,
2447 3384 2500 3433 et
2540 3375 2906 3446 unusquisque
2934 3365 3039 3429 noit
3071 3373 3253 3441 audet,
3284 3378 3485 3443 quanto

1898 3471 2069 3543 magis
2115 3486 2223 3527 non
2272 3468 2431 3525 debet
2477 3468 2646 3539 accipi
2685 3467 2848 3523 corde
2892 3465 3129 3537 polluto?
3176 3478 3331 3535 quam
3382 3464 3485 3518 im-

1897 3564 2213 3623 munditiam
2258 3564 2400 3620 Deus
2447 3577 2610 3633 super
2650 3562 2829 3617 omnia
2872 3567 3220 3625 exsecratur,
3267 3566 3323 3613 et
3363 3572 3485 3629 quas

1897 3659 2011 3714 sola
2042 3658 2233 3728 injuria
2264 3655 2475 3726 corpori
2505 3655 2623 3727 ejus
2650 3653 2901 3712 efficitur.
2926 3651 3057 3709 Nam
3082 3662 3137 3709 et
3162 3650 3365 3722 Joseph
3393 3651 3486 3708 illo

1894 3753 2076 3824 justus
2114 3752 2341 3806 sindone
2370 3749 2565 3804 munda
2616 3748 2937 3815 involutum,
2973 3746 3027 3801 in
3057 3744 3303 3817 sepulcro
3343 3756 3487 3799 novo

1898 3859 2095 3917 corpus
2122 3843 2331 3900 Domini
2362 3842 2627 3914 sepelivit.
2673 3841 2772 3908 Qui
2796 3840 2927 3895 enim
2958 3838 3235 3892 manducet
3289 3846 3337 3891 et
3364 3835 3489 3889 bibit

1899 3937 2130 4010 indigne,
2163 3935 2423 4007 judicium
2461 3932 2557 3987 sibi
2594 3933 2866 3986 manducat
2904 3939 2953 3984 et
2993 3929 3134 3984 bibit.
3196 3927 3487 3997 Dupliciter

1899 4044 2025 4084 reus
2056 4036 2139 4082 est
2168 4027 2258 4097 qui
2287 4026 2535 4095 indignus
2564 4022 2789 4090 accedit,
2822 4029 2877 4077 et
2904 4035 3001 4091 pro
3030 4027 3273 4091 peccato,
3305 4027 3359 4073 et
3387 4030 3487 4088 pro

1901 4122 2271 4192 usurpatione.
2306 4120 2426 4173 Non
2457 4120 2749 4189 dijudicans
2778 4132 2962 4187 corpus
2988 4115 3212 4171 Domini.
3254 4114 3310 4171 Si
3341 4116 3487 4171 acci-

1904 4213 2055 4282 piens
2090 4212 2245 4282 quasi
2279 4223 2619 4266 communem
2654 4209 2851 4265 cibum.
2894 4208 3022 4263 Ideo
3058 4208 3190 4262 inter
3222 4222 3309 4261 vos
3340 4206 3489 4260 multi

1904 4303 2098 4365 inﬁrmi
2136 4311 2183 4356 et
2222 4300 2530 4367 imbecilles,
2570 4313 2618 4353 et
2656 4299 2918 4353 dormiunt
2965 4296 3135 4351 multi.
3187 4295 3382 4352 Tribus
3419 4309 3491 4350 ex

1904 4393 2082 4450 causis
2112 4392 2451 4447 inﬁrmitates
2480 4390 2789 4459 corporales
2818 4386 3073 4443 eveniunt
3100 4401 3116 4441 :
3143 4393 3230 4440 aut
3270 4399 3335 4439 ex
3366 4392 3489 4440 ten-

1904 4485 2112 4540 tatione
2142 4500 2155 4538 :
2189 4490 2248 4537 ut
2273 4481 2395 4549 Job,
2422 4489 2479 4537 et
2497 4480 2713 4546 Tobiae;
2744 4486 2835 4533 aut
2861 4490 2929 4534 ex
2954 4484 3196 4548 peccato,
3228 4476 3364 4532 sicut
3390 4474 3488 4533 Jo-

1905 4574 2128 4647 saphat,
2168 4573 2259 4645 qui
2290 4573 2343 4629 in
2374 4568 2629 4643 praesenti
2658 4576 2953 4641 arguuntur
2975 4568 3044 4623 ab
3070 4567 3363 4639 Apostolo;
3395 4575 3491 4624 aut

916 4659 1159 4731 quoniam
1185 4658 1439 4715 Βοηιίηαδ
1467 4656 1637 4713 108m-
1678 4658 1796 4715 Jam
1827 4641 1881 4708 D
1905 4641 1987 4726 ρι’
2002 4641 2323 4740 negligentia
2346 4641 2481 4733 {vel
2519 4661 2695 4733 aliqua
2744 4659 3176 4732 intemperantia,
3217 4667 3279 4717 ut
3306 4658 3490 4717 Timo-

1906 4763 2057 4834 theo,
2089 4770 2143 4819 et
2172 4762 2262 4833 qui
2305 4759 2560 4830 jubentur
2586 4755 2850 4813 medicum
2882 4754 3167 4825 honorare,
3200 4754 3325 4809 huic
3353 4754 3486 4813 sola:

1905 4868 2081 4911 causae
2130 4859 2307 4922 potest
2354 4851 2586 4906 humana
2633 4846 2899 4903 medicina
2948 4846 3226 4917 prodesse,
3268 4859 3333 4901 ex
3383 4860 3488 4916 qua

1905 4944 2067 5002 etiam
2112 4943 2433 5013 negligentia
2475 4941 2560 4996 vel
2597 4940 2702 4995 alio
2739 4953 2870 4996 casu
2906 4939 3042 4993 mori
3090 4937 3335 4993 homines
3364 4951 3489 5008 pos-

1906 5045 2052 5105 sunt,
2099 5040 2237 5091 sicut
2282 5035 2542 5105 scriptum
2590 5039 2674 5089 est
2702 5030 2916 5088 :Justus
2958 5042 3273 5101 quacunque
3316 5034 3490 5083 morte

1906 5135 2213 5199 praeventus
2259 5124 2453 5193 fuerit;
2498 5131 2552 5179 et
2595 5124 2812 5189 iterum,
2852 5120 2973 5176 Noli
3015 5133 3139 5177 esse
3181 5118 3369 5185 durus,
3420 5136 3491 5176 ne

1909 5220 2159 5275 moriaris
2188 5233 2293 5274 non
2328 5220 2379 5273 in
2412 5226 2506 5272 tuo
2537 5226 2802 5286 tempore.
2833 5212 2986 5282 Quod
3016 5211 3262 5283 quamvis
3291 5224 3394 5265 non
3430 5212 3492 5267 fit

1908 5312 2023 5369 sine
2045 5311 2141 5368 Dei
2180 5310 2465 5383 permissu,
2506 5323 2615 5365 non
2653 5307 2713 5363 lit
2750 5314 2928 5362 tamen
2966 5304 3082 5376 ejus
3121 5302 3369 5375 imperio,
3395 5304 3489 5361 sed

1911 5404 1968 5461 fit
2015 5404 2132 5475 ejus
2179 5405 2327 5475 justo
2372 5402 2596 5474 judicio.
2645 5402 2771 5456 Erat
2816 5411 3055 5469 praesens
3101 5396 3390 5469 correptio,
3437 5407 3492 5455 et

1912 5514 2056 5556 nunc
2084 5509 2191 5566 est,
2223 5498 2317 5555 sed
2348 5513 2454 5553 non
2495 5495 2865 5562 intelligimus,
2895 5501 2952 5549 et
2981 5500 3228 5564 putamus
3266 5506 3493 5548 consue-

1912 5592 2113 5647 tudinis
2142 5605 2282 5658 cssc,
2312 5590 2453 5662 quod
2477 5589 2644 5657 culpes
2672 5594 2775 5655 est,
2812 5587 2935 5656 quia
2967 5586 3121 5642 multi
3152 5586 3254 5641 hoc
3284 5587 3491 5655 patiun-

1913 5692 2019 5739 tur.
2063 5683 2214 5752 Quod
2240 5684 2284 5736 si
2309 5681 2641 5749 nosmetipsos
2666 5677 3040 5750 judicaremus,
3070 5692 3173 5731 non
3211 5677 3383 5746 utique
3412 5678 3493 5729 di-

1903 5776 2281 5845 judicaremur,
2328 5773 2375 5829 si
2410 5786 2506 5828 nos
2542 5783 2977 5841 agnosceremus.
3025 5770 3164 5824 Dum
3192 5769 3495 5841 judicamur

1912 5876 2101 5935 autem,
2132 5883 2161 5920 a
2194 5864 2413 5922 Domino
2458 5862 2783 5935 corripiatur,
2817 5870 2873 5919 ut
2902 5878 3003 5919 non
3032 5878 3149 5919 cum
3180 5861 3274 5919 hoc
3300 5860 3501 5935 mundo,
