4004 6354
498 322 605 384 5ὕῦ
1625 321 1927 385 PRIMASII
1964 318 2421 381 ADRUMETANI
2458 317 2673 378 EPISC.
3692 318 3829 374 536

499 444 826 499 damnamur.
866 438 1153 509 Correptio
1182 444 1419 509 paternae
1449 436 1666 509 pietatis
1699 447 1801 507 est,
1833 447 1891 497 ut
1920 438 2097 511 poeni-
2127 436 2185 499 Α
2205 443 2259 492 et
2288 434 2335 492 si
2383 434 2457 489 ita
2500 441 2584 491 est
2608 432 2832 490 scientia
2872 431 2999 500 Dei,
3031 438 3086 488 et
3116 445 3223 488 non
3252 428 3493 501 ejusdem
3540 434 3781 502 generis
3802 469 3821 499 ,

504 535 732 591 tentiam
762 547 1017 604 agamus,
1051 547 1119 588 ne
1149 533 1203 588 in
1228 539 1487 587 aeternum
1520 531 1842 621 dampemur
1870 546 1993 588 cum
2030 532 2095 588 ﬁ-
2203 527 2357 598 cujus
2406 527 2508 582 ista
2557 534 2639 584 est
2688 539 2808 597 quae
2854 525 3133 581 hominum
3180 524 3396 592 dicitur,
3442 524 3586 580 sicut
3634 526 3825 580 etiam

504 628 715 684 delibus
740 626 950 681 mundi.
982 624 1185 697 Itaque,
1218 624 1403 693 fratres
1432 625 1553 694 mei,
1582 615 1699 679 cum
1727 625 2000 681 convenitis
2030 624 2098 678 ad
2203 619 2381 690 ipsum
2432 619 2573 690 quod
2625 619 2767 675 Deus
2814 617 3027 684 dicitur,
3071 618 3231 689 longe
3278 615 3420 673 aliud
3473 626 3581 685 est,
3632 632 3822 688 quam

2201 710 2471 782 quomodo
2501 711 2749 767 homines
2776 709 3029 766 dicuntur
3056 708 3131 764 dii
3160 724 3174 761 :
3205 708 3343 765 sicut
3372 709 3532 766 etiam
3562 722 3688 764 eum
3722 708 3819 762 di-

2201 805 2372 862 cimus
2403 804 2482 860 ira
2512 804 2630 873 Dei,
2663 819 2787 860 cum
2812 804 2955 859 nulla
2980 802 3310 873 perturbatio
3327 803 3379 857 in
3407 804 3574 858 Deum
3600 801 3773 858 cadat
3793 818 3812 856 :

2202 895 2345 951 unde
2386 895 2441 951 in
2480 894 2633 950 libris
2673 902 2863 951 contra
2892 893 3247 950 Academicos
3287 892 3354 947 ad
3399 892 3816 948 Romanianum

2203 985 2389 1058 (Aug.,
2419 986 2510 1042 lib.
2555 1002 2572 1041 ι
2618 993 2797 1041 contra
2842 984 3193 1056 Academicos)
3242 1001 3259 1040 :
3316 983 3431 1039 Non
3470 985 3619 1039 enim
3655 998 3814 1039 nunc

2202 1083 2377 1153 primo
2419 1081 2616 1138 auditis
2667 1083 2988 1152 sapientiam
3037 1095 3158 1139 esse
3206 1096 3389 1137 rerum
3434 1080 3809 1137 humanarum

2202 1172 2613 1245 divinarumque
2641 1173 2945 1230 scientiam.
3001 1174 3133 1230 item
3165 1180 3288 1244 post
3315 1173 3419 1227 alia
3454 1189 3467 1225 :
3511 1172 3627 1227 Aut
3674 1186 3806 1227 cum

2202 1279 2383 1321 rerum
2420 1264 2774 1321 humanarum
2814 1266 3041 1322 scientia
3085 1266 3302 1333 dicitur,
3348 1279 3411 1322 ea
3436 1263 3661 1330 dicitur,
3694 1279 3807 1335 qua

2202 1359 2429 1431 quisque
2456 1360 2629 1424 novit,
2654 1361 2735 1416 vel
2764 1368 2894 1431 quot
2914 1359 2999 1416 vel
3021 1361 3209 1431 quales
3238 1360 3433 1417 fundos
3462 1360 3804 1415 habeamus:

2201 1451 2290 1508 vel
2318 1451 2447 1524 quid
2476 1452 2611 1521 auri,
2638 1453 2767 1523 quid
2801 1453 3037 1524 argenti;
3068 1451 3169 1510 sed
3197 1451 3289 1507 illa
3324 1461 3407 1508 est
3433 1452 3804 1507 humanarum

2204 1559 2383 1601 rerum
2422 1543 2646 1601 scientia
2680 1559 2800 1615 qua:
2830 1544 2981 1600 novit
3024 1545 3205 1601 lumen
3235 1543 3553 1613 prudentiae,
3587 1553 3804 1613 tempe-

2204 1635 2393 1692 rantiae
2434 1636 2637 1703 decus,
2680 1635 3013 1692 fortitudinis
3055 1636 3243 1703 robur,
3278 1636 3503 1706 justitite
3540 1637 3801 1691 sanctita-

2206 1735 2338 1784 tem.
2358 1728 2485 1785 llazc
2502 1727 2646 1784 enim
2667 1736 2794 1785 sunt
2818 1744 2938 1799 quas
2961 1730 3164 1785 nullam
3187 1729 3450 1785 fortunam
3468 1736 3797 1796 metuentes,

504 719 972 786 manducandum,
1023 718 1237 772 invicem
1285 724 1593 787 exspectate.
1650 718 1713 773 Si
1754 718 1869 789 quis
1917 719 2096 786 esurit,

510 813 649 867 domi
664 812 955 867 manducet.
978 810 1113 879 Quia
1140 809 1233 879 qui
1265 808 1471 880 primus
1494 810 1755 875 venisset,
1776 810 2099 867 offerebatur

507 904 611 974 illi,
632 915 688 963 et
701 904 1015 962 comedebat
1035 912 1087 959 et
1108 904 1309 958 abibat.
1346 901 1413 958 Ut
1433 919 1537 957 non
1562 904 1616 957 in
1635 904 1892 975 judicium
1914 920 2096 958 conve-

507 997 764 1054 niatis.ln
790 995 989 1067 judicio
1001 994 1415 1065 conveniebant,
1443 995 1625 1050 nonin
1656 994 2094 1052 sanctificatione.

511 1093 705 1149 Ctetera
714 1098 903 1157 autem,
920 1106 1036 1143 cum
1046 1105 1248 1155 venero,
1272 1088 1648 1160 disponam.De
1662 1088 1792 1159 ipsis
1805 1089 2097 1160 mysteriis.

506 1222 511 1227 ι
582 1184 710 1241 Car.
753 1198 852 1238 xu.
930 1181 1010 1236 De
1038 1182 1395 1254 spirituatibus
1424 1190 1614 1237 autem.
1655 1180 1946 1238 Crescente
1972 1180 2097 1249 ﬁde,

508 1278 682 1351 gratia
722 1276 1024 1347 linguarum
1064 1274 1428 1340 minuebatur,
1459 1286 1621 1343 quam
1650 1280 1871 1343 propter
1911 1271 2100 1327 inﬁde-

506 1370 591 1429 les
621 1376 940 1440 acceperant
970 1385 983 1421 :
1015 1367 1139 1423 hinc
1163 1380 1293 1437 ergo
1318 1365 1536 1436 plurimi
1565 1365 1890 1431 contristati,
1922 1379 2100 1435 crepe-

504 1471 643 1520 runt
680 1460 854 1517 adhuc
885 1459 1025 1515 hane
1064 1459 1292 1531 gratiam
1332 1457 1656 1515 habentibus
1700 1458 1961 1528 invidere,
2004 1474 2101 1530 pu-

510 1563 692 1610 tantes
723 1553 826 1608 hoc
853 1551 1028 1621 majus
1071 1564 1192 1608 esse
1219 1550 1471 1607 omnibus
1500 1549 1927 1607 cbarismatibus.
1961 1548 2100 1606 Noto

510 1662 602 1701 vos
631 1648 891 1717 ignorare,
923 1646 1126 1715 fratres.
1157 1642 1313 1699 Scitis
1340 1642 1511 1697 autem
1532 1642 1773 1712 quoniam
1796 1658 1912 1696 cum
1930 1652 2099 1712 gentes

512 1737 711 1792 essetis.
751 1736 886 1791 Nolo
917 1735 1175 1806 ignoretis
1202 1734 1487 1791 rationem.
1527 1734 1610 1789 Ad
1635 1733 1910 1789 simulacra
1938 1744 2097 1789 muta.

513 1829 825 1887 Secundum
864 1828 1182 1900 prophetam
1220 1826 1523 1895 dicentem,
1567 1825 1787 1883 Similes
1824 1826 1932 1882 illis
1971 1827 2101 1881 ﬁant
2130 1829 2179 1888 Β
2207 1838 2332 1880 vere
2361 1832 2545 1880 nostra
2576 1823 2759 1881 dicere
2803 1825 3064 1881 audemus
3094 1841 3109 1879 :
3137 1840 3259 1896 quas
3289 1825 3336 1880 si
3362 1825 3673 1880 Albieerius
3707 1823 3799 1879 ille

514 1925 607 1994 qui
634 1924 832 1981 faciunt
860 1938 944 1989 ea,
978 1932 1033 1979 et
1059 1922 1150 1994 qui
1177 1922 1452 1979 conﬁdunt
1482 1923 1536 1977 in
1560 1923 1664 1990 eis,
1692 1936 1813 1991 qua:
1840 1930 1966 1977 sunt
1988 1923 2103 1977 sine

512 2030 649 2072 voce
686 2015 1035 2072 insensibilia.
1078 2014 1247 2070 Prout
1270 2015 1593 2069 ducebantini
1622 2021 1820 2070 euntes.
1862 2016 1905 2069 A
1933 2014 2103 2085 magis

513 2109 601 2164 vel
647 2108 985 2180 aruspicibus
1034 2108 1323 2166 idolorum.
1360 2107 1491 2163 Ideo
1531 2116 1707 2162 notum
1754 2106 1892 2161 vobis
1937 2108 2100 2177 facio,
2130 2171 2145 2177 _

511 2199 651 2270 quod
672 2215 821 2256 nemo
849 2200 901 2255 in
924 2200 1130 2268 Spiritu
1150 2200 1248 2254 Dei
1269 2199 1503 2269 loquens,
1523 2200 1645 2253 dicit
1666 2199 1937 2254 anathema
1952 2195 2099 2252 Iesu.

511 2288 640 2345 ldco
665 2297 727 2344 ut
744 2290 854 2359 jam
890 2303 998 2344 non
1036 2289 1156 2344 sitis
1184 2288 1582 2344 irrationabiles
1607 2295 1661 2343 et
1684 2285 1911 2343 mobiles
1938 2304 1951 2340 :
1980 2301 2101 2342 cum

512 2383 773 2451 religione
802 2382 945 2436 enim
970 2380 1181 2438 debetis
1205 2389 1261 2438 et
1288 2396 1481 2438 mores
1498 2389 1727 2447 mutare,
1758 2388 1814 2436 et
1845 2380 1986 2435 scire
2012 2395 2106 2435 ve-

511 2480 643 2528 strae
671 2470 795 2527 ﬁdei
834 2473 1120 2527 rationem.
1164 2469 1236 2527 Et
1263 2488 1410 2527 nemo
1439 2480 1601 2543 potest
1631 2473 1818 2539 dicere,
1852 2471 2105 2527 Dominus

510 2561 690 2630 Jesus,
724 2566 834 2644 nisi
874 2565 1077 2637 Spiritu
1117 2574 1315 2621 sancto.
1366 2566 1646 2634 Quomodo
1688 2580 1818 2635 ergo
1848 2566 2105 2622 Dominus

514 2672 626 2713 non
648 2658 962 2729 cogniturus
1016 2658 1295 2730 operarios
1350 2658 1607 2730 iniquos?
1655 2658 1900 2728 quamvis
1960 2657 2101 2714 enim

512 2749 805 2805 Dominum
825 2750 931 2805 sint
954 2749 1207 2819 confessi,
1232 2756 1286 2806 et
1306 2750 1423 2820 ipse
1447 2748 1736 2818 Apostolus
1759 2749 1910 2804 factis
1934 2748 2103 2805 Deum

512 2843 703 2910 negari
735 2839 1023 2896 conﬁrmat
1059 2857 1073 2896 :
1115 2840 1218 2897 hoc
1246 2849 1357 2908 est,
1400 2854 1559 2895 nemo
1595 2840 1652 2895 in
1685 2838 1889 2909 Spiritu
1918 2847 2104 2895 sancto

512 2940 694 3004 potest
723 2932 905 2989 dicere
941 2933 1260 3002 Dominum,
1295 2933 1398 2988 nisi
1429 2932 1521 3003 qui
1550 2946 1675 2989 eum
1716 2932 1920 3002 integre
1958 2941 2012 2988 et
2042 2932 2106 2985 ﬁ-

515 3023 709 3081 deliter
758 3025 927 3084 Deum
985 3026 1257 3082 hominem
1313 3026 1643 3091 conﬁtetur,
1700 3034 1755 3082 et
1807 3026 2103 3082 secundum

515 3129 951 3189 unamquamque
997 3118 1374 3185 substantiam,
1422 3127 1477 3173 et
1522 3118 1783 3189 aequalem
1824 3118 2002 3184 Patri,
2051 3128 2105 3175 et

2207 1916 2513 1983 didicisset,
2556 1932 2862 1988 nunquam,
2914 1918 3048 1974 mihi
3094 1919 3324 1986 credite,
3368 1927 3475 1973 tam
3522 1918 3800 1973 luxuriose

2206 2009 2625 2078 deformiterque
2650 2010 2895 2067 vixisset.
2938 2010 3043 2065 Alii
3071 2020 3242 2083 autem
3270 2027 3437 2066 sermo
3465 2011 3696 2066 scientia:
3724 2027 3798 2065 se-

2206 2103 2430 2156 cundum
2464 2102 2700 2157 eumdem
2730 2103 3004 2175 Spiritum.
3033 2102 3273 2160 Scientia
3301 2111 3385 2161 est
3412 2106 3794 2174 mysterium

2206 2193 2361 2264 legis,
2402 2201 2493 2250 aut
2529 2194 2669 2250 scire
2716 2194 3009 2264 praeterita,
3053 2202 3107 2249 et
3146 2195 3215 2250 de
3258 2194 3453 2250 futuris
3502 2194 3792 2249 mstimare.

2205 2283 2482 2353 Sapientia
2528 2284 2663 2339 mihi
2708 2285 2918 2342 videtur
2959 2299 3084 2342 esse
3126 2301 3309 2342 rerum
3351 2284 3705 2341 humanarum
3743 2295 3795 2341 et

2205 2378 2511 2435 divinarum
2568 2394 2685 2450 quae
2732 2380 2800 2436 ad
2854 2382 3068 2436 beatam
3122 2380 3282 2436 vitam
3334 2383 3648 2451 pertineant
3692 2396 3793 2437 non

2206 2472 2429 2527 scientia
2456 2472 2652 2541 solum,
2678 2472 2774 2528 sed
2798 2472 2965 2529 etiam
2990 2472 3219 2544 diligens
3244 2472 3523 2543 inquisitio
3563 2473 3675 2545 (Ea;
3700 2490 3786 2527 eo-

2207 2566 2323 2619 dem
2344 2565 2493 2633 tibro,
2521 2565 2677 2633 paulo
2704 2566 2864 2638 post).
2896 2566 3067 2635 Quam
3089 2567 3511 2638 descriptionem
3538 2570 3583 2624 si
3610 2570 3791 2640 partiri

2207 2656 2364 2724 velis,
2394 2659 2566 2729 prima
2595 2673 2741 2730 pars,
2763 2674 2884 2730 quae
2912 2660 3191 2716 scientiam
3218 2670 3386 2729 tenet,
3414 2662 3510 2717 Dei
3535 2670 3623 2718 est
3644 2677 3657 2712 :
3682 2662 3793 2719 hac

2208 2756 2386 2803 autem
2409 2763 2528 2817 qua:
2553 2747 2976 2819 inquisitionem,
3002 2757 3254 2805 contenta
3280 2759 3363 2806 est
3386 2765 3511 2807 esse
3538 2750 3789 2807 hominis.

2206 2840 2304 2896 Illa
2328 2840 2490 2911 igitur
2512 2841 2678 2905 Deus,
2705 2840 2808 2897 hac
2833 2850 3010 2897 autem
3034 2841 3195 2899 homo
3223 2843 3411 2900 beatus
3436 2851 3541 2900 est.
3572 2844 3793 2914 Sapien~

2208 2933 2281 2988 tia
2304 2941 2483 3003 potest
2510 2933 2737 3005 intelligi
2768 2934 2949 2990 divina
2989 2950 3154 2992 nosse
3185 2954 3199 3004 ;
3241 2936 3463 2993 scientia
3488 2947 3670 2994 autem
3700 2937 3795 2992 hu-

2208 3041 2395 3096 mana,
2447 3027 2533 3084 vel
2579 3027 2860 3083 historiam
2910 3029 3177 3098 recolere,
3229 3038 3283 3084 et
3330 3028 3596 3099 praeterita
3652 3030 3795 3088 bene

2208 3133 2449 3175 narrare.
2490 3120 2623 3175 Item
2661 3120 2819 3176 aliter
2848 3138 2861 3175 :
2895 3121 3167 3191 Sapientia
3212 3120 3447 3191 pertinet
3474 3122 3541 3175 ad
3576 3121 3791 3180 intelle-

512 3212 780 3269 minorem
810 3212 985 3269 Patre.
1011 3211 1301 3269 Divisiones
1334 3228 1450 3267 vero
1480 3214 1764 3283 gratiarum
1795 3222 1935 3280 sunt,
1968 3213 2106 3268 idem
2132 3210 2181 3274 C
2209 3221 2357 3268 ctum
2386 3221 2744 3278 aeternorum;
2775 3214 2998 3271 scientia
3028 3228 3157 3270 vero
3210 3214 3279 3270 ad
3304 3228 3367 3270 ea
3396 3229 3517 3285 quae
3547 3215 3791 3271 sensibus

516 3314 686 3362 autem
717 3306 967 3378 Spiritus.
1010 3306 1123 3363 Hoc
1163 3315 1247 3364 est
1288 3308 1614 3378 linguarum,
1648 3308 1735 3364 vel
1772 3308 2104 3364 diversarum

514 3413 699 3455 rerum
723 3415 845 3470 qua:
868 3400 1100 3471 Spiritus
1129 3408 1349 3457 sanctus
1375 3416 1472 3456 sua
1501 3402 1779 3457 voluntate
1810 3402 2101 3470 distribuit,

514 3492 788 3561 quomodo
841 3507 967 3549 vere
1017 3492 1183 3549 Deus.
1240 3493 1311 3546 Et
1354 3493 1625 3547 divisiones
1673 3494 2105 3548 ministrationum

514 3594 635 3638 sunt
664 3600 682 3637 :
717 3584 851 3637 idem
880 3592 1051 3637 autem
1080 3583 1354 3637 Dominus.
1395 3583 1646 3649 Quamvis
1675 3586 1894 3654 proprie
1918 3593 2102 3640 contra

516 3672 887 3728 Macedoniam
916 3673 1097 3740 faciat,
1125 3674 1214 3742 qui
1243 3672 1506 3743 Spiritum
1537 3681 1782 3741 sanctum
1814 3675 1977 3731 Deum
2011 3691 2105 3732 ne-

516 3771 607 3830 gat
639 3779 652 3815 :
688 3762 918 3817 dicendo
945 3763 1090 3818 enim
1122 3778 1335 3834 semper
1379 3766 1541 3831 idem,
1574 3766 1809 3822 ostendit
1837 3782 1897 3823 se
1924 3770 2101 3824 omnia

516 3852 588 3906 de
620 3852 820 3921 Spiritu
850 3861 1037 3909 saneto
1066 3854 1247 3911 dicere
1280 3872 1293 3908 :
1335 3864 1519 3911 tamen
1558 3865 1614 3912 et
1655 3867 1843 3914 contra
1874 3860 2103 3915 Ariauos

516 3957 627 4004 non
665 3944 937 4002 mediocre
967 3956 1052 4002 est
1086 3957 1491 4019 argumentum,
1535 3950 1627 4019 qui
1657 3950 1723 4005 de
1758 3951 1861 4007 hoc
1889 3956 2104 4022 semper

517 4036 930 4106 calumniantur,
978 4043 1118 4110 quod
1165 4041 1325 4099 Pater
1370 4043 1602 4113 primum
1643 4043 1970 4111 nominetur,
2016 4059 2104 4100 se-

514 4132 694 4189 cundo
744 4134 927 4202 Filius,
980 4136 1138 4192 tertio
1186 4136 1419 4207 Spiritus
1467 4146 1705 4197 sanctus.
1778 4137 1877 4195 llic
1923 4146 2102 4195 autem

514 4228 679 4285 istum
706 4230 949 4288 ordinem
978 4231 1293 4289 demutavit.
1319 4232 1442 4288 Vult
1472 4242 1651 4289 autem
1681 4234 1766 4289 hic
1792 4234 2099 4302 ostendere,

511 4326 742 4394 gratiam
795 4325 963 4401 divini
1004 4326 1270 4397 Spiritus,
1320 4342 1429 4383 non
1468 4320 1806 4397 ipsum'esse
1845 4327 2099 4393 divisum,

512 4418 621 4474 hoc
645 4429 725 4475 est
754 4421 1176 4478 ministeriorum
1200 4422 1453 4478 Ecclesiae
1482 4420 1761 4487 doctrinae,
1793 4428 1846 4475 et
1873 4430 2103 4475 caetero--

515 4525 636 4564 rum
670 4512 808 4566 dona
838 4513 1040 4582 largiri.
1094 4513 1156 4566 Et
1209 4515 1481 4569 divisiones
1533 4515 1891 4583 operationum
1943 4520 2100 4565 sunt:

2210 3305 2454 3374 corporis
2482 3306 2804 3376 expetimus.
2831 3305 2977 3362 Talis
3005 3307 3269 3377 sapientia
3298 3308 3365 3363 ad
3393 3308 3607 3363 beatam
3633 3309 3790 3365 vitam

2208 3397 2463 3469 pertinet.
2497 3394 2661 3451 Alteri
2691 3398 2818 3466 ﬁdes
2846 3397 2900 3452 in
2931 3397 3107 3454 eodem
3133 3397 3367 3469 Spiritu;
3397 3398 3492 3453 alii
3516 3400 3685 3469 gratia
3707 3417 3792 3455 sa-

2208 3492 2428 3547 nitatum
2461 3491 2516 3545 in
2550 3505 2653 3545 uno
2684 3490 2914 3559 Spiritu.
2955 3490 3109 3547 Sicut
3138 3505 3361 3561 granum
3408 3490 3636 3562 sinapis,
3666 3493 3792 3547 abu-

2207 3584 2321 3639 sive
2354 3597 2467 3638 rem
2498 3582 2678 3652 posuit
2710 3596 2808 3652 pro
2837 3581 3055 3638 eﬁ‘ectu.
3088 3582 3187 3638 ilic
3222 3582 3355 3639 ﬁdes
3379 3596 3492 3639 non
3524 3583 3700 3639 solum
3728 3583 3793 3639 ad

2207 3674 2560 3743 credendum,
2588 3674 2685 3730 sed
2725 3674 2885 3729 etiam
2917 3674 2985 3729 ad
3017 3674 3280 3745 prodigia,
3304 3684 3365 3730 ut
3392 3675 3531 3745 ignis
3556 3676 3790 3733 caderet.

2207 3767 2315 3822 Alii
2344 3770 2577 3838 operatio
2605 3769 2870 3822 virtutum.
2914 3767 3099 3823 Virtus
3127 3776 3210 3824 est
3242 3775 3485 3823 mortuos
3516 3772 3791 3836 suscitare,

2206 3862 2450 3932 leprosos
2498 3862 2779 3917 mundare.
2827 3861 2932 3915 Alii
2978 3862 3320 3931 praphetatio.
3371 3860 3575 3917 Futura
3615 3862 3794 3933 praeci-

2208 3970 2371 4023 nere,
2413 3954 2498 4011 vel
2525 3954 2755 4009 obscura
2777 3953 3065 4010 disserere.
3106 3954 3211 4008 Alii
3238 3954 3477 4034 discretio
3504 3956 3790 4034 spirituum.

2148 4112 2173 4136 ⁸
2206 4047 2396 4114 Qualis
2426 4046 2546 4117 quis
2574 4046 2766 4115 spiritu
2791 4046 3003 4112 veniat,
3031 4044 3115 4101 vel
3143 4044 3265 4115 quis
3294 4027 3516 4116 spiritus
3546 4026 3794 4118 suggeﬁt

2208 4139 2412 4211 aliquid
2456 4138 2744 4210 agendum,
2785 4146 2962 4194 utrum
2998 4140 3166 4194 bonus
3207 4152 3277 4194 an
3318 4140 3646 4194 contrarius.
3695 4138 3796 4192 Alii

2207 4248 2394 4304 genera
2424 4231 2738 4300 linguarum.
2769 4231 3066 4287 Notandum
3097 4231 3219 4303 quia
3246 4232 3385 4288 inter
3415 4231 3521 4288 alia
3546 4233 3685 4288 dona
3708 4248 3796 4303 ge-

2206 4339 2337 4381 nera
2383 4325 2687 4396 linguarum
2735 4335 3150 4380 commemorat.
3184 4324 3291 4379 Alii
3332 4339 3534 4394 genera
3587 4325 3797 4393 lingua-

2205 4434 2351 4487 rum,
2390 4426 2451 4475 ut
2486 4419 2621 4475 sciat
2662 4416 2855 4486 linguis
2879 4417 3045 4488 loqui.
3094 4417 3201 4472 Alii
3228 4418 3580 4488 interpretatio
3608 4432 3793 4473 sermo-

2207 4530 2353 4569 num.
2393 4514 2545 4570 Alius
2585 4511 2929 4581 interpretari
2958 4518 3195 4582 poterat,
3227 4526 3349 4581 quae
3375 4510 3518 4568 alius
3548 4511 3795 4582 loqueba-

516 4601 654 4654 idem
711 4618 827 4657 vero
876 4602 1037 4673 Deus,
1088 4608 1175 4676 qui
1225 4616 1465 4676 operatur
1513 4608 1686 4661 omnia
1741 4607 1792 4659 in
1842 4605 2094 4659 omnibus.
2127 4597 2184 4660 D
2210 4616 2315 4664 tur.
2349 4608 2478 4663 Haec
2509 4616 2677 4662 autem
2702 4606 2873 4661 omnia
2901 4615 3143 4676 aperatur
3170 4620 3303 4659 unus
3332 4613 3482 4674 atque
3509 4605 3647 4659 idem
3670 4603 3795 4672 Spi-

518 4694 721 4763 Quibus
756 4696 976 4753 virtutes
1014 4699 1392 4767 operabantur.
1434 4700 1717 4768 Unicuique
1753 4708 1921 4753 autem
1949 4699 2103 4754 datur

519 4788 864 4857 manifestatio
892 4790 1121 4860 Spiritus
1154 4791 1224 4843 ad
1255 4791 1544 4845 utilitatem.
1587 4791 1711 4847 Sive
1741 4792 2096 4860 credentium,

513 4878 633 4935 sive
659 4878 1079 4949 iucredulorum,
1110 4890 1170 4938 ut
1199 4882 1443 4938 credant.
1485 4883 1587 4937 Alii
1623 4883 1827 4955 quidem
1858 4900 1958 4951 per
1980 4884 2096 4955 Spi-

515 4971 677 5025 ritum
706 4974 859 5028 datur
888 4991 1054 5030 sermo
1084 4975 1368 5047 sapientia}.
1411 4976 1480 5031 Ut
1514 4986 1767 5047 appareat
1794 4976 1943 5032 illurn
1980 4976 2101 5046 Spi-

512 5061 678 5119 ritum
699 5075 941 5121 sanctum
963 5065 1186 5137 habere,
1211 5068 1303 5139 qui
1341 5084 1370 5123 a
1394 5067 1504 5125 Deo
1544 5069 1738 5139 accipit
1758 5069 2095 5139 sapientiam,

456 5190 463 5200 .
512 5152 643 5209 dum
686 5157 803 5214 sine
841 5172 940 5213 suo
970 5158 1154 5216 labore
1192 5168 1250 5215 et
1288 5161 1520 5231 cogitatu
1551 5161 1821 5232 loquetur,
1856 5170 1909 5218 et
1937 5174 2099 5217 nemo

439 5239 445 5251 “
514 5246 594 5303 illi
632 5251 826 5319 poterit
852 5252 1123 5320 resistere,
1165 5253 1302 5310 sicut
1340 5253 1634 5324 Stephano.
1677 5254 1951 5324 Sapientia
1993 5261 2097 5320 est,

510 5342 806 5414 sapienter,
845 5352 899 5400 et
929 5353 1081 5415 apte,
1124 5353 1179 5401 et
1220 5348 1609 5405 rationabiliter
1649 5349 1816 5418 loqui,
1857 5355 1912 5403 et
1941 5360 2098 5418 posse

516 5432 809 5503 disserere,
839 5448 894 5495 et
930 5439 1127 5497 docere
1166 5442 1305 5512 quod
1337 5451 1521 5499 nosset
1559 5460 1571 5494 :
1617 5441 1880 5511 sapientia
1924 5448 2101 5511 potest

515 5523 739 5597 intelligi
764 5528 940 5585 divina
986 5547 1176 5597 nosse,
1210 5532 1431 5588 scientia
1466 5532 1717 5588 humana.
1752 5531 1881 5587 Item
1912 5532 2095 5587 aliter:

516 5615 600 5669 Ab
628 5617 929 5677 hominibus
974 5625 1045 5679 ita
1074 5625 1308 5681 discenti
1340 5625 1689 5694 probabiliter
1718 5624 1919 5691 solent,
1952 5625 2099 5696 quod

518 5707 777 5776 sapientia
801 5715 1064 5781 pertineat
1092 5717 1158 5772 ad
1181 5717 1513 5774 intellectum
1542 5727 1896 5784 antemarum;
1925 5719 2102 5773 scicn-

520 5798 589 5857 tia
623 5816 747 5860 vcro
776 5803 841 5862 ad
870 5820 933 5863 ea
962 5823 1081 5867 oua:
1110 5811 1353 5877 sensibus
1391 5811 1567 5871 cordis
1603 5811 1929 5883 experimur.
1990 5810 2096 5872 Sed
2152 5890 2161 5893 _

2205 4702 2355 4767 ritus,
2387 4699 2617 4754 dividens
2646 4698 2864 4768 singulis
2885 4706 3035 4768 prout
3058 4698 3187 4752 vult.
3208 4695 3454 4753 Ostendit
3471 4710 3534 4752 se
3553 4696 3797 4766 superius

2208 4802 2378 4849 totum
2425 4791 2494 4847 de
2541 4790 2657 4846 solo
2704 4790 2906 4861 Spiritu
2952 4799 3139 4847 sancto
3184 4789 3424 4857 dixisse,
3466 4798 3525 4846 et
3569 4803 3687 4846 eum
3738 4806 3797 4845 se

2206 4887 2376 4941 Deum
2407 4892 2463 4941 et
2487 4883 2773 4940 Dominum
2824 4882 3169 4953 praedicasse.
3218 4882 3326 4939 Sed
3366 4891 3421 4937 et
3467 4896 3596 4937 eum
3646 4881 3795 4947 dicit,

2204 4985 2365 5047 prout
2401 4977 2545 5043 vult,
2584 4977 2663 5031 sic
2698 4988 2911 5045 quoque
2946 4974 3113 5030 Deum
3150 4973 3517 5040 demonstrat,
3558 4974 3650 5044 qui
3689 4988 3797 5028 non

2200 5068 2406 5139 jussus,
2437 5068 2534 5123 sed
2566 5065 2898 5122 voluntarius
2935 5075 3207 5136 Operatur,
3243 5066 3336 5147 qui
3368 5074 3530 5136 prout
3566 5066 3678 5120 vult
3709 5064 3795 5120 di-

2204 5158 2357 5225 vidit,
2392 5157 2525 5232 nulli
2554 5155 2830 5227 subjectus
2860 5163 2959 5212 est.
3003 5156 3060 5213 Si
3089 5169 3217 5228 ergo
3245 5156 3423 5211 omnia
3454 5169 3592 5210 unus
3628 5154 3795 5225 Spiri-

2205 5261 2291 5310 tus
2318 5248 2591 5322 operatur,
2622 5264 2791 5322 quare
2818 5249 3175 5318 contristaris,
3208 5247 3350 5320 quod
3379 5249 3541 5304 aliam
3570 5248 3793 5318 gratiam

2206 5347 2498 5418 acceperis,
2531 5354 2585 5402 et
2612 5344 2881 5417 :emularis
2906 5343 3093 5410 alium,
3115 5344 3267 5415 quasi
3293 5342 3555 5413 majorem
3585 5348 3791 5414 partem

2205 5439 2484 5509 invaserit,
2508 5452 2631 5494 cum
2655 5437 2756 5493 hoc
2784 5450 2893 5492 non
2923 5437 2977 5492 in
3006 5443 3210 5501 nostra,
3238 5434 3335 5490 sed
3366 5434 3418 5489 in
3444 5433 3692 5490 donantis
3720 5433 3793 5490 sit

2206 5534 2439 5604 positum
2479 5530 2783 5603 potestate?
2814 5530 2959 5585 Sicut
3008 5530 3143 5585 enim
3183 5543 3369 5597 corpus
3405 5543 3565 5582 unum
3601 5539 3693 5593 est,
3741 5536 3789 5579 et

2204 5628 2431 5683 membra
2473 5628 2618 5680 habet
2650 5624 2847 5691 multa;
2885 5625 3060 5679 omnia
3099 5632 3269 5677 autem
3308 5622 3533 5677 membra
3564 5623 3787 5691 corporis

2205 5737 2318 5775 cum
2349 5719 2448 5773 sint
2478 5718 2664 5785 multa,
2696 5733 2857 5771 unum
2886 5726 3055 5771 tamen
3091 5730 3281 5785 corpus
3309 5722 3450 5769 sunt.
3493 5713 3781 5784 Compara-

2207 5812 2349 5871 tiouo
2375 5810 2620 5882 corporis
2643 5810 2832 5879 utitur,
2862 5816 2917 5865 ut
2944 5807 3190 5866 ostendat
3219 5806 3393 5865 ofﬁcia
3418 5806 3637 5889 diversa
3663 5820 3783 5866 esse
