4004 6354
275 310 387 371 637

1039 309 1113 372 1N
1150 307 1542 371 EPISTOLAM
1580 310 1602 368 ι
1640 311 1731 368 ΔΙ)
1768 309 2179 378 CORINTHIOS
2215 311 2738 383 COMMENTARIAJ

3446 331 3551 394 558

276 442 393 485 non
441 431 629 483 natura
650 423 1041 507 membrorum,
1074 433 1129 482 et
1148 427 1418 483 neminem
1446 427 1648 484 debere
1676 441 1870 484 curare
1898 429 1955 491 Α
1977 431 2145 501 gratia
2178 435 2350 506 major
2373 440 2465 494 sit.
2502 439 2570 495 Ut
2600 458 2701 497 non
2731 444 2797 498 sit
2824 444 3047 502 scissura
3074 446 3129 502 in
3155 463 3382 521 corpore.
3416 422 3552 509 Dum

278 522 439 590 cujus
468 519 629 575 officii
667 520 758 587 sit,
795 520 921 577 dum
964 536 1158 579 omnes
1190 536 1296 578 uno
1325 523 1515 592 spiritu
1543 521 1864 590 animentur,

277 624 338 672 et
370 615 423 669 in
451 630 556 670 uno
579 629 805 686 corpore
834 626 1168 687 coaptentur.
1198 615 1285 671 Ita
1311 627 1358 673 et
1389 617 1639 674 Christus.
1672 619 1871 675 Notan-

277 707 412 762 dum
458 707 597 777 quod
624 706 868 764 Christus
915 707 1110 763 dicitur
1152 708 1417 777 Ecclesia,
1460 709 1513 763 id
1556 717 1641 764 est
1677 723 1870 781 corpus

279 799 504 857 Christi.
554 798 760 855 Etenim
802 800 856 854 in
894 816 997 855 uno
1038 799 1237 869 Spiritu
1285 817 1456 856 omnes
1498 818 1591 857 nos
1629 804 1683 857 in
1712 819 1870 857 unum

282 908 475 964 corpus
496 892 739 963 baptismi
773 908 966 948 sumus.
999 882 1070 949 Ut
1097 908 1262 949 unum
1290 908 1486 963 corpus
1515 896 1702 952 simus.
1734 897 1870 964 Quo-

281 998 404 1039 rum
441 999 569 1054 ergo
606 984 861 1054 spiritalia
904 983 1211 1040 communia
1246 996 1393 1052 sunt,
1434 1000 1621 1042 eorum
1657 995 1712 1043 et
1751 1001 1870 1043 car-

282 1078 426 1133 nalia
457 1077 657 1135 debent
695 1092 816 1135 esse
842 1078 1170 1148 communia,
1205 1079 1500 1137 secundum
1540 1079 1709 1150 ipsius
1745 1095 1869 1138 sen-

284 1172 534 1239 tentiam,
564 1188 790 1243 quorum
819 1187 955 1230 unus
984 1174 1150 1240 Deus,
1181 1173 1430 1245 idemque
1458 1184 1611 1245 pater
1652 1190 1863 1246 eorum,

284 1264 391 1321 nisi
420 1275 473 1322 et
500 1268 770 1338 possessio
794 1268 1117 1337 communis,
1150 1267 1301 1338 impii
1331 1277 1476 1324 sunt.
1520 1269 1642 1325 Sive
1669 1269 1864 1337 Judaei,

280 1358 386 1415 sive
401 1359 633 1431 gentiles,
653 1360 756 1416 sive
781 1361 931 1429 servi,
957 1361 1057 1417 sive
1084 1360 1251 1431 liberi,
1275 1368 1324 1417 et
1344 1377 1517 1416 omnes
1540 1377 1643 1416 uno
1665 1360 1869 1432 Spiritu

282 1454 449 1524 potati
476 1470 671 1508 sumus.
713 1453 879 1521 Quasi
907 1455 1182 1524 potionem
1217 1469 1315 1525 pro
1358 1456 1652 1527 capacitate
1681 1456 1866 1516 unius-

281 1544 545 1616 cujusque
565 1555 819 1617 quantum
842 1548 1015 1604 voluit
1035 1548 1260 1621 largitus
1280 1556 1383 1605 est.
1418 1549 1558 1603 Nam
1585 1557 1635 1605 et
1659 1566 1861 1621 corpus.

283 1633 443 1691 Redit
492 1635 559 1692 ad
604 1637 930 1708 exemplum.
977 1637 1104 1693 Non
1135 1648 1209 1695 est
1244 1655 1405 1694 unum
1446 1642 1745 1711 membrum,
1775 1643 1866 1698 sed

284 1728 467 1782 multa.
497 1728 615 1784 Non
652 1744 779 1811 ergo
808 1737 985 1799 potest
1028 1738 1195 1787 totum
1241 1746 1436 1802 corpus
1465 1749 1628 1789 unum
1666 1734 1866 1792 habere

1972 521 2292 582 alterutrum
2332 530 2653 603 indigemus,
2690 551 2788 604 pro
2826 537 3053 596 invicem
3092 555 3276 597 sumus
3312 543 3551 611 solliciti,

1972 625 2041 704 ne
2078 616 2196 683 quis
2226 631 2286 673 se
2319 619 2463 677 dicat
2492 631 2545 679 et
2573 627 2742 695 gratia
2784 637 2838 683 et
2866 629 3069 688 honore
3120 633 3405 704 privatum.
3448 634 3555 690 Sed

1970 701 2024 757 in
2062 704 2285 775 idipsum
2323 726 2416 780 pro
2460 713 2671 770 invicem
2712 708 2933 774 sollicita
2969 723 3071 777 sint
3112 701 3353 779 membra.
3403 725 3555 781 Oculi

1970 796 2251 866 provident
2272 803 2517 874 pedibus,
2543 808 2684 864 viam
2716 827 2903 869 manus
2928 829 3024 883 pro
3043 823 3155 872 toto
3174 831 3399 889 corpore
3427 833 3556 889 ope-

1972 898 2179 959 rantur,
2231 902 2285 948 et
2336 897 2517 952 omnia
2568 900 2882 959 alterutrum
2929 908 3169 963 membra
3217 908 3552 968 deserviunt.

1971 979 2040 1036 Et
2060 983 2105 1037 si
2122 984 2246 1053 quid
2270 988 2459 1056 patitur
2480 1007 2637 1046 unum
2658 996 2955 1065 membrum,
2982 1002 3360 1071 compatiuntur
3383 1003 3556 1059 omnia

1970 1078 2213 1133 membra.
2256 1079 2313 1136 Si
2362 1097 2523 1138 unum
2568 1088 2867 1145 membrum
2916 1091 3081 1161 dolet,
3137 1101 3305 1149 totum
3358 1110 3553 1165 corpus

1971 1179 2217 1239 aegrotat,
2250 1180 2306 1228 et
2333 1175 2400 1230 ad
2423 1179 2708 1236 sanitatem
2741 1183 2855 1252 ejus
2886 1185 3093 1256 reliqua
3133 1188 3374 1245 membra
3405 1188 3555 1245 festi-

1969 1269 2119 1316 nant.
2156 1262 2275 1318 Sive
2302 1267 2552 1336 gloriatur
2582 1287 2741 1325 unum
2767 1276 3065 1346 membrum,
3095 1280 3414 1351 congaudent
3443 1296 3553 1335 om-
3648 1317 3651 1319 ›

1968 1350 2057 1406 nia
2097 1356 2336 1413 membra.
2393 1359 2544 1416 Sicut
2586 1361 2718 1419 dicit
2760 1365 3048 1437 Salomon,
3098 1370 3273 1427 Corde
3315 1351 3552 1441 laetante,

1968 1446 2151 1504 vultus
2183 1448 2358 1506 ﬂoret.
2401 1452 2509 1509 Nos
2534 1463 2709 1511 autem
2740 1461 3113 1527 compassione
3138 1472 3192 1517 et
3217 1466 3553 1534 congratula-

1969 1537 2117 1594 tione
2163 1540 2217 1595 in
2263 1546 2592 1601 contrarium
2645 1548 3002 1607 demutamus.
3051 1551 3157 1608 Vos
3199 1556 3316 1610 estis
3367 1573 3553 1626 corpus

1969 1630 2179 1699 Christi,
2207 1642 2253 1688 et
2271 1637 2501 1691 membra
2528 1639 2593 1693 de
2613 1641 2853 1695 membro.
2886 1642 3085 1700 Omnes
3115 1659 3330 1715 corpus,
3361 1648 3553 1718 singuli

1968 1723 2234 1791 membra,
2263 1724 2365 1780 hoc
2392 1737 2473 1782 est
2495 1728 2759 1800 Ecclesia,
2789 1732 2928 1788 sicut
2954 1734 3081 1790 alibi
3108 1735 3259 1803 dicit,
3286 1737 3361 1793 De
3390 1752 3553 1794 carne

283 1818 546 1886 ofﬁcium,
585 1820 682 1876 sed
717 1820 1133 1893 unumquodque
1171 1822 1237 1877 ad
1267 1823 1410 1893 quod
1447 1834 1629 1895 aptum
1655 1836 1759 1882 est.
1804 1827 1867 1883 Si
1896 1811 1947 1875 Β
1970 1813 2108 1885 eius:
2144 1824 2199 1871 θῑ
2239 1816 2307 1871 de
2348 1819 2562 1875 οεείυυε
2601 1822 2737 1891 CJUS-
2784 1822 3087 1881 Nom"de
3128 1829 3273 1898 (ιυοά
3312 1828 3553 1885 dicamur

283 1910 468 1965 dixerit
495 1927 601 1981 pes.
639 1909 813 1967 Pedes
853 1920 1081 1981 possunt
1115 1913 1221 1969 dici
1250 1914 1507 1972 Ecclesia
1546 1915 1626 1971 illi
1668 1918 1760 1987 qui
1798 1918 1865 1974 ad

282 2000 723 2057 intercedendum
754 2002 1044 2069 ambulant,
1074 2004 1157 2060 vel
1181 2004 1527 2077 Evangelium
1552 2008 1860 2077 praedicant.

286 2089 544 2155 Quoniam
569 2092 682 2161 lnon
721 2107 832 2146 sunt
873 2109 1073 2161 manus,
1109 2110 1214 2149 non
1252 2111 1367 2150 sum
1401 2098 1465 2152 de
1499 2113 1731 2168 corpore,
1761 2116 1865 2155 non

281 2179 399 2235 ideo
422 2189 495 2234 est
519 2181 581 2234 de
605 2185 851 2253 corpore?
877 2183 1063 2240 Manus
1088 2193 1170 2241 est
1196 2185 1288 2242 ille
1314 2187 1407 2257 qui
1434 2198 1688 2258 operatur
1713 2190 1861 2247 utilia

279 2270 337 2326 in
366 2285 613 2341 corpore.
670 2273 934 2329 Dicebant
964 2276 1107 2331 enim
1138 2292 1199 2333 se
1228 2292 1335 2334 non
1366 2293 1487 2335 esse
1515 2282 1582 2337 de
1612 2296 1860 2351 corpore,

275 2365 401 2436 quia
426 2354 592 2435 hanc,
628 2382 789 2437 quam
818 2367 929 2435 alii,
966 2369 1193 2438 gratiam
1225 2385 1332 2426 non
1371 2372 1665 2429 habebant.
1720 2374 1789 2428 Et
1815 2376 1861 2430 si

274 2456 463 2513 dixerit
492 2459 655 2514 auris.
697 2458 923 2529 Sapiens
964 2461 1197 2530 auditor,
1237 2470 1322 2518 est
1360 2466 1505 2520 auris
1552 2465 1859 2526 intellectus

270 2546 588 2620 Scripturae,
636 2550 727 2621 qui
774 2550 915 2608 inter
963 2561 1158 2610 caetera
1199 2554 1407 2611 ablatus
1454 2564 1539 2613 est
1581 2573 1611 2612 a
1652 2558 1854 2617 Iudaea.

274 2638 413 2705 Quia
441 2655 540 2694 non
570 2656 684 2695 sum
713 2642 915 2710 oculus,
948 2660 1051 2698 non
1087 2660 1203 2699 sum
1230 2646 1293 2699 de
1331 2663 1563 2717 corpore,
1593 2667 1715 2706 num
1741 2653 1858 2709 ideo

270 2748 376 2786 non
404 2740 477 2786 est
508 2732 572 2787 tle
597 2749 809 2804 corpore
831 2736 856 2788 ?
882 2736 1080 2791 Oculus
1109 2746 1215 2807 est,
1255 2739 1347 2808 qui
1385 2739 1631 2812 intelligit
1664 2746 1748 2801 vel
1783 2745 1859 2801 fu-

268 2831 415 2891 tura,
458 2839 577 2896 quae
602 2826 860 2895 loquitur,
893 2829 983 2884 vel
1010 2829 1316 2898 praesentia.
1360 2830 1424 2887 Si
1465 2840 1629 2888 totum
1669 2852 1856 2905 corpus

266 2919 476 2983 oculus,
504 2918 589 2971 ubi
615 2918 863 2973 auditus?
894 2918 951 2975 Si
979 2921 1077 2976 toti
1106 2920 1393 2991 docentes,
1425 2923 1514 2979 ubi
1544 2926 1855 2984 auditores?

265 3009 333 3064 Si
356 3018 512 3063 totum
532 3010 758 3087 auditus,
782 3010 869 3064 ubi
894 3009 1179 3066 odoratus?
1202 3012 1259 3067 Si
1294 3013 1390 3067 toti
1419 3014 1710 3083 auditores,
1735 3017 1856 3087 quis

264 3099 431 3156 sciret
476 3085 785 3157 discernere
825 3102 1025 3157 bonum
1072 3103 1158 3159 vel
1205 3103 1447 3159 malum?
1488 3104 1646 3161 Nunc
1687 3085 1853 3165 autem

1968 1914 2115 1962 recte
2154 1906 2418 1963 Ecclesia.
2480 1910 2551 1964 Et
2590 1915 3084 1987 quosdam‘quidem
3123 1922 3290 1989 posuit
3328 1922 3469 1979 Deus
3498 1924 3553 1977 in

1966 1996 2221 2054 Ecclesia.
2246 2000 2500 2058 Ordinem
2524 2005 2683 2061 modo
2709 2008 3071 2065 membrorum
3094 2013 3346 2069 ostendit.
3376 2014 3552 2069 Primo

1965 2092 2254 2162 apostolos;
2282 2095 2505 2149 secundo
2528 2096 2822 2168 praphctas.
2865 2099 2922 2156 In
2950 2100 3209 2172 Ecclesia,
3241 2120 3347 2159 non
3378 2105 3430 2159 in
3459 2105 3552 2175 Sy-

1966 2196 2194 2254 nagoga,
2230 2200 2298 2241 ne
2326 2194 2576 2256 putemus
2597 2202 2716 2244 eum
2749 2190 2816 2247 de
2842 2193 3075 2263 antiquis
3099 2194 3297 2252 dixisse
3323 2197 3557 2266 prophe-

1966 2274 2056 2341 tis,
2090 2276 2185 2329 sed
2225 2275 2294 2331 de
2321 2277 2509 2347 Agabo
2551 2289 2606 2334 et
2639 2282 2871 2337 caeteris.
2920 2283 3187 2340 Caeterum
3219 2288 3553 2356 patriarchas

1962 2379 2174 2435 quoque
2221 2365 2484 2423 debuerat
2529 2370 2839 2427 nominasse
2889 2373 3179 2443 prophetas
3221 2390 3316 2431 eos
3356 2376 3550 2444 dictos,

1961 2470 2029 2512 ex
2056 2457 2249 2527 quibus
2276 2458 2494 2529 Agabus
2533 2469 2669 2531 erat,
2718 2479 2827 2520 non
2872 2464 2995 2522 illos
3035 2467 3127 2535 qui
3167 2476 3449 2524 venturum
3493 2471 3548 2525 in

1961 2562 2123 2606 carne
2150 2550 2323 2607 Deum
2366 2553 2784 2623 prophetabant.
2832 2556 3008 2613 Tertio
3047 2558 3303 2616 doctores.
3350 2560 3419 2615 Et
3461 2562 3551 2632 qui

1961 2640 2250 2709 esplanant
2295 2641 2527 2699 obscura
2571 2647 2978 2715 prophetarum,
3020 2658 3076 2705 et
3116 2651 3207 2720 qui
3246 2651 3552 2708 hominibus

1960 2731 2251 2801 loquuntur
2287 2735 2705 2801 consolationes,
2750 2738 2948 2795 merito
2989 2740 3242 2796 doctores
3275 2741 3548 2812 dicuntur,

1959 2828 2049 2895 qui
2092 2826 2318 2883 honeste
2345 2842 2524 2884 mores
2572 2828 2888 2900 instituunt,
2921 2832 3131 2889 etiamsi
3168 2837 3422 2906 mysteria
3462 2851 3553 2892 ex.-

1958 2919 2177 2987 planare
2206 2932 2314 2974 non
2356 2928 2601 2989 possunt.
2632 2918 2835 2978 Deinde
2862 2924 3090 2979 virtutes.
3137 2925 3376 2984 Virtutes
3429 2945 3549 2986 ma-

1953 3015 2073 3082 jora
2103 3023 2227 3070 sunt
2271 3015 2446 3086 signa,
2474 3016 2589 3074 sive
2623 3018 2953 3089 daemonum,
2992 3024 3111 3079 sive
3150 3024 3545 3083 infirmitatum.

1958 3102 2096 3158 Exin
2141 3107 2336 3176 gratias
2385 3108 2739 3174 curationum,
2787 3114 3178 3179 opitulationes.
3235 3115 3543 3185 Adjutoria;

262 3192 439 3261 posuit
462 3189 601 3246 Deus
626 3191 872 3259 membra,
910 3191 1311 3261 unumquodque
1333 3209 1508 3248 eorum
1536 3195 1592 3250 in
1619 3212 1851 3269 corpore.
1883 3184 1929 3250 C
1958 3207 2083 3248 nam
2130 3193 2296 3249 Paulo
2343 3209 2374 3248 a
2398 3194 2691 3252 Macedone
2736 3198 2953 3267 dicitur,
2996 3200 3154 3269 Veni,
3184 3184 3377 3272 adjuva
3421 3219 3543 3261 nos.

262 3284 549 3352 Quomodo
579 3284 633 3339 in
665 3298 892 3355 corpore
917 3293 1041 3357 apte
1064 3292 1119 3341 et
1146 3284 1394 3343 ordinate
1416 3287 1704 3345 constituta
1727 3303 1854 3348 sunt

259 3380 526 3444 membra,
570 3378 644 3435 ita
687 3386 744 3437 et
786 3380 841 3435 in
867 3379 1107 3436 Ecclesia
1153 3381 1519 3453 unusquisque
1564 3396 1595 3437 a
1632 3382 1745 3440 Deo
1784 3386 1852 3441 ad

259 3473 409 3545 quod
446 3480 600 3543 aptus
638 3480 739 3540 est,
769 3472 1071 3528 ordinatur.
1123 3472 1180 3529 Si
1216 3487 1403 3530 omnes
1439 3489 1599 3530 unam
1628 3477 1852 3547 gratiam

260 3567 547 3633 haberent,
583 3565 673 3621 ubi
702 3573 884 3621 essent
917 3565 1180 3637 reliquas?
1230 3565 1381 3622 Sicut
1408 3566 1587 3621 voluit.
1626 3567 1779 3634 Quod
1807 3569 1853 3624 si

258 3667 428 3714 essent
450 3659 619 3712 omnia
639 3672 798 3712 unum
821 3656 1120 3727 membrum,
1144 3657 1230 3710 ubi
1253 3659 1470 3728 corpus?
1502 3658 1659 3713 Nunc
1679 3667 1851 3715 autem

258 3751 425 3807 multa
442 3751 645 3821 quidem
670 3750 912 3818 membra,
942 3766 1101 3805 unum
1122 3758 1293 3805 autem
1321 3766 1527 3820 corpus.
1558 3749 1711 3807 Velle
1729 3750 1849 3819 Dei,

263 3852 323 3899 et
348 3841 569 3908 bonum,
601 3851 657 3897 et
683 3841 907 3912 justum,
946 3850 1001 3897 et
1030 3851 1273 3898 sanctum
1311 3850 1415 3911 est,
1443 3850 1499 3897 et
1528 3857 1635 3899 non
1664 3842 1849 3900 discu-

261 3930 525 4000 tiendum,
568 3932 664 3988 sed
693 3932 1089 3988 admirandum.
1131 3934 1177 3989 0
1210 3933 1393 3998 homo,
1418 3942 1473 3989 tu
1505 3935 1623 4004 quis
1647 3951 1728 4003 es,
1757 3936 1849 4007 qui

258 4012 591 4094 respondeas
618 4022 753 4093 Deo,
784 4033 840 4079 et
867 4023 1037 4091 dicas,
1066 4023 1245 4091 Quare
1265 4038 1392 4094 ergo
1420 4024 1516 4091 sic,
1545 4033 1595 4079 et
1627 4025 1716 4080 ille
1742 4041 1847 4081 non

258 4117 361 4184 sic,
408 4116 609 4188 etquid
653 4125 738 4173 est
770 4117 913 4188 quod
958 4116 1039 4172 illi
1075 4116 1241 4184 dedit,
1292 4126 1347 4173 ct
1390 4117 1467 4171 illi
1514 4131 1620 4171 non
1661 4117 1849 4173 dedit?

262 4207 385 4263 Non
404 4218 566 4278 potest
587 4209 754 4263 dicere
776 4208 954 4263 oculus
975 4210 1172 4275 manui,
1194 4209 1367 4278 Opera
1387 4216 1477 4262 tua
1497 4210 1597 4262 non
1618 4209 1844 4279 indigeo.

260 4300 389 4355 Ideo
426 4300 742 4357 alterutrum
794 4315 1044 4371 egemus,
1086 4307 1147 4354 ut
1197 4299 1434 4353 charitas
1479 4307 1845 4354 conservetur.

260 4392 395 4450 Nam
432 4393 479 4446 si
504 4406 644 4446 unus
672 4391 853 4446 omnia
884 4390 1129 4459 haberet,
1163 4389 1453 4446 adversum
1492 4396 1721 4444 cmteros
1759 4403 1850 4444 su-

261 4482 520 4553 perbiret.
562 4482 666 4535 Aut
696 4481 878 4534 iterum
914 4489 1086 4550 caput.
1136 4479 1236 4534 Hie
1271 4479 1525 4536 sacerdos
1555 4488 1639 4535 est
1665 4486 1847 4550 caput.

1958 3281 2385 3353 Gubernationes,
2414 3300 2600 3356 genera
2621 3287 2937 3359 linguarum.
2960 3292 3062 3359 Qui
3093 3293 3268 3348 sciunt
3302 3296 3547 3366 singulos

1955 3372 2277 3444 gubernare.
2310 3372 2564 3444 Nunquid
2602 3392 2777 3432 omnes
2810 3382 3070 3448 apostoli?
3109 3384 3342 3453 nunquid
3373 3399 3545 3441 omnes

1955 3463 2256 3533 prophetat?
2296 3464 2527 3533 nunquid
2574 3480 2747 3521 omnes
2789 3468 3065 3524 doctores?
3107 3472 3338 3540 nunquid
3372 3489 3544 3529 omnes

1956 3553 2205 3608 virtutes?
2239 3549 2468 3625 nunquid
2503 3570 2677 3610 omnes
2710 3558 2930 3627 gratiam
2967 3560 3154 3614 habent
3182 3564 3546 3618 curationum?

1954 3644 2186 3717 nunquid
2216 3661 2389 3700 omnes
2418 3646 2607 3718 linguis
2634 3648 2950 3719 loquuntur?
2971 3649 3225 3721 Nunquid
3253 3670 3427 3710 omnes
3463 3655 3543 3709 in-

1953 3740 2344 3808 terpretantur?
2373 3739 2527 3805 Quod
2567 3741 2816 3811 superius
2853 3741 3006 3809 dixit,
3048 3743 3097 3797 si
3143 3752 3326 3800 essent
3364 3745 3543 3800 omnia

1952 3845 2117 3886 unum
2161 3832 2501 3900 membrum,
2550 3832 2644 3888 ubi
2683 3836 2919 3905 corpus?
2963 3834 3312 3892 .Emulamini
3353 3846 3543 3894 autem.

1952 3921 2177 3979 Studete
2223 3922 2446 3979 imitari.
2500 3922 2848 3981 Charismata.
2892 3926 3045 3985 Dona
3100 3929 3203 3984 ista
3252 3929 3545 4001 gratiarum

1950 4023 2097 4083 sunt,
2126 4029 2234 4071 non
2264 4016 2603 4087 meritorum,
2630 4020 2752 4088 quia
2785 4018 2929 4089 quod
2957 4019 3208 4089 donatur,
3242 4035 3350 4077 non
3377 4031 3463 4077 est
3489 4022 3546 4076 in

1952 4118 2137 4165 nostra
2162 4110 2404 4182 positum
2436 4118 2721 4179 potestate,
2747 4125 2847 4166 nec
2872 4126 2904 4166 a
2931 4113 3087 4169 nobis
3112 4112 3364 4182 exigitur.
3396 4113 3546 4168 Sicut

1952 4200 2092 4257 bona
2131 4200 2262 4273 vita,
2299 4217 2459 4273 quam
2503 4218 2626 4258 cum
2653 4204 2748 4259 Dei
2788 4204 3056 4273 adiutorio
3098 4206 3354 4260 exhibere
3381 4208 3551 4262 debe;

1952 4308 2093 4348 lus.
2144 4278 2386 4346 Meliora.
2431 4293 2569 4360 Quia
2599 4302 2655 4348 et
2679 4295 2781 4349 ista
2806 4296 2965 4350 bona.
3000 4293 3071 4346 Et
3096 4294 3267 4348 adhuc
3297 4298 3546 4349 excellen-

1953 4388 2154 4440 tiorem.
2204 4384 2355 4440 Sicut
2392 4386 2608 4454 publica
2650 4386 2736 4438 via
2768 4386 3034 4440 excelsior
3061 4395 3143 4441 est
3182 4386 3403 4457 reliquis
3442 4386 3543 4443 viis

1953 4489 2018 4531 ac
2059 4473 2287 4539 semitis,
2322 4476 2393 4529 ita
2422 4483 2478 4529 et
2524 4474 2760 4530 charitas
2783 4475 2868 4530 via
2898 4484 2981 4531 est
3006 4475 3230 4544 directa,
3262 4492 3359 4548 per
3382 4493 3541 4549 quam

261 4572 511 4641 Pedibus,
537 4573 659 4630 Non
685 4574 804 4629 estis
832 4573 961 4628 mihi
991 4574 1284 4629 necessarii.
1318 4573 1570 4642 Pedibus,
1601 4576 1689 4646 qui
1724 4590 1849 4646 por-
1874 4566 1929 4628 D
1951 4569 2020 4625 ad
2059 4567 2338 4625 caelestem
2370 4568 2710 4638 metropolim
2743 4568 2998 4625 tenditur.
3048 4570 3105 4627 Si
3146 4571 3266 4641 quis
3306 4572 3543 4643 reliquas

259 4676 377 4724 tant
399 4682 614 4740 corpus.
664 4668 772 4724 Sed
814 4670 975 4724 multo
1016 4670 1179 4743 magis
1203 4684 1317 4741 quia
1354 4669 1588 4726 videntur
1626 4671 1848 4729 membra

259 4761 489 4831 corporis
513 4760 805 4829 inﬁrmiora
828 4777 958 4829 esse,
991 4762 1339 4818 necessariam
1368 4771 1505 4817 sunt.
1558 4762 1845 4833 Prophetia

258 4866 421 4922 quam
466 4851 810 4921 spernebant,
860 4851 926 4906 ad
974 4852 1233 4922 majorem
1279 4852 1561 4910 utilitatem
1605 4853 1841 4911 valebat.

259 4942 341 5003 Et.
353 4960 470 5015 quae
496 4953 736 5015 putamus
764 4944 1070 5016 ignbbiliora
1097 4946 1317 5000 membra
1346 4963 1453 5002 esse
1482 4949 1731 5018 corporis,
1762 4948 1843 5003 his

260 5034 500 5089 honorem
539 5034 965 5090 abundantiorem
1008 5034 1407 5092 circumdamus.
1440 5035 1589 5093 Sicut
1627 5039 1682 5092 in
1722 5052 1843 5094 cor-

258 5139 390 5195 pore
413 5125 532 5183 sine
558 5126 727 5183 oculis
756 5134 811 5184 et
839 5126 1086 5182 manibus
1110 5125 1217 5182 vivi
1247 5134 1443 5196 potest,
1473 5128 1589 5183 sine
1618 5128 1841 5185 interio-

256 5216 403 5273 ribus
434 5232 542 5274 non
568 5226 766 5289 potest.
795 5217 865 5273 Et
888 5234 1001 5289 quae
1021 5219 1287 5274 inhonesta
1309 5227 1429 5273 sunt
1452 5231 1649 5289 nostra,
1681 5221 1842 5277 abun-

257 5302 541 5364 dantiorem
565 5309 878 5366 honestatem
910 5309 1113 5366 habent.
1144 5310 1279 5393 Dum
1308 5310 1516 5367 cautius
1542 5312 1839 5370 vestimen-

255 5400 344 5466 tis,
376 5407 433 5455 et
456 5394 775 5471 diligentius
796 5409 1171 5472 conteguntur.
1215 5399 1448 5456 Honesta
1471 5410 1638 5457 autem
1664 5411 1839 5459 nostra

254 5493 447 5547 nullius
474 5503 639 5565 egent.
680 5495 816 5563 Quia
847 5510 944 5566 per
964 5492 1031 5552 ‘se
1064 5494 1288 5566 pulchra
1320 5505 1462 5562 sunt,
1496 5504 1549 5551 et
1590 5496 1835 5565 honesta,

254 5594 311 5640 ut
336 5596 494 5657 caput
524 5596 578 5644 et
606 5597 823 5644 cratera.
853 5589 961 5644 Sed
988 5588 1127 5643 Deus
1152 5591 1446 5659 temperavit
1471 5604 1655 5660 corpus
1686 5590 1731 5643 ei
1757 5593 1839 5645 cui

253 5681 446 5751 deerat,
477 5684 907 5741 abundantiorem
938 5684 1206 5740 tribuendo
1236 5686 1498 5740 honorem.
1546 5684 1837 5739 Minoribus

250 5774 457 5846 majora
497 5778 635 5837 dona
677 5778 1002 5847 concedens,
1044 5788 1100 5835 ut
1139 5778 1230 5849 qui
1277 5779 1482 5836 honore
1524 5777 1701 5835 minor
1731 5788 1833 5848 εει,

1949 4660 2174 4716 virtutes
2217 4658 2483 4725 habuerit,
2528 4657 2631 4715 nisi
2667 4658 2722 4715 in
2763 4660 2921 4715 istam
2956 4659 3098 4716 viam
3141 4661 3446 4729 intraverit,
3486 4663 3540 4719 id

1949 4758 2052 4818 est,
2095 4749 2198 4806 nisi
2235 4749 2553 4806 charitatem
2597 4750 2863 4818 habuerit,
2909 4766 3030 4823 quae
3069 4760 3153 4808 est
3190 4753 3540 4810 excellentior

1948 4843 2054 4910 via,
2081 4859 2189 4899 non
2216 4844 2416 4913 poterit
2443 4844 2648 4901 intrare
2672 4844 2885 4901 Domini
2906 4846 3202 4900 civitatem.
3235 4844 3381 4901 Viam
3402 4847 3538 4901 vobis

1946 4938 2259 4991 demonstro.
2279 4935 2393 5002 Qua
2414 4935 2646 5007 pergatis
2671 4936 2737 4992 ad
2762 4937 2951 5005 Deum,
2989 4935 3041 4990 id
3067 4947 3170 5004 est,
3197 4937 3533 4993 charitatem.

1949 5029 2077 5086 Vult
2106 5029 2411 5095 ostendere,
2442 5030 2535 5084 illa
2564 5045 2662 5085 nos
2692 5044 2937 5101 quaerere
2966 5028 3184 5098 debere,
3210 5044 3327 5099 quae
3355 5028 3423 5083 ad
3452 5029 3534 5083 vi-

1946 5129 2056 5179 tam
2088 5131 2315 5193 prosunt
2340 5123 2510 5192 magis
2538 5136 2697 5192 quam
2728 5124 2897 5193 signa.

2016 5217 2151 5273 CAP.
2184 5232 2300 5272 xm.
2330 5215 2391 5273 Si
2417 5217 2607 5289 linguis
2628 5216 2894 5271 hominum
2921 5218 3119 5285 loquar,
3145 5222 3193 5269 et
3212 5214 3534 5284 angelorum,

1945 5310 2248 5367 charitatem
2273 5318 2445 5367 autem
2474 5328 2576 5366 non
2607 5312 2843 5366 habeam.
2872 5310 2989 5367 Non
3018 5311 3192 5366 solum
3221 5309 3530 5380 hominum,

1943 5402 2039 5460 sed
2065 5403 2226 5459 etiam
2255 5404 2299 5458 si
2336 5418 2454 5473 qua:
2485 5412 2609 5459 sunt
2645 5403 2975 5474 angelorum.
3009 5402 3205 5457 Factus
3243 5419 3357 5458 sum
3399 5401 3533 5457 velut

1944 5511 2012 5550 (es
2041 5512 2261 5564 sonans,
2296 5505 2385 5550 aut
2426 5495 2709 5567 cymbalum
2740 5496 2980 5549 tinnicus.
3021 5495 3175 5563 Quod
3204 5510 3309 5551 non
3341 5512 3406 5550 ex
3435 5510 3493 5552 se
3512 5534 3529 5561 ,

1944 5593 2039 5648 sed
2069 5593 2136 5647 ab
2162 5593 2267 5647 alio
2310 5593 2541 5662 impulsu
2572 5592 2745 5647 solum
2787 5591 3022 5647 sonitum
3064 5591 3272 5657 reddit,
3305 5593 3392 5661 qui
3432 5607 3533 5648 nec

1944 5687 2079 5755 ipsi,
2110 5700 2209 5741 nec
2240 5687 2328 5741 alii
2370 5685 2607 5755 prodest.
2633 5685 2875 5739 Charitas
2902 5676 3078 5741 autem
3107 5700 3319 5741 omnem
3352 5686 3527 5755 possi-
3580 5680 3581 5683 “

1945 5779 2034 5837 det
2070 5780 2318 5839 fructum.
2365 5778 2432 5834 Et
2476 5781 2520 5834 si
2560 5780 2779 5834 habuero
2824 5779 3178 5851 praphetiam,
3219 5788 3264 5833 et
3306 5780 3527 5833 noverim
