4004 6354
455 331 558 389 559

1560 322 1857 384 PRIMASII
1897 320 2350 380 ADHUMETANI
2391 316 2608 378 EPISC.

3639 327 3759 385 550

454 449 700 522 πινιιενῑα
744 448 933 505 omnia.
986 446 1086 503 llic
1133 444 1412 518 prophetia
1460 444 1637 499 futura
1687 440 1979 512 prccdicere
2032 453 2046 491 :
2074 438 2117 498 Α
2153 433 2243 488 bat
2272 442 2326 489 et
2355 433 2629 503 spectabat
2660 432 2877 504 indepta
2902 475 2919 503 ,
2953 434 3005 492 in
3037 450 3140 510 qua
3165 435 3525 508 plenitudine,
3558 437 3759 495 chari-

458 543 715 615 mystcria
742 542 809 597 ad
838 540 1181 612 sapientiam;
1214 540 1439 596 scientia
1469 547 1670 605 autem,
1699 536 1837 592 scire
1868 533 2047 590 omnia

457 652 577 705 qum
602 636 816 692 fuerunt
836 644 889 690 et
916 643 1056 690 sunt.
1080 633 1147 688 Et
1172 650 1370 688 omnem
1398 634 1683 687 scientiam.
1708 631 1825 687 Non
1854 631 2047 687 mirum

460 729 506 784 si
535 727 774 784 scientiae
800 728 1033 783 charitas
1064 727 1397 795 praeferatur,
1429 740 1547 780 cum
1580 724 1739 780 etiam
1768 722 2050 794 prophetia

461 829 516 876 et
538 821 852 891 martyrium
882 820 997 875 sine
1025 819 1115 874 illa
1154 818 1287 874 nihil
1318 834 1438 875 esse
1474 819 1739 872 dicantur.
1774 815 1840 871 Et
1877 817 1926 870 si
1956 817 2050 870 ha-

460 911 613 965 buero
634 926 833 963 omnem
852 908 1027 977 ﬁdem,
1052 909 1127 961 ita
1151 917 1206 961 ut
1234 916 1429 964 montes
1456 909 1779 976 transferam.
1806 907 2053 964 Salvator

459 1001 609 1067 dicit,
642 1001 796 1055 ﬁdem
824 1002 958 1056 sicut
976 1014 1200 1070 granum
1231 1000 1432 1071 sinapis
1462 1010 1670 1056 montes
1697 1013 1858 1071 posse
1878 1009 2054 1056 trans-

461 1090 635 1158 ferre;
668 1090 755 1144 hic
798 1103 925 1145 vero
973 1089 1262 1159 Apostolus
1310 1090 1413 1155 ait,
1452 1104 1667 1145 omnem
1709 1089 1866 1144 fidem
1907 1102 2049 1156 esse,

458 1197 578 1253 qua:
608 1181 899 1238 transferat
923 1190 1137 1237 montes
1158 1223 1173 1249 ,
1206 1182 1349 1237 unde
1380 1182 1726 1252 intelligitur,
1758 1180 2051 1251 perfectam

459 1286 578 1328 esse
604 1271 784 1338 fidem,
807 1287 925 1343 qua:
942 1286 1111 1342 grano
1136 1273 1337 1343 sinapis
1358 1281 1717 1341 comparatur,
1738 1280 1791 1329 et
1815 1273 1917 1329 hoc
1941 1287 2051 1329 non

462 1370 683 1432 propter
738 1363 1122 1434 exiguitatem,
1164 1363 1259 1418 sed
1318 1372 1539 1434 propter
1591 1365 1952 1434 integritatem
1998 1371 2054 1420 et

459 1449 728 1509 fervorem
757 1453 875 1524 ejus
918 1454 1223 1524 appositum
1251 1462 1354 1510 est.
1388 1453 1700 1511 Charilatent
1742 1464 1915 1511 autem
1949 1472 2057 1512 non

456 1543 714 1616 habuero,
750 1547 880 1601 nihil
918 1564 1049 1602 sum.
1082 1548 1220 1617 Quid
1248 1547 1380 1604 mihi
1418 1549 1655 1618 proderit
1684 1549 1885 1606 habere
1910 1565 2051 1621 prae-

454 1638 699 1694 scientiae
729 1639 952 1696 virtutes
976 1684 991 1711 ,
1036 1640 1082 1698 si
1112 1654 1274 1711 opera
1304 1656 1412 1697 non
1453 1642 1692 1699 habuero
1731 1644 2053 1701 cbaritatist

457 1729 655 1787 dicitur
678 1733 822 1788 enim
853 1733 985 1789 mihi
1013 1750 1026 1788 :
1060 1734 1274 1791 Recede
1296 1749 1328 1791 a
1358 1749 1466 1804 me,
1496 1738 1775 1806 operarius
1804 1738 2053 1809 iniquita-

2153 527 2278 580 tatis
2304 533 2625 596 prmceptum
2659 525 2789 580 illud
2838 526 3149 600 implebitur
3182 548 3197 584 :
3229 528 3426 602 Diliges
3454 529 3755 589 Dominum

2154 619 2320 674 Deum
2359 628 2507 674 tuum
2551 634 2618 675 ex
2647 627 2761 674 toto
2791 620 2955 677 corde
2983 632 3097 680 tuo.
3128 623 3261 679 Nam
3290 637 3412 680 cum
3448 632 3534 681 est
3571 625 3759 684 adhuc

2154 710 2353 780 aliquid
2385 710 2620 766 carnalis
2646 712 3119 783 concupiscentia,
3142 715 3283 786 quod
3311 715 3398 772 vel
3418 717 3757 775 continendo

2152 800 2411 870 frenatur,
2437 817 2543 858 non
2565 816 2632 858 ex
2660 810 2767 860 tota
2792 804 2968 861 anima
2990 805 3232 879 diligitur
3252 808 3414 865 Deus.
3438 808 3564 864 Cum
3586 828 3755 866 essem

2153 896 2430 966 parvulus,
2457 896 2698 968 loquebar
2718 904 2771 953 ut
2800 899 3077 970 parvulus,
3104 901 3365 971 sapiebam
3385 910 3442 958 ut
3476 906 3751 975 parvulus,

2155 987 2444 1059 cogitabam
2479 996 2537 1043 ut
2577 987 2841 1060 parvulus.
2886 991 3151 1065 Exemplo
3173 994 3405 1053 carnalis
3428 996 3758 1055 incrementi

2154 1082 2268 1137 vult
2294 1082 2592 1154 spiritalem
2620 1090 2924 1144 monstrare
2964 1087 3285 1159 profectum.
3332 1089 3551 1157 Quando
3579 1094 3755 1161 factus

2155 1193 2269 1232 sum
2290 1177 2386 1247 vir,
2411 1180 2649 1235 evacuavi
2672 1196 2786 1251 qua:
2810 1192 2957 1237 erant
2978 1184 3460 1255 parvuli.Ostendit
3479 1184 3757 1253 quomodo

2155 1278 2483 1326 evacuentur
2528 1272 2618 1327 illa
2664 1287 2784 1345 quae
2822 1274 3069 1346 superius
3112 1276 3452 1333 memoravit.
3503 1274 3753 1331 Videmus

2156 1377 2309 1417 nunc.
2338 1361 2501 1430 Quasi
2544 1364 2785 1434 parvuli,
2816 1366 2905 1437 qui
2938 1380 3046 1424 non
3084 1382 3369 1439 possumus
3399 1368 3751 1425 serenissima

2155 1455 2337 1512 cordis
2367 1454 2483 1511 acie
2522 1455 2758 1526 perfecte
2797 1457 2980 1515 lumen
3020 1460 3325 1532 perSpicere
3348 1460 3618 1517 veritatis.
3648 1460 3755 1515 Per

2157 1538 2423 1623 speculum
2446 1558 2500 1611 in
2521 1558 2812 1629 amigmate.
2842 1556 2947 1615 Per
2975 1560 3253 1631 speculum
3279 1560 3413 1631 legis
3438 1560 3599 1633 quasi
3621 1560 3755 1617 ima-

2155 1643 2333 1715 ginem
2364 1659 2545 1702 rerum
2572 1646 2839 1704 videmus.
2874 1648 3037 1705 Tunc.
3058 1658 3230 1707 autem
3257 1652 3389 1721 facie
3430 1651 3502 1705 ad
3544 1651 3753 1722 faciem.

2157 1733 2316 1789 Nunc
2342 1752 2589 1807 cognosco
2611 1754 2673 1793 ea:
2692 1746 2855 1810 parte.
2881 1739 3167 1799 Praesentia
3190 1742 3322 1800 dicit
3338 1743 3423 1801 vel
3446 1744 3749 1817 perspicue.

457 1819 547 1878 tis.
580 1821 651 1876 Et
678 1824 724 1879 si
752 1824 1057 1881 distribuere
1092 1826 1147 1880 in
1185 1827 1319 1882 cibos
1347 1843 1632 1898 pauperum
1673 1846 1844 1885 omnes
1882 1830 2051 1900 [acul-
2078 1822 2132 1886 B
2159 1827 2301 1883 Tunc
2325 1840 2495 1884 autem
2516 1847 2838 1902 cognoscam,
2856 1836 2986 1890 sicut
3004 1838 3236 1909 cognitus
3260 1853 3397 1895 sum.
3418 1834 3750 1909 Cognoscaln

456 1923 586 1971 tates
612 1932 766 1972 meas.
789 1916 1098 1974 Notandum
1135 1919 1279 1989 quod
1316 1928 1659 1991 contemptus
1687 1922 1870 1978 mundi
1912 1938 2051 1977 mar-

457 2006 601 2077 tyrio
628 2008 937 2078 copuletur,
982 2016 1170 2087 centra
1213 2025 1309 2067 eos
1344 2013 1436 2083 qui
1476 2011 1605 2068 illud
1644 2013 1712 2069 de
1759 2014 2054 2087 Evangelia

456 2100 621 2155 variis
657 2101 985 2171 argumentis
1029 2086 1306 2159 excusant.
1352 2102 1423 2158 Et
1458 2105 1507 2159 si
1550 2106 1814 2161 tradidero
1869 2123 2054 2178 corpus

454 2202 641 2257 meum,
663 2198 719 2243 ut
746 2190 975 2257 ardeam,
994 2191 1297 2248 charitatem
1323 2203 1493 2249 autem
1520 2211 1624 2250 non
1650 2196 1894 2266 habuero,
1924 2198 2054 2253 nihil

455 2280 581 2336 mihi
606 2283 829 2353 prodest.
862 2282 922 2339 Si
952 2298 1058 2341 non
1088 2292 1311 2355 propter
1340 2286 1506 2344 Deum
1528 2330 1543 2354 ,
1572 2288 1663 2343 sed
1698 2298 1917 2359 propter
1939 2291 2055 2360 glo-

454 2371 592 2428 riam
620 2373 713 2428 fiat
738 2374 1051 2440 humanam,
1083 2385 1174 2430 aut
1206 2385 1355 2432 certe
1396 2377 1451 2432 in
1491 2376 1609 2447 ipso
1657 2381 1912 2450 martyrio
1960 2381 2055 2437 ad-

453 2476 645 2519 versus
671 2461 887 2519 fratrem
922 2472 1104 2521 teneat
1149 2463 1319 2534 iram,
1348 2474 1699 2525 contemnens
1728 2470 1897 2526 Deum
1920 2511 1937 2539 ,
1964 2472 2051 2542 qui

456 2548 593 2605 dixit
620 2567 635 2603 :
662 2550 1049 2609 Obliviscimini
1080 2554 1340 2610 malitiam
1368 2558 1598 2627 proximi
1633 2576 1648 2614 :
1678 2574 1786 2616 non
1818 2561 2055 2619 charitas

457 2640 528 2698 de
562 2643 852 2714 martyrio,
883 2644 980 2700 sed
1024 2648 1341 2719 martyrium
1382 2651 1620 2707 nascitur
1662 2668 1729 2709 ex
1772 2655 2052 2713 charitale.

458 2733 721 2791 Charitas.
745 2735 903 2793 Modo
928 2738 1186 2797 describit
1213 2743 1473 2812 membra,
1509 2754 1564 2801 et
1583 2750 1791 2817 species
1816 2749 2054 2807 charita-

455 2823 531 2883 tis
559 2843 576 2882 :
608 2827 851 2886 Charitas
874 2845 945 2885 ex
971 2830 1080 2887 Deo
1107 2841 1209 2898 est,
1240 2832 1351 2889 imo
1380 2833 1519 2891 Deus
1537 2846 1641 2908 est,
1667 2846 1723 2894 et
1747 2840 1869 2895 ideo
1892 2842 2055 2899 tantis

456 2918 748 2978 virtutibus
772 2930 1003 2978 constat.
1028 2921 1250 2979 Patiens
1269 2936 1361 2991 est,
1392 2926 1614 2999 benigna
1642 2939 1738 2985 est.
1770 2931 2052 3001 Parentes,

457 3012 585 3082 quia
607 3011 834 3083 diligunt
863 3013 1004 3069 filios
1026 3054 1043 3080 ,
1074 3029 1261 3072 omnes
1300 3030 1489 3073 eorum
1528 3019 1795 3077 infantum
1838 3031 2056 3093 portant

458 3106 727 3176 patienter
754 3105 998 3177 injurias.
1031 3106 1271 3165 Charitas
1301 3126 1402 3166 non
1431 3112 1727 3169 wntulatur.
1766 3114 1938 3174 Nemo
1976 3116 2055 3173 illi

459 3212 619 3269 quem
644 3213 773 3256 vere
800 3208 946 3256 amat
973 3200 1198 3271 invidet,
1221 3201 1457 3275 cujusvis
1486 3220 1609 3263 eum
1637 3208 1827 3279 gloria:
1852 3210 2049 3281 videat,
2083 3200 2130 3266 C

462 3291 552 3348 vel
580 3291 802 3351 honoris
826 3334 843 3362 ,
873 3293 971 3357 sed
993 3308 1211 3351 omnem
1237 3295 1357 3366 ejus
1385 3296 1695 3355 felicitatem
1720 3300 1873 3372 quasi
1902 3318 2055 3360 suam

462 3381 693 3441 libenter
718 3384 1078 3454 amplectitur.
1112 3386 1237 3442 Non
1265 3389 1372 3460 agit
1398 3404 1688 3460 perperam.
1729 3392 1921 3449 Omnia
1967 3409 2056 3452 se-

461 3473 696 3529 cundum
721 3475 967 3532 ordinem
988 3476 1135 3533 facit.
1159 3476 1283 3532 Non
1300 3480 1534 3547 inﬂatur,
1549 3497 1651 3535 non
1671 3489 1743 3536 est
1762 3484 2052 3540 ambitiosa.

459 3564 631 3636 Major
655 3567 803 3623 enim
822 3566 943 3623 aliis
969 3581 1091 3624 esse
1116 3582 1225 3624 non
1254 3569 1441 3635 ambit,
1465 3578 1519 3626 et
1546 3585 1706 3641 super
1728 3572 1918 3631 fratres
1947 3588 2056 3631 nan

461 3661 610 3729 cupit
632 3659 923 3717 dominari.
949 3660 1073 3717 Non
1100 3662 1283 3730 quaerit
1302 3679 1415 3732 qute
1434 3681 1528 3719 sua
1555 3676 1696 3721 sunt.
1725 3668 1840 3725 Non
1861 3672 2059 3739 qurerit

461 3752 608 3821 quod
646 3751 751 3807 sibi
794 3751 925 3807 utile
959 3761 1076 3819 est,
1103 3753 1200 3809 sed
1241 3755 1385 3823 quod
1418 3757 1619 3814 multis.
1652 3758 1777 3816 Non
1794 3762 2054 3832 irritatur,

464 3857 570 3898 non
593 3843 784 3913 cogitat
805 3843 1021 3902 malum.
1044 3844 1117 3901 Ut
1153 3860 1263 3903 non
1300 3848 1473 3905 solum
1510 3850 1694 3908 amicis
1726 3868 1832 3911 non
1859 3857 2059 3926 cogitet

464 3934 669 3992 malum
713 3937 927 4007 facere,
970 3940 1065 3998 sed
1104 3954 1205 3997 nec
1240 3941 1471 3999 inimicis
1510 3944 1736 4003 reddere
1774 3949 1916 4005 mala
1960 3964 2057 4019 pro

462 4026 643 4084 malis.
669 4027 795 4085 Non
820 4032 1010 4102 gaudet
1051 4048 1205 4103 super
1233 4034 1532 4105 iniquitate,
1573 4041 1857 4109 congaudet
1884 4052 2060 4098 autem

462 4118 683 4175 ueritati.
706 4116 1087 4192 Contristatur,
1109 4124 1158 4181 si
1179 4139 1338 4195 quem
1369 4126 1699 4197 iniquitatem
1729 4132 1814 4188 vel
1842 4132 2055 4201 fecisse,

463 4209 552 4267 vel
590 4225 808 4282 passum
846 4226 968 4271 esse
1007 4218 1367 4285 conspexerit.
1403 4218 1593 4277 Omnia
1626 4222 1835 4291 stt/fert,
1884 4227 2059 4281 omnia

460 4303 645 4375 credit,
674 4305 847 4361 omnia
873 4315 1067 4378 sperat.
1104 4306 1308 4367 Suffert
1347 4311 1602 4382 injurias,
1648 4315 1821 4371 credit
1846 4316 2061 4375 satisfa-

461 4399 649 4471 cienti,
672 4410 854 4475 sperat
882 4404 1317 4463 emendationem
1334 4446 1349 4475 ,
1380 4417 1654 4479 exspectat
1683 4409 1854 4469 donec
1883 4414 2057 4469 corri—

462 4508 581 4564 ps.
616 4494 803 4549 Omnia
840 4497 1096 4563 sustinet;
1133 4498 1359 4555 charitas
1387 4516 1654 4569 nunquam
1696 4504 1921 4571 excidit;
1954 4506 2059 4561 sive

464 4583 747 4653 prophetia:
780 4585 1195 4655 evacuabuntur,
1233 4590 1338 4644 sive
1376 4592 1567 4662 lingua:
1607 4594 1895 4651 cessabunt.
1944 4595 2058 4655 Hoc
2083 4582 2138 4644 Ῑ)

463 4678 570 4739 est,
599 4672 716 4742 ipsa
744 4672 861 4729 sola
889 4686 1166 4743 permanet
1191 4679 1246 4734 in
1276 4680 1477 4749 futuro,
1503 4683 1589 4739 vel
1620 4693 1766 4740 certe
1795 4700 1912 4755 quae
1932 4701 2061 4745 vera

464 4771 551 4823 est
576 4779 683 4823 non
708 4773 973 4835 mutatur,
1004 4783 1106 4825 nec
1129 4769 1360 4838 excidit,
1389 4774 1511 4846 quia
1550 4774 1695 4831 bono
1723 4777 1904 4834 animo
1929 4795 2059 4836 cun-

460 4863 552 4913 cta
570 4854 720 4913 facit.
736 4855 859 4914 Sive
873 4860 1086 4915 scientia
1114 4861 1424 4918 destruetur.
1449 4862 1576 4922 Sine
1603 4864 1865 4925 cbaritate
1884 4871 2059 4929 scien-

460 4948 539 5005 tia
585 4948 775 5016 inllat,
818 4959 873 5008 et
912 4950 1035 5011 ideo
1082 4953 1407 5011 destruetur.
1452 4956 1587 5013 Nam
1630 4972 1752 5016 cum
1793 4962 2058 5022 charitate

460 5041 714 5099 adiﬁcat.
748 5041 831 5100 Ea:
859 5054 1004 5115 parte
1032 5048 1167 5101 enim
1196 5049 1564 5119 cognoscimus,
1599 5060 1646 5107 et
1670 5054 1737 5108 ea:
1766 5064 1909 5124 parte
1939 5072 2059 5129 pro-

464 5135 755 5208 phetamus.
802 5137 917 5194 Non
961 5141 1141 5198 omnia
1170 5141 1401 5213 scimus,
1434 5160 1534 5202 nec
1563 5148 1738 5205 omnia
1769 5152 2057 5222 propheta-

371 5262 378 5269 -
462 5242 606 5285 mus.
629 5228 757 5285 Cum
783 5241 953 5287 autem
987 5236 1175 5289 venerit
1212 5238 1348 5308 quod
1387 5240 1663 5309 perfectum
1691 5252 1764 5299 est
1786 5283 1801 5310 ,
1832 5261 2057 5302 evacua-

465 5318 601 5376 bitur
624 5324 760 5394 quod
778 5341 841 5379 ex
868 5336 1015 5397 parte
1033 5337 1124 5384 est.
1146 5328 1204 5385 In
1231 5329 1410 5388 futuro
1434 5335 1577 5404 quod
1603 5338 1925 5405 promissum
1951 5349 2055 5409 est,

466 5409 523 5467 id
553 5422 672 5485 est,
705 5425 764 5471 ut
792 5430 897 5474 non
935 5418 1048 5487 jam
1089 5434 1160 5476 ex
1205 5432 1355 5491 parte
1384 5426 1488 5492 sit,
1521 5426 1615 5481 sed
1646 5441 1713 5483 ex
1743 5435 1857 5484 toto
1881 5469 1898 5497 ,
1930 5430 2055 5500 quia

470 5502 595 5560 fidei
622 5515 677 5563 ct
704 5510 819 5579 spei
840 5509 950 5580 jam
980 5527 1070 5570 res
1099 5514 1243 5585 ipsa,
1291 5532 1400 5573 non
1430 5532 1549 5589 qua
1576 5520 1828 5577 credatur
1856 5530 1912 5579 et
1934 5537 2058 5594 spe-

469 5604 644 5666 retur,
660 5601 753 5657 sed
775 5618 892 5672 qum
914 5606 1163 5665 videatur
1180 5616 1235 5666 et
1257 5618 1500 5667 teneatur
1516 5612 1797 5679 succedat;
1822 5615 2056 5676 charitas

470 5695 648 5746 autem
668 5734 682 5759 ,
713 5708 833 5763 quae
860 5698 916 5753 in
946 5699 1033 5755 his
1066 5702 1233 5759 tribus
1261 5705 1432 5775 major
1469 5717 1551 5763 ρει
1572 5747 1587 5773 ,
1619 5723 1727 5766 non
1765 5711 2055 5783 auferatur,

470 5781 567 5839 sed
595 5794 871 5858 augeatur,
899 5800 958 5853 et
984 5792 1295 5865 impleatur,
1316 5799 1674 5874 mitemplata
1696 5802 1837 5877 quod
1870 5781 2056 5868 credo;

2157 1931 2284 1981 tunc
2312 1923 2481 1980 Deum
2504 1966 2517 1991 ,
2551 1933 2605 1983 et
2635 1941 2753 1998 quae
2781 1936 2905 1983 sunt
2933 1927 3050 1984 Dei.
3075 1927 3279 1984 Tamen
3308 1929 3632 2000 inquantuni
3662 1944 3750 2000 po-

2156 2028 2264 2075 test
2289 2019 2359 2075 de
2388 2019 2499 2075 Deo
2529 2035 2681 2076 mens
2708 2023 2938 2077 humana
2972 2036 3335 2093 cognoscere:
3359 2037 3484 2078 nam
3511 2024 3636 2095 quis
3661 2037 3751 2093 po-

2157 2118 2264 2167 test
2290 2112 2489 2177 Deum,
2522 2120 2580 2166 ut
2607 2120 2711 2180 est,
2748 2114 2921 2169 scire?
2954 2114 3111 2169 Nunc
3156 2124 3326 2170 autem
3350 2122 3564 2170 manent
3602 2116 3751 2185 ﬁdes,

2157 2219 2303 2275 spes,
2332 2203 2556 2257 charitas
2576 2242 2590 2267 ,
2624 2204 2723 2257 tria
2750 2203 2891 2273 hazc;
2922 2206 3088 2278 major
3108 2214 3275 2261 autem
3300 2207 3379 2262 his
3406 2213 3483 2261 est
3509 2205 3749 2262 charitas.

2158 2296 2216 2353 in
2244 2298 2493 2368 praesenti
2518 2297 2639 2364 tria,
2672 2298 2727 2353 in
2756 2299 2936 2356 futuro
2962 2302 3078 2358 sola
3107 2302 3341 2359 charitas
3370 2301 3490 2373 Dei,
3516 2310 3573 2358 et
3591 2302 3754 2373 auge-3.

2158 2390 2354 2459 lorum,
2387 2399 2440 2446 et
2464 2393 2703 2447 omnium
2729 2400 3062 2449 sanctorum.
3090 2392 3260 2463 Majas
3280 2407 3410 2466 ergo
3436 2394 3585 2466 quod
3610 2409 3751 2451 sem-

2158 2498 2255 2554 per
2280 2496 2417 2553 opus
2452 2490 2568 2551 est,
2610 2499 2770 2554 quam
2802 2486 2945 2557 quod
2981 2485 3266 2557 aliquando
3294 2486 3553 2545 cessabit.
3586 2488 3753 2546 Omne

2158 2574 2304 2631 enim
2352 2578 2496 2648 quod
2525 2592 2802 2649 speramus
2840 2584 2896 2635 et
2924 2578 3231 2647 credimus;
3260 2592 3371 2636 non
3420 2593 3587 2637 omne
3614 2579 3752 2652 quod

2157 2666 2434 2724 credimus
2462 2676 2518 2724 et
2544 2682 2844 2740 speramus.

2228 2756 2362 2813 CAP.
2407 2773 2517 2814 xrv.
2566 2759 2944 2832 Persequimini
2992 2760 3315 2817 charitatem.
3360 2760 3522 2820 Omni
3558 2769 3755 2823 conatu

2158 2849 2328 2921 ipsam
2351 2852 2639 2923 sequimini
2663 2862 2720 2910 et
2741 2862 2941 2923 tenete,
2963 2869 3083 2926 quae
3104 2869 3205 2925 per
3220 2855 3480 2928 Spiritum
3503 2866 3755 2916 sanctum

2158 2942 2490 3001 diffunditur.
2535 2946 2887 3005 Emulamiui
2932 2949 3222 3021 spiritalia,
3274 2951 3441 3022 magis
3479 2958 3656 3007 autem
3696 2960 3755 3008 ut

2157 3034 2503 3106 prophetetis;
2539 3038 2629 3110 qui
2651 3040 2783 3097 enim
2822 3041 3046 3110 loquitur
3070 3042 3280 3111 lingua,
3321 3059 3425 3098 non
3456 3042 3753 3100 hominibus

2158 3125 2417 3199 loquitur,
2449 3129 2540 3185 sed
2565 3130 2696 3187 Deo.
2726 3131 2791 3188 Et
2813 3132 3073 3203 spiritalia
3105 3133 3250 3190 dona
3273 3135 3511 3192 aemulari
3534 3150 3669 3203 vos,
3698 3145 3754 3194 et

2160 3233 2404 3290 quaerere
2431 3234 2539 3277 non
2566 3221 2848 3292 prohibeo,
2875 3223 2974 3280 sed
2994 3223 3167 3296 magis
3195 3224 3405 3294 hortor,
3428 3234 3491 3283 ut
3513 3227 3752 3297 prophe~

2160 3312 2319 3380 tetis,
2353 3311 2408 3368 id
2430 3321 2512 3368 est
2540 3314 2854 3384 exponatis,
2886 3324 2943 3372 ut
2977 3324 3037 3373 et
3063 3316 3154 3371 alii
3189 3316 3541 3375 mditicentur.
3581 3318 3753 3385 Nemo

2159 3408 2297 3461 enim
2327 3408 2492 3463 audit.
2517 3407 2687 3466 Nemo
2714 3410 2993 3482 intelligit,
3020 3413 3122 3469 nisi
3153 3413 3331 3484 Deus,
3351 3423 3408 3471 et
3433 3414 3481 3472 si
3511 3416 3632 3487 quis
3658 3417 3752 3473 ha-

2158 3497 2254 3553 bet
2272 3500 2792 3571 interpretationem.
2808 3501 3039 3575 Spiritus
3058 3511 3230 3561 autem
3244 3506 3465 3577 loquitur
3484 3509 3749 3577 mysteria.

2160 3591 2265 3649 Per
2292 3594 2514 3663 gratiam
2539 3594 2787 3664 Spiritus.
2832 3595 2982 3671 Nam
3004 3598 3093 3668 qui
3129 3599 3398 3671 praphetat
3415 3638 3432 3665 ,
3462 3600 3754 3658 hominibus

2160 3687 2388 3756 loquitur
2412 3688 2481 3741 ad
2520 3689 2913 3759 aediﬁcationem
2938 3665 3391 3757 ,.ea:hortationem
3436 3704 3485 3750 et
3518 3698 3752 3752 consola-

2160 3778 2369 3833 tionem.
2401 3778 2669 3849 Exposuit
2700 3782 3035 3851 prophetiam
3064 3798 3227 3854 quam
3264 3784 3503 3853 dixerat,
3529 3787 3751 3857 quicun-

2160 3883 2265 3938 que
2292 3883 2420 3939 ergo
2446 3869 2551 3925 hoc
2570 3871 2701 3941 agit,
2726 3871 3030 3941 prophetat.
3064 3874 3167 3940 Qui
3195 3875 3422 3947 loquitur
3447 3876 3649 3948 lingua,
3674 3894 3752 3933 se-

2159 3960 2431 4030 metipsum
2476 3962 2715 4031 wdi/icat.
2766 3960 3059 4021 Sesolum.
3107 3966 3208 4032 Qui
3249 3974 3419 4023 autem
3459 3970 3751 4039 prophetat,

2160 4052 2445 4110 Ecclesium
2461 4054 2555 4111 Dei
2578 4058 2819 4126 ludiﬁcat.
2835 4060 3057 4119 Omnes.
3082 4061 3210 4119 Volo
3229 4072 3401 4119 autem
3422 4081 3596 4122 omnes
3615 4067 3753 4137 loqui

2159 4145 2382 4218 linguis,
2410 4149 2575 4221 magis
2607 4160 2778 4205 autem
2813 4155 3139 4224 prophetare.
3182 4155 3297 4233 [loc
3325 4170 3431 4213 non
3459 4158 3752 4227 prohibeo,

2159 4238 2294 4295 illud
2321 4240 2528 4308 hortor,
2554 4241 2657 4299 hoc
2684 4243 2829 4311 volo,
2858 4245 2988 4302 illud
3016 4247 3180 4304 malo.
3213 4248 3356 4303 Nam
3378 4254 3546 4323 major
3574 4260 3649 4306 est
3666 4253 3753 4322 qui

2160 4332 2452 4403 prophetat.
2493 4332 2663 4403 Major
2700 4344 2823 4405 est,
2867 4338 2992 4407 quia
3029 4338 3134 4396 hoc
3168 4340 3367 4398 donum
3412 4345 3580 4412 petit,
3614 4343 3755 4401 unde

2160 4425 2312 4481 multi
2346 4424 2649 4496 proﬁcient,
2675 4429 2801 4499 quia
2841 4436 2898 4485 et
2944 4430 3046 4488 hoc
3078 4445 3213 4502 opus
3246 4432 3549 4491 charitatis.
3585 4435 3755 4503 Quane

2159 4517 2250 4587 qui
2294 4517 2521 4589 loquitur
2562 4519 2769 4591 linguis.
2815 4520 2969 4589 Quod
3007 4523 3085 4579 illi
3128 4527 3421 4583 maximum
3471 4527 3749 4597 putabant.

2162 4608 2283 4664 Nisi
2310 4613 2441 4679 forte
2488 4618 2544 4665 ut
2589 4610 2967 4683 interpretetur,
2999 4624 3048 4671 et
3088 4615 3323 4674 Ecclesia
3360 4619 3756 4687 ludiﬁcationem

2160 4701 2400 4773 accipiat.
2427 4700 2484 4758 Si
2527 4710 2812 4775 utrumque
2850 4705 3081 4778 habeat,
3125 4718 3254 4768 tunc
3293 4711 3593 4781 aequabitur
3630 4726 3757 4783 pro-

2161 4793 2424 4863 phetanti.
2468 4793 2625 4851 Nunc
2669 4808 2872 4867 autent,
2904 4799 3089 4867 fratres
3110 4840 3126 4867 ,
3152 4804 3202 4857 si
3233 4818 3418 4860 venero
3444 4806 3515 4859 ad
3541 4820 3627 4860 vos
3654 4805 3755 4859 liu-

2161 4885 2274 4956 guis
2305 4886 2537 4955 loquens.
2585 4887 2695 4943 Suo
2737 4891 2993 4961 exemplo
3022 4891 3339 4951 dehortatur
3371 4908 3467 4951 eos
3493 4895 3627 4951 illud
3657 4908 3756 4966 pro

2160 4990 2355 5045 magno
2401 4992 2645 5048 quaerere
2667 5020 2682 5045 ,
2734 4982 2878 5051 quod
2908 4997 3021 5041 non
3048 4984 3267 5053 prodest
3304 4984 3582 5043 Ecclesiae.
3618 4986 3755 5055 Quid

2160 5069 2297 5125 vobis
2327 5071 2575 5139 proderit.
2601 5070 2720 5128 Erit
2740 5075 2892 5132 vobis
2915 5076 3029 5134 sola
3058 5078 3295 5148 miratio,
3316 5093 3425 5137 non
3455 5082 3751 5151 profectus.

2162 5160 2283 5218 Nisi
2310 5165 2448 5219 vobis
2474 5163 2659 5237 loquar
2681 5177 2770 5223 aut
2809 5168 2862 5224 in
2900 5170 3221 5228 reuelatione.
3263 5172 3415 5231 Tunc
3440 5175 3593 5232 vobis
3624 5191 3753 5247 pro-

2162 5252 2293 5310 dero
2316 5296 2332 5322 ,
2365 5253 2411 5309 si
2439 5254 2760 5327 interpreter
2778 5298 2796 5324 ,
2828 5267 2921 5315 aut
2946 5261 3104 5329 plana
3130 5262 3319 5336 loquar
3344 5304 3361 5332 ,
3390 5273 3487 5321 aut
3514 5266 3755 5337 prophe-

2162 5344 2265 5401 tias
2296 5358 2596 5416 exponam,
2634 5358 2727 5405 aut
2760 5352 2985 5409 moralia
3014 5354 3259 5412 doceam.
3298 5358 3402 5415 Aut
3438 5360 3674 5417 scientia.
3694 5360 3757 5417 id

2160 5448 2276 5510 est,
2302 5442 2599 5513 spiritalem
2630 5442 2849 5503 sensum
2871 5490 2887 5518 ,
2920 5448 3025 5507 hoc
3058 5460 3143 5508 est
3177 5452 3558 5513 discretionem
3584 5494 3599 5523 ,
3629 5454 3755 5527 quid

2159 5547 2321 5604 agere
2347 5537 2675 5605 debeamus,
2710 5549 2764 5597 et
2802 5543 3076 5611 quomodo
3119 5559 3303 5603 mores
3331 5555 3549 5604 nostros
3588 5549 3755 5605 corri-

2159 5640 2307 5697 gere.
2339 5627 2629 5685 Scientiam
2655 5646 2937 5702 possumus
2967 5636 3264 5707 intelligere
3291 5651 3380 5694 res
3404 5648 3589 5709 gestas
3616 5640 3754 5695 bene

2163 5718 2387 5777 referre.
2425 5723 2528 5778 Aut
2559 5725 2851 5795 prophetia.
2884 5726 2988 5783 Per
3031 5728 3366 5802 allegoriam,
3391 5732 3751 5803 prophetiam,

2161 5809 2215 5872 id
2243 5820 2327 5871 est
2353 5825 2651 5887 anagogen,
2684 5817 2787 5877 hoc
2823 5825 2937 5886 est,
2976 5832 3097 5880 cum
3136 5821 3205 5881 ad
3245 5822 3536 5885 invisibilia
3588 5833 3643 5884 et
3686 5820 3753 5881 ad
