4004 6354
201 428 315 489 541

989 414 1058 475 ΙΝ
1097 410 1485 475 EPISTOLAM
1524 412 1547 470 ι
1582 412 1677 471 AD
1710 409 2131 472 CORINTHIOS
2168 411 2691 473 COMMENTARIA.

3379 415 3489 472 54"!

200 536 392 604 {mum
417 522 595 600 sermo
616 528 957 603 transfertur,
989 532 1129 589 sicut
1145 540 1229 588 est
1254 530 1411 599 illud,
1440 530 1583 601 quod
1613 529 1681 586 de
1706 543 1796 585 re-
1821 527 1872 590 Α
1901 543 2025 583 nem
2078 528 2178 585 nisi
2231 530 2509 600 parvulum
2550 531 2751 585 malitia
2791 543 2950 588 sensu
2988 545 3112 590 esse
3159 536 3482 610 perlectum,

201 636 551 694 surrectlone
597 639 929 688 mortuorum
982 627 1245 683 enuntiat.
1301 623 1642 694 Prophetiam
1692 623 1794 680 hoc

203 729 339 786 loco
380 725 613 784 maxime
661 720 1045 794 expositionem
1090 718 1244 775 dicit.
1287 716 1391 771 Aut
1446 719 1500 771 in
1541 715 1790 771 doctrina.

202 821 528 892 Simplicem
561 817 868 875 historicam
898 814 1283 870 narrationem.
1319 808 1511 864 Tamen
1534 824 1652 880 quae
1687 809 1798 864 sine

204 918 392 971 anima
419 921 538 970 sunt
563 925 735 968 vocem
765 910 942 964 dantia
962 949 976 975 ,
1009 907 1113 961 sive
1143 905 1264 959 tibia
1287 945 1302 970 ,
1332 904 1434 959 sive
1460 902 1675 966 cithara,
1698 901 1799 956 nisi

199 1007 592 1063 distinctionem
633 1002 826 1058 sonitus
872 998 1124 1054 dederint.
1152 996 1287 1053 Cum
1335 993 1453 1050 haec
1506 991 1795 1048 inanimata

199 1103 317 1159 nisi
342 1100 742 1158 distinetionem
772 1098 1033 1162 habeant,
1065 1093 1247 1149 suavia
1282 1105 1390 1147 non
1433 1097 1619 1155 erunt,
1648 1096 1703 1144 et
1737 1094 1797 1143 ut

198 1195 392 1250 inania
427 1203 481 1250 et
521 1192 790 1263 superﬂua
836 1194 1192 1260 respuentur,
1225 1191 1425 1256 quanto
1477 1182 1648 1253 magis
1674 1193 1793 1248 vos,

198 1299 438 1356 quorum
467 1282 724 1354 spiritalis
755 1281 991 1337 suavitas
1017 1293 1123 1333 non
1155 1288 1315 1331 aures
1340 1273 1499 1329 debet
1526 1271 1791 1337 mulcere,

198 1374 307 1431 sed
352 1374 621 1430 mentem?
661 1372 924 1438 Quomodo
971 1371 1154 1423 scietur
1193 1368 1249 1421 id
1290 1366 1426 1437 quod
1471 1363 1669 1418 canitur
1708 1369 1795 1417 aut

198 1468 347 1537 quod
390 1465 764 1520 citharizatur?
808 1460 1156 1530 intelligetur.
1199 1455 1402 1512 Etenim
1450 1456 1495 1508 si
1551 1455 1797 1509 incertam

198 1573 383 1612 vocem
421 1556 503 1611 det
543 1557 663 1611 tuba
684 1597 699 1623 ,
731 1555 845 1625 quis
868 1550 1066 1624 parabit
1093 1564 1147 1603 se
1174 1548 1242 1601 ad
1273 1546 1456 1601 bellum
1474 1546 1500 1599 ?
1521 1543 1606 1601 Ita
1634 1553 1680 1599 et
1708 1557 1795 1597 vos

198 1667 303 1722 per
331 1650 576 1721 linguam,
602 1648 703 1704 nisi
728 1646 1055 1716 manifestum
1082 1655 1362 1696 sermonem
1388 1637 1648 1703 dederitis,
1670 1651 1798 1706 quo-

198 1742 364 1796 modo
384 1743 570 1796 scietur
603 1740 658 1794 id
692 1739 828 1809 quod
865 1735 1099 1791 dicitur?
1129 1732 1241 1789 Vox
1274 1731 1414 1787 tuba:
1451 1731 1651 1787 incerta
1681 1729 1795 1786 lue-

200 1834 313 1900 rit;
344 1842 521 1889 utrum
553 1831 928 1896 solemnitatis,
954 1844 1021 1882 an
1052 1826 1176 1883 belli
1200 1814 1292 1894 sit,
1324 1838 1484 1881 nemo
1513 1822 1793 1881 discernit.

1900 623 2024 691 quia
2070 623 2122 677 in
2164 625 2478 680 malevolam
2528 626 2757 680 animam
2799 642 2905 682 non
2954 627 3173 684 intrabit
3200 632 3482 701 sapientia.

1896 714 2091 771 Malitia
2120 718 2327 787 parvuli
2354 726 2547 787 estote,
2579 736 2684 776 non
2716 735 2907 787 sensu;
2940 722 3079 779 scire
3106 724 3247 779 enim
3275 725 3485 784 debetis

1897 823 2055 879 quam
2096 811 2185 865 diu
2218 811 2411 881 linguai
2441 814 2636 868 futurae
2661 815 2798 881 sint,
2829 815 2910 870 vel
2957 832 3121 887 quare
3149 826 3274 873 sunt
3317 818 3480 875 datae.

1899 900 2081 973 Itaque
2108 904 2295 974 linguae
2320 906 2373 957 in
2397 905 2596 976 signum
2624 914 2742 960 sunt
2772 923 2873 963 non
2898 908 3154 977 ﬁdelibus,
3178 910 3267 964 sed
3293 910 3482 980 infidev

1897 994 2049 1050 libus.
2080 994 2390 1051 Ostenditur
2418 1007 2695 1055 crescente
2727 1000 2849 1056 ﬁdei
2890 1002 3038 1072 signa
3072 1016 3319 1074 cessare,
3363 1019 3481 1075 quae

1896 1097 2116 1158 propter
2168 1088 2414 1145 inﬁdeles
2456 1092 2581 1146 sdnt
2610 1092 2759 1147 'data.
2814 1092 3109 1165 Prophetia:
3163 1104 3331 1151 autem
3380 1113 3483 1154 non

1895 1180 2211 1249 infidelibus,
2234 1182 2323 1236 sed
2350 1180 2609 1252 ﬁdelibus.
2633 1184 2799 1253 Major
2826 1196 3054 1257 estergo
3076 1196 3130 1243 et
3157 1189 3339 1243 utilior
3362 1202 3483 1258 quas

1898 1270 2146 1328 ﬁdelibus
2177 1273 2429 1342 prodest,
2472 1281 2529 1329 et
2567 1289 2686 1345 quae
2712 1290 2924 1347 semper
2958 1288 3040 1334 est
3070 1280 3391 1337 necessaria.
3420 1278 3485 1336 Si

1896 1380 2016 1435 ergo
2043 1365 2303 1419 conveniat
2329 1365 2562 1419 universa
2585 1366 2815 1423 Ecclesia
2846 1370 2898 1423 in
2918 1386 3098 1439 unum,
3120 1380 3165 1426 et
3185 1388 3358 1427 omnes
3384 1372 3485 1426 lin-

1896 1458 2010 1528 guis
2034 1454 2330 1527 loquantur.
2376 1457 2488 1512 Hoc
2512 1466 2625 1526 est,
2667 1458 2712 1514 si
2761 1460 2874 1516 ﬁeri
2912 1461 3079 1531 possit
3116 1472 3207 1533 ut,
3237 1463 3358 1534 quia
3391 1465 3485 1520 toti

1896 1548 1999 1605 hoc
2028 1549 2221 1617 vultis,
2256 1550 2644 1606 concederetur
2686 1552 2855 1607 vobis.
2888 1552 3092 1607 Intrant
3114 1564 3283 1608 autent
3310 1555 3485 1608 idiotas

1895 1651 1985 1694 aut
2014 1641 2261 1708 inﬁdeles.
2287 1640 2465 1711 Nuper
2487 1642 2785 1711 credentes,
2807 1644 2891 1699 vel
2916 1645 3105 1715 ignari,
3121 1645 3297 1700 minus
3317 1644 3481 1700 docti.

1897 1732 2089 1789 Nonne
2111 1735 2300 1803 dicent,
2326 1735 2459 1804 quod
2486 1735 2763 1791 insanitis?
2787 1736 2849 1792 Si
2875 1746 3041 1791 autem
3073 1753 3243 1792 omnes
3271 1736 3489 1807 praphe-

1898 1833 2029 1895 tant,
2053 1827 2208 1880 intret
2228 1834 2397 1880 autem
2424 1828 2537 1894 quis
2559 1827 2803 1896 inﬁdelis,
2835 1830 2911 1881 vel
2950 1830 3130 1895 idiota,
3176 1828 3489 1883 convincitur

199 1923 287 1980 Ita
312 1939 440 1994 ergo
468 1933 648 1980 vester
673 1937 853 1979 sermo
892 1919 1117 1991 intelligi
1164 1918 1359 1984 debet,
1412 1923 1469 1972 ut
1519 1917 1685 1985 possit
1726 1915 1794 1971 ad
1822 1917 1869 1979 Β
1896 1921 1960 1975 ab
1986 1919 2222 1974 omnibus
2242 1961 2257 1988 ,
2282 1918 2607 1991 dijudieatur
2644 1920 2706 1973 ab
2734 1921 2982 1976 omnibus.
3010 1920 3289 1989 Quomodo
3318 1919 3489 1975 Judaei

199 2014 451 2086 spiritale
486 2014 691 2069 bellum
748 2012 945 2066 Christi
990 2011 1190 2066 milites
1249 2022 1575 2079 praeparare.
1638 2008 1797 2063 Erilis

203 2107 350 2160 enim
378 2107 431 2159 in
455 2121 575 2159 acra
594 2106 870 2175 loquentes.
900 2103 1025 2157 Tam
1048 2103 1233 2168 multa,
1263 2109 1318 2155 ut
1338 2110 1461 2171 puta
1487 2116 1667 2171 genera
1699 2099 1799 2155 lin-

201 2215 433 2269 guarum
457 2208 574 2254 sunt
609 2200 664 2253 in
706 2198 802 2252 hoc
840 2198 1047 2252 mundo.
1098 2194 1322 2250 Etiamsi
1363 2204 1470 2249 tam
1505 2193 1671 2248 multa
1715 2193 1798 2247 lo-

201 2290 470 2359 quamini,
506 2297 562 2343 ut
601 2302 793 2359 genera
841 2296 967 2342 sunt
1012 2286 1345 2355 linguarum,
1378 2284 1502 2353 quid
1535 2282 1793 2351 proderit,

200 2392 332 2433 cum
377 2378 557 2432 omnia
596 2380 646 2431 in
694 2392 819 2432 acre
846 2376 1122 2431 solvantur
1149 2386 1204 2430 et
1226 2374 1355 2429 nulli
1383 2373 1697 2443 proﬁciant?
1728 2372 1796 2425 Et

200 2468 341 2521 nihil
362 2469 471 2522 sine
494 2483 614 2522 voce
640 2475 732 2522 est.
766 2465 908 2521 Nihil
936 2466 1052 2521 sine
1081 2480 1213 2520 voce
1242 2465 1561 2535 linguarum.
1586 2464 1646 2521 Si
1674 2480 1793 2535 ergo

200 2557 434 2611 nesciero
464 2557 695 2611 virtutem
733 2556 898 2620 vocis,
927 2571 1013 2609 ero
1048 2555 1094 2609 ei
1121 2556 1203 2607 cui
1230 2554 1411 2624 loquor
1436 2554 1715 2619 barbarus,
1746 2566 1797 2610 et

201 2650 297 2718 qui
327 2649 551 2718 loquitur
580 2648 704 2701 mihi
729 2649 991 2703 barbarus.
1022 2645 1209 2702 Omnis
1236 2660 1417 2701 sermo
1452 2647 1542 2717 qui
1571 2661 1676 2703 non
1713 2648 1797 2702 in-

206 2740 469 2809 telligitur
487 2778 505 2805 ,
531 2738 767 2793 audienti
800 2737 1059 2791 barbarus
1084 2744 1185 2791 est.
1220 2735 1311 2792 Sic
1340 2744 1385 2790 et
1412 2753 1496 2790 vos
1515 2778 1529 2803 ,
1553 2737 1798 2806 quoniam

201 2832 531 2895 aemulatores
570 2830 689 2884 estis
717 2828 1010 2899 spirituum.
1041 2816 1322 2894 Quomodo
1345 2826 1410 2881 de
1439 2840 1527 2882 me
1553 2827 1683 2882 dixi.
1716 2828 1799 2881 Ad

200 2926 598 2996 adiﬁcationem
623 2921 889 2989 Ecclesiae,
909 2922 1118 2991 quwrite
1137 2929 1189 2975 ut
1214 2920 1494 2975 abundetis.
1516 2921 1797 2988 Quomodo

199 3016 466 3086 spiritalia
496 3014 635 3068 dona
665 3010 961 3067 sectamini.
989 3010 1056 3064 Et
1080 3012 1195 3065 ideo
1221 3013 1309 3082 qui
1329 3013 1550 3082 loquitur
1579 3012 1757 3083 lingua
1775 3056 1791 3082 ,

201 3117 318 3164 oret
348 3116 404 3162 ut
448 3107 823 3177 interpretetur.
865 3105 995 3159 Oret
1037 3114 1097 3160 ut
1145 3105 1534 3174 interpretandi
1584 3121 1797 3176 quoque

198 3200 435 3272 gratiam
461 3205 751 3266 mereatur,
782 3198 895 3253 sive
924 3197 997 3250 ita
1018 3196 1178 3251 debet
1207 3196 1408 3267 dicere,
1444 3204 1501 3251 ut
1529 3198 1796 3279 interpre-

1899 2007 2150 2063 dixerunt
2181 2024 2192 2061 :
2228 2006 2293 2062 Hi
2335 2016 2514 2063 musto
2561 2008 2701 2077 pleni
2733 2018 2874 2064 sunt.
2905 2008 3118 2063 Occulta
3159 2010 3327 2063 cordis
3376 2009 3489 2080 ejus

1899 2102 2175 2173 mnifesto
2204 2103 2360 2170 ﬁunt.
2391 2101 2616 2168 Quando
2646 2104 2761 2172 ejus
2788 2102 3115 2157 conscientia
3159 2117 3255 2172 per
3288 2102 3488 2157 doctri-

1901 2206 2023 2247 nam
2057 2192 2319 2261 pulsatur.
2344 2190 2413 2245 Et
2441 2194 2513 2246 ita
2535 2193 2722 2246 cadens
2751 2194 2803 2246 in
2832 2194 3016 2263 faciem
3045 2192 3279 2247 adorabit
3300 2192 3486 2261 Deum,

1900 2284 2236 2352 pronuntians
2265 2283 2402 2352 quod
2440 2298 2550 2337 vere
2580 2283 2717 2337 Deus
2747 2284 2802 2336 in
2831 2284 2967 2338 vobis
3007 2285 3093 2340 sit.
3134 2284 3283 2341 Sicut
3312 2283 3491 2339 Nabu-

1900 2372 2243 2429 chodonosor
2281 2374 2524 2442 adoravit
2568 2374 2841 2430 Danielem
2872 2375 3056 2431 dicens
3088 2392 3103 2430 :
3133 2375 3274 2431 Deus
3314 2385 3490 2432 vester

1898 2485 2028 2526 vere
2056 2470 2172 2541 ipse
2218 2480 2298 2527 est
2330 2471 2504 2541 Deus,
2535 2479 2815 2541 postquam
2846 2472 3111 2527 somnium
3142 2486 3296 2527 suum
3324 2480 3378 2527 et
3407 2472 3489 2526 in.

1900 2565 2336 2633 terpretationem
2369 2565 2485 2636 ejus
2514 2564 2735 2620 audivit.
2767 2566 2905 2633 Quid
2951 2581 3068 2636 ergo
3114 2575 3211 2633 est,
3256 2569 3442 2635 fratres
3465 2566 3491 2619 ἓ

1899 2672 2014 2710 eum
2045 2658 2317 2712 convenitis
2340 2698 2353 2722 ,
2382 2659 2732 2730 unusquisque
2768 2668 2987 2713 vestrum
3017 2659 3271 2729 psalmum
3300 2658 3484 2725 habet,

1902 2751 2187 2806 doctrinam
2212 2752 2378 2805 habet.
2409 2751 2765 2807 Intellectum.
2798 2751 3143 2821 Apocalypsin
3173 2751 3359 2818 habet,
3390 2750 3489 2805 lin-

1899 2861 2051 2916 guam
2100 2844 2293 2911 habet,
2345 2844 2814 2916 interpretationem
2863 2843 3033 2900 habet.
3089 2842 3486 2899 Revelalionem

1898 2938 2299 3010 mysteriorum.
2328 2938 2514 2993 Omnia
2543 2940 2611 2991 ad
2651 2937 3039 3008 aediﬁcationem
3067 2937 3213 3007 fiant.
3246 2935 3386 2991 Nihil
3416 2934 3490 2991 sit

1898 3032 1953 3087 in
1986 3032 2137 3087 vobis
2165 3030 2307 3101 quod
2350 3046 2454 3086 non
2507 3031 2735 3087 aediﬁcet
2779 3030 3117 3085 alterutrum.
3165 3028 3284 3085 Sive
3310 3029 3488 3099 lingua

1900 3123 2010 3193 quis
2039 3123 2267 3192 loquitur
2294 3122 2573 3176 secundum
2595 3122 2743 3189 duos,
2768 3131 2855 3174 aut
2886 3131 2941 3174 ut
2964 3122 3180 3175 multum
3206 3130 3327 3174 tres.
3350 3121 3488 3175 Κατᾶ

1900 3216 2023 3287 δύο,
2056 3217 2347 3272 secundum
2378 3216 2615 3271 Graecos.
2649 3214 2715 3268 Et
2742 3231 2831 3285 per
2857 3224 3023 3283 partes
3047 3253 3062 3279 ,
3096 3225 3141 3267 et
3170 3228 3302 3267 unus
3328 3213 3490 3265 inter-

202 3307 375 3356 tetur.
400 3298 531 3354 Nam
560 3298 603 3353 si
631 3298 806 3353 dicam
836 3297 1030 3367 lingua,
1060 3293 1201 3363 quod
1223 3306 1330 3346 non
1358 3290 1617 3362 intelligo,
1650 3292 1794 3347 velut

1904 3318 2144 3381 pretclut'.
2175 3308 2300 3364 Sive
2324 3310 2422 3377 ipsi
2454 3307 2559 3362 duo
2590 3321 2684 3377 per
2709 3312 2889 3376 partes
2918 3307 3096 3360 dicant
3121 3345 3135 3370 ,
3163 3320 3268 3359 non
3299 3303 3486 3374 simul,

201 3390 422 3446 afﬂatus
448 3389 660 3460 spiritu,
680 3390 736 3443 in
756 3388 954 3444 exstasi
974 3387 1181 3456 loquor.
1206 3382 1347 3438 Nam
1372 3384 1418 3437 si
1435 3398 1573 3437 orem
1597 3384 1797 3455 lingua,

200 3483 424 3555 spiritus
460 3498 604 3537 meus
653 3490 782 3535 orat.
828 3480 941 3535 Hoc
983 3478 1103 3533 loco
1148 3477 1365 3547 spiritus
1393 3491 1572 3532 sermo
1604 3477 1801 3532 intelli-

200 3577 414 3649 gendus
448 3583 562 3642 est,
604 3575 693 3645 qui
740 3587 1121 3643 nonnunquam
1163 3580 1342 3627 mente
1382 3571 1485 3626 alia
1530 3570 1799 3642 cogitante

203 3675 483 3740 precatur.
508 3666 663 3723 Unde
686 3666 939 3736 propheta
965 3681 980 3720 :
1006 3664 1108 3720 Cor
1126 3678 1306 3720 meum
1357 3662 1640 3733 dereliquit
1688 3677 1794 3719 me.

203 3761 363 3816 Mens
404 3768 569 3813 autem
611 3775 722 3813 mea
743 3761 851 3812 sine
890 3758 1062 3827 fructu
1100 3764 1195 3810 est.
1237 3756 1369 3823 Quia
1404 3770 1512 3810 non
1561 3754 1800 3825 intelligo

204 3852 356 3924 quod
404 3851 576 3906 dicam
631 3865 729 3921 per
781 3848 1048 3920 spiritum.
1105 3846 1243 3911 Quid
1309 3863 1429 3917 ergo
1486 3847 1593 3899 est?
1642 3846 1797 3899 orabo

203 3946 432 4015 spiritu,
465 3944 619 3998 or‘abo
661 3952 707 3998 et
751 3951 917 3997 mente
959 3958 977 3996 :
1019 3940 1237 4013 psallunt
1273 3941 1478 4008 spiritu,
1511 3940 1727 4011 psallam
1749 3948 1797 3994 et

204 4045 398 4092 mente.
436 4037 537 4103 Qui
567 4036 709 4091 enim
756 4036 1151 4103 interpretatur,
1192 4046 1412 4087 necesse
1442 4039 1524 4086 cst
1552 4041 1610 4085 ut
1649 4032 1797 4100 prius

206 4130 330 4199 ipse
354 4128 617 4199 intelligat
644 4127 784 4197 quod
817 4126 933 4179 aliis
967 4131 1052 4178 est
1078 4122 1335 4177 dicturus.
1362 4122 1611 4176 (Italarum
1640 4123 1683 4175 si
1710 4122 1795 4176 be-

208 4221 470 4275 nedicreris
526 4219 728 4288 spiritu.
778 4215 1122 4272 Benedicitur
1177 4229 1339 4269 omne
1384 4214 1523 4284 quod
1570 4228 1697 4270 vere
1745 4222 1798 4269 et

205 4312 505 4369 secundum
535 4311 702 4366 Deum
733 4310 947 4364 dicitur.
993 4307 1118 4372 Quis
1153 4307 1354 4375 supplet
1396 4307 1560 4359 locant
1584 4306 1800 4360 idiotas?

206 4408 507 4464 Sanitatem
557 4405 796 4459 scientiae
848 4404 903 4457 in
948 4403 1109 4457 corde
1161 4403 1339 4458 idiota:
1393 4404 1513 4470 quis
1564 4402 1798 4470 implet?

210 4498 481 4567 Quomodo
507 4496 651 4561 dicit,
676 4495 851 4560 Amen,
876 4508 1031 4563 super
1058 4503 1194 4546 tuam
1216 4493 1646 4546 benedictionem?
1664 4490 1797 4546 Cum

205 4589 339 4660 quid
367 4588 514 4642 dicas
544 4587 743 4654 nescit,
778 4586 869 4657 qui
904 4601 1002 4658 pro
1030 4584 1190 4640 idiota
1212 4625 1227 4651 ,
1256 4584 1309 4640 id
1348 4592 1463 4651 cst,
1501 4584 1684 4655 ignaro
1711 4598 1798 4640 re-

1904 3403 2017 3457 sive
2046 3415 2181 3456 unus
2212 3414 2310 3470 per
2334 3405 2514 3469 partes
2543 3399 2943 3466 interpretetur.
2974 3396 3038 3452 Si
3063 3404 3230 3451 autem
3253 3411 3355 3450 non
3377 3400 3491 3465 fue-

1900 3491 1970 3546 rit
2008 3493 2292 3561 interpres,
2322 3499 2488 3544 taceat
2520 3491 2573 3543 in
2608 3487 2859 3543 Ecclesia.
2894 3489 3000 3543 Aut
3033 3488 3175 3557 ipse,
3209 3495 3301 3541 aut
3329 3487 3487 3544 alius.

1903 3584 2017 3641 Sibi
2037 3593 2207 3638 autem
2235 3584 2493 3652 loquatur,
2516 3592 2561 3636 et
2584 3579 2726 3647 Deo;
2755 3578 3015 3650 propheta:
3041 3578 3142 3633 duo
3164 3586 3252 3631 aut
3280 3585 3381 3633 tres
3410 3578 3494 3632 diu

1899 3686 2045 3744 cant,
2076 3688 2126 3732 et
2160 3678 2329 3731 cteteri
2369 3676 2673 3747 dijudicent.
2713 3675 2819 3730 Sua
2856 3674 3182 3730 conscientia
3207 3682 3264 3730 et
3288 3673 3385 3729 Dei
3418 3681 3491 3727 te-

1899 3780 2027 3826 neat
2046 3785 2167 3826 eum
2196 3772 2419 3841 gratiam
2449 3771 2587 3826 hanc
2616 3770 2833 3825 habere.
2864 3770 3014 3834 Quod
3034 3769 3079 3822 si
3098 3768 3191 3823 alii
3214 3769 3488 3822 revelatum

1898 3862 2054 3934 fuerit
2096 3862 2322 3928 sedenti,
2360 3862 2504 3931 prior
2542 3869 2719 3915 taceat.
2763 3859 2985 3914 Potestis
3026 3860 3159 3914 enim
3198 3874 3370 3914 ontnes
3400 3875 3491 3928 per

1898 3953 2128 4025 singulos
2157 3954 2481 4025 praphetare,
2511 3963 2564 4007 ut
2593 3968 2764 4008 omnes
2792 3952 3009 4020 discant,
3036 3962 3083 4006 et
3110 3966 3279 4006 omnes
3300 3949 3489 4005 exhor-

1901 4054 2089 4099 tentur.
2122 4044 2221 4111 Qui
2260 4045 2406 4113 prior
2435 4043 2596 4106 dixit,
2628 4044 2710 4098 vel
2743 4043 2832 4112 qui
2879 4042 3024 4112 prior
3055 4041 3259 4097 honore
3287 4047 3388 4096 est.
3419 4037 3491 4093 Et

1899 4136 2109 4205 spiritus
2135 4134 2500 4203 prophetarum
2524 4132 2785 4201 prophetis
2810 4131 3025 4203 subjecti
3052 4142 3191 4187 sunt.
3214 4130 3336 4185 Non
3356 4131 3489 4186 enim

1900 4234 1974 4279 est
2017 4226 2346 4280 dissensionis
2377 4223 2548 4288 Deus,
2575 4225 2661 4277 sed
2692 4223 2851 4290 pacis.
2882 4221 3008 4276 Sive
3051 4223 3239 4290 gratiae
3268 4220 3488 4287 spiritus

1900 4316 2054 4371 alteri
2078 4316 2353 4385 propheta:
2378 4314 2665 4380 consentit,
2690 4313 2802 4367 sive
2829 4312 3050 4380 spiritus
3080 4310 3397 4365 humilitatis
3435 4319 3491 4363 et

1902 4406 2181 4462 charitatis
2210 4405 2370 4460 debet
2391 4417 2512 4458 esse
2538 4404 2588 4457 in
2615 4402 2891 4471 prophetis
2916 4416 2931 4455 :
2962 4401 3086 4471 quia
3111 4416 3220 4456 non
3239 4407 3323 4456 est
3348 4400 3489 4456 Deus

1902 4495 2168 4565 superbiae
2197 4502 2252 4549 et
2298 4492 2671 4558 dissensionis,
2700 4491 2790 4562 qui
2819 4493 2870 4547 in
2899 4492 2977 4548 cis
3006 4506 3113 4548 non
3143 4492 3367 4562 habitat,
3392 4494 3491 4550 sed

1883 4587 2070 4659 pacis,
2114 4586 2233 4656 quia
2260 4585 2338 4644 eis
2376 4592 2500 4640 nota
2549 4593 2672 4639 sunt
2699 4599 2817 4655 qua:
2859 4583 3199 4656 prophetam.
3246 4583 3396 4641 Sicut
3432 4586 3488 4642 in

206 4679 429 4750 spondit
455 4680 647 4734 Amen.
686 4677 824 4732 Nam
854 4689 907 4733 tu
937 4679 1143 4748 quidem
1173 4677 1294 4731 bene
1322 4676 1513 4747 gratias
1542 4676 1673 4748 agis,
1706 4677 1795 4731 sed
1820 4670 1877 4731 D
1901 4678 2133 4737 omnibus
2161 4678 2385 4735 ecclesiis
2411 4686 2704 4733 sanctorum
2742 4678 2917 4732 doceo.
2948 4678 3004 4734 in
3035 4679 3283 4735 omnibus
3313 4680 3488 4738 eccle-

202 4771 339 4827 alter
373 4787 475 4824 non
512 4770 820 4838 aedificatur.
862 4770 1013 4837 Quod
1062 4769 1410 4826 benedixerit.
1454 4766 1661 4825 Gratias
1696 4787 1792 4842 ago

206 4864 318 4919 Deo
337 4905 354 4933 ,
379 4864 517 4935 quod
550 4864 771 4917 omnium
806 4872 1023 4917 vestrum
1054 4861 1233 4934 lingua
1263 4864 1459 4934 loquor.
1493 4862 1569 4917 Ne
1597 4864 1791 4934 putetis

205 4973 295 5014 me
324 4971 532 5028 quoque
564 4956 698 5011 hanc
740 4957 965 5025 gratiam
1014 4971 1119 5010 non
1170 4955 1401 5023 habere,
1444 4952 1499 5012 et
1538 4973 1632 5013 vos
1671 4958 1791 5013 idco

206 5050 514 5120 prohibere.
546 5048 651 5105 Sed
689 5049 741 5102 in
786 5047 1016 5102 Ecclesia
1049 5048 1162 5101 volo
1201 5049 1423 5118 quinque
1456 5050 1603 5104 verba
1640 5066 1790 5104 sensu

205 5161 315 5199 meo
364 5144 525 5214 loqui,
576 5151 630 5197 ut
674 5149 720 5197 et
757 5141 888 5197 alios
928 5142 1217 5209 instruant,
1253 5158 1401 5212 quam
1432 5144 1603 5196 decem
1628 5144 1793 5196 millia

204 5222 473 5290 verborum
492 5235 545 5287 in
567 5235 760 5307 lingua.
786 5233 892 5290 Sed
920 5236 1058 5287 malo
1083 5248 1175 5302 per
1201 5248 1366 5303 pauca
1398 5234 1462 5288 ad
1495 5234 1788 5304 profectum

206 5326 371 5397 loqui,
405 5341 562 5396 quam
585 5326 750 5380 multa
780 5340 896 5396 qua:
924 5324 1053 5380 nulli
1076 5322 1375 5393 proﬁciant.
1396 5323 1623 5391 Quidam
1646 5340 1790 5396 quae-

206 5427 363 5487 runt,
390 5433 557 5490 quare
593 5420 827 5490 quinque
864 5418 1025 5473 verba
1059 5436 1069 5470 :
1105 5418 1193 5486 qui
1219 5419 1523 5473 econtrario
1556 5420 1788 5474 interro-

205 5510 362 5578 gandi
396 5518 520 5564 sunt
546 5510 612 5565 de
654 5510 841 5565 decem
879 5509 1134 5565 millibus.
1180 5507 1427 5576 Fratres,
1458 5509 1615 5565 nolite
1645 5512 1791 5580 pueri

207 5602 331 5671 effici
358 5602 587 5655 sensibus
612 5642 626 5667 ,
653 5602 743 5656 sed
772 5601 968 5655 malitia
1000 5602 1201 5673 parvuli
1229 5611 1415 5668 estote,
1444 5603 1669 5658 sensibus
1695 5622 1789 5658 au-

209 5704 306 5752 tem
343 5698 554 5768 perfecti
582 5706 754 5752 estote.
787 5697 853 5752 In
886 5700 993 5771 lege
1034 5700 1277 5771 scriptum
1316 5706 1423 5753 est:
1452 5700 1706 5765 Quoniam
1734 5700 1787 5753 in

208 5788 325 5843 aliis
348 5789 571 5860 linguis,
615 5798 661 5845 et
705 5790 854 5846 labiis
893 5792 1009 5847 aliis
1039 5793 1219 5863 loquar
1248 5794 1434 5865 papula
1459 5793 1598 5860 huic,
1624 5802 1671 5847 et
1700 5809 1789 5847 nec

205 5882 282 5939 sic
297 5884 571 5940 exaudient
601 5901 697 5951 me,
727 5886 849 5942 dicit
872 5884 1139 5944 Dominus.
1172 5886 1343 5945 Simul
1365 5886 1597 5945 05tendit
1620 5886 1788 5941 nemi-

1901 4772 1996 4829 siis
2018 4774 2095 4828 sic
2121 4780 2203 4828 est
2225 4812 2238 4836 ,
2270 4787 2338 4826 nc
2368 4771 2491 4826 novi
2520 4768 2719 4839 aliquid
2749 4782 2836 4826 me
2864 4768 3012 4825 vobis
3038 4769 3305 4841 imperare
3326 4778 3484 4840 pute-

1901 4868 1988 4924 tis.
2016 4866 2261 4922 Mulieres
2289 4865 2342 4919 in
2372 4864 2592 4919 ecclesiis
2619 4870 2835 4919 taceant.
2869 4863 3001 4931 Quia
3030 4872 3213 4918 contra
3241 4863 3482 4920 ordinem

1901 4970 1986 5017 eet
2013 4969 2217 5015 natura:
2244 4959 2329 5013 vel
2361 4958 2519 5027 legis,
2550 4965 2608 5011 ut
2639 4957 2690 5011 in
2719 4964 2983 5012 conventu
3004 4956 3236 5010 virorum
3270 4956 3484 5013 feminae

1900 5051 2204 5119 loquantur.
2236 5048 2358 5103 Non
2390 5048 2521 5102 enim
2560 5048 2870 5117 permittitur
2898 5047 2969 5101 eis
3013 5045 3169 5113 loqui.
3202 5045 3482 5114 Quomodo

1899 5157 2027 5213 ergo
2056 5142 2181 5197 alibi
2209 5140 2355 5207 dicit,
2384 5142 2521 5196 bene
2545 5140 2661 5195 illas
2681 5142 2877 5195 docere
2902 5137 3097 5193 debere
3119 5137 3475 5208 prudentiam,

1896 5242 1955 5290 ut
1995 5233 2329 5305 prudentiam
2378 5240 2432 5287 et
2472 5231 2770 5287 castitatem
2817 5230 3070 5295 doceant;
3115 5229 3210 5283 sed
3242 5229 3295 5283 in
3324 5243 3475 5295 sexu,

1893 5326 2055 5381 simul
2092 5334 2145 5381 et
2178 5339 2301 5380 cum
2348 5322 2579 5380 ostendit
2610 5323 2788 5381 locum
2828 5322 2916 5376 ubi
2958 5330 3198 5388 taceant,
3232 5320 3356 5377 alibi
3384 5335 3476 5377 eas

1892 5418 2035 5490 loqui
2077 5417 2335 5489 permisit.
2385 5416 2490 5472 Sed
2528 5414 2761 5470 subditas
2786 5429 2913 5480 esse,
2956 5413 3086 5466 sicut
3122 5421 3171 5467 ct
3214 5412 3296 5466 lea:
3322 5412 3472 5465 dixit.
3560 5422 3567 5464 ἱ

1892 5514 2028 5581 Quia
2052 5520 2105 5568 et
2132 5513 2214 5567 vir
2242 5510 2390 5582 prior
2417 5509 2586 5564 l‘actus
2609 5518 2719 5576 est,
2760 5514 2813 5562 ct
2843 5506 2973 5561 Sara
3012 5503 3286 5560 dominum
3316 5518 3477 5560 voca-

1891 5607 1984 5662 bat
2010 5606 2297 5661 Abraham.
2318 5603 2380 5660 Si
2406 5603 2529 5675 quid
2553 5613 2721 5657 autem
2744 5599 2918 5654 volunt
2941 5600 3148 5667 discere,
3174 5600 3313 5654 domi
3341 5602 3475 5655 viros

1890 5717 2009 5757 suos
2033 5700 2358 5771 interrogent.
2389 5697 2561 5765 Turpe
2586 5705 2659 5750 est
2681 5696 2814 5749 enim
2833 5693 3037 5749 mulieri
3062 5693 3197 5765 loqui
3216 5695 3267 5748 in
3295 5692 3476 5750 Eccle-

1892 5795 1990 5849 sia.
2025 5795 2101 5847 An
2133 5811 2163 5846 a
2196 5794 2329 5847 vobis
2358 5791 2560 5846 verbum
2588 5788 2686 5843 Dei
2723 5790 2988 5859 processit,
3019 5800 3106 5841 aut
3146 5791 3197 5842 in
3228 5805 3312 5844 vos
3340 5788 3474 5842 solos

1891 5892 2113 5960 pervenit
2138 5890 2160 5942 ?
2190 5888 2247 5946 Si
2277 5891 2389 5958 quis
2416 5887 2613 5943 videtur
2640 5886 2883 5959 propheta
2908 5900 3042 5950 esse,
3077 5893 3167 5940 aut
3190 5882 3467 5955 spiritalis,
