3982 6352
182 385 299 439 545
978 383 1045 439 IN
1084 378 1473 441 EPISTOLAM
1512 380 1533 437 l
1571 375 1664 436 AD
1704 371 2118 434 CORINTHIOS
2156 370 2683 432 COMMENTARIA.
3373 368 3477 431 διδ

178 521 295 579 pus
338 501 572 574 alioquin
599 515 819 575 surgere
860 504 1030 576 magis
1065 519 1223 575 quam
1271 517 1551 574 resurgere
1590 501 1777 557 'dicere
1807 502 1863 563 Α
1885 513 1971 555 ma
1997 494 2317 555 humilitatis
2344 513 2605 569 apparere
2635 514 2649 553 :
2676 499 2798 567 post
2822 493 3078 567 judicium
3122 506 3249 553 vero
3268 500 3380 566 jam
3404 495 3480 551 ita

180 597 755 669 potuit.Unusquisque
778 604 949 651 autem
978 599 1032 651 in
1060 612 1153 651 suo
1176 597 1374 650 ordine.
1400 593 1679 664 Temporis
1697 592 1785 649 vel
1888 606 1970 653 est
1985 598 2280 667 subjectus,
2298 596 2351 652 id
2366 606 2468 665 est,
2488 594 2857 653 counexusvel
2874 594 3150 665 peruuitus
3166 594 3327 650 homo
3338 594 3471 662 Deo,

181 690 435 747 honoris.
467 688 727 744 Primitiaz
754 689 1005 745 Christus.
1031 690 1097 745 Ut
1122 689 1367 760 superius
1394 688 1528 743 dixit
1558 687 1788 759 :Primi-
1894 701 1957 749 ut
1981 707 2087 749 non
2113 692 2225 762 jam
2252 700 2507 763 appareat
2526 691 2631 746 nisi
2661 690 2941 758 divinitas,
2971 691 3111 747 sicut
3150 688 3267 761 ejus
3298 702 3479 745 sermo

184 782 285 837 tim
309 779 710 836 domienlium.
740 779 937 835 Deinde
960 781 998 835 ἱὶ
1024 781 1113 851 qui
1137 780 1463 836 suntC/trt'sti
1493 780 1548 834 in
1566 780 1787 835 adventu
1886 784 2125 842 declarat
2155 800 2168 837 :
2202 784 2270 839 Ut
2313 785 2379 837 sit
2416 783 2558 838 Deus
2580 783 2750 837 omnia
2779 783 2833 837 in
2874 782 3128 837 omnibus.
3150 780 3479 839 Subauditur

181 877 327 945 eius.
364 876 422 931 In
448 875 682 931 adventu
703 874 822 944 ejus
851 890 959 931 non
990 876 1171 944 modo,
1203 876 1299 931 sed
1327 876 1382 931 in
1412 875 1642 930 adventu
1670 873 1790 945 ejus
1889 877 2225 947 temporibus
2244 894 2255 929 :
2273 875 2360 931 vel
2379 884 2528 932 certe
2551 875 2673 946 quia
2700 874 2861 932 modo
2883 873 3283 945 nondum,quia
3302 874 3482 930 adhuc

185 978 507 1038 resurgent;
540 968 742 1023 Deinde
778 969 919 1038 linis.
967 969 1101 1024 Cum
1153 969 1394 1026 omnium
1442 970 1788 1037 resurrectio,
1892 969 2107 1039 corpori
2128 968 2245 1039 ejus
2271 968 2560 1040 resistitur,
2594 968 2719 1024 dum
2749 983 2858 1025 non
2886 982 2946 1025 ea
2978 983 3099 1039 quae
3126 966 3373 1024 volumus
3395 967 3482 1023 fa-

188 1067 329 1116 tunc
365 1060 468 1117 erit
508 1059 631 1117 ﬁnis
660 1062 870 1116 mortis.
901 1061 1029 1117 Cum
1067 1062 1358 1117 tradiderit.
1381 1062 1789 1119 Calumniantur
1891 1062 2082 1128 cimus,
2109 1062 2232 1132 quia
2245 1075 2372 1116 caro
2393 1060 2567 1116 adhuc
2588 1062 2923 1132 concupiscit
2936 1061 3194 1118 adversus
3206 1061 3481 1132 spiritum,

192 1152 385 1207 Ariani
427 1151 669 1208 dicentes
696 1167 708 1206 :
739 1152 794 1208 Si
833 1153 993 1209 tradit
1018 1153 1159 1210 ﬁlius
1188 1168 1413 1224 regnum
1440 1155 1611 1225 patri,
1645 1161 1792 1223 post-
1892 1154 2113 1224 spiritus
2133 1160 2312 1209 autem
2328 1152 2589 1209 adversus
2609 1166 2850 1209 carnem.
2871 1153 3027 1210 Utsit
3052 1154 3192 1211 Deus
3208 1152 3480 1211 omnibus.

189 1256 363 1313 quam
408 1242 691 1299 tradiderit
729 1258 977 1314 regnum,
1017 1244 1131 1315 ipse
1160 1259 1386 1315 regnare
1414 1244 1525 1314 jam
1561 1244 1790 1301 desinet.

198 1333 419 1403 Quibus
444 1334 880 1406 respondendum
912 1345 994 1391 est
1023 1353 1035 1390 :
1067 1337 1124 1393 Si
1156 1337 1275 1395 ideo
1302 1337 1443 1393 ﬁlius
1466 1352 1572 1392 non
1602 1352 1795 1408 regna-

198 1424 323 1494 bit,
356 1427 480 1498 quia
500 1427 1035 1500 regnumjtraditurus
1061 1436 1144 1485 est
1168 1427 1327 1499 patri,
1363 1418 1494 1499 ergo
1517 1443 1615 1484 nec
1645 1436 1795 1499 pater

198 1527 398 1592 regnat
445 1528 735 1591 antequam
764 1521 813 1577 ei
845 1520 1088 1577 tradatur
1114 1536 1145 1576 a
1172 1521 1304 1578 ﬁlio.
1334 1519 1429 1577 Sin
1472 1528 1652 1577 autem
1699 1535 1795 1591 pa-

202 1617 292 1666 ter
321 1624 431 1667 non
452 1618 580 1668 tunc
628 1612 863 1682 primum
892 1613 1166 1683 regnavit,
1214 1613 1458 1682 quamvis
1479 1621 1605 1668 tunc
1631 1615 1801 1669 susci-

202 1702 348 1774 piat,
372 1701 451 1760 sic
469 1717 570 1760 nec
600 1702 764 1773 ﬁlius,
795 1704 1041 1775 quamvis
1071 1704 1245 1760 tradat
1282 1719 1528 1776 regnum,
1569 1705 1797 1762 amittet.

207 1792 413 1852 lterum
441 1803 771 1867 proponunt,
803 1796 947 1866 quod
975 1796 1252 1868 subjectus
1276 1797 1380 1853 erit
1398 1798 1538 1868 patri
1568 1814 1581 1853 :
1606 1799 1801 1870 impios

1896 1249 2063 1306 Totus
2079 1248 2132 1304 in
2147 1249 2392 1306 omnibus
2414 1250 2750 1305 dominator:
2770 1264 2915 1305 nunc
2939 1249 3115 1306 adhuc
3143 1264 3249 1305 non
3265 1256 3349 1305 est
3368 1263 3485 1304 om-

1898 1342 1986 1396 nia
2016 1343 2068 1397 in
2100 1341 2370 1407 omnibus,
2404 1342 2529 1411 quia
2553 1341 2750 1410 singuli
2782 1340 2955 1397 sancti
2984 1340 3225 1398 diversas
3256 1341 3484 1395 virtutes

1899 1432 2085 1504 ejusin
2107 1447 2168 1488 se
2188 1434 2407 1489 habent.
2424 1433 2576 1489 Tune
2602 1440 2781 1488 autem
2798 1432 3044 1489 universa
3075 1447 3212 1489 unus
3242 1431 3485 1499 habebit,

1900 1535 1956 1581 et
1979 1526 2083 1581 erit
2112 1527 2226 1596 ipse
2242 1526 2420 1581 omnia
2448 1526 2501 1581 in
2516 1526 2783 1581 omnibus.
2811 1524 2943 1580 ltem
2972 1524 3103 1594 quid
3131 1533 3349 1581 sanctus
3376 1521 3493 1578 Au-

1901 1618 2144 1686 gustinus
2187 1616 2474 1686 episcopus
2511 1616 2744 1671 senserit
2774 1614 3134 1685 (Augustinus,
3174 1615 3230 1668 in
3269 1614 3399 1668 libro
3425 1613 3491 1668 de

1905 1707 2132 1764 Diversis
2163 1708 2508 1778 qutestionib.,
2541 1708 2806 1777 quwstion.
2849 1706 2967 1775 66),
2994 1706 3313 1761 videamus:
3342 1705 3495 1760 Tunc

1907 1807 1963 1855 et
1987 1800 2106 1870 ipse
2135 1799 2276 1853 ﬁlius
2296 1797 2569 1867 subjectus
2601 1798 2703 1851 erit
2737 1797 2787 1851 ei
2812 1798 2900 1866 qui
2930 1796 3009 1851 illi
3033 1796 3266 1866 subjecit
3288 1797 3494 1863 omnia,

213 1887 339 1945 illos
360 1902 505 1957 esse,
547 1889 639 1959 qui
678 1889 836 1946 etiam
873 1890 1035 1946 modo
1075 1900 1271 1962 negant
1318 1891 1463 1946 illum
1493 1892 1546 1947 in
1577 1906 1805 1963 corpore
1831 1880 1882 1945 Β
1907 1902 1965 1950 ιιι
1990 1892 2061 1948 sit
2090 1893 2230 1948 Deus
2259 1891 2516 1958 omnia’jn
2564 1888 2833 1945 omnibus.
2883 1890 3049 1945 Recte
3096 1890 3353 1959 quaeritur
3393 1889 3497 1945 hoc

212 1991 315 2037 suo
341 1980 481 2049 patri
507 1993 627 2037 esse
655 1980 978 2051 subjectum.
1005 1982 1283 2051 Subjectio
1308 1997 1436 2039 vero
1455 1998 1562 2039 non
1592 1997 1804 2054 semper

216 2071 288 2126 ad
315 2071 723 2129 diminutionem
746 2073 997 2144 pertinet.
1022 2073 1155 2129 Nam
1178 2075 1397 2145 spiritus
1421 2075 1805 2145 prophetarum

219 2160 497 2231 prophetis
522 2162 796 2233 subjectus
835 2172 957 2233 est,
1009 2172 1070 2220 ut
1110 2180 1218 2221 non
1254 2166 1323 2223 sit
1350 2166 1488 2223 Deus
1514 2166 1808 2224 dissensio-

218 2254 305 2309 nis
322 2294 337 2320 ,
364 2253 460 2309 sed
478 2256 644 2324 pacis.
672 2256 929 2327 Regnum.
963 2257 1203 2315 Traditio
1230 2268 1409 2316 autem
1442 2262 1594 2331 regni
1621 2270 1807 2317 noster

216 2344 499 2414 profectus
519 2356 601 2402 est
617 2361 778 2413 ,.cum
800 2362 923 2404 esse
966 2364 1034 2404 ex
1064 2351 1272 2421 integro
1306 2351 1405 2411 ﬁlii
1450 2353 1808 2408 meruerimus

222 2436 280 2492 in
310 2439 479 2508 patris
504 2453 751 2510 regnum,
785 2455 906 2497 cum
935 2442 1369 2513 incorruptibiles
1405 2445 1580 2501 factos
1608 2446 1809 2502 electos

214 2540 348 2586 Suos
385 2529 453 2583 ad
493 2532 999 2601 contemplationem
1039 2532 1187 2589 illam
1225 2534 1571 2604 perduxerit,
1609 2535 1676 2592 de
1704 2551 1811 2607 qua

218 2618 281 2674 Β.
312 2618 546 2678 Joannes
573 2621 701 2679 dicit
734 2623 1090 2682 :Videbimus
1125 2640 1249 2682 eum
1276 2626 1433 2682 sicuti
1460 2636 1564 2685 est.
1595 2627 1812 2685 Tenen-

214 2708 345 2768 dum
370 2712 603 2783 primum
634 2721 751 2782 est,
798 2716 942 2786 quod
981 2716 1085 2773 hoc
1123 2718 1244 2774 loco
1272 2715 1559 2788 Apostolus
1606 2720 1811 2784 nonfde

218 2801 510 2873 Trinitate,
541 2804 637 2861 sed
662 2804 731 2861 de
758 2806 1156 2864 resurrectione
1180 2808 1320 2878 agit,
1346 2823 1507 2879 quam
1537 2808 1603 2865 de
1628 2808 1813 2865 Domi-

217 2893 305 2963 ni,
358 2895 413 2951 id
455 2896 857 2978 est,\hominis
907 2900 1170 2979 assumpti
1218 2900 1466 2971 exemplo
1508 2900 1808 2957 conﬁrmat.

216 2986 481 3061 Regnum.
502 2989 746 3061 Regnum
774 2990 871 3048 Dei
910 2992 1229 3049 naturaliter
1254 2993 1470 3063 quidem
1498 3007 1595 3064 per
1633 2995 1812 3049 omnia

217 3091 331 3149 est,
362 3097 483 3155 quae
509 3084 627 3155 ipse
667 3086 975 3155 constituit;
1029 3088 1138 3172 sed
1167 3097 1295 3146 tunc
1320 3090 1539 3160 proprie
1587 3103 1815 3159 regnare

221 3172 424 3231 dicitur
464 3176 607 3233 Deus
652 3217 669 3246 ,
724 3192 847 3236 cum
901 3179 979 3235 illi
1028 3179 1229 3236 iuerint
1270 3182 1515 3236 homines
1542 3180 1813 3235 voluntate

1908 1987 2050 2053 loco,
2078 1995 2257 2042 utrum
2278 1984 2589 2055 {secundum
2628 1996 2980 2053 personarum
3010 1981 3398 2051 proprietates,
3426 1994 3497 2035 an

1910 2076 2208 2133 secundum
2241 2075 2477 2132 hominis
2520 2072 2921 2143 susceptionem
2952 2070 3241 2140 Apostolus
3279 2071 3501 2126 dixerit.

1910 2170 2095 2226 Solent
2107 2168 2513 2226 circumstantia
2529 2168 2824 2238 Scriptura:
2836 2168 3140 2223 illuminare
3154 2167 3498 2233 sententiam,

1910 2278 2033 2319 cum
2063 2277 2127 2318 ea
2155 2277 2275 2332 qua:
2322 2262 2463 2317 circa
2495 2261 2828 2330 Scripturam
2857 2268 2982 2314 sunt
3011 2266 3328 2329 praesentem
3355 2270 3505 2327 quae-

1912 2355 2146 2410 stionem
2172 2352 2539 2423 contingentia
2561 2351 2801 2421 diligenti
2822 2350 3158 2406 discussione
3180 2355 3501 2404 tractantur.

1911 2444 2222 2501 Invenimus
2247 2445 2427 2514 itaque
2451 2443 2525 2499 ita
2544 2450 2764 2499 ventum
2795 2456 2916 2498 esse
2944 2441 3009 2496 ad
3040 2440 3181 2495 hunc
3214 2440 3410 2506 locum,
3442 2447 3505 2494 ut

1911 2555 2072 2612 supra
2122 2542 2325 2596 diceret
2358 2558 2371 2593 ε
2402 2539 2555 2595 Nunc
2613 2548 2803 2594 autem
2844 2538 3090 2593 Christus
3142 2536 3438 2592 resurrexit
3472 2550 3504 2590 a

1912 2635 2160 2701 mortuis,
2174 2633 2426 2703 primitiae
2442 2631 2820 2690 dormientium
2839 2646 2854 2697 ;
2870 2632 3062 2701 agebat
3081 2631 3225 2687 enim
3239 2629 3307 2686 de
3320 2644 3505 2686 resur-

1912 2727 2153 2782 rectione
2208 2734 2576 2793 mortuorum,
2627 2723 2771 2795 quod
2828 2723 2885 2779 in
2931 2722 3162 2781 Domino
3207 2723 3505 2777 secundum

1913 2822 2311 2891 susceptionem
2363 2820 2595 2876 hominis
2642 2819 2842 2874 factum
2885 2826 2990 2874 est.
3037 2816 3378 2874 Manifestum
3423 2824 3509 2872 est

1915 2927 2044 2982 ergo
2073 2912 2179 2969 hoc
2219 2911 2516 2968 secundum
2570 2909 2972 2979 susceptionem
3017 2907 3248 2964 hominis
3279 2907 3504 2964 dictum.

1916 3007 2023 3064 Sed
2051 3007 2153 3063 alia
2186 3008 2241 3062 in
2267 3007 2371 3062 hoc
2400 3005 2635 3075 capitulo
2662 3003 2802 3061 solet
2829 3003 3055 3073 quaestio
3081 3002 3304 3059 oboriri.
3324 3001 3508 3058 Primo

1916 3098 2044 3168 quid
2070 3097 2275 3153 dictum
2296 3104 2400 3165 est,
2424 3094 2559 3151 Cum
2582 3094 2864 3149 tradiderit
2882 3109 3108 3164 regnum
3134 3093 3247 3148 Deo
3268 3101 3321 3148 et
3338 3092 3505 3158 Patri,

1917 3190 2071 3259 quasi
2116 3203 2258 3243 nunc
2286 3201 2395 3242 non
2436 3195 2617 3242 teneat
2643 3199 2868 3255 regnum
2905 3185 3098 3250 Pater;
3150 3184 3344 3238 deinde
3383 3183 3510 3252 quid

214 3264 482 3337 subjecti,
514 3267 656 3324 sicut
704 3283 871 3339 regno
926 3267 1125 3324 diaboli
1166 3282 1226 3325 se
1272 3276 1463 3340 sponte
1512 3270 1813 3339 subjecere.

1922 3248 2122 3337 dictum
2147 3290 2247 3345 est,
2274 3280 2498 3349 Oportet
2522 3278 2665 3333 enim
2691 3277 2839 3332 illum
2870 3291 3118 3345 regnare,
3149 3276 3324 3331 donec
3348 3248 3513 3345 ponat

216 3352 337 3411 Deo
375 3363 422 3411 et
462 3354 631 3412 Patri.
650 3358 762 3414 Deo
783 3357 1078 3414 secundum
1108 3357 1522 3426 humanitatem,
1556 3358 1703 3414 Patri
1732 3373 1815 3416 se-

218 3448 461 3505 cundum
486 3448 825 3506 divinitatem
858 3457 950 3507 :et
990 3450 1112 3507 ideo
1133 3449 1207 3506 ait
1230 3451 1341 3507 Deo
1384 3458 1439 3508 et
1487 3451 1652 3509 Patri.
1690 3451 1819 3508 Cum

218 3547 547 3604 euacuauerit
596 3563 819 3602 onmem.
877 3546 1157 3603 Evacuans
1199 3545 1432 3616 peccatis
1480 3545 1819 3603 evacuabitur

222 3653 457 3709 regnum
486 3653 679 3707 eorum
709 3654 740 3695 a
770 3638 947 3695 nobis.
979 3637 1359 3708 Principatum.
1392 3638 1526 3705 Quia
1555 3638 1817 3709 sequeba-

218 3746 349 3789 mur
368 3732 511 3799 illos,
543 3730 793 3789 faciendo
821 3733 1148 3789 voluntatem
1166 3745 1374 3788 eorum.
1403 3731 1473 3785 Et
1490 3740 1815 3802 potestatem.

221 3825 364 3895 Quia
408 3826 822 3882 dominabantur
867 3825 1043 3882 nobis.
1086 3824 1155 3879 Et
1204 3827 1463 3882 virtutem.
1487 3825 1621 3895 Quia
1641 3826 1821 3883 vince-

221 3915 360 3971 bant
424 3916 527 3973 sibi
590 3917 818 3973 inimici.
882 3916 1096 3988 Oportet
1148 3924 1318 3971 autem
1377 3916 1526 3972 illum
1582 3932 1819 3990 regnare.

224 4009 476 4079 Regnare
511 4022 612 4079 pro
632 4008 875 4079 judicare
904 4008 1106 4079 posuit.
1132 4007 1312 4064 Donec
1339 4018 1499 4077 ponat
1524 4025 1697 4063 omnes
1718 4010 1821 4064 ini-

224 4099 388 4155 micos
417 4100 509 4155 sub
533 4100 745 4170 pedibus
771 4100 903 4166 eius.
937 4098 1160 4167 Quando
1182 4098 1275 4153 alii
1319 4108 1477 4155 erunt
1523 4099 1818 4170 voluntate,

236 4189 333 4245 alii
379 4191 702 4248 necessitate
754 4189 1005 4261 subjecti.
1046 4187 1343 4245 Novissima
1388 4198 1559 4244 autem
1616 4190 1826 4245 inimica

232 4283 538 4338 destruetur.
605 4283 723 4339 Non
780 4282 884 4339 erit
937 4282 1078 4338 enim
1138 4282 1282 4336 aliud
1334 4282 1478 4352 quod
1522 4281 1827 4338 destruatur

231 4387 454 4451 postea,
497 4393 621 4434 eum
658 4377 886 4433 mortale
916 4377 1021 4431 hoc
1064 4374 1302 4430 induerit
1345 4374 1825 4429 immortalitatem.

234 4468 402 4526 Mors.
463 4468 523 4521 ln
574 4464 899 4535 Apocalypsi
957 4472 1237 4533 peccatum
1293 4472 1349 4519 et
1399 4476 1546 4518 mors
1594 4464 1830 4532 appella-

1922 3386 2110 3429 omnes
2132 3371 2381 3427 inimicos
2424 3384 2553 3425 suos
2574 3368 2675 3425 sub
2701 3367 2930 3439 pedibus
2956 3368 3067 3422 suis
3098 3384 3111 3421 :
3144 3366 3296 3436 quasi
3327 3374 3513 3435 postea

1922 3481 2032 3522 non
2052 3466 2124 3522 sit
2143 3474 2483 3535 regnaturus,
2499 3470 2555 3519 et
2570 3463 2637 3518 ad
2660 3464 2763 3519 hoc
2774 3461 2948 3517 valeat
2968 3459 3110 3531 quod
3131 3474 3291 3531 supra
3312 3459 3514 3515 dictum

1924 3568 2008 3617 est
2042 3579 2055 3614 :
2088 3559 2292 3615 Deinde
2334 3558 2485 3624 ﬁnis;
2510 3556 2652 3626 quod
2681 3555 2936 3611 haeretici
2963 3554 3222 3622 sacrilega
3261 3552 3517 3622 opinione

1923 3652 2003 3708 sic
2041 3651 2331 3720 accipiunt,
2362 3648 2519 3718 quasi
2551 3647 2713 3727 (iuem
2736 3646 2959 3713 dixerit,
2997 3644 3517 3702 consummationem

1924 3744 2076 3816 regni
2097 3744 2213 3813 ejus
2244 3756 2405 3798 zeum
2426 3741 2482 3795 in
2514 3739 2806 3809 Evangelio
2833 3742 3092 3808 scriptum
3124 3739 3195 3793 sit
3227 3754 3240 3791 :
3271 3736 3338 3792 Et
3364 3734 3519 3806 regni

1925 3836 2041 3906 ejus
2070 3850 2175 3891 non
2196 3834 2301 3891 erit
2338 3833 2479 3889 ﬁnis.
2511 3831 2795 3887 Postremo
2824 3828 2966 3900 quod
2992 3829 3193 3885 dictum
3223 3835 3305 3884 est
3336 3843 3351 3881 :
3382 3826 3518 3881 Cum

1924 3936 2104 3984 autem
2135 3928 2187 3983 ei
2210 3926 2387 3982 omnia
2433 3923 2676 3994 subjecta
2704 3920 2938 3986 fuerint,
2966 3928 3092 3975 tune
3124 3926 3177 3975 et
3201 3920 3318 3989 ipse
3347 3916 3517 3973 Filius

1925 4023 2198 4093 subjectus
2221 4020 2321 4077 erit
2341 4019 2442 4087 illi,
2473 4019 2566 4089 qui
2588 4016 2694 4073 sibi
2721 4015 2948 4085 subjecit
2977 4011 3179 4079 omnia,
3211 4011 3292 4068 sic
3315 4010 3521 4067 .volunt

1927 4114 2172 4184 intelligi,
2208 4112 2359 4182 quasi
2394 4123 2538 4166 nunc
2582 4117 2674 4163 aut
2717 4106 2920 4178 aliquid
2948 4105 3087 4163 Filio
3112 4119 3221 4160 non
3242 4103 3312 4158 sit
3340 4100 3523 4172 subje-

1927 4217 2097 4274 ctum,
2123 4214 2215 4261 aut
2242 4205 2388 4259 Patri
2418 4216 2528 4258 non
2554 4202 2625 4257 sit
2652 4202 2768 4270 ipse
2798 4199 3094 4267 subjectus.
3119 4197 3331 4252 Genere
3353 4193 3518 4264 igitur

1902 4352 1905 4355 .
1928 4297 2216 4357 locutionis
2238 4296 2465 4351 solvitur
2486 4292 2711 4363 quaestio
2740 4309 2752 4343 :
2776 4292 2853 4345 sic
2870 4289 3012 4343 enim
3042 4288 3360 4357 plerumque
3378 4284 3527 4339 Scri-

1930 4396 2087 4459 ptura
2112 4386 2366 4454 loquitur,
2390 4392 2450 4439 ut
2479 4381 2619 4450 quod
2647 4393 2867 4447 semper
2887 4385 2992 4441 est,
3022 4384 3151 4430 tunc
3171 4373 3287 4429 ﬁeri
3311 4372 3522 4428 dicatur

1932 4479 1987 4535 in
2009 4476 2213 4545 aliquo,
2234 4488 2355 4529 cum
2382 4474 2451 4528 ab
2477 4485 2544 4527 eo
2570 4467 2823 4540 cognosci
2854 4464 3096 4535 cmperit.
3130 4465 3205 4520 Ita
3228 4463 3373 4519 enim
3394 4461 3527 4519 dici-

234 4568 325 4616 tur
372 4557 495 4627 quia
524 4564 712 4612 auctor
737 4562 824 4610 est
858 4554 1070 4610 mortis.
1106 4552 1296 4608 Omnia
1322 4553 1460 4607 enim
1500 4552 1713 4624 subjecit
1738 4552 1819 4607 sut

1936 4584 2057 4627 mus
2079 4568 2132 4624 in
2149 4565 2391 4623 oratione
2412 4563 2713 4621 dominica:
2735 4557 3111 4617 Sanctiﬁcetur
3134 4570 3329 4613 nomen
3350 4563 3527 4624 tuum,

238 4620 455 4733 ρεάίθὶιε
479 4660 616 4730 ejus.
648 4654 820 4713 David
846 4654 949 4711 hoc
980 4654 1047 4710 de
1091 4653 1309 4710 homine
1328 4653 1477 4710 dicit.
1504 4620 1634 4708 Cum
1666 4661 1836 4709 autem
1857 4620 1912 4683 Ῑ)
1936 4620 2055 4719 ἰῖοῖ
2079 4620 2587 4732 gigans...“
2632 4660 2877 4712 sanctum
2930 4666 3036 4708 non
3073 4650 3164 4706 sit.
3215 4648 3360 4720 Ergo
3388 4620 3531 4705 sicut

237 4750 400 4817 dicat,
420 4750 592 4804 omnia
615 4748 845 4819 subjecta
867 4754 986 4802 sunt
1002 4747 1069 4802 ei.
1091 4745 1318 4816 Propter
1334 4744 1680 4801 calumniam.
1707 4744 1835 4801 Sine

238 4843 399 4900 dubio
426 4851 609 4913 praem
661 4857 776 4898 eum
816 4841 903 4912 qui
946 4839 1159 4913 subjecit
1196 4839 1244 4893 ei
1279 4838 1469 4894 omnia.
1498 4837 1705 4907 Deum,
1744 4837 1835 4909 qui

239 4950 359 5002 erat
385 4943 439 4999 in
467 4942 586 5011 ipso
627 4937 828 4997 mundo
871 4936 1226 4994 reconcilians
1264 4936 1389 4995 sibi.
1430 4936 1523 4994 Vel
1567 4945 1714 4995 certe
1743 4952 1836 5009 pa-

188 5060 191 5061 ν
244 5041 380 5091 trem
404 5028 767 5103 intellige,qui
790 5027 990 5084 nullam
1014 5028 1376 5086 conditionem
1398 5028 1708 5100 assumpsit,
1731 5044 1837 5101 qua

244 5135 438 5192 debeat
466 5146 585 5190 esse
613 5129 909 5201 subjectus.
942 5128 1072 5185 Cum
1096 5134 1268 5183 autem
1289 5129 1521 5199 subjecta
1542 5130 1736 5207 fuerint
1757 5128 1835 5184 illi

246 5227 441 5283 omnia.
472 5224 696 5294 Quando
722 5230 777 5281 et
802 5223 929 5279 boni
958 5228 1013 5279 et
1053 5218 1181 5277 mali
1220 5218 1450 5291 subjecti
1478 5228 1654 5277 erunt.
1702 5219 1837 5275 Tum

248 5322 361 5391 ipse
380 5319 520 5390 ﬁlius
540 5318 795 5390 subjectus
818 5316 916 5371 erit
935 5314 1038 5380 illi,
1060 5313 1149 5383 qui
1177 5312 1274 5367 sibi
1304 5312 1519 5384 subjecit
1540 5313 1731 5367 omnia.
1761 5311 1839 5369 De

250 5413 589 5483 subjectione
615 5411 833 5484 quidam
864 5410 1067 5476 dicunt,
1093 5409 1233 5465 sicut
1252 5406 1307 5463 in
1339 5407 1699 5464 esurientibus
1724 5421 1841 5462 esu-

251 5510 342 5573 rit,
367 5507 454 5563 vel
483 5505 720 5576 pascitur
750 5505 807 5560 in
834 5502 1091 5573 subjectis
1106 5501 1221 5558 suis
1247 5517 1261 5554 :
1290 5498 1393 5556 hoc
1420 5507 1504 5555 est
1521 5540 1535 5567 ,
1568 5498 1622 5553 in
1650 5512 1843 5566 corpo-

252 5612 313 5655 re
341 5613 439 5654 suo
463 5598 577 5668 ipse
604 5595 906 5667 subjicitur,
952 5595 1203 5666 autquod
1232 5594 1346 5664 ipsa
1378 5592 1611 5649 humana
1653 5595 1843 5644 natura

254 5692 309 5747 in
339 5690 629 5762 gratiarum
661 5689 874 5745 actione
903 5687 1096 5743 debeat
1126 5701 1247 5743 esse
1272 5685 1512 5755 subjecta
1540 5680 1841 5752 illijdivini-

256 5784 355 5840 tati
395 5797 512 5853 quae
550 5782 661 5851 jam
691 5796 874 5838 secum
903 5795 1067 5836 unum
1105 5777 1349 5835 faciendo
1384 5779 1434 5833 ei
1458 5773 1637 5832 omnia
1664 5772 1845 5842 subje-

259 5874 414 5935 cerit.
435 5874 603 5934 Aliter
622 5892 637 5932 :
654 5874 716 5939 plu
734 5873 936 5945 judicio
958 5886 1179 5934 necesse
1202 5878 1425 5945 esteem
1444 5869 1639 5931 iterum
1658 5866 1715 5925 in
1735 5864 1849 5925 for-
1871 5943 1882 5952 ι

1938 4750 2299 4811 sanctiﬁcctur
2318 4758 2431 4815 est,
2448 4756 2693 4803 sanctum
2711 4757 2831 4801 esse
2855 4744 3186 4809 innotescat,
3216 4741 3290 4796 ita
3315 4752 3530 4810 quoque

1938 4858 2060 4901 cum
2084 4840 2369 4898 tradiderit
2394 4852 2619 4911 regnum
2643 4838 2754 4894 Deo
2776 4844 2830 4893 et
2856 4835 3031 4903 Patri,
3062 4834 3118 4888 id
3147 4839 3252 4903 est,
3275 4845 3397 4889 cum
3429 4831 3530 4887 Pa-

1940 4945 2081 4993 trem
2100 4948 2328 5005 regnare
2367 4929 2769 4998 monstraverit,
2800 4936 2859 4985 ut
2888 4942 2986 4998 per
3014 4926 3249 4996 speciem
3300 4922 3533 4980 manife-

1943 5028 2337 5096 stationemque
2366 5023 2647 5092 clarescat,
2679 5020 2823 5092 quod
2852 5033 2994 5075 nunc
3024 5032 3056 5071 a
3087 5015 3334 5072 ﬁdelibus
3355 5010 3532 5069 credi-

1941 5128 2051 5188 tur,
2097 5117 2244 5175 etab
2274 5115 2579 5172 inﬁdelibus
2608 5128 2716 5169 non
2744 5117 2982 5183 putatur.
3015 5105 3308 5164 Evacuabit
3348 5112 3529 5159 autem

1944 5227 2159 5270 omnem
2204 5209 2584 5280 principatum,
2634 5215 2691 5264 et
2734 5210 3091 5276 potestatem,
3138 5196 3534 5256 maniiestando

1944 5305 2129 5375 utique
2157 5316 2380 5373 regnum
2404 5300 2611 5357 Patris:
2636 5309 2695 5356 ut
2717 5296 2965 5355 omnibus
2987 5302 3172 5352 notum
3198 5292 3292 5360 sit,
3326 5289 3534 5347 nullum

1947 5396 2247 5469 principum
2274 5402 2331 5450 et
2362 5400 2684 5463 potestatum
2709 5431 2725 5458 ,
2770 5390 2887 5447 sive
2908 5384 3212 5445 caelestium
3230 5424 3248 5453 ,
3278 5384 3392 5441 sive
3419 5390 3531 5438 tera

1947 5488 2226 5554 restrium,
2258 5500 2355 5556 per
2383 5498 2442 5543 se
2470 5482 2725 5539 habuisse
2742 5478 2945 5551 aliquid
2976 5476 3306 5549 principatus
3343 5482 3400 5529 et
3436 5487 3537 5544 po-

1950 5584 2159 5641 testatis
2185 5600 2196 5635 :
2218 5580 2315 5637 sed
2345 5580 2414 5636 ab
2444 5580 2559 5647 illo,
2584 5592 2649 5636 ex
2674 5591 2781 5648 quo
2821 5582 2945 5632 sunt
2974 5572 3184 5639 omnia,
3219 5585 3326 5628 non
3356 5570 3534 5627 solum

1950 5686 2009 5734 ut
2022 5677 2148 5745 sint,
2174 5690 2361 5731 verum
2384 5674 2543 5731 etiam
2564 5680 2622 5727 ut
2642 5670 2890 5728 ordinata
2910 5668 3039 5724 sint.
3065 5666 3123 5723 ln
3144 5665 3236 5721 illa
3261 5663 3407 5721 enim
3430 5675 3538 5717 ma-

1951 5768 2301 5826 nifestatione
2330 5767 2465 5824 nulli
2493 5778 2617 5836 spes
2645 5764 2820 5835 aliqua
2849 5758 3150 5821 remanebit
3170 5759 3227 5815 in
3265 5765 3535 5829 quoquam

1953 5861 2215 5936 principe,
2245 5862 2414 5923 autin
2436 5871 2700 5932 quoquam
2728 5855 2945 5918 homine
2974 5873 2987 5914 :
3020 5847 3365 5927 quodetiam
3394 5854 3535 5913 nunc
