3982 6352
545 382 644 445 847

1640 388 1935 450 PRIMASII
1975 384 2422 448 ADBUMETANI
2463 388 2678 450 EPISC.

3695 398 3809 459 5&8

544 512 848 587 prophetice
876 512 1083 569 canitur
1114 526 1129 567 :
1162 510 1364 568 Bonum
1405 518 1487 567 cst
1526 525 1745 581 sperare
1776 516 1831 568 in
1856 513 2107 579 Domino,
2137 513 2191 573 Α
2215 510 2543 579 destruatur,
2576 519 2924 583 posteaquam
2950 512 3173 571 mortale
3196 513 3301 573 hoc
3319 514 3547 573 induerit
3572 517 3811 576 immor-

542 619 696 677 quam
721 618 938 675 sperare
969 604 1022 659 in
1052 604 1287 660 homine.
1322 603 1526 660 Bonum
1556 612 1641 659 est
1668 616 1888 674 sperare
1922 605 1975 660 in
2005 604 2113 659 Do-

542 698 711 766 mino,
734 712 889 767 quam
922 711 1137 766 sperare
1178 698 1231 752 in
1276 697 1607 767 principibus
1640 714 1654 751 :
1687 706 1743 752 ttt
1772 700 1870 753 ista
1892 698 2115 753 medita-

544 790 689 845 tione
728 790 903 843 anima
944 788 1050 857 jam
1079 789 1131 843 in
1153 802 1373 859 regnum
1405 788 1575 844 Patris
1603 797 1867 859 assurgat,
1900 803 2000 844 nec
2023 803 2113 843 cu-

548 897 787 953 jusquam
823 888 1137 950 potestatem
1179 891 1375 951 praeter
1412 882 1556 937 illum
1581 882 1983 954 magnifaciens,
2014 897 2114 939 nec

547 987 641 1029 sua
668 973 767 1029 sibi
812 972 929 1042 ipsa
967 972 1416 1042 perniciosissime
1444 974 1743 1029 blandiens.
1777 975 1962 1030 Tradit
1985 990 2113 1045 ergo

548 1079 768 1135 regnum
797 1065 906 1119 Deo
951 1071 1004 1119 et
1050 1063 1218 1131 Patri,
1268 1079 1387 1118 cum
1419 1080 1514 1135 per
1543 1066 1689 1120 illum
1734 1080 1831 1136 per
1880 1068 2113 1136 speciem

547 1157 884 1226 cognoscitur
911 1156 1085 1212 Pater.
1112 1155 1353 1226 Regnum
1374 1157 1515 1212 enim
1540 1157 1655 1227 ejus
1676 1166 1819 1223 sunt,
1852 1159 1904 1213 in
1922 1159 2112 1229 quibus

547 1262 686 1302 nunc
730 1255 912 1317 regnat
961 1262 1057 1318 per
1084 1248 1266 1307 fidem.
1297 1249 1467 1303 Aliter
1494 1251 1635 1305 enim
1665 1251 1856 1306 dicitur
1889 1265 2112 1320 regnum

545 1340 743 1394 Christi
783 1341 1075 1395 secundum
1122 1350 1440 1411 potestatem
1494 1343 1783 1401 divinitatis
1810 1387 1824 1410 ,
1880 1347 2020 1417 quod
2062 1348 2114 1404 ei

543 1439 733 1487 cuncta
762 1441 1001 1488 creatura
1044 1433 1281 1503 subjecta
1325 1444 1406 1490 est
1433 1453 1444 1488 :
1474 1443 1527 1491 et
1556 1437 1709 1492 aliter
1739 1452 1959 1507 regnum
1992 1440 2108 1508 ejus

542 1519 737 1577 dicitur
762 1522 1019 1589 Ecclesia,
1042 1525 1332 1580 secundum
1358 1528 1735 1596 proprietatem
1763 1530 1883 1585 fidei
1914 1546 2030 1599 qua:
2060 1531 2112 1586 in

543 1614 639 1671 illo
666 1623 779 1683 est,
811 1616 1107 1671 secundum
1133 1617 1272 1687 quod
1300 1626 1416 1672 orat
1434 1620 1525 1689 qui
1550 1619 1676 1673 dicit
1701 1637 1712 1672 :
1742 1620 1963 1676 Posside
1992 1636 2111 1677 nos.

544 1705 727 1776 Neque
752 1707 891 1763 enim
914 1722 1017 1763 non
1041 1709 1153 1777 ipse
1178 1710 1412 1778 possidet
1432 1710 1630 1776 omnia,
1656 1712 1947 1767 secundum
1969 1712 2111 1781 quod

544 1794 737 1853 dicitur
764 1799 923 1854 etiam
968 1798 1097 1853 illud
1125 1818 1135 1852 :
1167 1799 1300 1854 Cum
1326 1800 1465 1855 servi
1488 1803 1677 1857 cssctis
1700 1804 1925 1873 peccati,
1957 1803 2110 1860 liberi

2215 602 2496 658 talitatem.
2516 605 2706 660 Omnia
2723 605 2864 660 enim
2894 606 3123 677 subjecit
3146 608 3247 664 sub
3264 607 3484 679 pedibus
3505 610 3626 680 ejus
3648 629 3665 665 :
3699 611 3809 669 hoc

2216 701 2328 759 est,
2360 702 2418 749 ut
2445 695 2606 750 etiam
2632 704 2862 752 mortem
2905 695 3167 754 destruat.
3205 700 3341 756 Cum
3375 711 3554 757 autem
3576 701 3804 773 dixerit,

2214 786 2335 854 quia
2362 786 2539 841 omnia
2556 787 2796 856 subjecta
2824 798 2969 857 sunt,
2990 790 3187 845 dixerit
3207 788 3309 846 hoc
3330 791 3509 862 utique
3530 794 3805 865 propheta

2214 873 2269 930 in
2300 877 2527 935 Psalmis
2558 894 2573 934 :
2599 880 2959 949 manifestum,
2990 882 3110 954 quia
3141 893 3473 953 prmtereum
3487 887 3581 957 qui
3609 888 3805 957 subje-

2213 966 2288 1021 cit
2318 966 2396 1022 illi
2421 969 2621 1035 omnia,
2642 969 2857 1027 Patrem
2882 974 2995 1028 vult
3020 973 3433 1045 intelligiomnia
3458 976 3595 1032 ﬁlio
3616 978 3805 1047 subje-

2214 1058 2354 1115 cisse
2382 1078 2395 1115 :
2419 1062 2559 1117 sicut
2588 1063 2771 1120 multis
2800 1066 2932 1122 locis
2959 1065 3103 1122 idem
3130 1068 3386 1125 Dominus
3411 1069 3468 1124 in
3504 1070 3801 1141 Evangelio

2213 1153 2552 1209 commendat
2580 1164 2632 1209 et
2666 1156 2938 1225 praedicat,
2972 1172 3079 1215 non
3105 1160 3279 1217 solum
3317 1171 3535 1232 pr0pter
3564 1163 3799 1224 formam

2214 1242 2377 1311 servi,
2413 1244 2504 1299 sed
2534 1248 2696 1305 etiam
2743 1259 2960 1319 propter
2988 1252 3330 1322 principium,
3366 1253 3431 1310 de
3460 1271 3569 1326 quo
3600 1265 3719 1323 est,
3746 1267 3799 1315 et

2214 1335 2284 1389 de
2313 1349 2417 1402 quo
2440 1338 2660 1405 aequalis
2684 1349 2764 1395 est
2790 1341 2837 1395 ei
2865 1341 2930 1397 de
2950 1358 3055 1413 quo
3072 1351 3173 1399 est.
3196 1345 3352 1400 Amat
3375 1345 3516 1401 enim
3541 1346 3611 1403 ad
3631 1363 3795 1405 unum

2214 1426 2534 1495 principium
2561 1430 2763 1486 referre
2786 1434 2985 1501 omnia,
3015 1442 3264 1507 tanquam
3293 1438 3471 1510 imago
3500 1442 3621 1510 ejus
3652 1458 3668 1496 :
3698 1441 3793 1498 sed

2212 1514 2269 1571 in
2318 1531 2420 1586 quo
2469 1518 2729 1577 inhabitat
2772 1525 2947 1578 omnis
2972 1524 3250 1596 plenitudo
3300 1528 3627 1587 divinitatis.
3654 1533 3789 1588 Cum

2213 1617 2391 1664 autem
2421 1611 2472 1665 ei
2501 1614 2679 1668 omnia
2702 1614 2937 1685 subjecta
2969 1616 3193 1688 fuerint,
3225 1629 3351 1678 tunc
3393 1630 3450 1678 et
3479 1622 3600 1694 ipse
3629 1623 3788 1681 Filius

2213 1702 2483 1772 subjectus
2510 1707 2614 1761 erit
2657 1707 2726 1772 ei,
2758 1709 2847 1778 qui
2877 1709 2956 1765 illi
2996 1710 3225 1781 subjecit
3252 1713 3430 1770 omnia
3463 1732 3477 1767 :
3509 1730 3621 1772 non
3642 1718 3787 1787 quasi

2213 1795 2375 1850 modo
2403 1810 2507 1852 non
2541 1799 2613 1853 ita
2640 1799 2731 1865 sit,
2764 1800 2857 1856 sed
2888 1810 3015 1859 tunc
3061 1804 3403 1861 manifestum
3432 1806 3576 1874 erit,
3603 1820 3788 1865 secun-

542 1889 705 1946 eratis
729 1890 968 1961 justitite.
999 1890 1289 1948 Evacuabit
1326 1908 1453 1964 ergo
1481 1910 1691 1951 onmem
1725 1896 2105 1965 principatum,
2138 1889 2184 1951 B
2211 1884 2337 1941 dum
2358 1887 2681 1946 locmionem
2702 1892 2946 1960 superius
2972 1903 3271 1951 ιτδειαίδω·
3301 1894 3370 1953 υι
3398 1898 3470 1953 Sil
3494 1898 3638 1956 Deus
3674 1916 3783 1956 0m-

541 1988 599 2037 et
626 1995 834 2037 omnem
864 1990 1196 2053 potestatem,
1226 1993 1281 2040 et
1322 1985 1567 2043 virtutem
1590 2031 1603 2055 ,
1635 1996 1691 2043 ut
1722 1990 1853 2045 nulli
1893 1990 2108 2049 Patrem

540 2070 765 2127 intuenti
788 2086 882 2142 per
912 2072 1103 2128 Filium
1132 2088 1265 2144 opus
1307 2076 1378 2131 sit
1408 2085 1499 2133 aut
1520 2078 1686 2134 libeat
1711 2080 1764 2135 in
1794 2082 2106 2152 cujusquam

537 2172 815 2232 creaturae,
848 2167 929 2223 vel
960 2168 1013 2222 in
1044 2182 1139 2225 sua
1167 2172 1549 2242 conquiescere
1574 2183 1858 2245 potestate.
1885 2178 2111 2249 Oportet

537 2256 679 2313 enim
713 2271 836 2314 eum
865 2274 1090 2330 regnare
1116 2260 1288 2319 donec
1316 2273 1477 2334 ponat
1505 2280 1690 2323 omnes
1714 2268 1957 2327 inimicos
1981 2285 2107 2328 suos

535 2349 636 2405 sub
652 2351 877 2420 pedibus
891 2354 1003 2409 suis
1022 2371 1037 2408 :
1056 2354 1109 2411 id
1124 2363 1226 2423 est,
1247 2367 1459 2427 oportet
1475 2374 1693 2431 regnum
1716 2363 1831 2433 ejus
1846 2364 2106 2423 intantum

535 2440 883 2511 manifestari,
901 2443 1071 2502 donec
1084 2448 1482 2508 omnesinimici
1498 2451 1614 2521 ejus
1634 2452 1735 2523 ipsi
1749 2469 1871 2511 eum
1882 2471 2107 2527 regnare

536 2533 821 2592 fateantur.
855 2536 966 2593 Hoc
995 2553 1100 2594 non
1132 2540 1463 2611 intelligitur,
1496 2543 1597 2599 sub
1640 2545 1862 2613 pedibus
1884 2548 2002 2618 ejus
2024 2548 2107 2605 fu-

535 2630 686 2681 turos
710 2626 973 2684 inimicos.
999 2630 1149 2697 Quod
1177 2632 1223 2686 si
1254 2631 1320 2688 de
1343 2632 1499 2703 justis
1544 2638 1943 2707 acceperimus,
1973 2641 2107 2710 ideo

534 2715 732 2772 dictum
756 2728 838 2774 est
864 2719 1130 2788 inimicos,
1155 2722 1277 2792 quia
1316 2738 1383 2779 ex
1410 2725 1621 2794 injustis
1639 2727 2018 2801 justificantur,
2052 2740 2109 2789 et

532 2806 584 2863 ei
613 2807 879 2865 credendo
924 2812 1244 2869 subduntur.
1294 2815 1372 2871 De
1420 2816 1633 2887 injustis
1672 2828 1853 2877 autem
1901 2825 1991 2893 qui
2036 2824 2105 2881 ad

529 2894 795 2967 justorum
832 2901 1213 2961 beatitudinem
1255 2906 1487 2965 futuram
1535 2926 1641 2967 non
1687 2914 1981 2983 pertinent,
2028 2917 2106 2973 sic

532 2990 897 3060 accipiendum
935 3002 1048 3061 est,
1079 2997 1328 3067 quoniam
1356 3010 1409 3055 et
1456 3002 1557 3071 ipsi
1588 3018 1709 3060 eum
1736 3020 1961 3077 regnare
1990 3007 2104 3079 ipsa

532 3081 685 3149 regni
711 3078 828 3150 ejus
851 3084 1278 3145 manifestatione
1323 3091 1531 3149 confusi
1575 3094 1909 3154 fatebuntur.
1957 3078 2103 3172 Ergo

531 3181 743 3244 oportet
765 3192 889 3234 eum
928 3194 1153 3251 regnare
1175 3223 1191 3251 ,
1226 3184 1395 3243 donec
1425 3197 1589 3258 ponat
1634 3206 1823 3251 omnes
1855 3193 2103 3255 inimicos

2212 1981 2301 2037 nia
2326 1980 2381 2036 in
2406 1984 2676 2039 omnibus.
2707 1985 2825 2055 Ipse
2851 1995 2935 2042 est
2962 1986 3083 2043 finis
3112 2004 3267 2060 quem
3285 2004 3445 2061 supra
3471 2005 3784 2050 commemo-

2211 2074 2367 2141 ravit,
2396 2089 2517 2131 cum
2546 2083 2713 2132 totum
2742 2078 2912 2147 primo
2942 2077 3177 2137 breviter
3224 2081 3387 2139 vellet
3426 2082 3777 2151 concludere,

2210 2166 2403 2224 deinde
2433 2170 2582 2238 quasi
2611 2169 2948 2226 membratim
2980 2173 3256 2242 explicare
3285 2183 3338 2230 et
3367 2190 3663 2246 exponere.
3685 2176 3780 2232 Lo-

2211 2259 2472 2329 qucbatur
2524 2260 2669 2315 enim
2722 2260 2789 2317 de
2839 2264 3263 2330 resurrectione,
3306 2264 3400 2322 ubi
3427 2267 3539 2322 ait:
3576 2265 3778 2324 Initium

2207 2351 2487 2424 Christus,
2533 2354 2727 2410 deinde
2780 2355 2818 2411 ii
2868 2357 2957 2426 qui
3011 2367 3136 2414 sunt
3163 2357 3361 2415 Christi
3398 2358 3457 2415 in
3504 2362 3778 2430 prmseltia

2208 2443 2350 2514 ejus,
2383 2444 2578 2501 deinde
2598 2446 2741 2503 finis.
2772 2446 2893 2517 Ipse
2919 2448 3123 2505 scilicet
3145 2449 3264 2505 finis
3285 2459 3400 2519 est,
3430 2459 3491 2508 ut
3524 2454 3602 2509 sit
3647 2454 3778 2508 Deus

2207 2535 2390 2591 omnia
2419 2536 2475 2591 in
2504 2535 2771 2593 omnibus.
2807 2537 2979 2593 Aliter
3006 2539 3148 2595 enim
3180 2540 3373 2597 dicitur
3396 2541 3519 2598 finis
3545 2546 3640 2614 qui
3665 2559 3774 2614 per-

2210 2625 2347 2683 tinet
2367 2628 2432 2681 ad
2459 2629 2993 2698 consummationem,
3022 2630 3177 2687 aliter
3196 2634 3284 2703 qui
3307 2636 3542 2703 pertinet
3569 2634 3639 2690 ad
3660 2650 3777 2691 con-

2207 2720 2595 2791 sumptionem.
2627 2719 2796 2777 Aliter
2819 2723 2963 2778 enim
2993 2724 3171 2778 tunica
3194 2724 3373 2780 finitur
3407 2725 3666 2795 texendo,
3694 2728 3778 2784 ali-

2207 2814 2291 2866 ter
2326 2810 2479 2867 cibus
2504 2810 2853 2868 comedendo.
2884 2811 3028 2868 Deus
3048 2821 3228 2870 autem
3249 2816 3428 2870 omnia
3452 2816 3506 2870 in
3532 2815 3779 2873 omnibus

2205 2903 2422 2972 dicitur,
2438 2913 2496 2959 ut
2516 2916 2675 2961 nemo
2695 2918 2904 2973 eorum,
2926 2906 3016 2976 qui
3039 2907 3088 2962 ei
3109 2906 3403 2973 cohaerent,
3430 2917 3575 2965 amet
3599 2910 3779 2966 adver-

2208 3011 2302 3054 sus
2325 3012 2447 3054 eum
2474 3012 2623 3054 suam
2655 3000 2925 3069 propriam
2945 3000 3269 3056 voluntatem
3296 3019 3311 3055 :
3335 3001 3781 3075 manifestumque

2205 3090 2279 3145 sit
2319 3089 2598 3157 omnibus,
2642 3089 2782 3160 quod
2810 3090 2950 3146 idem
2981 3092 3268 3162 Apostolus
3308 3092 3413 3150 alio
3436 3093 3552 3149 loco
3594 3094 3778 3152 dicit:

2204 3181 2341 3250 Quid
2383 3192 2559 3238 autem
2590 3181 2774 3250 habes,
2821 3180 2963 3252 quod
3003 3197 3111 3239 non
3139 3183 3433 3255 accepisti?
3473 3183 3617 3242 Sunt
3653 3186 3777 3244 item

529 3278 661 3325 suos
674 3268 772 3326 sub
786 3270 1012 3341 pedibus
1041 3276 1152 3331 suis
1173 3294 1185 3329 :
1211 3291 1318 3334 non
1339 3278 1413 3335 ita
1438 3280 1639 3338 dictum
1655 3296 1757 3350 est,
1777 3287 1949 3357 quasi,
1978 3303 2100 3345 cum

2205 3275 2295 3347 qui
2318 3274 2395 3331 sic
2415 3275 2713 3345 intelligant
2734 3274 2875 3331 hunc
2904 3275 3078 3331 locum
3110 3295 3123 3329 :
3153 3276 3377 3347 Oportet
3402 3293 3527 3335 eum
3553 3294 3774 3351 regnare

530 3360 768 3429 posuerit
801 3362 1049 3423 inimicos
1095 3382 1224 3425 suos
1275 3371 1378 3428 sub
1432 3374 1656 3443 pedibus
1699 3380 1843 3447 suis,
1876 3394 1985 3436 non
2034 3382 2105 3438 sit

530 3462 714 3521 postea
741 3464 1059 3526 regnaturus
1084 3474 1099 3513 :
1124 3462 1220 3516 sed
1251 3472 1463 3533 oportet
1488 3480 1608 3521 eum
1640 3483 1887 3540 regnare,
1928 3471 2101 3530 donec

529 3556 691 3615 ponat
708 3564 896 3609 omnes
917 3552 1163 3611 inimicos
1190 3570 1316 3613 suos
1345 3560 1445 3613 sub
1469 3560 1693 3629 pedibus
1718 3564 1854 3620 suis.
1878 3566 2102 3635 Oportet

531 3649 684 3703 eum,
716 3639 918 3710 inquit,
956 3644 1022 3698 ad
1073 3653 1273 3702 tantam
1313 3648 1634 3707 evidentiam
1687 3668 1839 3711 suum
1876 3671 2101 3727 regnum

527 3728 839 3797 perducere,
877 3731 1047 3787 donec
1092 3734 1293 3792 inimici
1322 3738 1441 3809 ejus
1479 3741 1625 3798 nullo
1669 3745 1829 3803 modo
1869 3748 2101 3805 audeant

525 3828 725 3885 negare
751 3820 893 3889 quod
920 3832 1123 3893 regnat.
1158 3825 1451 3897 Interdum,
1474 3832 1666 3903 donec,
1700 3837 1920 3893 verbum
1948 3855 2099 3896 sacra

526 3903 738 3975 eloquia
766 3924 864 3980 pro
893 3912 1271 3983 conjunctione
1311 3929 1561 3990 sumunt,
1592 3927 1787 3995 quaet
1816 3928 1898 3984 vel
1924 3938 1981 3985 ut
2018 3934 2102 3986 in-

525 3999 751 4059 indicari
776 4014 972 4076 potest.
1002 4008 1135 4067 Nam
1156 4014 1449 4083 scriptum:
1482 4016 1663 4074 Donec
1690 4024 1902 4093 peperit
1932 4023 2095 4081 filium

530 4103 712 4163 suum,
766 4096 821 4152 id
850 4105 952 4167 est,
981 4108 1037 4156 et
1067 4104 1273 4173 peperit
1302 4106 1468 4162 filium
1499 4121 1675 4165 suum.
1706 4111 1973 4185 Scriptum
2016 4126 2099 4175 est

524 4188 684 4239 etiam
714 4202 729 4239 :
757 4186 914 4244 Oculi
955 4192 1124 4248 nostri
1168 4194 1236 4249 ad
1265 4194 1548 4255 Dominum
1600 4201 1766 4259 Deum
1816 4216 2093 4277 nostrum,

522 4275 692 4333 donec
712 4281 1031 4340 misereatur
1043 4287 1213 4343 nostri
1247 4304 1261 4343 :
1290 4288 1341 4344 id
1364 4298 1467 4359 est,
1490 4292 1883 4351 utmiscreatur
1904 4275 2094 4354 nostri.

519 4365 633 4424 Nec
661 4370 781 4429 ideo
810 4381 987 4432 tamen
1006 4416 1023 4443 ,
1052 4393 1175 4433 cum
1202 4380 1455 4438 misertus
1490 4386 1661 4440 nostri
1686 4386 1877 4455 fuerit,
1908 4393 2095 4448 oculos

518 4462 587 4517 ab
608 4478 672 4519 eo
697 4467 953 4525 debemus
984 4480 1251 4530 avertere.
1282 4475 1548 4533 Intantum
1579 4488 1662 4536 est
1696 4483 1838 4537 enim
1866 4482 2095 4540 beatitu-

521 4550 593 4606 do
620 4562 823 4625 nostra,
858 4560 1171 4629 inquantum
1211 4566 1327 4635 ejus
1366 4572 1821 4639 contemplatione
1859 4576 2091 4644 perfrui-

2207 3368 2379 3425 donec
2407 3377 2567 3437 ponat
2596 3382 2786 3424 omnes
2811 3368 3057 3426 inimicos
3097 3383 3224 3425 suos
3252 3370 3351 3426 sub
3381 3371 3615 3444 pedibus
3641 3374 3773 3441 suis;

2203 3467 2267 3517 ut
2286 3460 2385 3517 sub
2411 3460 2514 3515 alia
2538 3460 2927 3531 significatione
2954 3462 3187 3532 positum
3210 3462 3297 3518 hic
3320 3461 3505 3520 dicant
3534 3480 3771 3537 regnare,

2204 3565 2312 3607 non
2351 3551 2451 3605 sub
2502 3567 2564 3606 ea
2607 3565 2709 3620 qua
2736 3550 2967 3621 positum
3015 3559 3099 3607 est
3131 3564 3388 3623 regnum,
3419 3553 3632 3625 de_quo
3672 3557 3770 3611 ait:

2203 3644 2335 3701 Cum
2358 3643 2633 3700 tradiderit
2661 3658 2885 3715 regnum
2909 3643 3018 3701 Deo
3045 3652 3100 3701 et
3126 3644 3305 3712 Patri;
3336 3652 3394 3701 ut
3422 3646 3561 3703 illud
3588 3648 3670 3704 sic
3687 3662 3771 3719 ap-

2202 3736 2481 3807 pellaverit
2527 3749 2778 3806 regnum,
2830 3751 2935 3807 quo
2978 3736 3282 3794 universam
3307 3737 3446 3794 Deus
3476 3748 3771 3799 creaturam

2200 3828 2337 3892 regit
2366 3844 2379 3880 :
2412 3826 2516 3883 hoc
2555 3835 2734 3883 autem
2761 3827 2839 3882 sic
2877 3827 3228 3899 appellaverit
3252 3843 3503 3901 regnare,
3536 3839 3601 3887 ut
3629 3832 3772 3889 intel-

2200 3918 2395 3989 ligatur
2422 3928 2675 3990 tanquam
2707 3920 2960 3979 adversus
2987 3922 3198 3980 hostem
3226 3925 3532 3982 exercitum
3560 3926 3770 3995 ducere,

2200 4014 2284 4068 vel
2323 4012 2609 4070 defendere
2651 4014 2955 4081 civitatem;
3004 4023 3065 4071 ut
3111 4016 3230 4073 ideo
3272 4016 3469 4074 dixerit
3504 4036 3519 4072 :
3554 4020 3773 4090 Oportet

2198 4116 2320 4160 eum
2364 4118 2609 4173 regnare,
2638 4104 2809 4161 donec
2837 4115 2999 4176 ponat
3026 4120 3220 4163 omnes
3251 4105 3500 4164 inimicos
3530 4124 3663 4167 suos
3681 4109 3771 4167 sub

2196 4195 2421 4266 pedibus
2449 4198 2561 4251 suis
2587 4237 2600 4259 ,
2632 4197 2751 4266 quia
2781 4197 2899 4252 talis
2925 4199 3113 4269 regni,
3146 4199 3303 4269 quale
3349 4200 3552 4257 habent
3582 4201 3772 4272 primi.

2200 4298 2294 4354 pes
2315 4294 2668 4352 armatorum,
2704 4287 2850 4342 nulla
2879 4287 2980 4343 erit
3003 4302 3205 4356 causa,
3232 4290 3382 4345 hoste
3404 4289 3475 4345 ita
3511 4291 3769 4361 subjecto,

2197 4385 2255 4432 ut
2293 4376 2495 4433 bellare
2549 4392 2651 4433 non
2684 4381 2873 4448 possit.
2927 4379 3063 4434 Nam
3124 4383 3307 4451 utique
3344 4381 3548 4438 dictum
3593 4392 3675 4440 est
3719 4386 3771 4441 in

2197 4472 2487 4543 Evangelio
2515 4491 2527 4526 :
2556 4473 2623 4529 Et
2670 4474 2821 4543 regni
2865 4474 2983 4544 ejus
3014 4488 3120 4529 non
3149 4476 3253 4529 erit
3288 4474 3445 4543 finis,
3477 4477 3771 4533 secundum

2194 4568 2339 4637 quod
2368 4574 2553 4638 regnat
2580 4568 2635 4623 in
2664 4578 2959 4624 mternum:
2992 4568 3285 4626 secundum
3307 4578 3489 4626 autem
3514 4572 3660 4642 quod
3681 4572 3770 4625 ad-

521 4656 662 4698 mur.
686 4644 775 4700 Sic
802 4660 929 4717 ergo
951 4660 1003 4705 et
1032 4653 1133 4708 hoc
1168 4654 1370 4711 dictum
1402 4669 1485 4714 est
1519 4677 1531 4711 :
1561 4661 1845 4717 Oculorum
1882 4673 2092 4721 nostro-
2120 4651 2175 4712 Ι)
2198 4677 2385 4721 versus
2408 4662 2677 4719 diabolum
2717 4664 2817 4721 sub
2846 4679 2911 4721 eo
2945 4664 3219 4735 militatur,
3254 4666 3437 4723 tandiu
3462 4667 3567 4722 erit
3591 4669 3775 4737 utique

520 4747 638 4790 rum
663 4735 892 4793 intentio
916 4740 981 4794 ad
1016 4742 1295 4800 Dominum
1320 4762 1423 4803 non
1452 4752 1762 4821 porrigitur,
1790 4754 1893 4810 nisi
1917 4772 2086 4829 usque

520 4824 589 4879 ad
615 4826 1042 4896 impetrationem
1070 4833 1452 4893 misericordiae
1477 4839 1646 4909 ipsius
1664 4859 1676 4894 :
1694 4857 1799 4899 non
1826 4853 1885 4900 ut
1904 4824 2089 4917 postea

518 4916 644 4977 inde
676 4933 964 4994 avertatur,
992 4926 1088 4983 sed
1123 4938 1182 4983 ut
1231 4928 1365 4986 nihil
1394 4931 1519 4989 inde
1559 4936 1787 5006 amplius
1829 4916 2084 5010 requirat.

517 5010 695 5071 Donec
720 5030 849 5086 ergo
875 5032 976 5088 pro
995 5032 1062 5076 eo
1077 5020 1310 5091 positum
1329 5032 1429 5089 est,
1462 5032 1519 5080 ut
1540 5041 1646 5082 non
1674 5029 1903 5100 amplius
1926 5030 2087 5088 intel—

514 5102 661 5174 ligat.
686 5105 803 5173 Quo
821 5108 961 5163 enim
985 5111 1237 5181 amplius,
1255 5113 1307 5169 id
1335 5123 1438 5182 est,
1463 5129 1630 5186 usque
1646 5118 1709 5174 ad
1733 5134 1893 5190 quam
1920 5122 2088 5193 majo-

513 5210 628 5251 rem
654 5198 1138 5293 manifestationem
1167 5205 1593 5265 manifestabitur
1607 5225 1830 5281 regnum
1849 5213 2050 5272 Christi
2068 5257 2083 5282 ,

512 5286 613 5344 nisi
642 5305 921 5363 quousque
941 5286 1127 5352 omnes
1149 5297 1348 5354 inimici
1380 5315 1501 5356 eum
1534 5317 1758 5373 regnare
1784 5304 2087 5362 fateantur?

513 5376 673 5435 Aliud
691 5389 775 5437 est
790 5396 942 5455 ergo,
961 5398 1066 5440 non
1082 5386 1309 5455 amplius
1325 5389 1673 5458 manifestari,
1690 5392 1835 5447 aliud
1857 5394 2087 5464 amplius

512 5485 619 5526 non
641 5488 975 5543 permanere.
994 5478 1108 5535 Non
1136 5481 1364 5552 amplius
1379 5483 1707 5540 manifestari
1727 5494 1810 5541 est
1839 5501 1945 5543 non
1967 5488 2085 5546 fieri

514 5567 866 5638 manifestius;
891 5586 997 5627 non
1030 5575 1255 5643 amplius
1270 5590 1606 5644 permanere,
1638 5592 1743 5633 non
1777 5579 1889 5634 fieri
1906 5596 2087 5651 perse-

514 5661 809 5716 vcrantius.
825 5664 1049 5732 Quando
1059 5675 1235 5724 autem
1250 5668 1580 5725 manifestius
1592 5670 1919 5741 eritregnum
1935 5674 2088 5732 Chri-

512 5748 580 5803 sti
616 5765 774 5821 quam
804 5769 927 5810 cum
956 5760 1203 5816 omnibus
1228 5761 1478 5818 claruerit
1502 5762 1762 5820 inimicisl
1790 5765 2089 5828 Novissime

513 5840 731 5903 inimica
767 5850 1068 5911 destruetur
1110 5870 1256 5913 mors
1291 5872 1438 5916 :non
1482 5860 1623 5917 enim
1652 5862 1756 5919 erit
1782 5863 1924 5922 aliud
1944 5867 2085 5938 quod

2196 4765 2298 4813 ista
2324 4754 2547 4823 militia,
2578 4755 2751 4813 donec
2795 4766 2962 4826 ponat
3012 4771 3199 4814 omnes
3228 4758 3472 4814 inimicos
3501 4772 3633 4815 suos
3673 4760 3773 4813 sub

2197 4847 2420 4919 pedibus
2462 4848 2611 4903 suis:
2644 4857 2828 4918 postea
2858 4862 2987 4905 vero
3024 4864 3130 4906 non
3158 4850 3280 4920 erit,
3326 4865 3447 4908 cum
3488 4864 3625 4921 pace
3652 4863 3773 4920 per-

2200 4948 2356 5011 petua
2384 4939 2741 5010 perfruemur.
2774 4941 2902 4997 Haec
2922 4950 3102 4999 autem
3130 4942 3204 4998 ita
3229 4943 3369 4999 dicta
3391 4951 3549 5012 sunt,
3580 4952 3642 4998 ut
3674 4957 3773 4999 no-

2195 5030 2431 5089 verimus
2466 5033 2770 5104 diligentius
2799 5033 2960 5090 etiam
2980 5033 3111 5089 illud
3138 5034 3470 5092 considerari
3496 5042 3768 5106 oportere,

2196 5126 2490 5184 secundum
2515 5127 2644 5197 quid
2680 5136 2870 5199 regnet
2892 5142 3034 5183 nunc
3060 5128 3318 5185 Dominus
3344 5146 3361 5184 :
3388 5128 3442 5185 id
3468 5138 3553 5185 est
3579 5142 3772 5185 secun-

2190 5217 2317 5274 dum
2345 5218 2801 5289 dispensationem
2822 5218 3146 5274 sacramenti
3188 5218 3271 5274 sui
3313 5232 3411 5290 per
3445 5218 3771 5275 incarnatio-

2191 5326 2314 5368 nem
2332 5321 2488 5383 atque
2509 5315 2832 5383 passionem.
2847 5312 2980 5369 Nam
2992 5312 3284 5370 secundum
3303 5312 3358 5369 id
3375 5313 3522 5384 quod
3532 5311 3769 5369 Verbum

2192 5404 2289 5461 Dei
2312 5412 2415 5473 est,
2443 5413 2551 5461 tam
2594 5406 2712 5462 sine
2743 5406 2879 5475 fine,
2906 5420 3067 5477 quam
3102 5405 3220 5463 sine
3247 5404 3429 5476 initio,
3461 5420 3625 5476 quam
3652 5405 3768 5462 sine

2192 5497 2589 5554 intermissione
2616 5506 2699 5554 est
2729 5512 2953 5569 regnum
2994 5497 3131 5569 ejus.
3175 5497 3481 5555 Secundum
3509 5497 3564 5554 id
3588 5508 3767 5554 autem

2194 5590 2337 5661 quod
2369 5588 2604 5645 Verbum
2634 5605 2762 5648 caro
2787 5591 2987 5648 factum
3008 5599 3110 5660 est,
3136 5592 3300 5661 coepit
3324 5605 3552 5663 regnare
3575 5591 3632 5648 in
3651 5604 3766 5646 cre-

2192 5680 2441 5738 dentibus
2458 5696 2553 5751 per
2578 5680 2740 5737 fidem
2761 5681 3145 5739 incarnationis
3165 5696 3298 5738 suae.
3318 5680 3472 5739 Unde
3491 5688 3579 5739 est
3606 5681 3762 5739 etiam

2188 5772 2339 5843 illud,
2369 5773 2632 5831 Dominus
2658 5776 2902 5848 regnavit
2927 5790 2960 5832 a
2986 5774 3153 5845 ligno.
3176 5774 3313 5831 Hinc
3332 5784 3512 5833 autem
3538 5787 3761 5833 evacua-

2188 5868 2267 5927 vit
2296 5883 2510 5928 omnem
2551 5869 2930 5941 principatum,
2969 5876 3026 5927 et
3069 5882 3284 5928 omnem
3321 5875 3667 5941 potestatem,
3707 5872 3761 5925 et
