3982 6352
263 392 363 450 ΜΩ

1041 391 1109 449 ΙΝ
1147 394 1529 454 EPISTOLAM
1569 393 1590 453 1
1628 394 1719 452 AD
1757 393 2168 457 εοιιΝτιηοδ
2205 397 2726 461 COMMENTARIA.

3433 415 3540 475 850

267 518 545 580 virtutem,
574 511 702 566 dum
730 523 838 566 non
860 522 955 580 per
991 509 1286 566 claritatem
1315 511 1453 580 ejus,
1485 509 1580 566 scd
1617 524 1709 579 per
1743 508 1846 564 hu-
1881 509 1932 570 Λ
1957 518 2212 581 tanquam
2244 514 2298 569 in
2346 515 2549 580 multis,
2581 516 2677 571 sed
2699 523 2950 586 tanquam
2977 517 3034 574 in
3063 532 3196 589 uno,
3239 530 3295 580 et
3342 523 3534 584 semini

264 608 549 664 militatem
603 605 752 659 servi
805 606 939 658 ﬁunt
977 602 1259 660 credentes
1313 605 1365 659 in
1417 618 1562 661 eum.
1605 604 1719 661 Hoc
1764 614 1848 660 est

263 696 639 755 absconditum
666 711 697 752 a
723 695 1054 767 sapientibus
1089 705 1145 752 ct
1194 697 1572 767 prudentibus,
1606 705 1661 752 et
1689 712 1846 754 reve-

263 794 432 848 latum
463 791 722 861 parvulis,
750 790 998 859 quoniam
1047 789 1243 858 placuit
1286 789 1398 846 Deo
1444 805 1540 859 per
1566 791 1845 846 stultitiam

262 884 665 956 praedicationis
694 883 878 940 salvos
905 883 1085 940 facere
1127 883 1411 940 credentes
1444 901 1456 938 :
1491 897 1665 954 neque
1693 884 1847 954 quid-

259 992 422 1049 quam
451 978 592 1034 inter
631 976 883 1047 parvulos
926 977 1065 1032 scire
1100 989 1160 1031 se
1214 974 1343 1032 dicit
1389 977 1712 1045 Apostolus,
1742 976 1844 1034 nisi

265 1069 546 1126 Christum
585 1070 789 1137 Jesum,
823 1079 878 1126 et
901 1069 1043 1125 hunc
1086 1069 1420 1126 cruciﬁxum.
1449 1069 1564 1136 Qua
1590 1070 1845 1139 praedica-

261 1163 412 1221 tione
439 1163 624 1220 tandiu
646 1177 782 1234 opus
799 1171 909 1230 est,
939 1162 1112 1220 donec
1131 1171 1398 1233 ponantur
1422 1177 1610 1218 omnes
1639 1162 1844 1219 inimici

258 1261 363 1316 sub
387 1259 611 1328 pedibus
649 1257 766 1329 ejus
799 1256 892 1313 :id
919 1266 1036 1325 est,
1070 1257 1172 1327 ipsi
1202 1255 1490 1312 humilitati
1521 1255 1657 1326 ejus,
1683 1270 1842 1326 quam

260 1355 471 1426 pedumj
512 1354 732 1412 nomine
783 1353 1072 1425 signiﬁcari
1121 1352 1399 1420 arbitror,
1472 1351 1629 1407 cedat
1682 1359 1843 1420 atque

261 1449 526 1506 subdatur
543 1449 718 1506 omnis
748 1447 1001 1518 superbia
1032 1447 1324 1514 saecularis,
1354 1446 1492 1500 sicut
1522 1459 1588 1501 ex
1612 1444 1840 1499 maxima

258 1543 537 1613 parteiam
563 1542 783 1602 factum.
813 1548 867 1595 et
893 1537 1132 1609 quotidie
1154 1537 1270 1594 ﬁeri
1295 1536 1559 1594 videmus.
1593 1536 1836 1606 Sediquo

259 1634 368 1689 ﬁne
397 1634 500 1690 ista
530 1633 697 1688 ﬁunt?
724 1639 784 1687 ut
814 1631 1055 1687 tradatur
1083 1645 1309 1701 regnum
1337 1632 1447 1688 Deo
1486 1639 1541 1686 ει
1564 1630 1708 1687 Patri
1739 1649 1753 1684 :
1787 1631 1842 1687 id

257 1735 376 1793 est,
408 1733 468 1780 ut.
514 1729 750 1780 nutritos
775 1723 880 1778 ﬁde
922 1723 1307 1779 incarnationis
1341 1737 1450 1778 sum
1483 1723 1739 1793 perducat
1761 1723 1839 1793 {ad

255 1818 517 1890 speciem,
550 1831 652 1888 qua
679 1815 899 1886 aequalis
919 1823 1005 1870 est
1053 1814 1199 1870 Patri
1231 1831 1246 1868 :
1275 1814 1385 1884 jam
1417 1815 1515 1882 eis,
1549 1813 1640 1884 qui
1661 1815 1838 1871 credi-

1957 611 2070 669 tuo,
2123 605 2269 674 quod
2323 615 2409 662 est
2454 607 2736 676 Christus,
2770 623 2838 664 ne
2867 609 3041 679 ipsum
3080 617 3256 670 solum
3287 614 3388 672 hoc
3415 617 3536 675 loco

1949 691 2377 762 intelligeremus
2423 696 2718 765 Christum,
2751 700 2842 769 qui
2886 700 2954 757 de
2994 702 3161 760 Maria
3199 705 3402 776 virgine
3436 725 3534 764 na-

1949 792 2033 839 tus
2057 794 2173 852 est,
2206 797 2392 856 postea
2421 788 2550 845 dicit
2584 807 2595 843 :
2625 791 2825 846 Omnes
2861 793 3006 848 enim
3051 811 3147 851 vos
3193 811 3354 853 unum
3399 801 3529 854 estis

1949 876 2004 933 in
2033 877 2248 936 Christo
2275 879 2424 938 Jesu.
2453 882 2511 937 Si
2545 894 2724 939 autem
2757 898 2855 940 vos
2885 886 3106 956 Christi,
3139 903 3267 959 ergo
3297 890 3528 946 Abrahae

1945 985 2133 1030 semen
2175 974 2329 1030 estis.
2383 975 2464 1030 Ad
2510 973 2841 1042 Corinthios,
2886 993 3007 1034 cum
3050 979 3118 1036 de
3147 980 3413 1037 charitate
3441 982 3527 1036 di-

1946 1074 2094 1122 ceret
2131 1065 2199 1121 de
2241 1066 2502 1122 membris
2548 1069 2792 1137 corporis
2836 1069 3245 1129 similitudinem
3276 1073 3522 1130 ducens:

1946 1158 2098 1215 Sicut
2137 1161 2283 1217 enim
2331 1174 2531 1230 corpus
2578 1177 2740 1218 unum
2771 1173 2873 1229 est,
2928 1165 3139 1235 inquit,
3191 1175 3244 1223 et
3288 1168 3524 1224 membra

1947 1251 2107 1309 habet
2137 1256 2324 1322 multa,
2373 1256 2552 1312 omnia
2594 1264 2771 1312 autem
2824 1259 3065 1314 membra
3114 1261 3355 1330 corporis
3399 1277 3523 1317 cum

1943 1344 2055 1401 sint
2101 1347 2289 1414 multa,
2338 1362 2502 1402 unum
2551 1357 2634 1404 est
2677 1363 2902 1419 corpus,
2934 1350 3005 1405 ita
3035 1359 3087 1406 et
3115 1352 3391 1420 Christus;
3418 1369 3525 1410 non

1943 1439 2102 1507 dixit,
2135 1440 2207 1496 ita
2247 1449 2301 1497 et
2323 1440 2544 1507 Christi,
2591 1442 2687 1498 sed
2729 1444 2803 1498 ita
2843 1451 2897 1498 et
2930 1443 3204 1511 Christus,
3235 1447 3523 1504 ostendens

1941 1530 2214 1589 Christum
2244 1543 2392 1590 recte
2423 1535 2685 1606 appellari
2723 1536 2890 1592 etiam
2917 1536 3253 1604 universum,
3289 1540 3390 1593 hoc
3419 1547 3521 1607 est,

1941 1634 2104 1694 caput
2132 1641 2253 1682 cum
2283 1642 2510 1698 corpore
2533 1643 2649 1694 suo,
2681 1631 2822 1699 quod
2847 1641 2930 1687 est
2953 1630 3219 1688 Ecclesia.
3245 1633 3312 1689 Et
3337 1633 3524 1688 multis

1943 1716 2346 1786 Scripturarum
2393 1719 2525 1775 locis
2569 1721 2872 1776 invenimus
2902 1721 3173 1779 Christum
3217 1724 3381 1778 etiam
3422 1722 3526 1778 hoc

1941 1807 2104 1862 modo
2133 1809 2390 1878 appellari
2420 1850 2434 1877 ,
2469 1820 2526 1866 ut
2566 1825 2689 1866 cum
2733 1814 2983 1870 omnibus
3014 1815 3125 1870 suis
3155 1816 3410 1872 membris
3440 1815 3524 1870 in-

254 1910 448 1964 dcrant
468 1950 483 1975 ,
518 1907 856 1979 loquebatur,
887 1921 1009 1963 cum
1040 1906 1281 1963 diceret:
1322 1906 1380 1962 Si
1425 1907 1735 1963 manseritis
1780 1907 1836 1963 in
1865 1893 1915 1955 B
1943 1897 2212 1968 telligatur
2240 1900 2435 1969 quibus
2455 1900 2802 1972 dictum-est:
2825 1902 2934 1960 Vos
2955 1906 3086 1961 estis
3102 1921 3299 1976 corpus
3322 1907 3522 1963 Christi

254 2003 422 2056 verbo
452 2016 593 2069 meo,
627 2015 753 2057 vero
800 2000 1045 2071 discipuli
1084 2000 1192 2056 mei
1225 2000 1392 2067 estis,
1421 2009 1476 2055 et
1502 2000 1837 2070 cognoscetis

255 2093 569 2163 veritatem,
621 2102 676 2150 et
701 2093 902 2150 veritas
947 2092 1194 2150 liberabit
1240 2107 1354 2149 vos.
1407 2091 1649 2164 Regnum
1691 2092 1835 2148 enim

256 2186 422 2241 tradit
450 2186 632 2256 Patri,
679 2201 799 2243 cum
831 2201 926 2257 per
968 2186 1023 2242 id
1070 2185 1312 2257 regnabit
1359 2186 1415 2241 in
1442 2186 1834 2256 [contemplan-

256 2275 400 2330 tibus
428 2277 739 2343 veritatem,
783 2293 887 2347 qua
936 2276 1158 2347 aequalis
1189 2285 1272 2333 est
1322 2276 1465 2332 Patri
1497 2293 1509 2330 :
1539 2285 1594 2334 et
1637 2293 1732 2348 per
1776 2291 1835 2334 se

252 2369 581 2438 unigenitum
615 2383 706 2439 per
737 2369 972 2439 speciem
1000 2369 1159 2425 faciet
1200 2369 1371 2425 videri
1412 2370 1645 2425 Patrem.
1682 2369 1833 2426 Nunc

252 2463 399 2516 enim
457 2476 553 2531 per
607 2461 708 2518 hoc
760 2471 948 2532 regnat
1004 2463 1057 2517 in
1115 2464 1496 2530 credentibus,
1555 2465 1694 2533 quod
1742 2479 1830 2519 sc-

249 2553 540 2623 metipsnrn
567 2554 886 2622 exinanivit,
915 2554 1137 2611 formam
1178 2555 1320 2612 servi
1362 2557 1650 2627 accipiens.
1682 2557 1831 2613 Tunc

249 2656 429 2703 autem
458 2647 632 2703 tradet
680 2663 899 2719 regnum
949 2650 1155 2722 Deoet
1205 2650 1381 2716 Patri,
1433 2666 1553 2707 cum
1599 2666 1828 2708 evacua-

247 2741 393 2796 verit
420 2755 633 2797 omnem
666 2742 1056 2812 principatum,
1109 2752 1166 2799 et
1218 2753 1569 2814 potestatem,
1626 2751 1681 2801 et
1729 2746 1832 2801 vir-

245 2841 437 2888 tutem.
466 2832 619 2888 Unde
645 2834 940 2900 evacuabit,
969 2835 1073 2890 nisi
1104 2834 1437 2904 humilitate,
1471 2845 1524 2892 et
1545 2837 1828 2908 patientia,

244 2933 303 2982 et
332 2926 681 2982 inﬁrmitate?
717 2928 849 2994 Quis
896 2927 1039 2983 enim
1077 2928 1409 2999 principatus
1439 2943 1544 2985 non
1593 2944 1830 2986 evacue-

245 3026 359 3084 tur,
385 3034 508 3074 cum
539 3019 704 3077 Filius
734 3019 827 3074 Dei
852 3027 1134 3090 propterea
1164 3030 1353 3092 regnat
1377 3024 1430 3078 in
1461 3021 1826 3087 credentibus,

243 3111 376 3182 quia
407 3128 528 3168 cum
560 3114 832 3183 principes
857 3114 1036 3170 szeculi
1064 3113 1564 3183 judicarunt'iQuae
1595 3123 1830 3184 poteSIas

240 3223 354 3264 non
384 3215 691 3277 evacuatur,
713 3222 834 3262 cum
857 3207 993 3277 ipse,
1014 3222 1111 3277 per
1131 3222 1289 3278 quem
1311 3207 1449 3263 facta
1470 3215 1595 3264 sunt
1625 3209 1824 3272 omnia,

239 3307 530 3369 propterea
547 3307 733 3368 regnat
753 3299 806 3353 in
827 3298 1194 3366 credentibus,
1207 3299 1332 3370 quia
1353 3299 1424 3355 ita
1441 3299 1711 3370 subjectus
1728 3298 1826 3355 fuit

237 3391 597 3461 potestatibus
616 3430 633 3460 ,
665 3400 723 3445 ut
752 3390 954 3447 diceret
981 3392 1184 3447 homini
1215 3391 1370 3448 :Non
1400 3393 1626 3451 haberes
1656 3395 1708 3450 in
1739 3408 1828 3450 me

239 3491 584 3555 potestatem,
617 3481 722 3538 nisi
748 3482 872 3538 data
903 3483 998 3540 tibi
1029 3492 1174 3540 esset
1202 3483 1474 3554 desuper?
1501 3487 1631 3552 Quae
1655 3487 1825 3544 virtus

241 3593 353 3633 non
376 3582 683 3643 evacuatur,
703 3588 822 3632 cum
847 3575 982 3646 ipse,
1009 3589 1104 3644 per
1123 3591 1281 3647 quem
1303 3577 1426 3634 coeli
1445 3577 1656 3634 solidati
1675 3589 1824 3652 sunt,

235 3668 368 3726 ideo
408 3678 596 3738 regnat
638 3668 694 3723 in
724 3668 1100 3738 credentibus,
1146 3669 1274 3740 quia
1303 3684 1470 3742 usque
1503 3672 1569 3727 ad
1606 3686 1823 3728 crucem

239 3771 582 3832 mortemque
625 3761 925 3818 inﬁrmatus
967 3761 1084 3818 est?
1114 3761 1229 3818 Hoc
1253 3771 1431 3820 autem
1461 3767 1620 3821 modo
1655 3764 1825 3822 Filius

236 3854 462 3926 proprie
487 3856 542 3910 in
572 3854 676 3910 iide
702 3855 1058 3911 credentium.
1089 3852 1208 3911 Non
1231 3856 1375 3911 enim
1407 3857 1568 3913 Pater
1596 3858 1701 3914 dici
1732 3867 1823 3914 aut

237 3945 389 4002 credi
419 3955 615 4016 potest,
640 3947 726 4002 vel
748 3947 1076 4013 incarnatus,
1106 3946 1190 4003 vel
1207 3947 1478 4017 judicatus
1496 3949 1820 4005 cruciﬁxus:

237 4053 338 4109 per
363 4038 596 4108 speciem
626 4049 806 4095 autem
829 4053 934 4110 qua
962 4040 1181 4110 aequalis
1212 4048 1294 4096 est
1323 4039 1492 4110 Patri,
1518 4056 1643 4096 cum
1666 4040 1822 4096 Patre

237 4140 429 4202 regnat
456 4133 510 4188 in
539 4133 1026 4203 contemplantibus
1080 4135 1381 4189 veritatem.
1439 4133 1591 4200 Quod
1638 4142 1817 4188 autem

237 4224 417 4280 tradet
438 4240 660 4296 regnum
691 4226 801 4282 Deo
825 4234 880 4281 et
906 4227 1069 4292 Patri,
1103 4242 1133 4280 a
1160 4226 1266 4280 ﬁde
1295 4226 1680 4281 incarnationis
1709 4240 1822 4280 suae

237 4320 306 4371 ad
329 4319 559 4386 speciem
591 4319 806 4373 deitatis
829 4317 1129 4386 perducens
1158 4333 1251 4372 eos
1280 4319 1373 4387 qui
1399 4318 1502 4371 sibi
1527 4331 1668 4371 nunc
1700 4332 1822 4371 cre-

233 4412 391 4475 dunt,
440 4425 546 4465 non
587 4411 702 4478 ipse
732 4410 979 4474 amittet,
1027 4408 1122 4464 sed
1173 4416 1399 4477 uterque
1452 4422 1511 4462 se
1561 4423 1723 4462 unum
1754 4407 1821 4462 ad

234 4501 520 4556 fruendum
570 4498 1056 4568 contemplantibus
1108 4498 1334 4568 praebet.
1383 4498 1593 4554 Tandiu
1639 4507 1820 4554 autem

236 4608 374 4662 opus
395 4602 496 4659 est,
517 4604 576 4650 ut
601 4593 657 4649 in
684 4592 1012 4660 hominibus,
1041 4591 1279 4648 nondum
1308 4591 1612 4649 valentibus
1642 4607 1818 4664 aequa-

234 4685 442 4743 litatem
471 4686 640 4742 Patris
661 4693 715 4743 et
736 4685 857 4741 Filii
885 4688 1163 4756 perspicua
1186 4688 1381 4742 mentis
1404 4686 1524 4741 luce
1545 4687 1813 4755 contueri,

235 4793 332 4851 per
358 4778 459 4836 hoc
488 4777 672 4850 rcghet
699 4777 975 4844 Christus,
1005 4779 1147 4849 quod
1178 4779 1315 4835 tales
1343 4793 1537 4848 capere
1564 4787 1812 4849 possunt,

230 4880 288 4929 et
329 4870 471 4942 quod
514 4869 732 4942 proprie
767 4870 882 4939 ipse
910 4871 1181 4940 suscepit,
1230 4870 1283 4925 id
1316 4877 1400 4927 est
1429 4869 1814 4926 incarnationis

231 4965 609 5035 humilitatem,
643 4963 816 5021 donec
843 4971 1008 5034 ponat
1036 4963 1281 5021 inimicos
1310 4979 1497 5021 omnes
1523 4965 1622 5022 sub
1663 4965 1814 5036 pedi-

231 5059 332 5117 bus
361 5059 503 5129 suis,
553 5056 607 5115 id
649 5065 751 5125 est,
800 5055 973 5111 donec
1022 5056 1197 5111 omnis
1249 5057 1499 5126 superbia
1529 5057 1814 5114 saecularis

233 5151 617 5209 incarnationis
646 5149 762 5220 ejus
811 5147 1097 5205 humilitati
1135 5148 1418 5207 subdatur.
1476 5150 1618 5206 Sane
1665 5151 1811 5221 quod

231 5245 432 5302 dictum
459 5249 580 5301 est:
609 5242 760 5300 Tunc
789 5250 844 5299 et
868 5243 984 5312 ipse
1008 5243 1176 5300 Filius
1203 5241 1478 5313 subjectus
1508 5244 1611 5300 erit
1639 5243 1690 5300 ei
1717 5244 1809 5314 qui

148 5385 164 5402 ρ.
232 5339 308 5396 illi
341 5337 569 5409 subjecit
593 5337 792 5407 omnia,
825 5338 1070 5409 quamvis
1090 5337 1387 5393 secundum
1411 5338 1809 5409 susceptionem

141 5483 150 5493 ,
229 5430 463 5488 hominis
491 5430 720 5500 dicatur,
763 5430 888 5502 quia
935 5429 1062 5488 inde
1091 5431 1314 5503 quaestio
1361 5438 1483 5486 nata
1531 5438 1652 5498 est,
1684 5445 1808 5486 cum

228 5531 410 5594 ageret
455 5523 524 5579 de
570 5525 966 5580 resurrectione
1014 5532 1381 5589 mortuorum,
1429 5532 1610 5579 tamen
1659 5533 1808 5579 recte

228 5615 486 5685 qumritur
513 5622 690 5672 utrum
719 5615 1015 5672 secundum
1045 5617 1221 5688 ipsum
1253 5624 1456 5671 tantum
1485 5615 1554 5670 sit
1580 5614 1805 5680 dictum,

228 5707 370 5778 quod
398 5713 482 5764 est
509 5715 670 5778 caput
717 5708 1000 5776 Ecclesiae,
1048 5724 1117 5764 an
1164 5709 1462 5766 secundum
1493 5707 1806 5763 universum

229 5801 538 5871 Christum,
587 5811 934 5860 annumerato
980 5818 1209 5875 corpore
1258 5803 1393 5874 ejus,
1429 5811 1484 5859 et
1528 5802 1803 5858 membris.

231 5898 365 5959 Cum
392 5899 534 5960 enim
563 5898 639 5984 ait
663 5898 730 5958 ad
758 5896 970 5957 Galatas
1003 5914 1016 5956 :
1046 5898 1163 5957 Non
1208 5897 1366 5968 dicit,
1407 5905 1463 5957 et
1513 5895 1810 5956 seminibus

1841 4640 1898 4703 D

1940 1999 1996 2048 et
2044 1994 2306 2049 membra.
2363 1994 2480 2050 Non
2508 2010 2665 2066 -_ergo
2720 1997 2955 2055 absurde
3005 2001 3084 2055 sic
3124 2001 3516 2071 intelligimus:

1939 2084 2092 2141 Tune
2134 2095 2188 2142 et
2234 2087 2350 2157 ipse
2379 2088 2520 2144 ﬁlius
2549 2090 2822 2160 subjectus
2854 2093 2958 2148 erit
2981 2093 3030 2146 ei
3062 2093 3150 2162 qui
3178 2094 3257 2148 illi
3287 2094 3517 2163 subjecit

1936 2181 2151 2246 omnia;
2199 2191 2258 2236 ut
2304 2182 2500 2238 Filium
2548 2199 2657 2240 non
2702 2186 2875 2241 solum
2907 2195 3068 2256 caput
3099 2187 3378 2255 Ecclesiae,
3422 2189 3518 2243 sed

1936 2286 2126 2328 omnes
2159 2286 2279 2327 cum
2311 2288 2378 2329 eo
2405 2283 2620 2331 sanctos
2653 2276 3041 2348 intelligamus,
3076 2279 3165 2347 qui
3195 2288 3319 2335 sunt
3349 2295 3510 2335 unum

1933 2365 1992 2423 in
2019 2365 2253 2433 Christo,
2285 2382 2452 2423 unum
2480 2382 2665 2425 semen
2694 2369 2946 2426 Abrahae.
2981 2370 3292 2442 Subjectum
3332 2383 3514 2429 autem

1934 2459 2228 2514 secundum
2254 2461 2762 2530 contemplationem
2794 2461 3135 2533 sempiterna:
3157 2464 3419 2531 veritatis,
3449 2466 3516 2520 ad

1932 2555 2278 2611 obtinendam
2311 2555 2721 2622 beatitudinem,
2756 2557 2904 2612 nullo
2945 2567 3093 2614 motu
3134 2558 3322 2624 animi,
3371 2559 3513 2612 nulla

1932 2658 2087 2718 parte
2105 2649 2349 2718 corporis
2374 2650 2683 2719 resistente,
2700 2649 2752 2704 vi
2783 2650 2835 2704 in
2854 2649 2945 2705 illa
2961 2651 3066 2704 vita
3095 2650 3308 2705 nemine
3332 2663 3518 2705 aman-

1932 2750 1987 2799 te
2012 2743 2284 2812 propriam
2308 2751 2650 2813 potestatem,
2685 2743 2779 2800 sed
2801 2744 2940 2799 Deus
2967 2744 3148 2799 omnia
3167 2743 3222 2797 in
3244 2743 3513 2799 omnibus.

2004 2836 2566 2906 Αιίοᾳιιὶηηϐαςιετυω.
2585 2836 2724 2904 Quid
2741 2837 2930 2907 facient
2950 2837 3037 2907 qui
3069 2836 3392 2907 baptizantur
3419 2851 3514 2903 pro

1931 2928 2187 2983 mortuis?
2217 2929 2279 2983 Si
2303 2929 2510 2983 omnino
2537 2928 2722 2982 νηστειιὶ
2765 2944 2870 2983 ηοη
2915 2937 3222 3001 resurgunt,
3255 2926 3439 2998 utquid
3469 2936 3516 2982 et

1931 3021 2253 3092 baptizantur
2284 3036 2376 3090 pro
2407 3022 2552 3075 illis?
2580 3021 2892 3090 Quicunque
2927 3021 3180 3090 baptizati
3227 3035 3415 3075 sumus
3457 3020 3513 3074 in

1929 3112 2147 3169 Christo
2173 3113 2324 3180 Jesu,
2349 3115 2404 3168 in
2429 3124 2603 3169 morte
2625 3115 2791 3183 ipsius
2813 3114 3060 3182 baptizati
3085 3127 3289 3170 sumus.
3313 3112 3511 3168 Omnes

1932 3205 2076 3260 enim
2127 3205 2216 3274 qui
2267 3204 2623 3274 baptizamur,
2676 3204 2756 3259 sic
2796 3203 3132 3272 baptizamur
3160 3211 3219 3257 ut
3253 3201 3366 3272 jam
3414 3215 3513 3271 pro

1931 3296 2155 3352 mortuis
2179 3297 2365 3352 simus.
2394 3295 2531 3363 Quid
2576 3308 2704 3364 ergo
2746 3293 2963 3362 prodest
3009 3309 3107 3350 nos
3150 3293 3271 3349 huic
3308 3293 3507 3350 mundo

1931 3388 2101 3456 mori,
2149 3389 2196 3445 si
2238 3388 2382 3444 hunc
2431 3388 2672 3443 laborem
2703 3387 2811 3443 vita
2848 3402 2955 3442 non
3002 3386 3244 3458 sequitur
3273 3387 3512 3443 aeterna?

1935 3480 2125 3552 thitid
2153 3492 2201 3536 et
2247 3497 2338 3535 nos
2385 3481 2733 3552 periclitamur
2762 3479 2903 3534 omni
2929 3478 3100 3533 hora?
3125 3477 3363 3544 Quotidie
3391 3493 3506 3532 rno-

1930 3575 2037 3628 rior
2057 3583 2262 3645 prapter
2291 3582 2508 3628 vestram
2543 3575 2782 3645 gloriam,
2811 3574 3015 3644 fratres.
3049 3571 3107 3627 Si
3134 3569 3266 3627 nihil
3285 3581 3426 3628 esset
3450 3570 3508 3626 in

1928 3668 2128 3737 futuro,
2159 3683 2267 3726 non
2295 3683 2508 3725 eramus
2540 3679 2645 3724 tam
2668 3668 2815 3724 stulti
2845 3675 2903 3723 ut
2931 3667 3058 3722 talia
3086 3681 3184 3738 pro
3211 3666 3329 3723 aliis
3354 3673 3507 3735 pate-

1927 3776 2130 3819 remur.
2177 3762 2343 3828 Quam
2387 3762 2547 3819 habeo
2575 3765 2628 3817 in
2655 3762 2855 3817 Christo
2890 3760 3014 3816 Iesu
3056 3759 3281 3816 Domino
3310 3769 3504 3816 nostro.

1926 3855 2040 3925 Ego
2069 3855 2242 3912 habeo
2270 3855 2574 3911 mercedem
2611 3855 2843 3922 laboris,
2876 3854 3089 3912 etiamsi
3114 3867 3210 3909 vos
3244 3853 3505 3922 prolicere

1925 3961 2034 4002 non
2064 3946 2261 4003 velitis.
2292 3946 2356 4002 Si
2381 3947 2657 4001 secundum
2689 3946 2945 4001 hominem
2974 3946 3041 3999 ad
3073 3944 3257 3999 bestias
3282 3943 3505 4015 pugnavi

1925 4037 2139 4110 Ephesi,
2164 4038 2290 4108 quid
2317 4040 2443 4093 mihi
2467 4040 2668 4109 prodest
2694 4041 2738 4094 si
2768 4039 2956 4094 mortui
2986 4053 3089 4092 non
3115 4039 3422 4109 resurgunt?
3445 4032 3510 4093 Si

1923 4131 2055 4186 nihil
2109 4132 2340 4201 speratis
2393 4145 2479 4186 me
2534 4131 2981 4187 remunerationis
3031 4131 3336 4200 acciperea
3367 4129 3503 4198 Dee,

1925 4237 2055 4293 ergo
2077 4224 2244 4292 gratis
2275 4223 2528 4293 pugnavi,
2574 4221 2715 4277 forte
2763 4231 2823 4276 ut
2870 4221 3177 4276 hominibus
3206 4220 3503 4288 placerem.

1925 4318 1995 4372 Et
2028 4317 2182 4370 aliter
2208 4330 2303 4383 per
2331 4316 2641 4385 allegoriam
2680 4315 2870 4370 bestim
2901 4314 3270 4382 intelliguntur
3311 4313 3502 4366 adver-

1925 4407 2080 4462 sariae
2109 4412 2425 4474 potestates.
2451 4405 2602 4459 Sicut
2627 4404 2680 4458 in
2707 4401 2918 4457 Psalmo
2950 4419 2963 4454 :
2998 4400 3075 4456 Ne
3108 4401 3285 4454 tradas
3314 4401 3502 4459 bestiis

1924 4497 2270 4554 conﬁtentem
2301 4496 2417 4552 tibi.
2443 4497 2508 4552 Et
2534 4495 2698 4550 multa
2727 4493 2978 4550 dicuntur
2997 4498 3050 4550 in
3075 4492 3355 4564 Epistolis,
3382 4509 3503 4566 qua:

1926 4588 1981 4643 in
2017 4587 2239 4644 Actibus
2267 4601 2372 4642 non
2405 4586 2704 4654 habentur,
2736 4595 2791 4641 et
2820 4584 2984 4640 multa
3013 4585 3069 4640 in
3099 4583 3352 4651 Actibus,
3383 4599 3503 4654 qua:

1923 4684 1977 4740 in
2008 4681 2262 4752 Epistolis
2305 4695 2410 4736 non
2455 4680 2724 4736 dicuntur.
2763 4677 3132 4733 Manducemus
3161 4686 3208 4732 et
3245 4677 3505 4744 bibamus,

1925 4792 2040 4830 cras
2070 4776 2203 4830 enim
2243 4775 2544 4829 moriemur.
2577 4772 2845 4842 PrOpheta
2887 4772 3053 4828 Isaias
3091 4771 3336 4838 increpat
3365 4771 3505 4839 gula:

1923 4866 2133 4923 deditos
2180 4865 2556 4936 desperatione
2603 4863 2927 4930 futurorum,
2971 4863 3122 4932 cujus
3150 4861 3498 4931 blasphemia:

1922 4959 2125 5016 crimen
2168 4966 2326 5029 negat
2368 4958 2446 5013 eis
2490 4956 2722 5023 dimitti,
2773 4954 3121 5026 quoadusque
3171 4953 3492 5007 moriantur.

1923 5050 2104 5105 Nolite
2148 5049 2340 5103 seduci.
2375 5048 2456 5103 Ab
2499 5047 2581 5102 his
2628 5047 2718 5118 qui
2767 5047 2890 5101 talia
2920 5052 3100 5116 agunt.
3155 5041 3501 5112 Corrumpunt

1919 5159 2083 5198 more:
2105 5142 2260 5196 bonos
2283 5139 2535 5211 colloquia
2555 5155 2733 5210 prava.
2763 5139 2841 5194 Ne
2857 5135 3100 5192 dicerent
3119 5153 3132 5190 :
3151 5133 3347 5190 Seduci
3370 5146 3501 5202 ergo

1918 5252 2019 5294 nos
2041 5249 2198 5308 posse
2219 5235 2534 5291 existimas?
2557 5248 2845 5290 occurrens
2868 5230 3050 5287 sensui
3071 5229 3285 5285 illorum
3309 5244 3324 5283 :
3353 5227 3494 5297 Non,

1917 5328 2119 5400 inquit,
2154 5325 2222 5383 de
2261 5325 2414 5382 vobis
2447 5326 2644 5394 timeo,
2691 5324 2788 5382 sed
2817 5323 2883 5380 de
2914 5321 3125 5378 illorum
3171 5320 3495 5391 tergiversa-

1917 5423 2061 5479 tione
2091 5421 2341 5478 l‘ortnido.
2376 5418 2692 5476 Econtrario
2719 5418 3085 5487 redintegrant
3117 5429 3295 5472 mores
3323 5409 3494 5471 malos

1915 5518 2183 5588 colloquia
2206 5517 2364 5572 bona.
2395 5514 2668 5586 Evigilate.
2693 5512 2868 5569 Sobrii
2895 5517 3084 5567 estote.
3114 5507 3272 5564 Iusti.
3295 5508 3493 5564 Probat

1913 5611 2368 5669 resurrectionem
2403 5624 2510 5663 non
2556 5607 2778 5662 credere
2818 5617 2911 5658 eos
2947 5603 3035 5674 qui
3065 5616 3124 5658 se
3152 5600 3289 5673 gula:
3314 5607 3369 5656 et
3398 5615 3491 5656 vos

1913 5704 2209 5774 luptatibus
2241 5701 2590 5756 tradiderunt.
2642 5697 2711 5751 Et
2757 5697 2912 5751 nolite
2951 5710 3181 5766 peccare.
3233 5692 3495 5766 Ignoran-

1914 5801 2040 5854 tiam
2079 5799 2212 5853 enim
2241 5794 2336 5849 Dei.
2359 5793 2570 5864 quidam
2600 5791 2803 5844 habent.
2835 5788 2927 5844 llle
2949 5788 3122 5859 justus
3155 5795 3237 5844 est
3261 5784 3351 5856 qui
3381 5800 3488 5839 non

1913 5900 2119 5966 peccat,
2154 5888 2206 5947 id
2234 5896 2336 5956 εει,
2366 5885 2594 5957 capitale
2616 5893 2916 5956 peccatum,
2948 5889 3037 5940 aut
3067 5881 3112 5940 si
3138 5879 3317 5938 subito
3343 5889 3490 5947 prae-
