3982 6352
477 385 575 443 551
1263 422 1271 431 .
1299 387 1307 398 ‘
1565 376 1865 436 PRIMASII
1903 374 2353 434 ADRUMETANI
2392 374 2606 435 EPISC.
2932 374 2937 377 ⁷
3648 378 3769 438 552

475 506 691 562 venitur
710 543 725 570 ,
769 498 1135 571 ptenitentiam
1158 495 1368 568 agendo
1397 496 1543 552 delet
1568 537 1583 565 ,
1627 497 1750 567 quia
1783 512 1843 553 se
1873 495 2044 553 credit
2077 499 2126 557 Α
2154 494 2319 550 simus
2336 509 2400 551 ex
2418 496 2594 564 primo
2614 507 2681 549 ex
2707 504 2771 549 eo
2789 491 2985 548 dicitur
3007 491 3286 560 Dominus,
3312 494 3453 566 quod
3479 508 3667 569 uSque
3690 497 3760 551 ad

476 600 531 656 in
556 597 757 669 judicio
782 597 1040 650 rationem
1062 606 1181 647 esse
1206 590 1558 646 redditurum.
1589 588 1721 644 Nam
1747 589 1837 659 qui
1862 603 2048 644 resur-
2158 589 2331 656 ipsum
2344 602 2490 643 mors
2501 588 2695 657 abipso
2706 587 3107 657 primoinventa
3121 586 3565 658 descendit,quod
3576 604 3762 658 usque

478 692 773 749 rectionem
806 702 909 743 non
932 684 1120 751 credit,
1144 682 1438 752 desperans
1463 681 1642 736 omnia
1665 680 1877 735 iuranda
1902 694 2053 735 com-
2156 680 2221 736 ad
2239 694 2448 737 crucem
2468 682 2645 751 lapsus
2657 682 2863 751 primus
2880 680 3443 753 hominispotestatem
3463 684 3762 754 habuit,et

477 783 660 839 mittit.
696 780 845 835 Multi
873 780 1047 833 solent
1069 788 1367 847 proponere
1385 782 1563 829 utrum
1586 772 1781 828 debilia
1803 785 2051 842 corpora,
2156 769 2278 826 ideo
2306 771 2464 825 morti
2496 771 2698 838 primus
2724 770 3049 826 novissimus
3084 772 3243 826 saluti
3273 773 3400 828 :ille
3429 775 3647 844 primus
3678 776 3760 829 vi-

477 874 549 930 ita
583 881 641 929 ut
668 879 793 928 sunt
821 868 1068 926 defuncta
1094 908 1110 934 ,
1141 874 1445 937 resurgant.
1487 864 1695 932 Quibus
1722 864 2056 933 responden-
2155 862 2429 926 vens,iste
2444 861 2739 917 viviﬁcans.
2759 862 2865 918 Sed
2878 863 3284 934 nonpriusquod
3298 866 3759 937 spiritaleest,sed

478 965 604 1021 dum
650 970 765 1031 est,
796 961 937 1031 quod
985 959 1039 1015 in
1088 958 1541 1015 resurrectionem
1573 972 1681 1012 non
1709 954 2057 1012 indebilitatis
2156 954 2297 1023 quod
2312 954 2521 1008 carnale
2536 962 2631 1023 est,
2654 953 2988 1024 deindequod
3008 955 3240 1026 spiritale
3255 966 3349 1012 est.
3366 956 3756 1012 Primushomo

478 1056 663 1111 vitium
688 1096 703 1121 ,
737 1054 829 1109 sed
866 1061 1053 1108 natura
1096 1060 1398 1121 reparetur.
1446 1050 1727 1119 Nunquam
1774 1047 1916 1103 enim
1949 1055 2056 1101 tam
2159 1046 2221 1101 de
2249 1054 2384 1100 terra
2422 1054 2673 1099 terrenus.
2715 1045 3041 1114 Notandum,
3074 1047 3215 1117 quod
3248 1062 3370 1103 cum
3402 1049 3543 1103 duos
3576 1050 3752 1105 Adam

480 1149 653 1205 debile
701 1155 785 1203 est
823 1160 1017 1215 corpus
1053 1158 1213 1215 quam
1246 1156 1367 1197 cum
1415 1142 1546 1196 latet
1584 1142 1641 1195 in
1684 1139 1925 1210 pulvere.
1954 1136 2057 1204 Qui

2160 1137 2309 1203 dicit,
2327 1138 2565 1207 ejusdem
2589 1144 2793 1193 naturae
2816 1146 3070 1208 utrosque
3087 1139 3442 1206 demonstrat,
3466 1141 3596 1211 quia
3611 1142 3755 1197 sicut

479 1256 604 1312 ergo
634 1240 871 1297 creditur
900 1248 1071 1297 totum
1098 1236 1355 1304 reddere,
1390 1249 1489 1290 cur
1526 1247 1592 1289 ex
1623 1240 1774 1303 parte
1807 1242 2060 1300 reparare
2160 1230 2249 1286 ille
2265 1231 2381 1287 sine
2395 1244 2615 1301 genere,
2634 1229 2707 1285 ita
2728 1231 2831 1286 iste
2846 1230 2963 1285 sine
2982 1230 3209 1286 semine.
3232 1231 3508 1287 Secundus
3521 1232 3756 1286 homode

478 1332 785 1387 dubitetur?
806 1344 902 1386 cur
938 1329 1122 1384 oculos
1143 1343 1252 1385 non
1273 1327 1460 1384 reddat
1486 1324 1578 1395 qui
1607 1330 1777 1380 totum
1807 1323 2056 1377 restituet

480 1423 709 1493 corpus?
741 1421 823 1476 Ad
855 1419 1189 1475 reverentiam
1215 1419 1367 1488 .vobis
1409 1418 1614 1488 loquor.
1653 1414 1761 1469 Sed
1798 1415 1928 1467 dicet
1956 1411 2061 1465 ali-

479 1518 591 1587 quis
613 1532 633 1571 :
664 1515 934 1581 Quomodo
959 1520 1224 1585 resurgent
1243 1509 1631 1581 mortui?quali
1655 1516 1823 1562 autem
1850 1520 2060 1576 corpore

481 1609 715 1663 uenient?
744 1607 993 1677 Ignorant
1038 1606 1330 1674 potentiam
1377 1603 1512 1671 Dei,
1565 1601 1656 1672 qui
1699 1614 1820 1656 eum
1867 1604 2055 1669 putant

483 1710 725 1756 mortuos
755 1701 1017 1755 suscitare
1046 1714 1151 1755 non
1177 1712 1355 1769 posse,
1375 1697 1710 1753 divinitatem
1743 1710 1809 1751 ex
1840 1709 1933 1750 sua
1962 1695 2065 1749 im-

484 1791 773 1847 becillitate
802 1792 1113 1856 metientes,
1144 1798 1203 1845 ut
1238 1788 1565 1845 erubescatis
1600 1802 1697 1844 vos
1722 1786 1913 1843 talibus
1944 1800 2064 1841 ser—

2163 1328 2287 1382 caelo
2314 1326 2551 1382 caelestis.
2603 1325 2715 1380 Hac
2754 1327 2963 1382 ratione
3011 1326 3256 1381 Christus
3299 1326 3464 1382 homo
3492 1328 3564 1383 de
3587 1329 3750 1392 caelo,

2163 1417 2286 1488 quia
2315 1418 2373 1473 in
2411 1418 2678 1488 baptismo
2726 1416 2950 1473 Joannis
2990 1432 3099 1473 non
3147 1432 3285 1490 aqua
3311 1462 3327 1489 ,
3358 1418 3456 1475 sed
3483 1419 3660 1490 gratia
3683 1418 3750 1474 de

2164 1511 2304 1567 cmlo
2330 1510 2632 1567 descendit.
2662 1510 2729 1566 Et
2749 1510 2875 1580 quia
2900 1510 3017 1566 sine
3046 1520 3265 1582 peccato
3292 1525 3513 1567 carnem
3544 1524 3751 1566 assum-

2165 1608 2293 1678 psit,
2326 1616 2381 1662 et
2409 1607 2553 1662 Deus
2604 1621 2670 1661 ex
2715 1605 2937 1675 Virgine
2964 1605 3113 1660 nasci
3153 1605 3402 1675 dignatus
3432 1613 3535 1660 est.
3573 1606 3751 1672 Qualis

2168 1706 2412 1761 terrenus,
2446 1697 2570 1751 tales
2591 1704 2638 1750 ct
2666 1696 2873 1761 terreni,
2902 1705 2949 1749 et
2978 1695 3145 1765 qualis
3168 1695 3403 1760 calestis,
3436 1695 3567 1750 tales
3589 1706 3634 1751 et
3656 1712 3752 1750 ca:-

2168 1790 2335 1844 lestcs.
2362 1788 2451 1845 Sic
2478 1787 2719 1858 intellige
2743 1787 3017 1843 Christum
3040 1787 3342 1854 etnlcstem,
3372 1789 3497 1859 quia
3529 1790 3749 1843 omnino

484 1881 733 1937 monibus
750 1889 998 1949 tanquam
1023 1879 1274 1949 parvulos
1289 1879 1521 1938 erudire.
1542 1876 1826 1947 Insipiens,
1854 1888 1905 1929 tu
1927 1874 2063 1945 quod
2091 1868 2138 1930 B
2166 1883 2280 1939 sine
2311 1892 2549 1953 peccato,
2584 1896 2691 1937 non
2712 1882 2835 1952 quia
2856 1881 2923 1935 de
2945 1881 3080 1937 coelo
3108 1896 3323 1937 carnem
3347 1883 3613 1936 attulerit.
3643 1880 3749 1951 Igi-

482 1973 702 2027 seminas
723 1989 824 2028 non
848 1972 1159 2040 uiviﬁcatur,
1188 1972 1288 2027 nisi
1311 1972 1452 2042 prius
1478 1972 1749 2026 moriatur.
1774 1970 2060 2040 lnsipiens,

483 2064 575 2132 qui
604 2064 766 2118 etiam
814 2061 1144 2119 naturalibus
1187 2062 1350 2119 rebus
1402 2061 1617 2118 edoceri
1662 2060 1947 2127 debueras,
1996 2060 2064 2115 de

481 2155 874 2209 resurrectione
904 2167 1011 2208 non
1039 2152 1309 2209 dubitare.
1337 2152 1528 2209 Adhuc
1557 2150 2064 2222 repromissionibus

481 2243 677 2300 divinis
701 2245 886 2300 existis
910 2244 1250 2301 incredulus?
1272 2259 1339 2299 ex
1369 2244 1443 2298 tui
1465 2245 1643 2313 operis
1673 2241 2061 2298 consuetudine

480 2337 826 2395 considerare
855 2336 1085 2392 debuisti
1111 2335 1253 2405 quod
1283 2335 1530 2391 dicimus.
1558 2334 1627 2389 Et
1656 2336 1791 2405 quod
1821 2334 2061 2401 seminus,

481 2450 587 2489 non
614 2449 797 2505 corpus
819 2433 953 2503 quod
982 2433 1209 2499 futurum
1238 2441 1313 2486 est
1340 2433 1586 2500 seminus,
1614 2432 1705 2487 sed
1731 2432 1923 2484 nudum
1949 2448 2068 2499 gra-

486 2540 613 2578 num
639 2539 659 2579 :
698 2532 754 2577 ut
799 2532 924 2593 puta
971 2523 1149 2589 tritici,
1190 2530 1279 2577 aut
1307 2523 1530 2595 alicujus
1578 2530 1895 2577 cwterorum.
1929 2521 2068 2575 Deus

488 2623 659 2671 autem
680 2615 765 2669 dat
792 2614 869 2668 illi
890 2629 1076 2684 corpus
1096 2614 1225 2668 sicut
1244 2615 1370 2669 vult.
1398 2613 1548 2671 Sicut
1568 2614 1633 2669 de
1653 2627 1817 2683 grano
1839 2612 2070 2682 resurgit

497 2706 777 2764 fecundior
808 2720 927 2761 cum
954 2708 1136 2776 granis
1164 2706 1328 2761 arista
1346 2747 1360 2773 ,
1392 2714 1449 2762 et
1474 2719 1669 2776 corpus
1695 2704 1985 2775 corruptile
2012 2704 2067 2759 in

490 2799 676 2871 gloriae
702 2807 949 2869 resurget
984 2808 1349 2869 augmentum.
1398 2799 1467 2853 Et
1512 2800 1783 2868 unicuique
1825 2799 2071 2853 seminum

488 2892 759 2959 proprium
786 2905 992 2961 corpus.
1026 2889 1181 2946 Unde
1207 2890 1267 2944 Β.
1297 2889 1398 2944 Job
1428 2907 1440 2942 :
1473 2890 1540 2945 Et
1560 2888 1614 2945 in
1644 2904 1804 2945 carne
1832 2903 1949 2944 mea
1991 2887 2073 2942 vi-

490 2980 629 3038 debo
657 2982 846 3038 Deum.
899 2980 1022 3037 Non
1060 2983 1223 3036 omnis
1251 2996 1372 3037 caro
1403 2982 1578 3036 eadem
1624 2997 1767 3036 caro.
1814 2979 2066 3045 Attende,

491 3074 616 3143 quia
637 3074 911 3144 proprium
938 3072 1073 3129 dixit
1116 3087 1345 3143 corpus,
1390 3088 1497 3128 non
1538 3072 1796 3129 alienum.
1833 3071 1937 3127 Sed
1960 3072 2069 3125 alia

490 3163 786 3232 hominum,
814 3164 919 3218 alia
951 3179 1221 3235 pecorum,
1250 3164 1357 3217 alia
1378 3179 1501 3218 caro
1526 3164 1811 3231 uolucrum,
1842 3164 1948 3217 alia
1970 3178 2070 3215 au-

2168 1984 2251 2031 tur
2283 1976 2414 2031 sicut
2444 1975 2757 2045 portavimus
2789 1976 3061 2044 imaginem
3093 1974 3296 2028 terreni.
3328 1974 3589 2029 Peccator
3618 1974 3747 2028 ima-

2167 2066 2346 2135 ginem
2374 2064 2543 2118 Adam
2573 2070 2771 2133 portat,
2799 2063 2974 2133 justus
3005 2078 3130 2118 vero
3151 2062 3371 2119 Christi.
3395 2062 3671 2117 Portemus
3702 2072 3747 2117 ct

2167 2158 2439 2228 imaginem
2462 2157 2696 2222 ctelestis,
2716 2164 2949 2211 veterem
2968 2156 3241 2212 hominem
3258 2164 3383 2213 ante
3399 2156 3743 2226 baptismum,

2169 2265 2364 2307 novum
2390 2258 2509 2320 post
2528 2249 2877 2319 baptismum.
2910 2246 3029 2303 Hoc
3050 2256 3220 2303 autem
3240 2248 3377 2317 dico,
3403 2249 3617 2317 fratres,
3637 2250 3750 2317 quia

2168 2358 2288 2397 caro
2325 2349 2373 2396 et
2402 2341 2615 2413 sanguis
2662 2356 2876 2412 regnum
2916 2340 3011 2394 Dei
3057 2341 3314 2410 possidere
3359 2358 3465 2395 non
3516 2352 3747 2407 possunt;

2168 2449 2328 2505 neque
2358 2433 2622 2502 corruptio
2650 2432 3051 2503 incorruptelam
3080 2433 3375 2501 possidebit.
3418 2432 3745 2502 Frequenter

2172 2524 2447 2595 Scriptura
2469 2536 2631 2593 opera
2659 2523 2837 2578 carnis
2868 2523 3109 2578 nominat
3136 2538 3230 2591 pro
3262 2522 3586 2583 substantia,
3619 2522 3751 2576 sicut

2172 2616 2247 2673 ibi
2281 2634 2295 2671 :
2327 2616 2437 2671 Vos
2470 2623 2649 2670 autem
2691 2614 2744 2668 in
2775 2628 2935 2669 carne
2963 2629 3069 2669 non
3095 2616 3247 2685 estis,
3299 2614 3393 2669 sed
3445 2616 3499 2669 in
3544 2614 3748 2683 Spiritu.

2172 2709 2342 2765 Aliter
2366 2725 2379 2762 :
2413 2708 2573 2774 Caro,
2613 2708 2752 2762 sicut
2774 2721 2917 2762 nunc
2946 2714 3048 2774 est,
3076 2722 3299 2777 regnum
3329 2707 3427 2763 Dei
3452 2722 3560 2762 non
3580 2710 3753 2775 possi-

2171 2798 2355 2867 debit,
2402 2798 2505 2854 nisi
2555 2798 2959 2853 immortalitate
3010 2800 3226 2853 vestita.
3282 2797 3414 2852 Ecce
3465 2798 3757 2868 mysterium

2174 2894 2313 2949 vobis
2342 2893 2480 2949 dico.
2513 2893 2812 2948 Obscurum
2861 2892 3125 2963 signiﬁcat
3171 2893 3495 2949 nominando
3542 2902 3754 2962 myste-

2175 2985 2333 3041 rium.
2361 2982 2546 3037 Omnes
2568 2983 2775 3054 quidem
2796 2998 3135 3054 resurgemus.
3162 2982 3361 3038 Omnes
3382 2995 3750 3049 resurgcmus,

2174 3078 2267 3148 qtn'
2304 3075 2501 3132 mortui
2545 3074 2910 3139 inveniemur,
2943 3074 3159 3130 Christo
3202 3074 3465 3129 veniente.
3500 3070 3607 3127 Sed
3651 3088 3756 3126 non

2177 3185 2350 3225 omnes
2388 3166 2796 3223 immutabimur.
2828 3165 2932 3233 Qui
2967 3166 3021 3221 in
3050 3180 3275 3237 corpore
3305 3165 3508 3221 iuerint
3532 3165 3753 3234 reperti,

490 3264 591 3312 tem
618 3257 854 3328 piscium.
886 3255 1146 3313 Similiter
1171 3263 1229 3312 et
1255 3256 1322 3312 de
1347 3258 1498 3327 aquis
1526 3258 1783 3328 intellige,
1810 3271 1929 3328 qua:
1953 3264 2073 3311 tan-
2098 3248 2144 3311 C
2176 3264 2301 3335 quia
2340 3262 2512 3319 sancti
2549 3267 2911 3327 assumantur,
2943 3267 3254 3330 peccatores
3282 3274 3411 3315 vero
3436 3266 3648 3314 aeterno
3676 3258 3756 3313 in-

492 3357 600 3406 tam
630 3350 1001 3407 diversitatem
1029 3350 1305 3406 volucrum
1333 3358 1387 3405 et
1414 3350 1638 3420 piscium
1668 3349 1974 3406 ediderunt.
2006 3346 2076 3401 Et

490 3456 707 3512 corpora
728 3440 969 3509 caelestia,
1000 3449 1049 3496 et
1076 3457 1295 3511 corpora
1324 3442 1605 3497 terrestria.
1640 3442 1775 3509 Quia
1804 3442 1925 3497 talia
1949 3439 2077 3496 fecit

492 3546 718 3604 corpora
749 3535 1158 3601 elementorum,
1187 3547 1283 3588 cur
1316 3548 1421 3588 non
1448 3534 1655 3589 reﬁciat
1674 3536 1924 3604 exiguum
1951 3549 2075 3590 cor-

490 3636 591 3691 pus
616 3622 939 3677 humanum?
964 3622 1075 3684 Sed
1104 3623 1210 3675 alia
1231 3622 1436 3687 quidem
1461 3623 1739 3677 caelestium
1762 3624 1951 3692 gloria,
1974 3624 2077 3680 alia

491 3719 663 3763 autem
685 3710 1014 3764 terrestrium.
1041 3710 1159 3763 Alia
1180 3710 1388 3763 claritas
1412 3711 1569 3776 lunas,
1599 3712 1704 3766 alia
1725 3713 1933 3767 claritas
1953 3715 2078 3769 stel-

498 3800 693 3856 larum.
732 3800 921 3855 Omnis
951 3788 1366 3869 comparationis
1388 3802 1672 3858 diversitas
1696 3804 1763 3860 ad
1798 3805 1899 3861 hoc
1926 3806 2076 3875 facit,

496 3897 557 3945 ut
583 3889 770 3944 credas
799 3905 964 3945 unum
990 3889 1147 3945 lacile
1176 3891 1403 3947 reddere
1434 3908 1590 3963 posse
1611 3935 1626 3962 ,
1654 3896 1745 3966 qui
1775 3906 1921 3953 tanta
1952 3898 2079 3955 fecit

496 3995 563 4037 ex
593 3980 781 4036 nihilo.
814 3982 982 4037 Stella
1020 3982 1155 4036 enim
1181 3998 1212 4036 a
1235 3984 1384 4039 stella
1422 3985 1595 4053 differt
1629 3988 1682 4042 in
1710 3989 1945 4045 claritate
1967 4006 1986 4045 :
2006 3992 2079 4046 sic

494 4083 542 4128 et
602 4076 902 4129 resurrectio
959 4083 1295 4130 mortuorum.
1362 4077 1652 4134 Stellarum
1710 4080 2073 4140 diversitatem

490 4163 757 4236 justorum
786 4174 1066 4236 comparat
1097 4166 1411 4225 ditl‘erentire
1435 4211 1450 4235 ,
1503 4184 1636 4240 quos
1668 4172 1927 4242 virtutes,
1970 4188 2081 4231 non

494 4264 720 4327 peccata
761 4256 959 4313 facient
986 4272 1105 4315 esse
1135 4258 1398 4317 diversos.
1433 4260 1563 4317 Nam
1612 4273 1952 4333 peccatorum
2001 4268 2082 4324 di-

494 4350 719 4407 versitas
744 4350 797 4405 in
830 4352 970 4408 casio
1003 4366 1110 4408 non
1135 4355 1260 4421 erit,
1284 4354 1379 4410 sed
1406 4355 1457 4410 in
1484 4370 1664 4425 poena.
1695 4358 1997 4415 Seminatur
2025 4362 2080 4417 in

494 4442 852 4511 corruptione,
899 4453 1070 4515 surget
1098 4445 1150 4498 iu
1194 4447 1647 4517 incorruptionem.
1683 4451 1753 4507 Ut
1782 4468 1850 4509 ne
1880 4454 2077 4525 febres,

496 4543 597 4583 nec
625 4537 821 4583 cmtera
852 4534 1103 4598 patiatur.
1137 4535 1429 4592 Sentinatur
1468 4542 1523 4593 iu
1559 4544 1896 4610 ignobilitate.
1940 4546 2079 4613 Quid

2178 3358 2373 3415 cendio
2403 3357 2796 3428 relinquentur.
2847 3356 2979 3413 Nam
3024 3357 3118 3428 qui
3165 3357 3274 3413 vivi
3319 3357 3532 3413 inventi
3572 3356 3761 3411 iuerint

2180 3462 2510 3524 peccatores,
2528 3450 2796 3507 combusti
2821 3450 2996 3520 primo
3016 3450 3248 3521 ignibus,
3267 3457 3391 3505 tunc
3415 3458 3701 3519 resurgant
3724 3448 3760 3503 ii

2180 3554 2515 3617 peccatores,
2532 3544 2620 3613 qui
2649 3544 2701 3598 in
2722 3542 3006 3599 adventum
3028 3543 3240 3600 Domini
3269 3543 3378 3599 vivi
3396 3544 3755 3599 invenientur.

2185 3638 2291 3693 Sed
2319 3653 2423 3692 non
2452 3652 2625 3692 omnes
2664 3637 3070 3691 immutabimur.
3096 3637 3230 3703 Quia
3258 3636 3387 3707 justi
3412 3636 3479 3691 ad
3516 3635 3757 3707 gloriam,

2182 3738 2492 3800 peccatores
2520 3738 2801 3799 resurgent
2821 3729 2887 3785 ad
2917 3744 3152 3799 poenam.
3185 3727 3250 3782 In
3277 3739 3557 3797 momento,
3580 3732 3635 3784 in
3666 3729 3761 3782 ictu

2185 3820 2339 3873 oculi.
2365 3820 2692 3876 Brevitatem
2718 3822 2830 3875 vult
2860 3820 3163 3892 significare
3189 3822 3469 3887 momenti,
3505 3819 3575 3875 In
3598 3821 3759 3875 noris-

2183 3913 2315 3967 sima
2342 3912 2485 3967 tuba.
2528 3912 2754 3979 Quidam
2786 3913 2918 3969 duas
2946 3914 3131 3980 tubas,
3162 3914 3296 3970 duos
3324 3912 3530 3968 Christi
3556 3912 3757 3968 adven-

2183 4012 2267 4059 tus
2293 4004 2612 4074 intelligunt.
2640 4004 2799 4059 Canet
2827 4004 2961 4059 enim
2987 4005 3109 4058 tuba
3132 4044 3147 4071 ,
3190 4014 3235 4058 et
3267 4005 3453 4059 mortui
3477 4011 3762 4075 resurgent.

2183 4094 2364 4151 Primo
2384 4102 2667 4165 resurgent
2689 4096 2904 4163 mortui,
2936 4106 2991 4153 et
3013 4098 3088 4152 sic
3110 4098 3535 4154 immutabuntur
3562 4100 3755 4161 sancti,

2184 4196 2244 4244 ut
2264 4188 2366 4243 hoc
2394 4188 2600 4243 dicatur
2621 4188 2911 4243 novissima
2934 4189 3078 4245 tuba.
3103 4189 3427 4259 Incorrupti.
3451 4190 3523 4246 Ut
3543 4204 3757 4261 semper

2184 4281 2381 4337 durent
2408 4280 2461 4336 in
2494 4294 2673 4351 poena.
2704 4278 2773 4335 Et
2803 4298 2893 4337 nos
2932 4283 3328 4338 immutabimur.
3382 4284 3593 4354 Oportet
3627 4286 3759 4338 enim

2184 4373 2513 4443 corruptibile
2532 4374 2625 4428 hoc
2649 4374 2859 4429 induere
2880 4375 3334 4445 incorruptionem,
3359 4385 3403 4428 et
3428 4376 3644 4430 mortale
3672 4376 3763 4428 hoc

2183 4467 2393 4521 induere
2438 4465 2896 4521 immortalitatem.
2947 4464 3075 4519 Cum
3120 4474 3289 4519 autem
3331 4475 3629 4536 corruptum
3674 4467 3764 4519 hoc

2186 4560 2408 4613 induerit
2440 4560 2873 4628 incorruptionem
2899 4600 2913 4626 ,
2942 4569 2988 4613 et
3030 4560 3258 4614 mortale.
3287 4559 3383 4613 ltoc
3422 4559 3647 4615 induerit
3671 4559 3763 4612 im—

500 4630 607 4721 tam
629 4622 861 4721 ignobile
883 4637 1038 4721 quam
1059 4637 1326 4709 mortuum
1344 4634 1579 4701 corpus?
1610 4634 1797 4705 Surget
1816 4638 1870 4691 in
1890 4639 2072 4707 gloria.

2188 4650 2571 4705 mortalitatem.
2623 4622 2720 4703 [ist
2772 4622 2915 4719 quod
2952 4649 3137 4706 induet
3178 4659 3233 4705 et
3267 4657 3353 4706 est
3386 4648 3530 4721 quod
3588 4648 3764 4703 indui-

497 4711 689 4782 Surget
709 4711 764 4765 in
792 4710 1015 4781 gloriam
1046 4706 1365 4786 splendoris,
1395 4720 1535 4775 sicut
1557 4722 1656 4776 sol.
1692 4706 1995 4782 Seminatur
2023 4730 2079 4785 in

498 4804 820 4873 inﬁrmitate.
855 4802 1235 4860 lmbecillitatis
1267 4808 1533 4865 humanm.
1569 4811 1758 4884 Surget
1786 4818 1839 4871 in
1875 4820 2077 4877 uirtute.

498 4896 558 4953 In
588 4898 784 4953 virtute
810 4898 1128 4955 teternitatis
1147 4900 1422 4970 angelicae.
1445 4902 1741 4962 Seminatur
1764 4925 1950 4981 corpus
1965 4915 2083 4968 ani-

498 4991 655 5057 male,
711 4998 881 5060 surget
936 5006 1119 5061 corpus
1158 4993 1410 5061 spiritale.
1455 4996 1554 5053 Hic
1599 4999 1813 5068 quidem
1849 5005 2083 5064 animale

499 5096 717 5152 corpus,
742 5083 865 5150 quia
884 5095 993 5137 non
1014 5095 1225 5152 semper
1240 5083 1495 5153 Spiritum
1516 5098 1758 5146 sanctum
1782 5092 2076 5153 habemus:

501 5182 627 5230 tunc
647 5187 777 5229 vero
798 5187 1011 5243 semper
1042 5174 1147 5230 erit
1176 5175 1231 5231 in
1254 5176 1428 5233 nobis.
1455 5178 1518 5235 Si
1538 5190 1610 5235 est
1629 5199 1814 5253 corpus
1834 5186 2078 5258 animale,

499 5278 571 5323 est
596 5278 641 5324 et
669 5268 920 5338 spiritale.
953 5267 1108 5335 Quod
1132 5270 1302 5340 possit
1330 5270 1407 5328 ire
1434 5273 1644 5331 obviam
1666 5277 1903 5334 Christo.
1931 5280 2080 5336 Sicut

498 5361 743 5430 scriptum
762 5367 834 5415 est
854 5376 873 5414 :
895 5358 1088 5416 Factus
1108 5370 1181 5416 est
1204 5363 1398 5426 primus
1418 5365 1570 5421 homo
1590 5365 1759 5422 Adam
1780 5369 1835 5423 in
1852 5370 2079 5426 animam

499 5454 761 5508 uiuentem.
787 5452 898 5509 Hoc
921 5454 1285 5513 testimonium
1307 5472 1374 5512 ex
1398 5458 1533 5529 lege.
1566 5459 1891 5517 Novissimus
1912 5464 2079 5520 Adam

501 5542 554 5595 in
587 5544 838 5615 Spiritum
883 5554 1238 5623 viviﬁcantem.
1299 5556 1406 5612 Cur
1454 5557 1615 5615 homo
1664 5561 1962 5630 secundus,
1995 5562 2079 5618 vel

502 5632 671 5690 Adam
701 5642 1023 5701 novissimus
1062 5656 1185 5716 post
1210 5655 1292 5703 tot
1319 5647 1566 5705 homines
1606 5650 1841 5707 dicitur?
1870 5652 2082 5712 Primus

502 5724 674 5783 Adam
706 5728 930 5790 habetur
960 5728 1202 5809 qtiisquis
1234 5742 1457 5813 vestigia
1504 5742 1621 5813 ejus
1664 5743 1905 5800 imitatur
1938 5764 1951 5801 :
1986 5762 2081 5817 po-

507 5824 739 5891 stremus
767 5822 855 5882 ille
881 5835 969 5882 est
993 5830 1083 5901 qui
1107 5830 1321 5890 Domini
1350 5833 1575 5906 vestigia
1602 5834 1862 5907 sequitur.
1885 5836 2082 5897 Novis-

2190 4747 2297 4795 tur.
2338 4739 2485 4794 Tunc
2528 4740 2615 4807 ﬁet
2654 4756 2819 4794 scruta
2858 4742 2945 4808 qui
2983 4742 3201 4810 scriptus
3246 4749 3323 4796 est
3354 4756 3375 4795 :
3408 4740 3662 4811 Absorpta
3696 4747 3766 4794 est

2188 4848 2325 4887 mors
2364 4832 2417 4883 iu
2448 4832 2680 4885 victoria.
2727 4832 3012 4889 Evacuatis
3054 4831 3231 4889 causis
3285 4833 3493 4889 mortis.
3533 4832 3632 4887 Ubi
3674 4841 3763 4899 est,

2188 4941 2347 4993 mors,
2369 4925 2578 4979 victoria
2608 4927 2734 4979 tua?
2757 4926 2842 4980 ubi
2871 4934 2985 4993 est,
3018 4943 3175 4993 mors,
3208 4926 3444 4981 stimulus
3480 4928 3641 4983 tuus?
3667 4926 3766 4983 Ubi

2187 5022 2293 5079 εει,
2324 5028 2469 5071 mors
2489 5056 2503 5083 ,
2535 5017 2810 5072 contentio
2850 5016 2972 5072 tua?
3001 5017 3131 5084 Qua:
3176 5018 3474 5086 contentio,
3508 5004 3610 5074 nisi
3642 5019 3766 5088 quia

2186 5104 2347 5161 modo
2378 5118 2504 5161 caro
2524 5107 2858 5177 concupiscit
2886 5107 3143 5165 adversus
3164 5108 3435 5179 spiritum,
3464 5118 3520 5165 et
3547 5110 3766 5181 spiritus

2186 5197 2442 5253 adversus
2471 5200 2729 5255 carnem?
2775 5200 2877 5255 Ista
2926 5215 3121 5271 pugna,
3173 5202 3275 5257 ista
3316 5202 3593 5260 contentio
3627 5221 3639 5257 :
3673 5200 3765 5257 sed

2188 5302 2255 5345 ex
2294 5302 2526 5359 persona
2566 5292 2833 5361 justorum
2884 5293 3118 5364 loquitur
3165 5295 3539 5352 insultantium
3587 5296 3767 5353 morti.

2172 5380 2443 5437 'Stimulus
2470 5392 2640 5438 autem
2669 5385 2846 5439 mortis
2892 5394 3155 5456 peccatum
3198 5395 3296 5443 est.
3336 5388 3543 5461 Sagitta
3582 5392 3769 5445 mortis

2187 5482 2491 5543 peccatum,
2526 5490 2620 5545 per
2661 5478 2805 5547 quod
2851 5477 3043 5534 anima:
3076 5477 3412 5549 iugulantur.
3456 5478 3632 5536 Virtus
3656 5494 3769 5535 vero

2146 5561 2157 5573 '
2187 5563 2381 5633 peccati
2414 5564 2516 5619 lex.
2551 5565 2762 5621 Fortius
2791 5566 2854 5621 tit
2889 5582 2984 5637 per
3012 5568 3295 5625 scientiam
3327 5580 3629 5638 peccatum.
3661 5571 3768 5625 Cur

2187 5656 2358 5711 virtus
2398 5657 2600 5725 peccati
2633 5658 2753 5726 lex,
2796 5660 2839 5713 si
2874 5660 2963 5714 lex
2996 5659 3136 5715 bona
3175 5662 3299 5716 est?
3324 5662 3459 5730 Quia
3491 5671 3764 5731 peccatum

2186 5762 2281 5818 per
2308 5748 2507 5805 bonum
2536 5758 2816 5821 operatum
2846 5760 2928 5808 est
2956 5760 3215 5820 mortem,
3248 5764 3309 5809 ut
3346 5754 3435 5809 tiat
3466 5769 3628 5824 supra
3656 5769 3766 5809 mo-

2186 5841 2336 5916 dum,
2362 5842 2465 5902 hoc
2507 5852 2611 5916 est,
2643 5845 2872 5919 majores
2898 5846 3042 5905 vires
3072 5862 3138 5905 ex
3159 5846 3604 5923 pravaricationo
3629 5844 3765 5931 actis
