3982 6352
174 287 280 345 553

950 278 1016 336 IN
1050 269 1436 335 EPISTOIAM
1475 265 1520 323 ll
1559 259 1651 320 AD
1687 255 2101 314 CORINTIIIOS
2141 254 2660 319 COMMENTARIA.

3341 260 3444 316 554

173 401 309 475 piat.
337 399 440 453 Deo
467 403 636 451 autem
667 392 890 465 gratias,
921 393 1009 463 qui
1035 391 1172 446 dedit
1197 388 1343 444 nobis
1377 384 1641 440 victoriam
1662 397 1752 454 per
1785 375 1836 436 Α
1859 376 2072 433 veniret.
2116 377 2288 433 Veniet
2317 389 2488 434 autem
2513 396 2626 434 cum
2655 378 2702 436 ei
2735 395 2952 435 vacuum
2983 381 3160 450 fuerit.
3199 381 3443 453 Vigilate,

182 489 458 544 Dominum
493 496 723 541 nostrum
754 482 934 538 Jesum
977 481 1261 536 Christum.
1297 476 1584 534 Victoriam
1615 475 1760 530 illius

183 581 393 654 peccati
430 577 484 634 in
516 592 623 648 quo
656 576 740 632 lex
770 575 1171 639 inﬁrmabaiur,
1221 586 1318 640 per
1355 570 1627 625 carnalem
1660 583 1764 622 no-

179 682 347 729 stram
371 671 700 740 voluptatem
721 681 880 738 quam
902 665 1147 720 Christus
1167 678 1329 718 cruce
1351 677 1445 716 sua
1469 661 1762 716 destruxit.

181 764 389 838 Itaque,
427 770 612 835 fratres
649 765 747 818 mei
776 762 970 817 dilecti.
999 761 1228 816 Reddita
1269 760 1480 815 ratione
1524 774 1768 815 resurre-

180 860 402 926 ctionis,
428 859 496 914 de
518 873 622 929 qua
648 857 988 919 haesitabant,
1019 854 1262 909 hortatur
1279 866 1374 907 eos
1402 851 1456 906 in
1482 851 1574 905 Dei
1601 865 1769 920 opere

183 964 537 1021 permanere,
565 952 676 1019 jam
707 957 888 1004 certus
929 947 996 1003 de
1033 947 1388 1003 retributione
1414 946 1610 1000 futura.
1643 943 1769 1001 Sta-

184 1043 308 1097 biles
334 1053 490 1097 esto'e
514 1051 562 1096 et
587 1042 894 1104 immobiles,
924 1040 1245 1094 abundantes
1283 1039 1335 1093 in
1380 1054 1531 1109 apere
1561 1035 1772 1092 Domini

183 1147 404 1198 semper.
438 1130 607 1185 Nemo
637 1144 733 1185 vos
773 1131 840 1186 de
882 1130 982 1185 hoc
1005 1131 1176 1200 gradu
1205 1130 1321 1198 spei
1353 1137 1567 1184 moveat
1608 1131 1771 1185 ultra.

189 1221 418 1279 Scientes
446 1222 583 1291 quod
623 1222 770 1275 labor
804 1230 968 1277 vester
995 1240 1096 1276 non
1133 1235 1208 1277 est
1243 1223 1413 1277 inanis
1442 1224 1496 1277 in
1525 1224 1768 1279 Domino.

191 1311 304 1368 Hoc
333 1321 436 1377 est,
468 1328 576 1367 non
606 1312 724 1367 sine
753 1327 914 1367 causa
948 1313 1225 1369 laboratis.

262 1402 393 1458 CAP.
439 1418 552 1457 ενι.
585 1433 656 1444 —
685 1401 759 1458 De
788 1404 1013 1457 collectis
1039 1413 1208 1457 autem
1237 1419 1352 1473 quae
1378 1403 1512 1472 fiunt
1555 1406 1607 1459 in
1657 1421 1777 1460 san-

190 1503 319 1560 ctos,
348 1497 480 1549 sicut
514 1496 747 1548 ordinavi
773 1496 999 1549 ecclesiis
1028 1493 1251 1558 Galatia:
1275 1535 1290 1559 ,
1319 1496 1394 1549 ita
1421 1505 1467 1550 et
1496 1513 1581 1551 vos
1605 1497 1774 1567 facile.

193 1586 271 1640 De
295 1587 592 1655 sumptibus
614 1586 744 1642 dicit
767 1586 858 1655 qui
883 1601 976 1656 per
1004 1585 1242 1656 singulas
1274 1587 1532 1642 ecclesias
1562 1587 1778 1642 collecti

193 1677 626 1750 Hierosolymam
657 1679 858 1734 sanctis
910 1678 1235 1748 pauperibus
1264 1678 1640 1735 mittebantur.
1673 1679 1779 1735 Per

1865 478 1992 524 state
2037 471 2092 525 in
2136 473 2258 540 fide,
2288 473 2504 528 viriliter
2541 474 2679 545 agite
2702 515 2717 542 ,
2755 483 2800 528 et
2830 474 3212 543 canfortamini.
3262 475 3447 528 Omnia

1865 572 2029 616 vestra
2062 564 2114 616 in
2145 564 2392 620 charitate
2436 567 2588 635 ﬁant.
2642 567 2766 623 Ideo
2799 566 2874 623 ibi
2916 567 3277 637 permanebo,
3326 569 3450 636 quia

1866 668 1989 707 cum
2021 655 2149 709 mihi
2181 656 2401 712 evidens
2435 667 2560 712 nata
2588 661 2660 714 sit
2699 660 3066 728 opportunitas
3099 659 3450 727 prazdicandi,

1868 751 1924 797 et
1969 743 2182 812 plurimi
2211 745 2319 800 sint
2363 748 2452 816 qui
2494 748 2778 816 resistant,
2829 749 3072 818 plurimis
3103 759 3280 804 autem
3311 750 3454 806 Deus

1870 834 2069 888 ostium
2095 836 2274 891 cordis
2302 840 2542 907 aperuit,
2580 849 2634 894 et
2665 842 2816 894 multi
2849 857 2965 905 non.
2985 843 3270 897 credentes
3297 841 3456 897 resti-

1874 934 2069 981 terunt.
2105 927 2323 982 Obsecro
2378 939 2549 984 autem
2595 948 2718 998 vos,
2772 933 2957 1001 fratres
2993 951 3004 985 :
3040 935 3197 988 nostis
3250 935 3458 987 domuos

1875 1016 2152 1088 Stephants
2171 1031 2216 1074 et
2233 1019 2532 1088 Fortunati,
2561 1025 2802 1092 quoniam
2827 1035 2944 1079 sunt
2967 1028 3207 1094 primitiae
3229 1027 3457 1081 Achaiae.

1877 1110 1973 1166 Vel
2007 1110 2107 1164 (ide
2137 1111 2388 1180 primitiae
2411 1153 2427 1178 ,
2474 1113 2558 1168 vel
2589 1113 2814 1170 honore.
2855 1115 2922 1169 Et
2953 1118 3004 1170 in
3034 1119 3312 1172 ministerio
3336 1136 3463 1174 san-

1876 1212 2072 1258 ctorum
2120 1206 2487 1260 ordinaverunt
2537 1208 2754 1276 seipsos.
2807 1211 2888 1264 Ad
2930 1211 3206 1267 docendos
3245 1225 3462 1268 sanctos

1876 1295 1961 1350 vel
1998 1297 2301 1351 necessaria
2329 1296 2532 1352 eisdem
2565 1300 2936 1356 ministranda.
2974 1301 3041 1356 Ut
3082 1313 3128 1356 et
3158 1319 3245 1356 vos
3275 1305 3466 1358 subditi

1877 1385 1988 1438 sitis
2018 1388 2290 1457 ejusmodi,
2317 1401 2362 1441 et
2393 1390 2532 1443 omni
2576 1393 2906 1462 coaperanti,
2951 1405 2999 1446 ct
3043 1395 3319 1450 laboranti.
3365 1396 3466 1464 Qui

1880 1476 2158 1533 nobiscum
2189 1480 2274 1533 vel
2307 1479 2410 1535 illis
2436 1492 2797 1551 coaperantur
2838 1485 2890 1540 in
2925 1486 3213 1557 Evangelio
3243 1487 3464 1565 Christi.

1881 1567 2126 1624 Gaudebo
2155 1582 2323 1626 autem
2352 1580 2405 1626 in
2431 1577 2702 1644 prtesentia
2730 1577 3041 1648 Stephants,
3073 1588 3121 1634 et
3156 1578 3468 1648 Fortunati,

1883 1672 1931 1716 et
1967 1661 2198 1718 Achaici.
2245 1663 2349 1730 Qui
2394 1679 2687 1734 prmsentes
2713 1680 2842 1725 sunt
2869 1672 3008 1742 apud
3044 1687 3160 1729 vos.
3212 1673 3472 1740 Quoniam

193 1785 351 1822 unam
390 1748 586 1824 sabbati
615 1770 961 1838 unusquisque
991 1777 1237 1824 vestrum.
1262 1770 1376 1826 Una
1405 1770 1648 1840 sabbati,
1682 1773 1778 1828 do-

1883 1753 1938 1807 id
1968 1755 2105 1822 quod
2133 1756 2271 1808 vobis
2299 1757 2495 1811 deerat.
2536 1758 2592 1813 In
2641 1762 2884 1816 scientia.
2933 1762 3049 1832 Ipsi
3086 1766 3471 1836 suppleverunt.

195 1859 393 1916 minica
415 1861 532 1915 dies
561 1870 676 1926 est,
707 1860 844 1915 sicut
872 1860 924 1914 in
958 1859 1246 1930 Evangelio
1274 1863 1532 1929 scriptum
1564 1872 1649 1919 est
1676 1862 1782 1918 Do-

195 1949 402 2005 minum
424 1965 529 2004 una
555 1949 763 2004 sabbati
796 1952 1180 2007 resurrexisse.
1209 1953 1362 2022 Apud
1381 1969 1436 2008 se
1455 1965 1684 2026 seponat,
1702 1972 1783 2011 re-

195 2039 421 2092 condens
449 2040 585 2109 quod
619 2040 664 2094 ei
711 2041 834 2094 bene
881 2043 1179 2110 placuerit:
1203 2054 1259 2098 ut
1307 2060 1410 2098 non
1447 2062 1563 2098 cum
1601 2064 1782 2102 venero

198 2133 324 2180 tunc
352 2129 572 2182 collectae
614 2129 764 2197 fiant.
812 2130 942 2185 Cum
983 2141 1155 2185 autem
1206 2150 1428 2204 prwsens
1458 2136 1623 2204 fuero,
1659 2154 1783 2201 quos

195 2217 531 2283 probat-eritis
557 2237 645 2289 per
669 2224 929 2292 epistolas,
969 2223 1061 2278 hos
1091 2227 1284 2280 mittam
1309 2226 1534 2295 perferre
1562 2231 1784 2298 gratiam

197 2319 420 2363 vestram
464 2310 519 2366 in
560 2311 905 2369 Hierusalem.
945 2315 1013 2370 Ut
1042 2316 1298 2385 paulatim
1327 2328 1651 2387 reponentes
1676 2337 1780 2376 non

197 2417 304 2457 una
337 2402 468 2459 hora
497 2405 709 2474 gravari
737 2421 796 2461 se
825 2415 1012 2476 putent
1036 2448 1051 2472 ,
1098 2417 1155 2462 ut
1202 2410 1398 2465 hilares
1425 2411 1535 2467 sint
1565 2413 1783 2469 datores

199 2495 289 2564 qui
322 2495 607 2565 diligantur
635 2513 662 2550 a
701 2497 827 2552 Deo.
866 2497 1016 2564 Quod
1036 2501 1081 2553 si
1102 2501 1312 2571 dignum
1337 2504 1516 2572 fuerit,
1548 2517 1601 2559 ut
1624 2517 1672 2560 et
1693 2521 1784 2578 ego

196 2599 335 2651 eam,
369 2603 566 2640 mecum
589 2587 756 2642 ibunt.
797 2588 854 2645 Si
907 2590 1029 2645 talis
1074 2592 1230 2646 fuerit
1269 2594 1470 2649 oblatio
1498 2606 1696 2663 vestra,
1730 2609 1786 2654 ut

201 2692 302 2747 per
322 2692 408 2733 me
436 2679 595 2749 digne
623 2681 788 2750 possit
811 2681 1014 2737 oll‘crri.
1053 2683 1264 2738 Veniam
1293 2697 1462 2741 autem
1484 2690 1552 2742 ad
1567 2708 1653 2746 vos
1670 2710 1785 2747 cum

200 2767 564 2824 Macedoniam
589 2773 944 2839 pertransiero.
976 2772 1113 2828 Nam
1135 2773 1497 2833 Macedoniam
1527 2791 1786 2843 pertrans-

198 2859 306 2915 ibo.
337 2863 490 2934 Apud
516 2879 600 2917 vos
635 2874 802 2918 autem
831 2868 1051 2936 forsitan
1081 2871 1290 2924 manebo
1315 2913 1330 2937 ,
1376 2873 1453 2926 vel
1492 2877 1642 2930 etiam
1673 2879 1785 2932 hie-

199 2953 371 3018 mabo,
393 2962 448 3007 ut
469 2969 555 3008 vos
577 2971 654 3008 me
675 2955 940 3010 deducatis
968 2974 1266 3030 quocunque
1292 2964 1420 3019 iero.
1449 2964 1591 3021 Nolo
1613 2979 1786 3023 autem

198 3057 289 3097 vos
317 3043 469 3097 modo
496 3046 549 3098 in
582 3045 799 3098 transitu
831 3049 1018 3102 videre.
1043 3052 1175 3117 Quia
1207 3069 1265 3108 se
1297 3054 1492 3112 habent
1536 3062 1781 3118 Macedo-

1887 1843 1993 1899 l‘er
2020 1844 2344 1912 doctrinam,
2376 1848 2459 1901 vel
2479 1850 2747 1918 exemplo.
2768 1852 3071 1920 Refeceruut
3089 1857 3224 1910 enim
3239 1865 3289 1911 et
3303 1872 3474 1912 meum

1883 1936 2123 2005 spiritum
2152 1946 2198 1990 et
2223 1952 2460 1993 vestrum.
2493 1939 2670 1995 Meum
2702 1943 2950 2011 spiritum
2979 1945 3175 2014 gaudio
3197 1946 3266 2002 de
3288 1955 3473 2003 vestro

1886 2027 2161 2098 proiectu,
2195 2039 2429 2084 vestrum
2479 2046 2611 2086 vero
2660 2032 2729 2088 de
2783 2033 3139 2090 instructione
3191 2035 3471 2092 doctrinm.

1885 2115 2185 2186 Coguoscite
2211 2134 2331 2189 ergo
2359 2119 2448 2188 qui
2486 2121 2780 2192 hujusmodi
2809 2133 2949 2176 sunt.
2979 2121 3230 2179 Salutant
3258 2140 3344 2179 vos
3372 2125 3475 2178 Ec-

1884 2209 2051 2263 clesia:
2086 2211 2241 2263 Asiaz.
2275 2209 2523 2265 Salutant
2562 2228 2645 2266 vos
2683 2213 2736 2267 in
2771 2211 2995 2268 Domino
3028 2230 3230 2284 semper
3255 2215 3476 2270 multum

1885 2302 2071 2374 Aquila
2083 2313 2128 2358 et
2143 2303 2517 2379 Prisca[Vulg.
2539 2305 2828 2379 Priscilla].
2845 2310 2997 2365 Sicut
3011 2311 3170 2366 alibi:
3190 2312 3480 2382 Cognosci-

1889 2406 1940 2451 te
1961 2410 2052 2451 eos
2075 2396 2164 2466 qui
2186 2396 2259 2450 ita
2283 2397 2560 2454 ambulant
2580 2400 2718 2454 sicut
2735 2400 2941 2457 habetis
2969 2401 3195 2457 formam
3210 2413 3474 2460 nostram.

1890 2493 1984 2548 llic
2010 2493 2319 2562 cognoscite
2349 2506 2446 2560 pro
2473 2494 2755 2560 honorate,
2785 2502 3142 2562 agnoscentes
3175 2506 3360 2551 eorum
3397 2498 3472 2552 la-

1889 2585 2093 2642 borem.
2112 2583 2243 2640 Cum
2259 2585 2533 2640 domestica
2547 2601 2643 2638 sua
2657 2583 2914 2640 Ecclesia.
2929 2585 3234 2641 Domestica
3247 2602 3475 2658 congre-

1885 2681 2030 2749 gatio
2052 2679 2400 2735 fraternitatis
2421 2678 2663 2734 Ecclesia
2679 2679 2897 2734 dicitur.
2917 2678 3161 2735 Salutant
3181 2695 3266 2734 vos
3286 2681 3475 2751 fratres

1889 2791 2086 2841 omnes,
2112 2775 2254 2843 apud
2280 2788 2409 2843 quos
2441 2772 2595 2826 etiam
2623 2773 2876 2843 hospitor.
2911 2772 3148 2828 Salutate
3176 2774 3389 2828 invicem
3418 2775 3474 2828 in

1888 2868 2064 2922 osculo
2092 2877 2292 2920 sancto.
2334 2865 2451 2920 Non
2481 2865 2603 2918 [icto
2629 2904 2647 2930 ,
2682 2867 2822 2920 sicut
2849 2860 3037 2920 ludas.
3072 2866 3334 2921 Salutatio
3363 2883 3478 2921 mea

1888 2979 2044 3016 manu
2073 2961 2250 3015 Pauli.
2287 2961 2349 3015 Si
2379 2960 2494 3031 quis
2521 2975 2623 3014 non
2648 2971 2788 3013 amat
2819 2958 3096 3015 Dominum
3120 2959 3298 3014 Iesum
3329 2961 3475 3016 Chri-

1889 3068 2044 3122 stum,
2065 3057 2130 3109 sit
2151 3055 2448 3118 anathema,
2464 3054 2789 3108 maranatha.
2803 3053 3083 3120 Quomodo
3102 3055 3209 3109 illis
3232 3056 3322 3123 qui
3343 3070 3467 3109 eum

199 3149 335 3197 nes,
383 3143 440 3189 ut
474 3150 578 3189 non
621 3137 690 3190 sit
722 3152 942 3193 necesse
966 3143 1104 3209 apud
1133 3158 1226 3198 eos
1258 3147 1456 3202 diutius
1487 3152 1776 3210 demorari.
1817 3123 1862 3186 Ο
1893 3159 2074 3201 amant
2110 3147 2409 3214 redemptio
2443 3159 2700 3199 venturus
2725 3155 2807 3199 est
2835 3146 3078 3200 Christus
3103 3187 3117 3209 ,
3165 3147 3236 3199 ita
3267 3146 3352 3201 his
3380 3150 3468 3215 qui

197 3227 359 3296 Apud
383 3243 475 3282 vos
495 3236 671 3283 autem
701 3244 918 3285 necesse
949 3245 1030 3287 est
1053 3245 1108 3289 ut
1131 3252 1372 3292 maneam
1403 3242 1482 3296 vel
1509 3243 1738 3301 hiemem
1767 3266 1780 3302 :

199 3321 370 3375 multa
412 3321 553 3375 enim
584 3331 708 3375 sunt
747 3338 865 3391 quae
895 3327 1229 3397 corrigantur
1261 3332 1312 3386 in
1349 3335 1498 3390 vobis
1529 3353 1545 3392 :
1578 3355 1698 3394 nam
1730 3353 1782 3396 et

200 3412 445 3468 medicus
501 3413 573 3468 ibi
628 3429 830 3469 moram
886 3416 1063 3484 habet,
1123 3422 1214 3477 ubi
1263 3424 1442 3492 plures
1500 3444 1778 3499 mgrotant.

200 3503 373 3574 Spero
402 3505 533 3559 enim
565 3522 643 3558 me
672 3506 990 3574 aliquantum
1018 3517 1257 3584 temporis
1286 3532 1492 3573 manere
1514 3525 1656 3589 apud
1674 3542 1777 3593 vos,

196 3600 241 3649 si
273 3594 526 3650 Dominus
552 3599 859 3667 permiserit.
888 3599 1204 3657 Permanebo
1225 3616 1390 3661 autem
1412 3607 1604 3680 Ephesi
1628 3632 1786 3687 usque

196 3687 268 3740 ad
303 3685 652 3744 Pentecosten.
694 3691 894 3745 Ostium
941 3695 1076 3747 enim
1125 3699 1252 3752 mihi
1282 3712 1516 3769 apertum
1564 3717 1638 3760 est
1676 3685 1784 3764 nta-

204 3793 372 3847 gnum
399 3789 444 3831 et
473 3780 694 3845 evidens,
722 3792 770 3836 et
819 3784 1096 3839 adversarii
1118 3791 1284 3843 multi.
1314 3791 1376 3846 Si
1397 3804 1572 3848 autem
1598 3804 1784 3855 venerit

197 3867 522 3936 Timotheus,
567 3873 729 3927 videte
780 3884 833 3929 ut
863 3877 970 3930 sine
1012 3880 1194 3933 timore
1221 3882 1287 3935 sit
1322 3887 1460 3954 apud
1504 3903 1620 3954 vos;
1660 3909 1785 3962 opus

196 3964 340 4014 enim
365 3960 574 4018 Domini
601 3978 840 4036 operatur
865 3970 994 4023 sicut
1022 3983 1070 4025 et
1099 3989 1212 4042 ego.
1248 3975 1330 4028 Ne
1352 3981 1466 4046 quis
1495 3998 1614 4053 ergo
1637 3960 1783 4038 illum

193 4062 428 4122 spernat.
464 4053 710 4111 Deducite
736 4069 904 4113 autem
951 4061 1101 4116 illum
1142 4066 1194 4118 in
1221 4083 1382 4136 pace,
1417 4083 1470 4124 ut
1513 4078 1679 4130 veniat
1717 4081 1784 4132 ad

195 4159 284 4196 me
316 4158 336 4197 .'
375 4157 607 4215 exspecto
645 4151 780 4202 enim
819 4150 965 4206 illum
1018 4171 1135 4209 cum
1173 4157 1436 4225 fratribus.
1471 4162 1550 4219 De
1600 4169 1786 4237 Apollo

194 4243 370 4290 autem
400 4237 579 4306 fratre,
610 4240 824 4296 multum
853 4247 1028 4313 rogavi
1053 4263 1168 4300 eum
1191 4259 1246 4302 ut
1271 4254 1458 4308 veniret
1479 4258 1548 4309 ad
1571 4274 1654 4313 vos
1669 4278 1786 4315 cum

195 4328 454 4397 fratribus
479 4344 499 4383 :
525 4339 571 4383 et
599 4333 771 4400 utique
814 4349 915 4387 non
965 4337 1063 4403 fuit
1103 4337 1333 4394 voluntas
1389 4345 1505 4412 ejus
1556 4359 1612 4401 ut
1655 4367 1788 4408 nunc

1889 3254 2011 3295 eum
2044 3254 2149 3292 non
2171 3247 2371 3300 amant,
2394 3237 2681 3290 anathema
2707 3237 2814 3290 illis
2838 3237 3022 3292 venit:
3048 3237 3100 3291 id
3125 3248 3230 3304 est,
3260 3248 3320 3292 ut
3347 3238 3470 3292 illos

1887 3333 2226 3388 abominetur
2270 3341 2326 3386 et
2374 3331 2582 3399 perdat.
2630 3329 2811 3384 Gratia
2856 3329 3069 3384 Domini
3110 3328 3234 3384 Jesu
3281 3329 3474 3384 Christi

1887 3427 2162 3482 vobiscum.
2213 3423 2553 3492 Subscriptio
2598 3431 2681 3478 est
2724 3441 2735 3476 :
2773 3423 2874 3477 hoc
2921 3432 3022 3486 est,
3073 3424 3144 3478 sit
3186 3423 3467 3479 vobiscum

1883 3519 2056 3590 gratia
2079 3531 2317 3586 semper,
2349 3516 2468 3570 sine
2491 3516 2644 3585 cujus
2673 3515 2877 3570 auxilio
2903 3514 3203 3570 subsistere
3233 3531 3340 3570 non
3367 3532 3470 3586 po-

1891 3614 2064 3676 tesﬁs,
2115 3627 2215 3667 nec
2264 3609 2464 3681 aliquid
2497 3611 2619 3664 boni
2651 3609 2851 3664 facere.
2904 3607 3146 3663 Charitas
3195 3626 3308 3664 mea
3355 3626 3470 3662 cum

1888 3706 2122 3760 omnibus
2148 3706 2284 3759 vobis
2316 3705 2366 3757 in
2393 3702 2596 3758 Christo
2613 3703 2759 3757 Jesu.
2781 3702 2894 3757 Non
2921 3701 3166 3756 saeculari
3184 3701 3470 3766 charitate,

1892 3809 1947 3852 ut
1993 3798 2266 3867 quomodo
2295 3810 2392 3851 vos
2421 3810 2520 3865 ego
2549 3795 2735 3865 diligo,
2769 3795 2839 3848 ita
2870 3808 2964 3849 vos
2994 3795 3314 3848 alterutrum
3344 3793 3472 3847 dili—

1889 3891 2026 3959 gatis
2059 3891 2110 3944 in
2145 3889 2362 3943 Christo
2399 3889 2490 3956 qui
2521 3887 2662 3942 dixit
2695 3905 2707 3939 :
2741 3885 2797 3941 In
2840 3887 2944 3941 hoc
2991 3897 3347 3956 cognoscetur
3375 3901 3474 3940 vos

1891 3983 2186 4050 discipulos
2236 3995 2385 4035 meos
2418 3995 2561 4044 esse,
2605 3980 2650 4034 si
2704 3979 2932 4033 invicem
2985 3978 3237 4047 diligatis.
3287 3978 3470 4031 Amen.

1891 4075 2239 4131 Conlirmatio
2270 4071 2657 4129 benedictionis
2694 4083 2810 4137 est,
2842 4087 3020 4126 amen.
3055 4071 3206 4126 Sicut
3233 4071 3348 4140 ipse
3383 4084 3475 4124 sn-

1893 4169 2076 4236 perius
2107 4165 2237 4219 dicit
2272 4183 2284 4216 :
2333 4163 2614 4231 Quomodo
2659 4162 2789 4216 dicit
2817 4174 2973 4215 amen
3017 4175 3178 4228 super
3205 4169 3350 4214 tuam
3383 4161 3476 4214 hc-

1895 4258 2275 4315 nedictionem.
2779 4247 2810 4277 ⁸

894 4589 1027 4668 ΑΙ)
1069 4591 1683 4684 CORINTHIOS
1735 4607 2230 4689 EPISTULA
2280 4610 2768 4689 SECUNDA.

737 4780 1240 4843 ARGUMEN'I‘UM.

232 4894 365 4966 Post
406 4900 570 4945 actam
599 4895 945 4966 paenitentiam
975 4899 1378 4958 consolatoriam
1410 4910 1584 4962 scribit
1613 4912 1682 4965 eis
1714 4929 1746 4966 a

311 4965 528 5031 Troade,
551 4974 597 5018 et
623 4964 924 5020 collaudatis
953 4985 1037 5022 eos
1066 4970 1298 5025 hortatur
1341 4981 1408 5029 ad
1434 4964 1668 5034 meliora.

269 5073 450 5131 Car-ur
481 5087 696 5130 PBIIUI.
726 5076 928 5132 Paulus
949 5079 1225 5148 Apostolus
1244 5083 1372 5138 Jesu
1393 5087 1601 5146 Christi.
1621 5092 1782 5159 Qua:-

196 5169 336 5224 ritur
355 5181 449 5222 cur
464 5168 515 5222 in
535 5169 783 5224 amnibus
806 5169 1082 5241 Epistolis,
1100 5187 1282 5229 contra
1302 5193 1456 5235 usum
1482 5184 1775 5257 scribendi,

196 5259 375 5331 primo
389 5274 541 5314 suum
558 5275 751 5315 nomen
776 5271 960 5331 ponat,
973 5273 1026 5318 et
1048 5264 1128 5320 sic
1142 5280 1329 5322 eorum
1347 5271 1541 5340 quibus
1561 5276 1776 5343 scribit;

195 5351 295 5407 sed
326 5351 426 5406 hoc
471 5353 805 5410 auctoritatis
835 5365 916 5411 est
953 5359 1260 5427 apostolica:
1286 5370 1342 5416 et
1394 5364 1616 5434 ordinis,
1653 5371 1778 5438 quia

201 5443 503 5498 minoribus
533 5460 592 5500 se
617 5447 824 5512 scribit,
852 5449 1394 5520 sicutsolentjudices
1421 5454 1488 5508 ad
1519 5471 1612 5511 eos
1639 5473 1776 5526 quos

195 5544 395 5604 regunt
424 5547 688 5606 praecepta
717 5537 969 5609 dirigere.
999 5540 1101 5595 Per
1132 5543 1439 5600 voluntatem
1476 5546 1592 5603 Dei.
1624 5548 1777 5608 Sicut

194 5625 264 5681 ad
293 5625 506 5682 Galatas
533 5627 662 5682 dicit
694 5646 708 5682 :
738 5629 854 5683 Non
887 5631 956 5685 ab
997 5632 1320 5702 hominibus,
1353 5651 1527 5708 neque
1555 5654 1650 5708 per
1678 5642 1776 5696 ho-

197 5718 429 5784 minem;
462 5719 622 5772 simul
663 5727 722 5774 ut
750 5722 1057 5778 ostenderet
1086 5739 1196 5781 non
1229 5726 1348 5786 sine
1377 5730 1650 5791 voluntate
1675 5731 1777 5790 Pa-

439 5811 711 5875 Ps'rnon.
746 5812 1028 5875 LXVIII.
1079 5813 1093 5822 ’

1810 4807 1983 4870 Dtris
2025 4822 2084 4859 se
2133 4807 2400 4860 missum:
2434 4803 2526 4859 Dei
2557 4815 2736 4859 autem
2784 4803 3113 4858 voluntatem
3159 4803 3358 4872 justam
3412 4815 3468 4861 et

1886 4896 2258 4951 rationabilem
2276 4910 2396 4950 esse
2422 4895 2602 4950 nullus
2625 4896 2853 4965 ignorat.
2878 4893 2948 4948 Et
2969 4894 3268 4950 Timotheus
3286 4897 3469 4964 frater.

1886 4983 2004 5039 Non
2028 4983 2162 5038 dixit
2188 4985 2384 5040 Paulus
2413 4992 2467 5039 et
2494 4982 2839 5048 Timotheus,
2867 4986 2989 5052 quia
3023 4998 3130 5037 non
3161 4985 3321 5040 ambo
3343 5000 3476 5054 apo-

1886 5077 2030 5132 stoli.
2046 5077 2126 5131 Ad
2151 5077 2529 5147 ’Philippenses
2550 5091 2698 5140 vero,
2717 5075 2812 5131 ubi
2828 5075 3121 5130 auctoritas
3145 5090 3248 5129 non
3268 5085 3476 5131 tantum

1887 5180 2002 5223 erat
2028 5169 2350 5233 necessaria,
2366 5169 2444 5223 sic
2472 5168 2657 5238 incipit
2673 5185 2687 5220 :
2702 5168 2896 5223 Paulus
2919 5177 2974 5222 et
2993 5167 3310 5222 Timotheus
3331 5169 3476 5223 servi

1886 5258 2014 5314 Jesu
2040 5256 2238 5314 Christi
2273 5275 2286 5311 :
2315 5258 2437 5328 quia
2456 5260 2616 5313 ambo
2641 5268 2764 5314 sunt
2785 5258 2948 5313 servi.
2983 5256 3228 5312 Ecclesia:
3249 5257 3345 5311 Dei
3361 5275 3480 5327 qua

1883 5357 1956 5402 est
1978 5347 2238 5406 Corinthi.
2268 5350 2396 5405 Erat
2416 5351 2558 5406 enim
2583 5351 2656 5405 ibi
2685 5351 2945 5416 Ecclesia,
2977 5360 3031 5406 et
3059 5365 3164 5405 non
3199 5351 3314 5406 Dei.
3343 5349 3478 5406 Cum

1880 5441 2070 5494 sanctis
2101 5442 2336 5495 omnibus
2366 5443 2455 5512 qui
2481 5454 2602 5497 sunt
2629 5443 2682 5496 in
2707 5446 2941 5496 universa
2981 5441 3201 5496 Achaia.
3241 5444 3480 5500 Possunt

1879 5533 2050 5588 sancti
2081 5533 2167 5588 hic
2192 5535 2382 5601 accipi,
2428 5550 2535 5589 non
2572 5537 2743 5589 solum
2776 5535 3046 5603 haptizati,
3079 5535 3174 5590 sed
3203 5546 3256 5592 et
3293 5551 3476 5593 sacer-

1879 5621 2033 5678 dotes
2080 5624 2204 5690 Dei,
2247 5626 2382 5680 sicut
2414 5625 2466 5679 in
2497 5626 2667 5694 prima
2697 5644 2712 5682 :
2739 5626 2872 5680 Cum
2903 5625 3153 5681 omnibus
3186 5627 3274 5696 qui
3321 5628 3471 5684 invo-

1884 5719 2008 5768 cant
2033 5727 2228 5770 nomen
2265 5713 2495 5772 Domini.
2541 5715 2606 5772 Et
2635 5715 2701 5771 ad
2746 5715 3120 5789 Philippenses
3151 5735 3167 5775 :
3200 5718 3330 5777 Cum
3359 5722 3472 5792 epi-

2963 5830 3036 5893 18
