3982 6352
174 272 276 329 557

1016 266 1086 327 IN
1128 264 1509 327 EPISTOLAM
1536 267 1581 323 ll
1618 266 1711 323 AD
1742 264 2152 327 CORINTHIOS
2188 266 2704 328 COMMENTARIA.

3318 274 3423 331 558

173 391 391 445 dicimus
422 401 571 440 amen
598 384 726 439 Deo.
746 382 999 440 Veritatis
1026 381 1287 451 impletio.
1311 381 1392 435 Ad
1417 380 1633 451 glar'am
1656 395 1744 433 no-
1773 383 1817 438 A
1849 381 2025 437 scribo
2046 398 2170 439 eum
2201 383 2388 453 recipi,
2415 392 2476 439 ut
2504 400 2607 439 nou
2636 399 2732 440 vos
2764 394 2967 457 gravet,
2994 386 3037 440 si
3070 401 3162 457 per
3193 399 3423 446 vestram

174 493 352 536 stram.
382 478 566 533 Omnis
591 475 784 532 veritas
826 473 1233 545 promissionum
1273 472 1326 526 in
1376 471 1587 526 Christo
1639 478 1744 536 est,

176 588 294 643 qua:
327 585 420 640 per
463 583 559 623 nos
584 567 650 623 ad
677 566 900 637 gloriam
949 564 1042 618 Dei
1087 562 1405 631 completur.
1441 560 1541 626 Qui
1581 569 1751 614 autem

174 662 446 733 conﬁrmat
472 675 582 713 nos.
614 656 748 726 Quia
767 657 974 713 dixerat
1002 671 1021 709 «ε
1066 654 1170 709 Per
1196 668 1292 708 nos
1309 692 1325 720 ,
1356 656 1516 707 modo
1539 652 1638 707 hoc
1665 660 1751 707 to-

176 766 291 811 tum
322 752 553 815 ostudit
599 751 765 805 Deum
818 750 1014 812 facere,
1070 746 1160 816 qui
1208 745 1263 799 in
1290 746 1369 800 eis
1419 748 1516 799 ista
1575 746 1749 801 omnia

176 854 429 915 operatus
451 852 551 908 est,
578 857 645 898 ne
672 841 772 896 sibi
801 839 998 909 aliquid
1026 839 1256 893 humana
1279 837 1562 892 inﬁrmitas
1596 851 1749 892 arro-

178 945 353 1006 garet.
393 932 665 989 Vobiscum
703 933 756 985 in
782 930 1002 986 Christo.
1041 929 1355 984 Virtutibus.
1400 927 1469 981 Ει
1495 929 1582 1000 qui
1611 929 1754 984 unxit

180 1042 275 1080 nos
306 1025 462 1080 Deus.
506 1022 706 1093 Spiritu
750 1030 957 1084 sancto,
987 1021 1072 1075 vel
1120 1018 1429 1074 chrismate.
1462 1017 1529 1071 Et
1573 1019 1660 1089 qui
1686 1018 1755 1073 si-

180 1118 349 1189 gnavit
378 1133 491 1174 nos.
523 1119 690 1171 Omne
719 1115 858 1185 quod
880 1115 1200 1169 intrinsecus
1220 1120 1306 1168 est
1343 1112 1654 1181 pretiosum,
1683 1111 1755 1165 si-

182 1221 391 1280 gnatur.
425 1208 488 1263 Et
519 1209 655 1263 dedit
685 1208 867 1280 pignus
894 1205 1119 1277 Spiritus
1164 1207 1217 1259 in
1258 1204 1495 1258 cordibus
1548 1202 1752 1258 nostris.

187 1300 370 1355 Umnis
404 1302 561 1353 arrha
586 1312 681 1368 pro
702 1295 858 1367 pretii
886 1294 1247 1364 magnitudine
1271 1292 1426 1348 datur
1453 1310 1466 1345 :
1496 1302 1755 1362 quantum

180 1406 314 1459 ergo
344 1388 619 1461 praemium
665 1396 767 1452 est,
816 1386 969 1456 cujus
1018 1395 1161 1441 tanta
1210 1393 1293 1440 est
1336 1383 1528 1438 arrha?
1560 1382 1612 1437 id
1652 1390 1756 1450 est,

185 1484 354 1554 gratia
377 1481 623 1551 Spiritus.
655 1478 764 1550 Ego
786 1489 975 1532 autent.
1008 1476 1201 1532 Reddit
1228 1490 1418 1532 causas
1457 1489 1622 1545 quare
1647 1488 1755 1531 non

186 1574 325 1639 ierit,
355 1588 459 1628 non
485 1588 595 1628 suae
629 1570 850 1636 levitati,
896 1569 989 1625 sed
1019 1568 1231 1623 illorum
1264 1567 1560 1622 inﬁrmitati
1588 1566 1758 1636 depu—

189 1669 425 1722 tandum.
449 1665 646 1721 Testem
668 1663 831 1717 Deum
858 1663 1034 1717 invoco
1063 1664 1116 1716 in
1142 1663 1368 1716 animam
1390 1676 1572 1716 meam.
1591 1661 1759 1728 Quem

1848 472 2092 528 duritiam
2119 474 2505 544 desperaverit.
2540 477 2736 547 Sufﬁcit
2764 478 2862 544 illi,
2895 478 2981 547 qui
3008 477 3307 551 hujusmodi
3328 495 3423 547 est,

1848 565 2138 637 objurgalio
2164 566 2303 632 hare,
2336 584 2450 638 quis
2479 568 2593 639 {tta
2617 568 2871 640 pluribus.
2900 571 3016 627 Non
3045 573 3215 628 solum
3240 574 3306 631 de
3336 575 3435 629 illa

1849 654 1996 718 dicit,
2027 657 2115 726 qui
2144 667 2418 726 paternum
2442 660 2629 729 polluit
2654 669 2847 727 torum,
2878 663 2971 717 sed
3019 663 3089 719 de
3110 668 3254 720 omni
3299 681 3426 737 pec-

1850 746 2193 815 cante:quia
2225 747 2379 802 multi
2433 762 2806 818 peccaverunt,
2866 752 3002 808 sicut
3054 755 3221 825 prima
3269 758 3428 814 docet

1852 830 2105 899 Epistola.
2139 831 2225 889 Ila
2256 844 2309 888 ut
2350 848 2526 891 contra
2557 840 2718 911 magis
2744 840 2963 911 denelis,
2996 854 3042 896 et
3064 845 3424 911 consolemini,

1851 940 1915 980 ne
1936 925 2066 994 forte
2093 926 2449 981 abundantiori
2494 930 2699 983 tristitia
2727 932 3078 999 absorbeatur,
3119 938 3205 1005 qui
3238 936 3429 1009 hujus—

1854 1015 1991 1068 modi
2012 1026 2105 1069 est.
2130 1016 2348 1071 Donetis
2377 1019 2604 1084 veniam,
2632 1031 2686 1076 et
2712 1023 3061 1080 consulamini
3092 1029 3268 1083 verbis
3297 1030 3431 1084 Pro-

1855 1106 2031 1176 pheta:
2054 1122 2074 1161 7:
2106 1108 2238 1163 Nolo
2264 1118 2489 1165 mortem
2517 1115 2830 1179 peccatoris,
2862 1124 3064 1172 tantum
3105 1130 3162 1175 ut
3197 1136 3429 1179 conver-

1856 1205 2018 1254 tatur.
2062 1200 2126 1253 Et
2154 1216 2167 1255 :
2197 1201 2525 1273 Quacunque
2552 1204 2641 1259 die
2686 1220 2976 1264 conversus
3005 1209 3166 1267 fuerit
3193 1214 3427 1285 iniquus.

1857 1288 1935 1345 Ne
1957 1305 2051 1359 per
2064 1290 2497 1361 desperationem
2522 1295 2867 1368 indulgentiae
2910 1302 3283 1374 absorbeatur,
3316 1324 3434 1378 pro-

1858 1379 2023 1436 fundo
2050 1383 2301 1439 vitiorum
2326 1386 2409 1441 vel
2438 1402 2467 1440 a
2498 1388 2714 1444 diabolo
2738 1391 3043 1466 absqrptus,
3089 1398 3156 1452 ad
3196 1398 3428 1454 inﬁdeli-

1856 1471 1984 1526 titis
2030 1480 2084 1527 et
2132 1472 2473 1543 blasphemia:
2527 1478 2815 1547 praecipitia
2855 1481 3166 1539 deducatur.
3215 1485 3435 1559 PrOpter

1859 1562 1997 1632 quod
2026 1563 2230 1617 obsecro
2261 1580 2367 1633 vos,
2399 1574 2455 1619 ut
2479 1568 2787 1633 conﬁrmetis
2824 1569 2878 1623 in
2926 1572 3073 1627 illum
3112 1572 3435 1635 charitatem.

1865 1651 1936 1708 Ut
1961 1668 2054 1722 per
2083 1654 2417 1725 prophetiam
2450 1670 2510 1713 se
2546 1668 2800 1726 agnoscat
2832 1662 3039 1718 veniam
3066 1678 3433 1735 consecutum,

187 1759 361 1814 solum
388 1759 580 1812 animm
603 1764 810 1811 secreta
852 1768 958 1809 non
1007 1752 1214 1809 fallunt.
1249 1753 1397 1820 Quod
1439 1769 1649 1823 parcens
1677 1770 1763 1809 νου
1796 1739 1838 1799 Β
1867 1758 1967 1812 qua
1999 1743 2142 1799 Deus
2160 1744 2291 1801 ἀίκίι
2319 1763 2332 1798 ε
2365 1745 2499 1801 Νοιο
2548 1758 2776 1805 Nouem
2821 1754 3116 1810 morientis.
3144 1755 3275 1813 Ideo
3304 1761 3441 1816 enim

188 1850 284 1916 bis,
319 1865 417 1902 non
446 1846 555 1901 ueni
578 1848 717 1900 ultra
746 1844 1063 1898 Corinthum.
1086 1843 1161 1899 Ne
1190 1845 1244 1899 in
1266 1844 1415 1899 vobis
1443 1845 1623 1899 acrius
1652 1846 1767 1901 vin-

189 1942 443 1995 dicarem.
481 1938 598 1993 Non
626 1937 746 2008 quia
769 1937 1092 1990 dominamur
1130 1936 1250 2005 ﬁdei
1279 1943 1476 1991 vestrm.
1498 1936 1615 1992 Non
1637 1939 1762 2008 quia

195 2032 324 2087 ideo
353 2028 680 2096 credidistis,
710 2037 767 2083 ut
802 2028 955 2083 vobis
992 2028 1348 2094 dominemur,
1387 2030 1526 2085 sicut
1564 2030 1615 2084 in
1653 2030 1771 2101 lege

192 2120 521 2186 sacerdotes,
543 2128 601 2175 et
628 2119 748 2174 ideo
765 2133 859 2175 vos
882 2127 1164 2187 terremus,
1191 2119 1286 2175 sed
1304 2120 1481 2175 omnia
1497 2119 1563 2176 ad
1583 2135 1772 2177 emen-

190 2209 463 2265 dationem
494 2218 726 2263 vestram
755 2208 996 2275 facEmus,
1033 2218 1090 2263 ut
1117 2217 1173 2264 et
1221 2209 1307 2264 hic
1350 2210 1402 2264 in
1438 2212 1769 2266 conscientia

192 2310 251 2357 et
280 2300 333 2355 in
377 2310 632 2371 perpetuo
676 2300 969 2370 gaudeatis.
1018 2299 1134 2356 Non
1178 2301 1320 2371 quod
1361 2303 1553 2357 iterum
1610 2304 1764 2372 quasi

191 2391 331 2445 servi
382 2399 523 2445 metu
552 2390 835 2460 cogamini,
877 2388 975 2445 sed
1010 2390 1115 2460 ipsi
1162 2391 1397 2447 libertati
1442 2392 1769 2463 adjutorium

192 2484 402 2549 damus,
435 2498 503 2538 ne
534 2482 657 2537 dum
689 2482 806 2551 ejus
849 2497 1153 2538 mensuram
1195 2498 1413 2541 servare
1443 2501 1550 2541 non
1579 2487 1770 2559 nostis,

192 2574 363 2629 ruatis
412 2575 466 2629 in
497 2575 668 2645 pejus.
712 2574 817 2629 Sed
846 2575 1110 2642 adiutores
1137 2592 1331 2632 sumus.
1356 2575 1770 2648 Cooperalores.

188 2666 385 2723 Caudii
412 2668 582 2724 vestri.
614 2665 757 2721 Nam
780 2667 882 2738 ﬁde
909 2668 1139 2722 stetistis.
1182 2667 1360 2725 Liberi
1394 2671 1544 2736 estis,
1585 2673 1628 2725 si
1668 2684 1774 2727 non

193 2758 449 2831 peccatis.
490 2758 697 2814 Gaudet
734 2760 1081 2828 conscientia,
1114 2774 1236 2815 cum
1266 2760 1526 2817 bonorum
1553 2777 1776 2832 operum

190 2847 524 2905 recordatur.
556 2849 798 2905 Doctoris
844 2850 1092 2920 gaudium
1120 2860 1206 2907 est
1232 2850 1615 2923 discipulorum
1645 2869 1773 2924 pro-

192 2939 390 2996 feetus.

262 3031 397 3087 Car.
436 3047 494 3085 tt.
538 3030 711 3087 Statui
741 3042 908 3088 autem
938 3033 1034 3087 hoc
1069 3033 1179 3105 ipse
1207 3036 1347 3105 apud
1384 3052 1485 3092 me.
1513 3036 1773 3107 Cogitavi,

1865 1837 2073 1905 scripsi,
2104 1846 2175 1892 .ut
2222 1854 2522 1910 cognoscam
2560 1849 2956 1912 experimentum
3002 1858 3239 1922 uestrum,
3273 1869 3341 1909 an
3387 1856 3443 1910 in

1866 1926 2103 1983 omnibus
2133 1928 2416 1985 obedientes
2441 1931 2573 1985 sitis.
2602 1932 2728 1987 ideo
2761 1934 2897 1991 hanc
2921 1941 3212 1997 secundam
3240 1947 3439 2013 scribo,

1871 2028 1931 2074 ut
1958 2020 2187 2089 videam,
2219 2022 2266 2077 si
2292 2023 2561 2094 quomodo
2592 2025 2849 2083 obedistis
2892 2028 2947 2083 in
2972 2037 3444 2092 excommunicau-

1869 2109 2077 2186 do,qsic
2104 2112 2366 2169 obediatis
2392 2113 2447 2169 in
2487 2116 2817 2183 recipiendo.
2842 2119 3155 2177 Obedientia
3184 2125 3327 2180 enim
3354 2126 3443 2181 illa

1871 2205 2108 2273 perfecta
2130 2216 2184 2260 et
2207 2222 2332 2263 vera
2361 2217 2464 2271 est.
2488 2224 2607 2279 qua:
2632 2209 2685 2265 in
2710 2212 2860 2267 nullo
2881 2217 3197 2273 contemnit.
3226 2219 3322 2274 Cui
3347 2238 3442 2276 au-

1871 2302 1972 2347 tem
1990 2296 2186 2366 aliquid
2226 2296 2474 2353 donastis.
2507 2297 2611 2354 Pro
2639 2302 2986 2360 donaveritis.
3037 2305 3103 2360 Et
3141 2326 3253 2380 ego.
3299 2313 3448 2369 Sicut

1871 2386 2143 2444 vobiscum
2175 2389 2460 2455 vindicavi,
2505 2390 2580 2446 ita
2605 2403 2658 2448 et
2701 2394 2977 2450 vobiscum
3030 2398 3194 2455 dono.
3229 2402 3366 2457 Nam
3398 2416 3444 2459 et

1871 2494 1965 2551 ego
2007 2478 2142 2549 quod
2184 2481 2389 2535 donaui.
2437 2482 2502 2536 Et
2533 2496 2633 2553 ego
2660 2485 2802 2553 quod
2854 2486 3070 2556 donavi,
3103 2505 3208 2545 non
3238 2493 3292 2547 in
3324 2509 3444 2550 mea

1874 2587 2100 2644 persona
2122 2613 2137 2639 ,
2187 2573 2285 2630 sed
2329 2572 2530 2630 Christi
2568 2576 2658 2646 qui
2705 2577 2843 2633 dixit
2871 2595 2883 2631 :
2914 2579 3047 2647 Quae
3076 2584 3361 2641 ‘solveritis
3391 2589 3444 2644 in

1875 2672 2041 2731 terra,
2058 2674 2218 2719 erunt
2241 2664 2411 2719 soluta
2428 2675 2484 2721 et
2505 2667 2559 2721 in
2582 2668 2744 2723 caelo.
2780 2669 2841 2723 Si
2867 2671 2989 2738 quid
3010 2670 3217 2740 donaui,
3239 2688 3450 2747 propter

1875 2770 1983 2810 vos.
2012 2755 2089 2812 Ne
2117 2770 2212 2810 vos
2230 2757 2545 2826 gravemini.
2577 2754 2643 2811 In
2672 2774 2890 2828 persona
2917 2758 3130 2818 Christi.
3160 2765 3292 2831 Quia
3323 2783 3448 2837 per.

1875 2861 2061 2902 sonam
2090 2846 2325 2918 gerimus
2351 2847 2575 2904 Christi.
2610 2846 2679 2903 Ut
2702 2864 2805 2904 non
2823 2851 3329 2911 circumvenientium
3346 2860 3452 2915 Sa-

1877 2945 2016 2992 tona.
2047 2936 2299 2993 Similiter
2328 2936 2471 2991 enim
2490 2937 2840 2994 circumvenit
2871 2956 2967 3009 per
2996 2943 3216 3000 nimiam
3243 2953 3447 3004 severi-

1878 3039 2041 3086 tatem
2067 3039 2329 3099 nostram,
2357 3040 2419 3086 ut
2457 3043 2676 3101 pereant
2701 3035 2893 3090 animas
2922 3036 3277 3106 deSperando,
3311 3028 3451 3109 qui».

190 3125 284 3181 vel
317 3126 573 3195 disposui.
624 3125 704 3180 Ne
748 3127 931 3181 iterum
972 3126 1027 3180 in
1057 3127 1266 3181 tristitia
1302 3128 1525 3182 uenirem
1552 3129 1622 3182 ad
1667 3144 1775 3185 eos.
1802 3098 1849 3161 θ
1881 3123 2041 3180 modo
2075 3135 2126 3179 et
2151 3138 2247 3193 per
2274 3125 2492 3179 nimiam
2521 3125 2809 3181 bonitatem
2849 3140 3086 3185 nostram
3136 3148 3239 3186 non
3279 3140 3452 3191 corri-

188 3217 299 3285 Qui
332 3219 558 3286 primum
588 3215 642 3271 in
669 3215 862 3286 gaudio
893 3230 1165 3281 veneram,
1198 3216 1411 3286 quando
1447 3217 1771 3273 credidistis.

191 3309 255 3367 Si
289 3309 421 3363 enim
452 3324 543 3379 ego
569 3309 809 3363 contristo
833 3324 940 3374 vos,
967 3317 1015 3362 et
1040 3309 1151 3378 quis
1177 3318 1253 3363 est
1278 3310 1366 3380 qui
1394 3326 1473 3365 me
1511 3308 1779 3381 (letiﬁca?

190 3401 282 3456 Ad
313 3400 414 3455 hoc
439 3415 535 3456 vos
562 3400 845 3468 contristo,
881 3410 935 3456 ut
962 3400 1220 3472 gaudeam
1250 3401 1316 3456 de
1342 3401 1513 3458 vobis.
1542 3402 1664 3458 Nisi
1690 3404 1778 3473 qui

188 3494 535 3548 contristatur
565 3508 631 3549 es
654 3493 767 3547 me?
795 3492 896 3559 Qui
942 3493 1083 3547 enim
1116 3494 1482 3562 contristatur,
1533 3495 1779 3567 intelligit

190 3602 253 3643 se
306 3600 589 3656 peccasse;
635 3585 775 3641 sicut
801 3600 967 3656 ager,
994 3586 1087 3655 qui
1127 3585 1367 3643 dolorem
1392 3587 1566 3644 adhuc
1593 3590 1775 3656 sentit,

190 3689 383 3753 potest
411 3680 646 3751 recipere
672 3680 971 3735 sanitatem.
1025 3679 1095 3733 Et
1139 3679 1237 3734 hac
1262 3681 1431 3750 ipsa.
1470 3682 1651 3753 scripsi
1693 3698 1781 3738 vo-

188 3774 300 3827 bis.
331 3771 452 3826 Ideo
479 3772 689 3841 scripsi,
732 3781 790 3827 ut
818 3768 1008 3828 litteris
1051 3774 1279 3828 correcti
1329 3785 1649 3843 prementem
1692 3788 1787 3833 Inc

188 3864 435 3936 gaudere
465 3863 728 3920 faceretis.
767 3864 834 3922 Ut
854 3882 956 3920 non
976 3883 1093 3921 cum
1112 3883 1311 3932 uenero,
1338 3868 1600 3924 tristitiam
1628 3886 1782 3937 super

194 3956 464 4011 tristitiam
491 3956 720 4010 habeam.
755 3956 1043 4012 Tri-litiam
1076 3957 1216 4012 enim
1262 3958 1457 4023 habeo,
1485 3959 1608 4028 quia
1654 3973 1777 4028 pee-

197 4047 336 4100 catis
370 4064 385 4099 ε
432 4055 651 4114 augetur
688 4061 815 4116 ergo
857 4047 1097 4114 tristitia,
1146 4047 1193 4103 si
1236 4063 1330 4103 vos
1369 4049 1436 4103 ad
1482 4049 1776 4119 perfectum

198 4151 309 4189 non
339 4135 650 4191 emendatis.
687 4136 758 4191 De
785 4137 967 4208 quibus
996 4148 1289 4207 aportuerat
1318 4156 1397 4194 me
1420 4142 1663 4211 gaudere.
1706 4142 1781 4198 De

193 4227 398 4295 quibus
435 4242 521 4283 me
551 4243 820 4299 nunquam
845 4238 1157 4298 oportuerat
1193 4232 1520 4297 contristari,
1552 4232 1667 4287 sive
1711 4232 1779 4286 de

195 4316 579 4372 emendatione
623 4318 872 4387 gaudere.
923 4317 1196 4386 Conﬁdens
1240 4320 1293 4372 in
1339 4321 1571 4373 omnibus
1617 4320 1776 4388 vobis,

192 4406 447 4477 quoniam
476 4422 641 4459 meum
667 4406 913 4474 gaudium
946 4408 1174 4459 omnium
1202 4415 1425 4461 vestrum
1467 4418 1559 4461 est.
1602 4406 1779 4463 Conti.

193 4498 344 4553 dens
361 4510 454 4550 vos
479 4510 665 4549 omnes
683 4494 1002 4563 intelligere,
1023 4496 1145 4564 quia
1175 4505 1301 4551 tunc
1325 4510 1505 4551 verum
1528 4498 1777 4567 gaudium

196 4584 437 4649 habetis,
468 4585 512 4639 si
539 4600 637 4655 ego
661 4585 887 4656 gaudeo.
919 4586 1056 4640 Nam
1084 4603 1147 4642 ex
1185 4588 1350 4643 multa
1375 4589 1700 4646 tribulatione
1734 4602 1782 4647 et

193 4674 448 4745 angustia
476 4676 664 4731 cordis.
697 4676 765 4731 Et
802 4676 887 4733 hic
925 4677 1325 4750 intelligendum
1371 4695 1529 4750 quam
1565 4682 1780 4740 solliciti

194 4772 366 4821 erant
394 4765 615 4834 apostoli
638 4766 705 4821 de
740 4767 976 4822 omnium
1021 4768 1212 4824 salute.
1263 4768 1467 4838 Scripsi
1516 4772 1653 4826 vobis
1692 4790 1783 4843 per

197 4855 398 4911 multas
423 4857 695 4927 lacrgmas.
736 4857 973 4914 Priorem
1008 4861 1306 4931 epistolam.
1353 4860 1475 4917 Non
1503 4874 1560 4918 ut
1586 4868 1780 4920 contri-

195 4946 431 5015 slemini,
461 4946 549 5001 sed
578 4956 632 5000 ut
657 4947 829 5001 sciatis
855 4964 1009 5017 quam
1037 4949 1357 5007 charitatem.
1401 4953 1518 5009 Non
1555 4970 1665 5025 quo
1694 4972 1783 5013 me

202 5048 387 5096 vester
407 5037 560 5093 dolor
589 5037 840 5105 delectet,
870 5039 967 5095 sed
992 5042 1113 5110 quia
1142 5043 1317 5097 curari
1346 5042 1502 5099 aliter
1543 5060 1650 5101 non
1682 5061 1779 5116 po-

202 5136 334 5183 test.
367 5128 722 5183 Abundantius
760 5127 973 5185 habeam
1004 5133 1058 5185 in
1080 5133 1236 5187 vobis.
1270 5134 1349 5189 Ne
1375 5135 1643 5191 dicerent:
1665 5137 1782 5194 Non

200 5222 311 5277 soli
345 5236 444 5277 nos
474 5223 835 5292 peccavimus.
883 5223 961 5279 Ex
1003 5225 1378 5282 abundantiori
1427 5227 1784 5288 sollicitudine

205 5314 474 5384 majorem
503 5315 725 5383 potestis
754 5314 1070 5373 charitatem
1099 5319 1345 5387 probare.
1389 5318 1451 5375 Si
1478 5321 1592 5390 quis
1616 5330 1785 5377 autem

203 5408 549 5475 contristaeit,
577 5424 678 5462 non
705 5424 780 5463 me
810 5410 1141 5466 contristavit.
1185 5411 1318 5479 Quia
1348 5426 1443 5481 per
1482 5412 1626 5467 illius
1666 5429 1787 5481 pec-

206 5508 396 5555 catum
428 5497 590 5553 etiam
605 5512 701 5553 vos
721 5499 951 5568 correpti
972 5501 1198 5570 amplius
1225 5502 1501 5570 proﬁcitis,
1532 5502 1645 5558 sive
1665 5504 1788 5573 quia

207 5587 549 5654 emendavit,
576 5603 680 5644 non
719 5603 813 5657 per
834 5589 1011 5644 omnia
1032 5590 1382 5646 contristavit.
1416 5590 1523 5647 Sed
1544 5608 1607 5645 ea:
1626 5600 1787 5661 parte.

208 5681 381 5751 Quasi
407 5681 579 5738 bonus
606 5681 803 5738 nocuit.
838 5682 905 5739 Ut
945 5699 1048 5738 non
1098 5700 1297 5740 ouerem
1337 5702 1509 5741 omnes
1533 5702 1638 5742 vos.
1668 5687 1793 5744 Ideo

1877 3213 2053 3286 gendo
2080 3230 2094 3267 :
2127 3214 2269 3269 unde
2291 3214 2543 3270 Salomon
2572 3216 2678 3271 ait:
2704 3216 2819 3272 Non
2839 3218 3075 3275 declines
3090 3225 3154 3276 ad
3173 3224 3447 3283 dexteram

1878 3320 2053 3375 neque
2079 3304 2371 3361 sinistram.
2401 3305 2657 3372 Quamvis
2682 3315 2790 3362 tota
2818 3309 3040 3378 epistola
3067 3326 3251 3368 contra
3280 3316 3454 3372 Nova-

1880 3400 2054 3455 tianos
2080 3399 2173 3466 sit,
2196 3406 2374 3454 tamen
2404 3399 2492 3456 hic
2506 3400 2905 3458 evidentissime
2921 3408 3275 3464 Ostenduntur
3304 3427 3335 3466 a
3351 3412 3457 3467 dia-

1878 3490 2005 3547 bolo
2047 3490 2395 3546 circumventi
2449 3490 2816 3561 posnitentiam
2846 3494 3133 3565 denegare.
3168 3499 3290 3554 Non
3319 3504 3454 3557 enim

1879 3584 2173 3654 ignoramus
2210 3582 2541 3653 cogitationes
2587 3583 2719 3654 ejus.
2753 3582 2844 3638 Ha:
2887 3595 3011 3641 sunt
3042 3591 3291 3646 versutia:
3316 3593 3454 3661 ejus,

1881 3682 1937 3728 ut
1964 3688 2059 3743 per
2086 3671 2435 3727 immoderata
2459 3672 2597 3727 bona
2636 3672 2785 3727 fallat
2822 3675 3086 3732 incautos.
3134 3679 3262 3734 Cum
3291 3685 3457 3737 renis-

1880 3781 1985 3823 sem
2008 3776 2177 3819 autem
2196 3764 2452 3820 Troadem
2469 3773 2679 3836 propter
2697 3764 3034 3838 Euangelium
3055 3768 3269 3826 Christi.
3299 3774 3457 3831 Modo

1882 3859 1989 3916 ibis
2014 3860 2129 3915 vult
2146 3857 2372 3929 probare
2387 3866 2586 3928 quanto
2616 3858 2847 3928 amplius
2874 3874 2968 3915 eos
2987 3862 3193 3932 diligat,
3218 3875 3272 3921 et
3293 3884 3450 3936 quam

1881 3950 1951 4007 sit
1974 3965 2180 4007 eorum-
2192 3963 2359 4006 causa
2379 3948 2663 4017 sollicitus,
2688 3949 2781 4019 qui
2809 3964 2931 4005 cum
2959 3951 3042 4007 illi
3071 3955 3248 4009 omnia
3275 3968 3458 4013 essent

1882 4055 2161 4111 prospera,
2190 4040 2393 4095 nullam
2436 4049 2615 4096 tamen
2659 4038 2847 4095 habuit
2893 4045 3127 4112 requiem
3175 4048 3295 4115 quia
3352 4065 3457 4104 non

1883 4133 2088 4189 invenit
2107 4130 2308 4196 Titum,
2337 4145 2495 4199 quem
2522 4130 2746 4186 miserat
2769 4131 2838 4185 ad
2866 4146 2980 4198 eos,
3006 4143 3064 4188 ut
3088 4136 3138 4188 ci
3164 4137 3313 4189 nunti
3350 4146 3455 4201 ret,

1884 4225 1928 4279 si
1950 4240 2007 4280 se
2034 4222 2417 4287 correxissent,
2447 4221 2549 4273 hoc
2574 4227 2631 4273 ut
2660 4220 2960 4288 intelligant
2979 4235 3100 4275 eum
3128 4223 3304 4276 omnia
3335 4237 3456 4290 pro.

1884 4325 2001 4384 pter
2022 4313 2336 4368 charitatem
2364 4311 2578 4367 fecisse.
2614 4310 2681 4363 Et
2702 4310 2891 4363 ostium
2915 4310 3045 4365 mihi
3069 4322 3301 4383 apertum
3328 4325 3457 4371 esset

1883 4414 1939 4468 in
1978 4410 2200 4466 Domino
2227 4424 2248 4464 :
2271 4423 2373 4463 non
2411 4407 2567 4461 habui
2594 4406 2814 4478 requiem
2842 4407 3047 4475 spiritui
3072 4424 3205 4464 meo.
3231 4410 3456 4480 Ostium,

1885 4504 2083 4570 aditus,
2118 4500 2199 4557 vel
2245 4499 2616 4571 Opportunitas
2646 4497 2979 4569 praedicanti,
3023 4501 3249 4571 vi-lquia
3294 4503 3458 4559 corda

1887 4610 2074 4653 eorum
2099 4592 2309 4664 aperuit
2339 4592 2480 4647 Deus
2504 4591 2697 4661 quibus
2723 4590 2813 4646 ille
2842 4591 3188 4661 prmdicabat.
3214 4594 3291 4649 Eo
3319 4598 3458 4667 quod

1885 4704 1986 4742 non
2010 4685 2283 4741 irwenirem
2300 4683 2474 4738 Titum
2504 4682 2712 4753 fratrem
2739 4697 2924 4736 meum.
2957 4682 3034 4738 Eo
3072 4684 3211 4753 quod
3241 4700 3345 4739 non
3370 4701 3459 4741 re-

1886 4778 2053 4834 disset
2079 4776 2144 4832 ad
2175 4790 2281 4842 me,
2310 4783 2367 4830 ut
2400 4788 2486 4829 me
2508 4773 2574 4828 de
2604 4771 2753 4827 vobis
2785 4772 2980 4828 faceret
3013 4775 3320 4831 certiorem.
3348 4776 3458 4830 Sed

1883 4869 1995 4923 uale
2022 4867 2214 4937 faciens
2233 4866 2306 4919 eis
2333 4865 2588 4935 profectus
2616 4878 2729 4917 sum
2750 4865 2871 4917 cito.
2902 4864 3029 4917 inde
3056 4864 3183 4931 exii,
3214 4867 3459 4934 quamvis

1884 4958 2222 5014 occasionem
2262 4954 2537 5010 habuerim
2569 4953 2889 5022 praedicandi
2918 4972 2930 5007 :
2962 4962 3017 5009 et
3043 4953 3121 5009 eis
3159 4955 3277 5009 vale
3327 4953 3461 5017 ieci,

1885 5048 1977 5119 qui
1997 5044 2364 5110 crediderunt,
2386 5059 2608 5114 quorum
2642 5043 2823 5100 cordis
2853 5043 3051 5099 ostium
3070 5045 3277 5112 aperuit
3294 5043 3458 5098 Deus.

1886 5137 1955 5192 in
1980 5136 2356 5192 Macedoniam.
2394 5134 2545 5191 Unde
2577 5146 2632 5190 et
2654 5136 2883 5190 celerius
2910 5134 2977 5189 de
3012 5135 3163 5191 vobis
3191 5137 3459 5189 audirem.

1889 5228 2125 5285 Vicinior
2150 5238 2233 5285 est
2259 5222 2475 5284 Achaiae
2517 5227 2846 5283 Macedonia.
2896 5225 3003 5282 Deo
3042 5235 3214 5282 autem
3242 5225 3458 5297 gratias,

1885 5318 1983 5394 qui
2008 5335 2204 5391 semper
2234 5319 2515 5391 triumphat
2558 5335 2651 5373 nos
2704 5319 2758 5371 in
2803 5314 3007 5373 Christo
3050 5315 3196 5372 Iesu.
3252 5315 3465 5371 Trium-

1888 5414 2057 5485 pbarc
2083 5428 2183 5470 nos
2209 5412 2335 5469 iacit
2355 5412 2467 5468 sive
2489 5412 2543 5467 in
2559 5424 2659 5465 nos
2687 5410 2803 5481 ipse
2825 5409 3136 5477 triumphat.
3169 5407 3236 5462 Et
3252 5407 3463 5461 odorem

1890 5508 2084 5562 notitia:
2111 5520 2219 5561 sua:
2238 5505 2535 5579 manifestat
2570 5517 2660 5572 per
2680 5517 2772 5555 nos
2793 5500 2847 5555 in
2883 5500 3022 5553 omni
3049 5500 3181 5560 loco.
3232 5500 3296 5553 lit
3336 5496 3461 5567 quia

1893 5598 2065 5667 primo
2108 5582 2682 5689 credentesplnodicum
2712 5590 2909 5659 aliquid
2936 5590 3083 5659 quasi
3126 5589 3345 5689 odorem
3394 5586 3462 5641 il-

1895 5664 1981 5745 dei
2007 5704 2330 5761 cognoscere
2350 5664 2612 5757 piilerant.
2650 5685 2782 5749 Quia
2808 5683 2996 5738 Christi
3020 5684 3181 5737 bonus
3214 5682 3341 5737 odor
3375 5694 3462 5735 su-
