  <div class='ocr_page' id='page_1' title='image "/cluster/home/n/w/nwhite01/storage/ocr_20150623/68/hvd.32044015469331/285.png"; bbox 0 0 3982 6352; ppageno 0'>
   <div class='ocr_carea' id='block_1_1' title="bbox 1469 277 1496 287">
    <p class='ocr_par' dir='ltr' id='par_1_1' title="bbox 1469 277 1496 287">
     <span class='ocr_line' id='line_1_1' title="bbox 1469 277 1496 287; baseline 0 -4"><span class='ocrx_word' id='word_1_1' title='bbox 1469 277 1496 287; x_wconf 67' lang='grc' dir='ltr'><strong>ο,</strong></span> 
     </span>
    </p>
   </div>
   <div class='ocr_carea' id='block_1_2' title="bbox 521 359 624 411">
    <p class='ocr_par' dir='ltr' id='par_1_2' title="bbox 521 359 624 411">
     <span class='ocr_line' id='line_1_2' title="bbox 521 359 624 411; baseline 0.01 -2"><span class='ocrx_word' id='word_1_2' title='bbox 521 359 624 411; x_wconf 60' lang='grc'><strong>530</strong></span> 
     </span>
    </p>
   </div>
   <div class='ocr_carea' id='block_1_3' title="bbox 1621 344 2649 402">
    <p class='ocr_par' dir='ltr' id='par_1_3' title="bbox 1621 344 2649 402">
     <span class='ocr_line' id='line_1_3' title="bbox 1621 344 2649 402; baseline -0.002 -2"><span class='ocrx_word' id='word_1_3' title='bbox 1621 344 1916 401; x_wconf 70' lang='grc' dir='ltr'><strong>ῬΜΜΛΞΙΙ</strong></span> <span class='ocrx_word' id='word_1_4' title='bbox 1957 344 2090 399; x_wconf 61' lang='grc' dir='ltr'><strong>Αιιιξ</strong></span> <span class='ocrx_word' id='word_1_5' title='bbox 2103 345 2274 398; x_wconf 79' lang='grc' dir='ltr'><strong>υΜΕἸ</strong></span> <span class='ocrx_word' id='word_1_6' title='bbox 2288 346 2400 399; x_wconf 77' lang='grc' dir='ltr'><strong>ΑΝΙ</strong></span> <span class='ocrx_word' id='word_1_7' title='bbox 2444 345 2649 402; x_wconf 81' lang='lat' dir='ltr'><strong>EPISC.</strong></span> 
     </span>
    </p>
   </div>
   <div class='ocr_carea' id='block_1_4' title="bbox 3667 345 3782 400">
    <p class='ocr_par' dir='ltr' id='par_1_4' title="bbox 3667 345 3782 400">
     <span class='ocr_line' id='line_1_4' title="bbox 3667 345 3782 400; baseline -0.017 0"><span class='ocrx_word' id='word_1_8' title='bbox 3667 345 3782 400; x_wconf 75' lang='lat'><strong>560</strong></span> 
     </span>
    </p>
   </div>
   <div class='ocr_carea' id='block_1_5' title="bbox 523 457 3783 535">
    <p class='ocr_par' dir='ltr' id='par_1_5' title="bbox 523 457 3783 535">
     <span class='ocr_line' id='line_1_5' title="bbox 523 457 3783 535; baseline -0.003 -11"><span class='ocrx_word' id='word_1_9' title='bbox 523 488 634 525; x_wconf 76' lang='lat' dir='ltr'><strong>mus</strong></span> <span class='ocrx_word' id='word_1_10' title='bbox 666 470 791 525; x_wconf 89' lang='lat' dir='ltr'><strong>Deo.</strong></span> <span class='ocrx_word' id='word_1_11' title='bbox 820 469 964 524; x_wconf 82' lang='lat' dir='ltr'><strong>Odor</strong></span> <span class='ocrx_word' id='word_1_12' title='bbox 1007 467 1206 524; x_wconf 65' lang='lat' dir='ltr'><strong>notitiae</strong></span> <span class='ocrx_word' id='word_1_13' title='bbox 1243 466 1337 521; x_wconf 92' lang='lat' dir='ltr'><strong>Dei</strong></span> <span class='ocrx_word' id='word_1_14' title='bbox 1385 478 1480 535; x_wconf 89' lang='lat' dir='ltr'><strong>per</strong></span> <span class='ocrx_word' id='word_1_15' title='bbox 1509 463 1804 520; x_wconf 75' lang='lat' dir='ltr'><strong>doctrinam</strong></span> <span class='ocrx_word' id='word_1_16' title='bbox 1847 472 1902 517; x_wconf 92' lang='lat' dir='ltr'><strong>et</strong></span> <span class='ocrx_word' id='word_1_17' title='bbox 1947 464 2094 531; x_wconf 84' lang='lat' dir='ltr'><strong>signa</strong></span> <span class='ocrx_word' id='word_1_18' title='bbox 2125 463 2169 522; x_wconf 77' lang='grc' dir='ltr'><strong>Α</strong></span> <span class='ocrx_word' id='word_1_19' title='bbox 2202 462 2592 516; x_wconf 79' lang='lat' dir='ltr'><strong>inexcusabiles</strong></span> <span class='ocrx_word' id='word_1_20' title='bbox 2637 460 2846 516; x_wconf 91' lang='lat' dir='ltr'><strong>fuerunt</strong></span> <span class='ocrx_word' id='word_1_21' title='bbox 2877 459 2964 531; x_wconf 91' lang='lat' dir='ltr'><strong>qui</strong></span> <span class='ocrx_word' id='word_1_22' title='bbox 3007 457 3339 514; x_wconf 63' lang='lat' dir='ltr'><strong>extrinsecus</strong></span> <span class='ocrx_word' id='word_1_23' title='bbox 3384 459 3552 530; x_wconf 90' lang='lat' dir='ltr'><strong>legem</strong></span> <span class='ocrx_word' id='word_1_24' title='bbox 3604 459 3783 513; x_wconf 48' lang='lat' dir='ltr'><strong>habes</strong></span> 
     </span>
    </p>
   </div>
   <div class='ocr_carea' id='block_1_6' title="bbox 528 554 2095 625">
    <p class='ocr_par' dir='ltr' id='par_1_6' title="bbox 528 554 2095 625">
     <span class='ocr_line' id='line_1_6' title="bbox 528 554 2095 625; baseline -0.006 -9"><span class='ocrx_word' id='word_1_25' title='bbox 528 563 916 617; x_wconf 78' lang='lat' dir='ltr'><strong>manifestatur.</strong></span> <span class='ocrx_word' id='word_1_26' title='bbox 949 559 1094 614; x_wconf 87' lang='lat' dir='ltr'><strong>Odor</strong></span> <span class='ocrx_word' id='word_1_27' title='bbox 1135 566 1308 612; x_wconf 90' lang='lat' dir='ltr'><strong>autem</strong></span> <span class='ocrx_word' id='word_1_28' title='bbox 1359 555 1499 621; x_wconf 90' lang='lat' dir='ltr'><strong>ideo,</strong></span> <span class='ocrx_word' id='word_1_29' title='bbox 1553 555 1677 625; x_wconf 84' lang='lat' dir='ltr'><strong>quia</strong></span> <span class='ocrx_word' id='word_1_30' title='bbox 1734 554 1960 609; x_wconf 83' lang='lat' dir='ltr'><strong>sentitur</strong></span> <span class='ocrx_word' id='word_1_31' title='bbox 1999 567 2095 622; x_wconf 85' lang='lat' dir='ltr'><strong>po-</strong></span> 
     </span>
    </p>
   </div>
   <div class='ocr_carea' id='block_1_7' title="bbox 532 646 2094 722">
    <p class='ocr_par' dir='ltr' id='par_1_7' title="bbox 532 646 2094 722">
     <span class='ocr_line' id='line_1_7' title="bbox 532 646 2094 722; baseline -0.006 -16"><span class='ocrx_word' id='word_1_32' title='bbox 532 653 637 706; x_wconf 86' lang='lat' dir='ltr'><strong>tius</strong></span> <span class='ocrx_word' id='word_1_33' title='bbox 677 666 834 722; x_wconf 91' lang='lat' dir='ltr'><strong>quam</strong></span> <span class='ocrx_word' id='word_1_34' title='bbox 881 650 1108 705; x_wconf 90' lang='lat' dir='ltr'><strong>videtur.</strong></span> <span class='ocrx_word' id='word_1_35' title='bbox 1160 650 1335 702; x_wconf 86' lang='lat' dir='ltr'><strong>Bonus</strong></span> <span class='ocrx_word' id='word_1_36' title='bbox 1389 648 1526 701; x_wconf 88' lang='lat' dir='ltr'><strong>odor</strong></span> <span class='ocrx_word' id='word_1_37' title='bbox 1570 646 1876 715; x_wconf 67' lang='lat' dir='ltr'><strong>praedicatio</strong></span> <span class='ocrx_word' id='word_1_38' title='bbox 1914 653 2094 699; x_wconf 87' lang='lat' dir='ltr'><strong>sancta</strong></span> 
     </span>
    </p>
   </div>
   <div class='ocr_carea' id='block_1_8' title="bbox 530 735 2098 808">
    <p class='ocr_par' dir='ltr' id='par_1_8' title="bbox 530 735 2098 808">
     <span class='ocr_line' id='line_1_8' title="bbox 530 735 2098 808; baseline -0.006 -10"><span class='ocrx_word' id='word_1_39' title='bbox 530 752 632 806; x_wconf 89' lang='lat' dir='ltr'><strong>est.</strong></span> <span class='ocrx_word' id='word_1_40' title='bbox 663 752 716 798; x_wconf 91' lang='lat' dir='ltr'><strong>et</strong></span> <span class='ocrx_word' id='word_1_41' title='bbox 753 743 858 796; x_wconf 85' lang='lat' dir='ltr'><strong>vita</strong></span> <span class='ocrx_word' id='word_1_42' title='bbox 904 743 1038 796; x_wconf 89' lang='lat' dir='ltr'><strong>bona</strong></span> <span class='ocrx_word' id='word_1_43' title='bbox 1069 739 1198 808; x_wconf 83' lang='lat' dir='ltr'><strong>:qui</strong></span> <span class='ocrx_word' id='word_1_44' title='bbox 1228 746 1408 792; x_wconf 89' lang='lat' dir='ltr'><strong>amant</strong></span> <span class='ocrx_word' id='word_1_45' title='bbox 1446 739 1629 802; x_wconf 85' lang='lat' dir='ltr'><strong>talem,</strong></span> <span class='ocrx_word' id='word_1_46' title='bbox 1654 737 1793 792; x_wconf 88' lang='lat' dir='ltr'><strong>bono</strong></span> <span class='ocrx_word' id='word_1_47' title='bbox 1828 735 1993 790; x_wconf 87' lang='lat' dir='ltr'><strong>odore</strong></span> <span class='ocrx_word' id='word_1_48' title='bbox 2020 735 2098 788; x_wconf 87' lang='lat' dir='ltr'><strong>vi-</strong></span> 
     </span>
    </p>
   </div>
   <div class='ocr_carea' id='block_1_9' title="bbox 533 826 2098 903">
    <p class='ocr_par' dir='ltr' id='par_1_9' title="bbox 533 826 2098 903">
     <span class='ocr_line' id='line_1_9' title="bbox 533 826 2098 903; baseline -0.006 -15"><span class='ocrx_word' id='word_1_49' title='bbox 533 842 699 889; x_wconf 84' lang='lat' dir='ltr'><strong>vunt:</strong></span> <span class='ocrx_word' id='word_1_50' title='bbox 745 834 833 903; x_wconf 88' lang='lat' dir='ltr'><strong>qui</strong></span> <span class='ocrx_word' id='word_1_51' title='bbox 881 833 1146 898; x_wconf 81' lang='lat' dir='ltr'><strong>invident,</strong></span> <span class='ocrx_word' id='word_1_52' title='bbox 1196 832 1333 886; x_wconf 91' lang='lat' dir='ltr'><strong>bono</strong></span> <span class='ocrx_word' id='word_1_53' title='bbox 1364 830 1525 886; x_wconf 86' lang='lat' dir='ltr'><strong>odore</strong></span> <span class='ocrx_word' id='word_1_54' title='bbox 1564 829 1884 883; x_wconf 88' lang='lat' dir='ltr'><strong>moriuntur.</strong></span> <span class='ocrx_word' id='word_1_55' title='bbox 1916 826 1981 880; x_wconf 90' lang='lat' dir='ltr'><strong>In</strong></span> <span class='ocrx_word' id='word_1_56' title='bbox 2021 827 2098 879; x_wconf 86' lang='lat' dir='ltr'><strong>his</strong></span> 
     </span>
    </p>
   </div>
   <div class='ocr_carea' id='block_1_10' title="bbox 533 917 2098 996">
    <p class='ocr_par' dir='ltr' id='par_1_10' title="bbox 533 917 2098 996">
     <span class='ocr_line' id='line_1_10' title="bbox 533 917 2098 996; baseline -0.006 -15"><span class='ocrx_word' id='word_1_57' title='bbox 533 929 621 996; x_wconf 85' lang='lat' dir='ltr'><strong>qui</strong></span> <span class='ocrx_word' id='word_1_58' title='bbox 650 929 775 981; x_wconf 86' lang='lat' dir='ltr'><strong>salvi</strong></span> <span class='ocrx_word' id='word_1_59' title='bbox 795 928 941 995; x_wconf 74' lang='lat' dir='ltr'><strong>fiunt.</strong></span> <span class='ocrx_word' id='word_1_60' title='bbox 973 924 1166 978; x_wconf 62' lang='lat' dir='ltr'><strong>Gratiae</strong></span> <span class='ocrx_word' id='word_1_61' title='bbox 1195 925 1330 993; x_wconf 86' lang='lat' dir='ltr'><strong>ejus.</strong></span> <span class='ocrx_word' id='word_1_62' title='bbox 1359 922 1422 975; x_wconf 88' lang='lat' dir='ltr'><strong>Et</strong></span> <span class='ocrx_word' id='word_1_63' title='bbox 1451 923 1504 975; x_wconf 88' lang='lat' dir='ltr'><strong>in</strong></span> <span class='ocrx_word' id='word_1_64' title='bbox 1530 922 1607 975; x_wconf 84' lang='lat' dir='ltr'><strong>his</strong></span> <span class='ocrx_word' id='word_1_65' title='bbox 1636 923 1723 990; x_wconf 85' lang='lat' dir='ltr'><strong>qui</strong></span> <span class='ocrx_word' id='word_1_66' title='bbox 1750 927 1977 987; x_wconf 82' lang='lat' dir='ltr'><strong>pereunt.</strong></span> <span class='ocrx_word' id='word_1_67' title='bbox 2001 917 2098 972; x_wconf 83' lang='lat' dir='ltr'><strong>Ju-</strong></span> 
     </span>
    </p>
   </div>
   <div class='ocr_carea' id='block_1_11' title="bbox 533 1008 2100 1086">
    <p class='ocr_par' dir='ltr' id='par_1_11' title="bbox 533 1008 2100 1086">
     <span class='ocr_line' id='line_1_11' title="bbox 533 1008 2100 1086; baseline -0.006 -15"><span class='ocrx_word' id='word_1_68' title='bbox 533 1019 727 1072; x_wconf 88' lang='lat' dir='ltr'><strong>dicium</strong></span> <span class='ocrx_word' id='word_1_69' title='bbox 751 1016 1261 1086; x_wconf 82' lang='lat' dir='ltr'><strong>ejusjustissimum.</strong></span> <span class='ocrx_word' id='word_1_70' title='bbox 1313 1014 1365 1068; x_wconf 91' lang='lat' dir='ltr'><strong>In</strong></span> <span class='ocrx_word' id='word_1_71' title='bbox 1414 1013 1497 1068; x_wconf 90' lang='lat' dir='ltr'><strong>his</strong></span> <span class='ocrx_word' id='word_1_72' title='bbox 1525 1014 1612 1080; x_wconf 91' lang='lat' dir='ltr'><strong>qui</strong></span> <span class='ocrx_word' id='word_1_73' title='bbox 1664 1011 1801 1064; x_wconf 91' lang='lat' dir='ltr'><strong>salvi</strong></span> <span class='ocrx_word' id='word_1_74' title='bbox 1834 1012 1982 1074; x_wconf 91' lang='lat' dir='ltr'><strong>liunt,</strong></span> <span class='ocrx_word' id='word_1_75' title='bbox 2026 1008 2100 1062; x_wconf 95' lang='lat' dir='ltr'><strong>uti</strong></span> 
     </span>
    </p>
   </div>
   <div class='ocr_carea' id='block_1_12' title="bbox 535 1100 2102 1174">
    <p class='ocr_par' dir='ltr' id='par_1_12' title="bbox 535 1100 2102 1174">
     <span class='ocr_line' id='line_1_12' title="bbox 535 1100 2102 1174; baseline -0.004 -13"><span class='ocrx_word' id='word_1_76' title='bbox 535 1109 724 1162; x_wconf 81' lang='lat' dir='ltr'><strong>Tabita</strong></span> <span class='ocrx_word' id='word_1_77' title='bbox 755 1124 766 1159; x_wconf 93' lang='lat'><strong>:</strong></span> <span class='ocrx_word' id='word_1_78' title='bbox 797 1116 850 1160; x_wconf 91' lang='lat' dir='ltr'><strong>et</strong></span> <span class='ocrx_word' id='word_1_79' title='bbox 881 1106 933 1159; x_wconf 88' lang='lat' dir='ltr'><strong>in</strong></span> <span class='ocrx_word' id='word_1_80' title='bbox 965 1105 1046 1159; x_wconf 86' lang='lat' dir='ltr'><strong>his</strong></span> <span class='ocrx_word' id='word_1_81' title='bbox 1077 1106 1163 1174; x_wconf 91' lang='lat' dir='ltr'><strong>qui</strong></span> <span class='ocrx_word' id='word_1_82' title='bbox 1198 1112 1444 1173; x_wconf 86' lang='lat' dir='ltr'><strong>pereunt,</strong></span> <span class='ocrx_word' id='word_1_83' title='bbox 1476 1113 1534 1157; x_wconf 90' lang='lat' dir='ltr'><strong>ut</strong></span> <span class='ocrx_word' id='word_1_84' title='bbox 1567 1102 1870 1173; x_wconf 76' lang='lat' dir='ltr'><strong>llymeneus</strong></span> <span class='ocrx_word' id='word_1_85' title='bbox 1899 1110 1953 1154; x_wconf 91' lang='lat' dir='ltr'><strong>et</strong></span> <span class='ocrx_word' id='word_1_86' title='bbox 1980 1100 2102 1154; x_wconf 84' lang='lat' dir='ltr'><strong>Ale-</strong></span> 
     </span>
    </p>
   </div>
   <div class='ocr_carea' id='block_1_13' title="bbox 534 1191 2103 1266">
    <p class='ocr_par' dir='ltr' id='par_1_13' title="bbox 534 1191 2103 1266">
     <span class='ocr_line' id='line_1_13' title="bbox 534 1191 2103 1266; baseline -0.007 -13"><span class='ocrx_word' id='word_1_87' title='bbox 534 1199 752 1252; x_wconf 82' lang='lat' dir='ltr'><strong>xander.</strong></span> <span class='ocrx_word' id='word_1_88' title='bbox 786 1197 916 1251; x_wconf 80' lang='lat' dir='ltr'><strong>Aliis</strong></span> <span class='ocrx_word' id='word_1_89' title='bbox 939 1198 1142 1266; x_wconf 83' lang='lat' dir='ltr'><strong>quidem</strong></span> <span class='ocrx_word' id='word_1_90' title='bbox 1168 1198 1297 1249; x_wconf 85' lang='lat' dir='ltr'><strong>odor</strong></span> <span class='ocrx_word' id='word_1_91' title='bbox 1325 1195 1501 1248; x_wconf 87' lang='lat' dir='ltr'><strong>mortis</strong></span> <span class='ocrx_word' id='word_1_92' title='bbox 1521 1194 1573 1247; x_wconf 87' lang='lat' dir='ltr'><strong>in</strong></span> <span class='ocrx_word' id='word_1_93' title='bbox 1603 1205 1832 1256; x_wconf 87' lang='lat' dir='ltr'><strong>mortem,</strong></span> <span class='ocrx_word' id='word_1_94' title='bbox 1863 1191 1979 1245; x_wconf 90' lang='lat' dir='ltr'><strong>aliis</strong></span> <span class='ocrx_word' id='word_1_95' title='bbox 2009 1208 2103 1244; x_wconf 90' lang='lat' dir='ltr'><strong>au-</strong></span> 
     </span>
    </p>
   </div>
   <div class='ocr_carea' id='block_1_14' title="bbox 536 1283 2100 1353">
    <p class='ocr_par' dir='ltr' id='par_1_14' title="bbox 536 1283 2100 1353">
     <span class='ocr_line' id='line_1_14' title="bbox 536 1283 2100 1353; baseline -0.005 -11"><span class='ocrx_word' id='word_1_96' title='bbox 536 1298 636 1344; x_wconf 89' lang='lat' dir='ltr'><strong>tem</strong></span> <span class='ocrx_word' id='word_1_97' title='bbox 660 1290 787 1342; x_wconf 90' lang='lat' dir='ltr'><strong>odor</strong></span> <span class='ocrx_word' id='word_1_98' title='bbox 817 1289 931 1342; x_wconf 79' lang='lat' dir='ltr'><strong>uiue</strong></span> <span class='ocrx_word' id='word_1_99' title='bbox 957 1289 1008 1342; x_wconf 90' lang='lat' dir='ltr'><strong>in</strong></span> <span class='ocrx_word' id='word_1_100' title='bbox 1035 1288 1204 1341; x_wconf 75' lang='lat' dir='ltr'><strong>vitam.</strong></span> <span class='ocrx_word' id='word_1_101' title='bbox 1236 1286 1383 1341; x_wconf 89' lang='lat' dir='ltr'><strong>Unus</strong></span> <span class='ocrx_word' id='word_1_102' title='bbox 1409 1285 1539 1340; x_wconf 91' lang='lat' dir='ltr'><strong>odor</strong></span> <span class='ocrx_word' id='word_1_103' title='bbox 1569 1283 1834 1353; x_wconf 92' lang='lat' dir='ltr'><strong>quomodo</strong></span> <span class='ocrx_word' id='word_1_104' title='bbox 1857 1292 1911 1336; x_wconf 90' lang='lat' dir='ltr'><strong>et</strong></span> <span class='ocrx_word' id='word_1_105' title='bbox 1939 1283 2100 1336; x_wconf 88' lang='lat' dir='ltr'><strong>vitam</strong></span> 
     </span>
    </p>
   </div>
   <div class='ocr_carea' id='block_1_15' title="bbox 533 1375 2104 1445">
    <p class='ocr_par' dir='ltr' id='par_1_15' title="bbox 533 1375 2104 1445">
     <span class='ocr_line' id='line_1_15' title="bbox 533 1375 2104 1445; baseline -0.004 -11"><span class='ocrx_word' id='word_1_106' title='bbox 533 1389 587 1434; x_wconf 91' lang='lat' dir='ltr'><strong>et</strong></span> <span class='ocrx_word' id='word_1_107' title='bbox 630 1389 857 1435; x_wconf 90' lang='lat' dir='ltr'><strong>mortem</strong></span> <span class='ocrx_word' id='word_1_108' title='bbox 885 1379 1093 1434; x_wconf 78' lang='lat' dir='ltr'><strong>confert</strong></span> <span class='ocrx_word' id='word_1_109' title='bbox 1117 1381 1140 1433; x_wconf 78' lang='grc' dir='ltr'>τ</span> <span class='ocrx_word' id='word_1_110' title='bbox 1193 1378 1331 1432; x_wconf 88' lang='lat' dir='ltr'><strong>sicut</strong></span> <span class='ocrx_word' id='word_1_111' title='bbox 1360 1379 1498 1432; x_wconf 91' lang='lat' dir='ltr'><strong>enim</strong></span> <span class='ocrx_word' id='word_1_112' title='bbox 1525 1376 1653 1430; x_wconf 89' lang='lat' dir='ltr'><strong>solis</strong></span> <span class='ocrx_word' id='word_1_113' title='bbox 1683 1383 1929 1445; x_wconf 89' lang='lat' dir='ltr'><strong>aspectus</strong></span> <span class='ocrx_word' id='word_1_114' title='bbox 1957 1375 2104 1428; x_wconf 88' lang='lat' dir='ltr'><strong>sanis</strong></span> 
     </span>
    </p>
   </div>
   <div class='ocr_carea' id='block_1_16' title="bbox 535 1467 2105 1540">
    <p class='ocr_par' dir='ltr' id='par_1_16' title="bbox 535 1467 2105 1540">
     <span class='ocr_line' id='line_1_16' title="bbox 535 1467 2105 1540; baseline -0.006 -12"><span class='ocrx_word' id='word_1_115' title='bbox 535 1475 702 1528; x_wconf 89' lang='lat' dir='ltr'><strong>oculis</strong></span> <span class='ocrx_word' id='word_1_116' title='bbox 729 1474 1046 1535; x_wconf 89' lang='lat' dir='ltr'><strong>claritatem,</strong></span> <span class='ocrx_word' id='word_1_117' title='bbox 1090 1471 1432 1540; x_wconf 81' lang='lat' dir='ltr'><strong>lippientibus</strong></span> <span class='ocrx_word' id='word_1_118' title='bbox 1463 1469 1615 1523; x_wconf 86' lang='lat' dir='ltr'><strong>all&#39;crt</strong></span> <span class='ocrx_word' id='word_1_119' title='bbox 1649 1468 1942 1522; x_wconf 68' lang='lat' dir='ltr'><strong>caecitatem</strong></span> <span class='ocrx_word' id='word_1_120' title='bbox 1975 1483 1988 1530; x_wconf 93' lang='lat'>;</span> <span class='ocrx_word' id='word_1_121' title='bbox 2033 1467 2105 1519; x_wconf 89' lang='lat' dir='ltr'><strong>ita</strong></span> 
     </span>
    </p>
   </div>
   <div class='ocr_carea' id='block_1_17' title="bbox 535 1554 2105 1620">
    <p class='ocr_par' dir='ltr' id='par_1_17' title="bbox 535 1554 2105 1620">
     <span class='ocr_line' id='line_1_17' title="bbox 535 1554 2105 1620; baseline -0.006 -4"><span class='ocrx_word' id='word_1_122' title='bbox 535 1563 784 1617; x_wconf 84' lang='lat' dir='ltr'><strong>doctrina</strong></span> <span class='ocrx_word' id='word_1_123' title='bbox 817 1562 1012 1615; x_wconf 80' lang='lat' dir='ltr'><strong>Christi</strong></span> <span class='ocrx_word' id='word_1_124' title='bbox 1043 1561 1412 1614; x_wconf 89' lang='lat' dir='ltr'><strong>obedientibus</strong></span> <span class='ocrx_word' id='word_1_125' title='bbox 1442 1559 1571 1620; x_wconf 86' lang='lat' dir='ltr'><strong>vita,</strong></span> <span class='ocrx_word' id='word_1_126' title='bbox 1615 1554 2105 1611; x_wconf 87' lang='lat' dir='ltr'><strong>contradicentibus</strong></span> 
     </span>
    </p>
   </div>
   <div class='ocr_carea' id='block_1_18' title="bbox 533 1641 2105 1714">
    <p class='ocr_par' dir='ltr' id='par_1_18' title="bbox 533 1641 2105 1714">
     <span class='ocr_line' id='line_1_18' title="bbox 533 1641 2105 1714; baseline -0.007 -7"><span class='ocrx_word' id='word_1_127' title='bbox 533 1667 682 1707; x_wconf 87' lang='lat' dir='ltr'><strong>mors</strong></span> <span class='ocrx_word' id='word_1_128' title='bbox 708 1660 810 1705; x_wconf 90' lang='lat' dir='ltr'><strong>est.</strong></span> <span class='ocrx_word' id='word_1_129' title='bbox 844 1651 974 1705; x_wconf 91' lang='lat' dir='ltr'><strong>Item</strong></span> <span class='ocrx_word' id='word_1_130' title='bbox 1005 1651 1158 1705; x_wconf 86' lang='lat' dir='ltr'><strong>aliter</strong></span> <span class='ocrx_word' id='word_1_131' title='bbox 1191 1667 1204 1702; x_wconf 92' lang='lat'><strong>:</strong></span> <span class='ocrx_word' id='word_1_132' title='bbox 1237 1649 1382 1703; x_wconf 85' lang='lat' dir='ltr'><strong>Odor</strong></span> <span class='ocrx_word' id='word_1_133' title='bbox 1424 1648 1592 1701; x_wconf 86' lang='lat' dir='ltr'><strong>bonus</strong></span> <span class='ocrx_word' id='word_1_134' title='bbox 1621 1641 1879 1714; x_wconf 72' lang='lat' dir='ltr'><strong>baptisma</strong></span> <span class='ocrx_word' id='word_1_135' title='bbox 1909 1642 2105 1699; x_wconf 87' lang='lat' dir='ltr'><strong>Christi</strong></span> 
     </span>
    </p>
   </div>
   <div class='ocr_carea' id='block_1_19' title="bbox 536 1733 2106 1812">
    <p class='ocr_par' dir='ltr' id='par_1_19' title="bbox 536 1733 2106 1812">
     <span class='ocr_line' id='line_1_19' title="bbox 536 1733 2106 1812; baseline -0.006 -15"><span class='ocrx_word' id='word_1_136' title='bbox 536 1753 616 1797; x_wconf 87' lang='lat' dir='ltr'><strong>est</strong></span> <span class='ocrx_word' id='word_1_137' title='bbox 636 1761 648 1795; x_wconf 92' lang='lat'>:</span> <span class='ocrx_word' id='word_1_138' title='bbox 669 1744 758 1812; x_wconf 88' lang='lat' dir='ltr'><strong>qui</strong></span> <span class='ocrx_word' id='word_1_139' title='bbox 791 1742 891 1795; x_wconf 91' lang='lat' dir='ltr'><strong>hoc</strong></span> <span class='ocrx_word' id='word_1_140' title='bbox 920 1743 970 1794; x_wconf 90' lang='lat' dir='ltr'><strong>in</strong></span> <span class='ocrx_word' id='word_1_141' title='bbox 1000 1741 1231 1794; x_wconf 84' lang='lat' dir='ltr'><strong>Ecclesia</strong></span> <span class='ocrx_word' id='word_1_142' title='bbox 1255 1738 1514 1793; x_wconf 66' lang='lat' dir='ltr'><strong>catholica</strong></span> <span class='ocrx_word' id='word_1_143' title='bbox 1539 1737 1750 1803; x_wconf 86' lang='lat' dir='ltr'><strong>accipit,</strong></span> <span class='ocrx_word' id='word_1_144' title='bbox 1778 1735 1918 1788; x_wconf 93' lang='lat' dir='ltr'><strong>bono</strong></span> <span class='ocrx_word' id='word_1_145' title='bbox 1940 1733 2106 1788; x_wconf 86' lang='lat' dir='ltr'><strong>odore</strong></span> 
     </span>
    </p>
   </div>
   <div class='ocr_carea' id='block_1_20' title="bbox 2197 548 3780 620">
    <p class='ocr_par' dir='ltr' id='par_1_20' title="bbox 2197 548 3780 620">
     <span class='ocr_line' id='line_1_20' title="bbox 2197 548 3780 620; baseline 0.002 -17"><span class='ocrx_word' id='word_1_146' title='bbox 2197 551 2347 616; x_wconf 88' lang='lat' dir='ltr'><strong>bant,</strong></span> <span class='ocrx_word' id='word_1_147' title='bbox 2368 560 2566 620; x_wconf 88' lang='lat' dir='ltr'><strong>quanto</strong></span> <span class='ocrx_word' id='word_1_148' title='bbox 2598 552 2766 620; x_wconf 62' lang='lat' dir='ltr'><strong>magis</strong></span> <span class='ocrx_word' id='word_1_149' title='bbox 2807 565 2902 604; x_wconf 91' lang='lat' dir='ltr'><strong>nos</strong></span> <span class='ocrx_word' id='word_1_150' title='bbox 2929 549 3018 620; x_wconf 87' lang='lat' dir='ltr'><strong>qui</strong></span> <span class='ocrx_word' id='word_1_151' title='bbox 3065 549 3223 604; x_wconf 89' lang='lat' dir='ltr'><strong>verba</strong></span> <span class='ocrx_word' id='word_1_152' title='bbox 3269 565 3333 604; x_wconf 89' lang='lat' dir='ltr'><strong>ex</strong></span> <span class='ocrx_word' id='word_1_153' title='bbox 3365 563 3458 604; x_wconf 91' lang='lat' dir='ltr'><strong>ore</strong></span> <span class='ocrx_word' id='word_1_154' title='bbox 3486 548 3692 604; x_wconf 85' lang='lat' dir='ltr'><strong>Christi</strong></span> <span class='ocrx_word' id='word_1_155' title='bbox 3727 552 3780 607; x_wconf 91' lang='lat' dir='ltr'><strong>in</strong></span> 
     </span>
    </p>
   </div>
   <div class='ocr_carea' id='block_1_21' title="bbox 2198 639 3780 710">
    <p class='ocr_par' dir='ltr' id='par_1_21' title="bbox 2198 639 3780 710">
     <span class='ocr_line' id='line_1_21' title="bbox 2198 639 3780 710; baseline 0.001 -16"><span class='ocrx_word' id='word_1_156' title='bbox 2198 641 2356 696; x_wconf 84' lang='lat' dir='ltr'><strong>corde</strong></span> <span class='ocrx_word' id='word_1_157' title='bbox 2395 641 2759 710; x_wconf 75' lang='lat' dir='ltr'><strong>suscepimus!</strong></span> <span class='ocrx_word' id='word_1_158' title='bbox 2811 639 3081 694; x_wconf 75' lang='lat' dir='ltr'><strong>Fiduciam</strong></span> <span class='ocrx_word' id='word_1_159' title='bbox 3105 650 3274 694; x_wconf 86' lang='lat' dir='ltr'><strong>autem</strong></span> <span class='ocrx_word' id='word_1_160' title='bbox 3325 643 3475 694; x_wconf 82' lang='lat' dir='ltr'><strong>talem</strong></span> <span class='ocrx_word' id='word_1_161' title='bbox 3505 641 3780 696; x_wconf 75' lang='lat' dir='ltr'><strong>habemus.</strong></span> 
     </span>
    </p>
   </div>
   <div class='ocr_carea' id='block_1_22' title="bbox 2199 728 3781 800">
    <p class='ocr_par' dir='ltr' id='par_1_22' title="bbox 2199 728 3781 800">
     <span class='ocr_line' id='line_1_22' title="bbox 2199 728 3781 800; baseline 0.001 -17"><span class='ocrx_word' id='word_1_162' title='bbox 2199 729 2308 797; x_wconf 87' lang='lat' dir='ltr'><strong>Qua</strong></span> <span class='ocrx_word' id='word_1_163' title='bbox 2340 731 2539 785; x_wconf 88' lang='lat' dir='ltr'><strong>scimus</strong></span> <span class='ocrx_word' id='word_1_164' title='bbox 2564 745 2660 785; x_wconf 92' lang='lat' dir='ltr'><strong>vos</strong></span> <span class='ocrx_word' id='word_1_165' title='bbox 2686 745 2780 800; x_wconf 89' lang='lat' dir='ltr'><strong>per</strong></span> <span class='ocrx_word' id='word_1_166' title='bbox 2807 744 2903 783; x_wconf 91' lang='lat' dir='ltr'><strong>nos</strong></span> <span class='ocrx_word' id='word_1_167' title='bbox 2931 728 3145 783; x_wconf 87' lang='lat' dir='ltr'><strong>Christo</strong></span> <span class='ocrx_word' id='word_1_168' title='bbox 3191 730 3500 797; x_wconf 85' lang='lat' dir='ltr'><strong>credidisse,</strong></span> <span class='ocrx_word' id='word_1_169' title='bbox 3533 732 3616 785; x_wconf 85' lang='lat' dir='ltr'><strong>vel</strong></span> <span class='ocrx_word' id='word_1_170' title='bbox 3648 731 3781 800; x_wconf 78' lang='lat' dir='ltr'><strong>quia</strong></span> 
     </span>
    </p>
   </div>
   <div class='ocr_carea' id='block_1_23' title="bbox 2199 805 3778 892">
    <p class='ocr_par' dir='ltr' id='par_1_23' title="bbox 2199 805 3778 892">
     <span class='ocr_line' id='line_1_23' title="bbox 2199 805 3778 892; baseline 0.001 -16"><span class='ocrx_word' id='word_1_171' title='bbox 2199 836 2296 877; x_wconf 93' lang='lat' dir='ltr'><strong>nos</strong></span> <span class='ocrx_word' id='word_1_172' title='bbox 2321 836 2423 876; x_wconf 92' lang='lat' dir='ltr'><strong>non</strong></span> <span class='ocrx_word' id='word_1_173' title='bbox 2448 823 2674 876; x_wconf 87' lang='lat' dir='ltr'><strong>humana</strong></span> <span class='ocrx_word' id='word_1_174' title='bbox 2701 823 2942 891; x_wconf 91' lang='lat' dir='ltr'><strong>epistola,</strong></span> <span class='ocrx_word' id='word_1_175' title='bbox 2976 823 3068 877; x_wconf 89' lang='lat' dir='ltr'><strong>sed</strong></span> <span class='ocrx_word' id='word_1_176' title='bbox 3096 822 3190 878; x_wconf 87' lang='lat' dir='ltr'><strong>Dei</strong></span> <span class='ocrx_word' id='word_1_177' title='bbox 3219 823 3386 892; x_wconf 88' lang='lat' dir='ltr'><strong>gratia</strong></span> <span class='ocrx_word' id='word_1_178' title='bbox 3409 805 3778 878; x_wconf 49' lang='lat' dir='ltr'><strong>commendat.</strong></span> 
     </span>
    </p>
   </div>
   <div class='ocr_carea' id='block_1_24' title="bbox 2205 912 3781 983">
    <p class='ocr_par' dir='ltr' id='par_1_24' title="bbox 2205 912 3781 983">
     <span class='ocr_line' id='line_1_24' title="bbox 2205 912 3781 983; baseline 0 -16"><span class='ocrx_word' id='word_1_179' title='bbox 2205 913 2305 967; x_wconf 84' lang='lat' dir='ltr'><strong>Per</strong></span> <span class='ocrx_word' id='word_1_180' title='bbox 2334 912 2591 967; x_wconf 76' lang='lat' dir='ltr'><strong>Christum</strong></span> <span class='ocrx_word' id='word_1_181' title='bbox 2619 915 2686 966; x_wconf 88' lang='lat' dir='ltr'><strong>ad</strong></span> <span class='ocrx_word' id='word_1_182' title='bbox 2726 913 2910 967; x_wconf 85' lang='lat' dir='ltr'><strong>Deum.</strong></span> <span class='ocrx_word' id='word_1_183' title='bbox 2951 913 3065 968; x_wconf 84' lang='lat' dir='ltr'><strong>Non</strong></span> <span class='ocrx_word' id='word_1_184' title='bbox 3098 929 3193 982; x_wconf 87' lang='lat' dir='ltr'><strong>per</strong></span> <span class='ocrx_word' id='word_1_185' title='bbox 3223 929 3341 978; x_wconf 91' lang='lat' dir='ltr'><strong>nos,</strong></span> <span class='ocrx_word' id='word_1_186' title='bbox 3375 914 3466 983; x_wconf 91' lang='lat' dir='ltr'><strong>qui</strong></span> <span class='ocrx_word' id='word_1_187' title='bbox 3508 914 3624 968; x_wconf 89' lang='lat' dir='ltr'><strong>sine</strong></span> <span class='ocrx_word' id='word_1_188' title='bbox 3657 914 3781 983; x_wconf 86' lang='lat' dir='ltr'><strong>ipso</strong></span> 
     </span>
    </p>
   </div>
   <div class='ocr_carea' id='block_1_25' title="bbox 2202 1002 3784 1074">
    <p class='ocr_par' dir='ltr' id='par_1_25' title="bbox 2202 1002 3784 1074">
     <span class='ocr_line' id='line_1_25' title="bbox 2202 1002 3784 1074; baseline 0 -16"><span class='ocrx_word' id='word_1_189' title='bbox 2202 1004 2332 1058; x_wconf 89' lang='lat' dir='ltr'><strong>nihil</strong></span> <span class='ocrx_word' id='word_1_190' title='bbox 2362 1019 2566 1059; x_wconf 87' lang='lat' dir='ltr'><strong>sumus.</strong></span> <span class='ocrx_word' id='word_1_191' title='bbox 2593 1002 2712 1056; x_wconf 85' lang='lat' dir='ltr'><strong>Non</strong></span> <span class='ocrx_word' id='word_1_192' title='bbox 2735 1005 2869 1071; x_wconf 88' lang='lat' dir='ltr'><strong>quod</strong></span> <span class='ocrx_word' id='word_1_193' title='bbox 2908 1005 3207 1072; x_wconf 77' lang='lat' dir='ltr'><strong>suﬂicientes</strong></span> <span class='ocrx_word' id='word_1_194' title='bbox 3247 1005 3404 1057; x_wconf 89' lang='lat' dir='ltr'><strong>simus</strong></span> <span class='ocrx_word' id='word_1_195' title='bbox 3431 1005 3654 1074; x_wconf 84' lang='lat' dir='ltr'><strong>cogitare</strong></span> <span class='ocrx_word' id='word_1_196' title='bbox 3678 1007 3784 1058; x_wconf 80' lang='lat' dir='ltr'><strong>ali-</strong></span> 
     </span>
    </p>
   </div>
   <div class='ocr_carea' id='block_1_26' title="bbox 2202 1093 3783 1164">
    <p class='ocr_par' dir='ltr' id='par_1_26' title="bbox 2202 1093 3783 1164">
     <span class='ocr_line' id='line_1_26' title="bbox 2202 1093 3783 1164; baseline 0.003 -18"><span class='ocrx_word' id='word_1_197' title='bbox 2202 1095 2343 1164; x_wconf 84' lang='lat' dir='ltr'><strong>quid.</strong></span> <span class='ocrx_word' id='word_1_198' title='bbox 2385 1094 2440 1148; x_wconf 88' lang='lat' dir='ltr'><strong>Si</strong></span> <span class='ocrx_word' id='word_1_199' title='bbox 2487 1109 2583 1148; x_wconf 90' lang='lat' dir='ltr'><strong>nec</strong></span> <span class='ocrx_word' id='word_1_200' title='bbox 2621 1094 2876 1162; x_wconf 89' lang='lat' dir='ltr'><strong>cogitare,</strong></span> <span class='ocrx_word' id='word_1_201' title='bbox 2905 1102 3104 1162; x_wconf 85' lang='lat' dir='ltr'><strong>quanto</strong></span> <span class='ocrx_word' id='word_1_202' title='bbox 3131 1093 3294 1162; x_wconf 56' lang='lat' dir='ltr'><strong>magi»</strong></span> <span class='ocrx_word' id='word_1_203' title='bbox 3323 1094 3534 1149; x_wconf 86' lang='lat' dir='ltr'><strong>facere!</strong></span> <span class='ocrx_word' id='word_1_204' title='bbox 3565 1094 3705 1148; x_wconf 85' lang='lat' dir='ltr'><strong>sicut</strong></span> <span class='ocrx_word' id='word_1_205' title='bbox 3729 1104 3783 1150; x_wconf 89' lang='lat' dir='ltr'><strong>et</strong></span> 
     </span>
    </p>
   </div>
   <div class='ocr_carea' id='block_1_27' title="bbox 2205 1186 3780 1256">
    <p class='ocr_par' dir='ltr' id='par_1_27' title="bbox 2205 1186 3780 1256">
     <span class='ocr_line' id='line_1_27' title="bbox 2205 1186 3780 1256; baseline 0.003 -17"><span class='ocrx_word' id='word_1_206' title='bbox 2205 1186 2457 1240; x_wconf 86' lang='lat' dir='ltr'><strong>Dominus</strong></span> <span class='ocrx_word' id='word_1_207' title='bbox 2487 1186 2614 1241; x_wconf 84' lang='lat' dir='ltr'><strong>dicit</strong></span> <span class='ocrx_word' id='word_1_208' title='bbox 2660 1187 2711 1240; x_wconf 91' lang='lat' dir='ltr'><strong>in</strong></span> <span class='ocrx_word' id='word_1_209' title='bbox 2744 1187 3029 1256; x_wconf 82' lang='lat' dir='ltr'><strong>Evattgelio</strong></span> <span class='ocrx_word' id='word_1_210' title='bbox 3061 1201 3076 1240; x_wconf 90' lang='lat'>:</span> <span class='ocrx_word' id='word_1_211' title='bbox 3106 1187 3232 1242; x_wconf 85' lang='lat' dir='ltr'><strong>Sine</strong></span> <span class='ocrx_word' id='word_1_212' title='bbox 3261 1203 3348 1242; x_wconf 87' lang='lat' dir='ltr'><strong>me</strong></span> <span class='ocrx_word' id='word_1_213' title='bbox 3393 1189 3526 1242; x_wconf 85' lang='lat' dir='ltr'><strong>nihil</strong></span> <span class='ocrx_word' id='word_1_214' title='bbox 3555 1189 3780 1256; x_wconf 75' lang='lat' dir='ltr'><strong>pote~tis</strong></span> 
     </span>
    </p>
   </div>
   <div class='ocr_carea' id='block_1_28' title="bbox 2205 1277 3778 1346">
    <p class='ocr_par' dir='ltr' id='par_1_28' title="bbox 2205 1277 3778 1346">
     <span class='ocr_line' id='line_1_28' title="bbox 2205 1277 3778 1346; baseline 0.001 -18"><span class='ocrx_word' id='word_1_215' title='bbox 2205 1277 2399 1330; x_wconf 80' lang='lat' dir='ltr'><strong>facere.</strong></span> <span class='ocrx_word' id='word_1_216' title='bbox 2432 1277 2564 1330; x_wconf 83' lang='lat' dir='ltr'><strong>lliuc</strong></span> <span class='ocrx_word' id='word_1_217' title='bbox 2589 1291 2972 1346; x_wconf 77' lang='lat' dir='ltr'><strong>cognoscamus</strong></span> <span class='ocrx_word' id='word_1_218' title='bbox 3018 1277 3141 1346; x_wconf 88' lang='lat' dir='ltr'><strong>quia</strong></span> <span class='ocrx_word' id='word_1_219' title='bbox 3173 1292 3267 1346; x_wconf 89' lang='lat' dir='ltr'><strong>per</strong></span> <span class='ocrx_word' id='word_1_220' title='bbox 3289 1291 3385 1331; x_wconf 90' lang='lat' dir='ltr'><strong>nos</strong></span> <span class='ocrx_word' id='word_1_221' title='bbox 3403 1277 3536 1331; x_wconf 87' lang='lat' dir='ltr'><strong>nihil</strong></span> <span class='ocrx_word' id='word_1_222' title='bbox 3569 1293 3778 1343; x_wconf 82' lang='lat' dir='ltr'><strong>sumus,</strong></span> 
     </span>
    </p>
   </div>
   <div class='ocr_carea' id='block_1_29' title="bbox 2205 1365 3779 1436">
    <p class='ocr_par' dir='ltr' id='par_1_29' title="bbox 2205 1365 3779 1436">
     <span class='ocr_line' id='line_1_29' title="bbox 2205 1365 3779 1436; baseline 0.002 -18"><span class='ocrx_word' id='word_1_223' title='bbox 2205 1365 2303 1418; x_wconf 89' lang='lat' dir='ltr'><strong>nisi</strong></span> <span class='ocrx_word' id='word_1_224' title='bbox 2359 1365 2567 1419; x_wconf 88' lang='lat' dir='ltr'><strong>Domini</strong></span> <span class='ocrx_word' id='word_1_225' title='bbox 2617 1366 2984 1420; x_wconf 85' lang='lat' dir='ltr'><strong>misericordia</strong></span> <span class='ocrx_word' id='word_1_226' title='bbox 3035 1376 3088 1420; x_wconf 91' lang='lat' dir='ltr'><strong>et</strong></span> <span class='ocrx_word' id='word_1_227' title='bbox 3127 1368 3295 1435; x_wconf 89' lang='lat' dir='ltr'><strong>gratia</strong></span> <span class='ocrx_word' id='word_1_228' title='bbox 3346 1383 3620 1436; x_wconf 57' lang='lat' dir='ltr'><strong>regamur,</strong></span> <span class='ocrx_word' id='word_1_229' title='bbox 3652 1367 3779 1422; x_wconf 79' lang='lat' dir='ltr'><strong>Vult</strong></span> 
     </span>
    </p>
   </div>
   <div class='ocr_carea' id='block_1_30' title="bbox 2206 1458 3778 1528">
    <p class='ocr_par' dir='ltr' id='par_1_30' title="bbox 2206 1458 3778 1528">
     <span class='ocr_line' id='line_1_30' title="bbox 2206 1458 3778 1528; baseline -0.001 -16"><span class='ocrx_word' id='word_1_230' title='bbox 2206 1473 2332 1528; x_wconf 87' lang='lat' dir='ltr'><strong>ergo</strong></span> <span class='ocrx_word' id='word_1_231' title='bbox 2363 1458 2644 1512; x_wconf 89' lang='lat' dir='ltr'><strong>ostendere</strong></span> <span class='ocrx_word' id='word_1_232' title='bbox 2695 1458 2823 1511; x_wconf 84' lang='lat' dir='ltr'><strong>nihil</strong></span> <span class='ocrx_word' id='word_1_233' title='bbox 2857 1472 2950 1512; x_wconf 90' lang='lat' dir='ltr'><strong>sua</strong></span> <span class='ocrx_word' id='word_1_234' title='bbox 2993 1458 3186 1512; x_wconf 85' lang='lat' dir='ltr'><strong>virtute</strong></span> <span class='ocrx_word' id='word_1_235' title='bbox 3213 1459 3295 1514; x_wconf 89' lang='lat' dir='ltr'><strong>vel</strong></span> <span class='ocrx_word' id='word_1_236' title='bbox 3323 1458 3607 1527; x_wconf 84' lang='lat' dir='ltr'><strong>prudentia</strong></span> <span class='ocrx_word' id='word_1_237' title='bbox 3627 1474 3687 1513; x_wconf 89' lang='lat' dir='ltr'><strong>se</strong></span> <span class='ocrx_word' id='word_1_238' title='bbox 3712 1461 3778 1511; x_wconf 82' lang='lat' dir='ltr'><strong>fa-</strong></span> 
     </span>
    </p>
   </div>
   <div class='ocr_carea' id='block_1_31' title="bbox 2207 1549 3778 1620">
    <p class='ocr_par' dir='ltr' id='par_1_31' title="bbox 2207 1549 3778 1620">
     <span class='ocr_line' id='line_1_31' title="bbox 2207 1549 3778 1620; baseline 0 -17"><span class='ocrx_word' id='word_1_239' title='bbox 2207 1563 2350 1614; x_wconf 90' lang='lat' dir='ltr'><strong>cere,</strong></span> <span class='ocrx_word' id='word_1_240' title='bbox 2382 1563 2502 1602; x_wconf 90' lang='lat' dir='ltr'><strong>cum</strong></span> <span class='ocrx_word' id='word_1_241' title='bbox 2533 1549 2716 1616; x_wconf 86' lang='lat' dir='ltr'><strong>utique</strong></span> <span class='ocrx_word' id='word_1_242' title='bbox 2751 1549 2928 1618; x_wconf 88' lang='lat' dir='ltr'><strong>pauci,</strong></span> <span class='ocrx_word' id='word_1_243' title='bbox 2957 1550 2997 1602; x_wconf 92' lang='lat' dir='ltr'><strong>si</strong></span> <span class='ocrx_word' id='word_1_244' title='bbox 3031 1563 3135 1603; x_wconf 92' lang='lat' dir='ltr'><strong>non</strong></span> <span class='ocrx_word' id='word_1_245' title='bbox 3165 1549 3253 1603; x_wconf 87' lang='lat' dir='ltr'><strong>Dei</strong></span> <span class='ocrx_word' id='word_1_246' title='bbox 3281 1550 3474 1618; x_wconf 90' lang='lat' dir='ltr'><strong>gratia,</strong></span> <span class='ocrx_word' id='word_1_247' title='bbox 3508 1565 3778 1620; x_wconf 78' lang='lat' dir='ltr'><strong>nunquam</strong></span> 
     </span>
    </p>
   </div>
   <div class='ocr_carea' id='block_1_32' title="bbox 2210 1639 3777 1708">
    <p class='ocr_par' dir='ltr' id='par_1_32' title="bbox 2210 1639 3777 1708">
     <span class='ocr_line' id='line_1_32' title="bbox 2210 1639 3777 1708; baseline -0.001 -13"><span class='ocrx_word' id='word_1_248' title='bbox 2210 1651 2375 1695; x_wconf 92' lang='lat' dir='ltr'><strong>totum</strong></span> <span class='ocrx_word' id='word_1_249' title='bbox 2403 1641 2658 1694; x_wconf 90' lang='lat' dir='ltr'><strong>mundum</strong></span> <span class='ocrx_word' id='word_1_250' title='bbox 2701 1641 2906 1694; x_wconf 88' lang='lat' dir='ltr'><strong>salvare</strong></span> <span class='ocrx_word' id='word_1_251' title='bbox 2946 1640 3261 1708; x_wconf 88' lang='lat' dir='ltr'><strong>potuissent.</strong></span> <span class='ocrx_word' id='word_1_252' title='bbox 3295 1639 3418 1694; x_wconf 89' lang='lat' dir='ltr'><strong>ldeo</strong></span> <span class='ocrx_word' id='word_1_253' title='bbox 3459 1651 3637 1694; x_wconf 89' lang='lat' dir='ltr'><strong>autem</strong></span> <span class='ocrx_word' id='word_1_254' title='bbox 3680 1641 3777 1694; x_wconf 87' lang='lat' dir='ltr'><strong>hoc</strong></span> 
     </span>
    </p>
   </div>
   <div class='ocr_carea' id='block_1_33' title="bbox 2211 1730 3775 1800">
    <p class='ocr_par' dir='ltr' id='par_1_33' title="bbox 2211 1730 3775 1800">
     <span class='ocr_line' id='line_1_33' title="bbox 2211 1730 3775 1800; baseline -0.001 -15"><span class='ocrx_word' id='word_1_255' title='bbox 2211 1731 2496 1800; x_wconf 60' lang='lat' dir='ltr'><strong>praemisit,</strong></span> <span class='ocrx_word' id='word_1_256' title='bbox 2525 1731 2648 1800; x_wconf 90' lang='lat' dir='ltr'><strong>quia</strong></span> <span class='ocrx_word' id='word_1_257' title='bbox 2685 1730 2922 1784; x_wconf 87' lang='lat' dir='ltr'><strong>dictums</strong></span> <span class='ocrx_word' id='word_1_258' title='bbox 2963 1738 3099 1796; x_wconf 89' lang='lat' dir='ltr'><strong>erat,</strong></span> <span class='ocrx_word' id='word_1_259' title='bbox 3139 1739 3284 1783; x_wconf 87' lang='lat' dir='ltr'><strong>tanto</strong></span> <span class='ocrx_word' id='word_1_260' title='bbox 3322 1730 3495 1798; x_wconf 81' lang='lat' dir='ltr'><strong>majus</strong></span> <span class='ocrx_word' id='word_1_261' title='bbox 3546 1744 3605 1785; x_wconf 84' lang='lat' dir='ltr'><strong>se</strong></span> <span class='ocrx_word' id='word_1_262' title='bbox 3631 1731 3775 1784; x_wconf 75' lang='grc' dir='ltr'><strong>ωῐηί</strong></span> 
     </span>
    </p>
   </div>
   <div class='ocr_carea' id='block_1_34' title="bbox 537 1823 3775 1902">
    <p class='ocr_par' dir='ltr' id='par_1_34' title="bbox 537 1823 3775 1902">
     <span class='ocr_line' id='line_1_34' title="bbox 537 1823 3775 1902; baseline -0.004 -15"><span class='ocrx_word' id='word_1_263' title='bbox 537 1835 694 1892; x_wconf 89' lang='lat' dir='ltr'><strong>vivit;</strong></span> <span class='ocrx_word' id='word_1_264' title='bbox 727 1833 816 1902; x_wconf 91' lang='lat' dir='ltr'><strong>qui</strong></span> <span class='ocrx_word' id='word_1_265' title='bbox 841 1833 891 1885; x_wconf 90' lang='lat' dir='ltr'><strong>in</strong></span> <span class='ocrx_word' id='word_1_266' title='bbox 915 1831 1122 1894; x_wconf 79' lang='lat' dir='ltr'><strong>hteresi,</strong></span> <span class='ocrx_word' id='word_1_267' title='bbox 1156 1829 1294 1882; x_wconf 88' lang='lat' dir='ltr'><strong>bono</strong></span> <span class='ocrx_word' id='word_1_268' title='bbox 1317 1827 1480 1882; x_wconf 90' lang='lat' dir='ltr'><strong>odore</strong></span> <span class='ocrx_word' id='word_1_269' title='bbox 1502 1828 1742 1880; x_wconf 90' lang='lat' dir='ltr'><strong>moritur.</strong></span> <span class='ocrx_word' id='word_1_270' title='bbox 1769 1825 1896 1878; x_wconf 89' lang='lat' dir='ltr'><strong>ltem</strong></span> <span class='ocrx_word' id='word_1_271' title='bbox 1918 1823 2100 1877; x_wconf 89' lang='lat' dir='ltr'><strong>aliter:</strong></span> <span class='ocrx_word' id='word_1_272' title='bbox 2139 1828 2181 1887; x_wconf 81' lang='grc' dir='ltr'><strong>Β</strong></span> <span class='ocrx_word' id='word_1_273' title='bbox 2208 1825 2432 1879; x_wconf 90' lang='lat' dir='ltr'><strong>sterium</strong></span> <span class='ocrx_word' id='word_1_274' title='bbox 2473 1823 2776 1892; x_wconf 84' lang='lat' dir='ltr'><strong>suscepisse</strong></span> <span class='ocrx_word' id='word_1_275' title='bbox 2802 1839 2959 1894; x_wconf 91' lang='lat' dir='ltr'><strong>quam</strong></span> <span class='ocrx_word' id='word_1_276' title='bbox 2992 1824 3222 1892; x_wconf 81' lang='lat' dir='ltr'><strong>Moyses,</strong></span> <span class='ocrx_word' id='word_1_277' title='bbox 3254 1831 3454 1890; x_wconf 89' lang='lat' dir='ltr'><strong>quanto</strong></span> <span class='ocrx_word' id='word_1_278' title='bbox 3485 1823 3655 1890; x_wconf 87' lang='lat' dir='ltr'><strong>majus</strong></span> <span class='ocrx_word' id='word_1_279' title='bbox 3699 1833 3775 1876; x_wconf 87' lang='lat' dir='ltr'><strong>est</strong></span> 
     </span>
    </p>
   </div>
   <div class='ocr_carea' id='block_1_35' title="bbox 537 1914 2106 1992">
    <p class='ocr_par' dir='ltr' id='par_1_35' title="bbox 537 1914 2106 1992">
     <span class='ocr_line' id='line_1_35' title="bbox 537 1914 2106 1992; baseline -0.007 -13"><span class='ocrx_word' id='word_1_280' title='bbox 537 1925 741 1979; x_wconf 75' lang='lat' dir='ltr'><strong>Amasti</strong></span> <span class='ocrx_word' id='word_1_281' title='bbox 774 1925 909 1978; x_wconf 89' lang='lat' dir='ltr'><strong>bene</strong></span> <span class='ocrx_word' id='word_1_282' title='bbox 937 1930 1203 1992; x_wconf 89' lang='lat' dir='ltr'><strong>agentem,</strong></span> <span class='ocrx_word' id='word_1_283' title='bbox 1253 1919 1429 1974; x_wconf 81' lang='lat' dir='ltr'><strong>vixisti</strong></span> <span class='ocrx_word' id='word_1_284' title='bbox 1479 1918 1618 1973; x_wconf 90' lang='lat' dir='ltr'><strong>bono</strong></span> <span class='ocrx_word' id='word_1_285' title='bbox 1659 1917 1867 1981; x_wconf 86' lang='lat' dir='ltr'><strong>odore;</strong></span> <span class='ocrx_word' id='word_1_286' title='bbox 1900 1914 2106 1970; x_wconf 84' lang='lat' dir='ltr'><strong>invides</strong></span> 
     </span>
    </p>
   </div>
   <div class='ocr_carea' id='block_1_36' title="bbox 537 2009 2106 2084">
    <p class='ocr_par' dir='ltr' id='par_1_36' title="bbox 537 2009 2106 2084">
     <span class='ocr_line' id='line_1_36' title="bbox 537 2009 2106 2084; baseline -0.005 -13"><span class='ocrx_word' id='word_1_287' title='bbox 537 2025 590 2072; x_wconf 86' lang='lat' dir='ltr'><strong>et</strong></span> <span class='ocrx_word' id='word_1_288' title='bbox 617 2016 852 2071; x_wconf 89' lang='lat' dir='ltr'><strong>detrahis</strong></span> <span class='ocrx_word' id='word_1_289' title='bbox 876 2015 1013 2070; x_wconf 91' lang='lat' dir='ltr'><strong>bene</strong></span> <span class='ocrx_word' id='word_1_290' title='bbox 1035 2012 1234 2084; x_wconf 82' lang='lat' dir='ltr'><strong>agenti,</strong></span> <span class='ocrx_word' id='word_1_291' title='bbox 1266 2021 1506 2067; x_wconf 90' lang='lat' dir='ltr'><strong>mortuus</strong></span> <span class='ocrx_word' id='word_1_292' title='bbox 1533 2028 1592 2067; x_wconf 87' lang='lat' dir='ltr'><strong>es</strong></span> <span class='ocrx_word' id='word_1_293' title='bbox 1623 2012 1762 2068; x_wconf 90' lang='lat' dir='ltr'><strong>bono</strong></span> <span class='ocrx_word' id='word_1_294' title='bbox 1791 2011 1980 2067; x_wconf 86' lang='lat' dir='ltr'><strong>odore.</strong></span> <span class='ocrx_word' id='word_1_295' title='bbox 2038 2009 2106 2064; x_wconf 86' lang='lat' dir='ltr'><strong>Et</strong></span> 
     </span>
    </p>
   </div>
   <div class='ocr_carea' id='block_1_37' title="bbox 528 2103 2108 2175">
    <p class='ocr_par' dir='ltr' id='par_1_37' title="bbox 528 2103 2108 2175">
     <span class='ocr_line' id='line_1_37' title="bbox 528 2103 2108 2175; baseline -0.003 -14"><span class='ocrx_word' id='word_1_296' title='bbox 528 2108 605 2161; x_wconf 85' lang='lat' dir='ltr'><strong>ad</strong></span> <span class='ocrx_word' id='word_1_297' title='bbox 633 2110 738 2161; x_wconf 79' lang='lat' dir='ltr'><strong>lure</strong></span> <span class='ocrx_word' id='word_1_298' title='bbox 761 2107 874 2175; x_wconf 88' lang='lat' dir='ltr'><strong>quis</strong></span> <span class='ocrx_word' id='word_1_299' title='bbox 900 2116 1002 2161; x_wconf 87' lang='lat' dir='ltr'><strong>tam</strong></span> <span class='ocrx_word' id='word_1_300' title='bbox 1023 2106 1283 2160; x_wconf 81' lang='lat' dir='ltr'><strong>idoneus?</strong></span> <span class='ocrx_word' id='word_1_301' title='bbox 1326 2105 1456 2171; x_wconf 87' lang='lat' dir='ltr'><strong>Quis</strong></span> <span class='ocrx_word' id='word_1_302' title='bbox 1483 2119 1576 2173; x_wconf 89' lang='lat' dir='ltr'><strong>per</strong></span> <span class='ocrx_word' id='word_1_303' title='bbox 1602 2119 1682 2170; x_wconf 88' lang='lat' dir='ltr'><strong>se,</strong></span> <span class='ocrx_word' id='word_1_304' title='bbox 1714 2114 1805 2158; x_wconf 87' lang='lat' dir='ltr'><strong>aut</strong></span> <span class='ocrx_word' id='word_1_305' title='bbox 1835 2103 1948 2158; x_wconf 90' lang='lat' dir='ltr'><strong>suis</strong></span> <span class='ocrx_word' id='word_1_306' title='bbox 1975 2103 2108 2157; x_wconf 91' lang='lat' dir='ltr'><strong>viri-</strong></span> 
     </span>
    </p>
   </div>
   <div class='ocr_carea' id='block_1_38' title="bbox 529 2191 2106 2265">
    <p class='ocr_par' dir='ltr' id='par_1_38' title="bbox 529 2191 2106 2265">
     <span class='ocr_line' id='line_1_38' title="bbox 529 2191 2106 2265; baseline -0.004 -14"><span class='ocrx_word' id='word_1_307' title='bbox 529 2199 656 2259; x_wconf 77' lang='lat' dir='ltr'><strong>bus,</strong></span> <span class='ocrx_word' id='word_1_308' title='bbox 703 2198 804 2252; x_wconf 89' lang='lat' dir='ltr'><strong>nisi</strong></span> <span class='ocrx_word' id='word_1_309' title='bbox 844 2195 937 2250; x_wconf 90' lang='lat' dir='ltr'><strong>illo</strong></span> <span class='ocrx_word' id='word_1_310' title='bbox 970 2196 1264 2265; x_wconf 86' lang='lat' dir='ltr'><strong>inspirante</strong></span> <span class='ocrx_word' id='word_1_311' title='bbox 1296 2206 1349 2249; x_wconf 92' lang='lat' dir='ltr'><strong>et</strong></span> <span class='ocrx_word' id='word_1_312' title='bbox 1379 2195 1632 2258; x_wconf 86' lang='lat' dir='ltr'><strong>donante,</strong></span> <span class='ocrx_word' id='word_1_313' title='bbox 1686 2194 1804 2249; x_wconf 87' lang='lat' dir='ltr'><strong>sine</strong></span> <span class='ocrx_word' id='word_1_314' title='bbox 1831 2208 1938 2264; x_wconf 90' lang='lat' dir='ltr'><strong>quo</strong></span> <span class='ocrx_word' id='word_1_315' title='bbox 1971 2191 2106 2247; x_wconf 90' lang='lat' dir='ltr'><strong>nihil</strong></span> 
     </span>
    </p>
   </div>
   <div class='ocr_carea' id='block_1_39' title="bbox 535 2283 2110 2354">
    <p class='ocr_par' dir='ltr' id='par_1_39' title="bbox 535 2283 2110 2354">
     <span class='ocr_line' id='line_1_39' title="bbox 535 2283 2110 2354; baseline 0 -18"><span class='ocrx_word' id='word_1_316' title='bbox 535 2286 870 2352; x_wconf 76' lang='lat' dir='ltr'><strong>possumus?</strong></span> <span class='ocrx_word' id='word_1_317' title='bbox 923 2300 1046 2340; x_wconf 91' lang='lat' dir='ltr'><strong>nam</strong></span> <span class='ocrx_word' id='word_1_318' title='bbox 1073 2285 1192 2354; x_wconf 90' lang='lat' dir='ltr'><strong>quis</strong></span> <span class='ocrx_word' id='word_1_319' title='bbox 1225 2285 1324 2339; x_wconf 91' lang='lat' dir='ltr'><strong>hoc</strong></span> <span class='ocrx_word' id='word_1_320' title='bbox 1353 2283 1788 2353; x_wconf 84' lang='lat' dir='ltr'><strong>comprehendat,</strong></span> <span class='ocrx_word' id='word_1_321' title='bbox 1841 2283 2110 2349; x_wconf 87' lang='lat' dir='ltr'><strong>quomodo</strong></span> 
     </span>
    </p>
   </div>
   <div class='ocr_carea' id='block_1_40' title="bbox 533 2373 2109 2448">
    <p class='ocr_par' dir='ltr' id='par_1_40' title="bbox 533 2373 2109 2448">
     <span class='ocr_line' id='line_1_40' title="bbox 533 2373 2109 2448; baseline -0.002 -18"><span class='ocrx_word' id='word_1_322' title='bbox 533 2376 830 2448; x_wconf 79' lang='lat' dir='ltr'><strong>gratiaDci</strong></span> <span class='ocrx_word' id='word_1_323' title='bbox 857 2377 994 2431; x_wconf 86' lang='lat' dir='ltr'><strong>alios</strong></span> <span class='ocrx_word' id='word_1_324' title='bbox 1032 2377 1202 2430; x_wconf 88' lang='lat' dir='ltr'><strong>salvat</strong></span> <span class='ocrx_word' id='word_1_325' title='bbox 1232 2385 1285 2430; x_wconf 91' lang='lat' dir='ltr'><strong>et</strong></span> <span class='ocrx_word' id='word_1_326' title='bbox 1313 2375 1446 2429; x_wconf 90' lang='lat' dir='ltr'><strong>alios</strong></span> <span class='ocrx_word' id='word_1_327' title='bbox 1473 2376 1777 2444; x_wconf 82' lang='lat' dir='ltr'><strong>relinquat?</strong></span> <span class='ocrx_word' id='word_1_328' title='bbox 1823 2373 1946 2428; x_wconf 87' lang='lat' dir='ltr'><strong>Non</strong></span> <span class='ocrx_word' id='word_1_329' title='bbox 1975 2375 2109 2428; x_wconf 89' lang='lat' dir='ltr'><strong>enim</strong></span> 
     </span>
    </p>
   </div>
   <div class='ocr_carea' id='block_1_41' title="bbox 533 2464 2110 2538">
    <p class='ocr_par' dir='ltr' id='par_1_41' title="bbox 533 2464 2110 2538">
     <span class='ocr_line' id='line_1_41' title="bbox 533 2464 2110 2538; baseline -0.003 -15"><span class='ocrx_word' id='word_1_330' title='bbox 533 2485 714 2523; x_wconf 84' lang='lat' dir='ltr'><strong>sumus</strong></span> <span class='ocrx_word' id='word_1_331' title='bbox 732 2469 860 2522; x_wconf 85' lang='lat' dir='ltr'><strong>sicut</strong></span> <span class='ocrx_word' id='word_1_332' title='bbox 889 2467 1122 2538; x_wconf 85' lang='lat' dir='ltr'><strong>plurimi,</strong></span> <span class='ocrx_word' id='word_1_333' title='bbox 1168 2467 1511 2521; x_wconf 72' lang='lat' dir='ltr'><strong>adulterantes</strong></span> <span class='ocrx_word' id='word_1_334' title='bbox 1535 2467 1738 2519; x_wconf 70' lang='lat' dir='ltr'><strong>verbum</strong></span> <span class='ocrx_word' id='word_1_335' title='bbox 1769 2464 1885 2531; x_wconf 87' lang='lat' dir='ltr'><strong>Dei,</strong></span> <span class='ocrx_word' id='word_1_336' title='bbox 1932 2465 2020 2519; x_wconf 87' lang='lat' dir='ltr'><strong>sed</strong></span> <span class='ocrx_word' id='word_1_337' title='bbox 2049 2481 2110 2519; x_wconf 80' lang='lat' dir='ltr'><strong>ea:</strong></span> 
     </span>
    </p>
   </div>
   <div class='ocr_carea' id='block_1_42' title="bbox 537 2558 2108 2630">
    <p class='ocr_par' dir='ltr' id='par_1_42' title="bbox 537 2558 2108 2630">
     <span class='ocr_line' id='line_1_42' title="bbox 537 2558 2108 2630; baseline -0.004 -13"><span class='ocrx_word' id='word_1_338' title='bbox 537 2562 845 2617; x_wconf 83' lang='lat' dir='ltr'><strong>sinceritate.</strong></span> <span class='ocrx_word' id='word_1_339' title='bbox 870 2559 1352 2630; x_wconf 85' lang='lat' dir='ltr'><strong>Pseudoapostolos</strong></span> <span class='ocrx_word' id='word_1_340' title='bbox 1399 2567 1560 2620; x_wconf 87' lang='lat' dir='ltr'><strong>taxat,</strong></span> <span class='ocrx_word' id='word_1_341' title='bbox 1585 2558 1874 2612; x_wconf 89' lang='lat' dir='ltr'><strong>humanum</strong></span> <span class='ocrx_word' id='word_1_342' title='bbox 1892 2571 2108 2612; x_wconf 87' lang='lat' dir='ltr'><strong>sensum</strong></span> 
     </span>
    </p>
   </div>
   <div class='ocr_carea' id='block_1_43' title="bbox 538 2649 2105 2724">
    <p class='ocr_par' dir='ltr' id='par_1_43' title="bbox 538 2649 2105 2724">
     <span class='ocr_line' id='line_1_43' title="bbox 538 2649 2105 2724; baseline -0.004 -15"><span class='ocrx_word' id='word_1_343' title='bbox 538 2655 731 2710; x_wconf 71' lang='lat' dir='ltr'><strong>divina:</strong></span> <span class='ocrx_word' id='word_1_344' title='bbox 762 2653 1122 2724; x_wconf 61' lang='lat' dir='ltr'><strong>pradicationi</strong></span> <span class='ocrx_word' id='word_1_345' title='bbox 1171 2651 1476 2716; x_wconf 85' lang='lat' dir='ltr'><strong>miscentes,</strong></span> <span class='ocrx_word' id='word_1_346' title='bbox 1518 2651 1655 2705; x_wconf 92' lang='lat' dir='ltr'><strong>sicut</strong></span> <span class='ocrx_word' id='word_1_347' title='bbox 1695 2651 1748 2704; x_wconf 91' lang='lat' dir='ltr'><strong>in</strong></span> <span class='ocrx_word' id='word_1_348' title='bbox 1779 2649 1909 2704; x_wconf 90' lang='lat' dir='ltr'><strong>Isaia</strong></span> <span class='ocrx_word' id='word_1_349' title='bbox 1937 2649 2105 2704; x_wconf 91' lang='lat' dir='ltr'><strong>dicit:</strong></span> 
     </span>
    </p>
   </div>
   <div class='ocr_carea' id='block_1_44' title="bbox 539 2741 2107 2817">
    <p class='ocr_par' dir='ltr' id='par_1_44' title="bbox 539 2741 2107 2817">
     <span class='ocr_line' id='line_1_44' title="bbox 539 2741 2107 2817; baseline -0.004 -15"><span class='ocrx_word' id='word_1_350' title='bbox 539 2747 820 2817; x_wconf 79' lang='lat' dir='ltr'><strong>Caupones</strong></span> <span class='ocrx_word' id='word_1_351' title='bbox 849 2746 922 2799; x_wconf 93' lang='lat' dir='ltr'><strong>tui</strong></span> <span class='ocrx_word' id='word_1_352' title='bbox 954 2746 1179 2799; x_wconf 90' lang='lat' dir='ltr'><strong>miscent</strong></span> <span class='ocrx_word' id='word_1_353' title='bbox 1210 2745 1331 2798; x_wconf 91' lang='lat' dir='ltr'><strong>vino</strong></span> <span class='ocrx_word' id='word_1_354' title='bbox 1358 2760 1568 2813; x_wconf 88' lang='lat' dir='ltr'><strong>aquam,</strong></span> <span class='ocrx_word' id='word_1_355' title='bbox 1622 2742 1800 2808; x_wconf 89' lang='lat' dir='ltr'><strong>idest,</strong></span> <span class='ocrx_word' id='word_1_356' title='bbox 1831 2757 1992 2798; x_wconf 73' lang='lat' dir='ltr'><strong>mera:</strong></span> <span class='ocrx_word' id='word_1_357' title='bbox 2017 2741 2107 2796; x_wconf 89' lang='lat' dir='ltr'><strong>do-</strong></span> 
     </span>
    </p>
   </div>
   <div class='ocr_carea' id='block_1_45' title="bbox 531 2835 2108 2904">
    <p class='ocr_par' dir='ltr' id='par_1_45' title="bbox 531 2835 2108 2904">
     <span class='ocr_line' id='line_1_45' title="bbox 531 2835 2108 2904; baseline -0.003 -12"><span class='ocrx_word' id='word_1_358' title='bbox 531 2839 724 2892; x_wconf 67' lang='lat' dir='ltr'><strong>ctrina:</strong></span> <span class='ocrx_word' id='word_1_359' title='bbox 772 2837 1091 2892; x_wconf 81' lang='lat' dir='ltr'><strong>adulationis</strong></span> <span class='ocrx_word' id='word_1_360' title='bbox 1133 2835 1291 2889; x_wconf 88' lang='lat' dir='ltr'><strong>verba</strong></span> <span class='ocrx_word' id='word_1_361' title='bbox 1324 2836 1514 2904; x_wconf 89' lang='lat' dir='ltr'><strong>quibus</strong></span> <span class='ocrx_word' id='word_1_362' title='bbox 1561 2836 1802 2890; x_wconf 89' lang='lat' dir='ltr'><strong>homines</strong></span> <span class='ocrx_word' id='word_1_363' title='bbox 1852 2849 1957 2888; x_wconf 93' lang='lat' dir='ltr'><strong>non</strong></span> <span class='ocrx_word' id='word_1_364' title='bbox 2003 2844 2108 2888; x_wconf 89' lang='lat' dir='ltr'><strong>tam</strong></span> 
     </span>
    </p>
   </div>
   <div class='ocr_carea' id='block_1_46' title="bbox 528 2922 2111 2993">
    <p class='ocr_par' dir='ltr' id='par_1_46' title="bbox 528 2922 2111 2993">
     <span class='ocr_line' id='line_1_46' title="bbox 528 2922 2111 2993; baseline -0.004 -11"><span class='ocrx_word' id='word_1_365' title='bbox 528 2927 800 2982; x_wconf 69' lang='lat' dir='ltr'><strong>ebrietate</strong></span> <span class='ocrx_word' id='word_1_366' title='bbox 822 2925 1079 2990; x_wconf 76' lang='lat' dir='ltr'><strong>ferveant,</strong></span> <span class='ocrx_word' id='word_1_367' title='bbox 1103 2940 1261 2992; x_wconf 89' lang='lat' dir='ltr'><strong>quam</strong></span> <span class='ocrx_word' id='word_1_368' title='bbox 1287 2924 1637 2979; x_wconf 85' lang='lat' dir='ltr'><strong>delectatione</strong></span> <span class='ocrx_word' id='word_1_369' title='bbox 1667 2931 1959 2993; x_wconf 88' lang='lat' dir='ltr'><strong>tepescant.</strong></span> <span class='ocrx_word' id='word_1_370' title='bbox 1994 2922 2111 2978; x_wconf 86' lang='lat' dir='ltr'><strong>Sic-</strong></span> 
     </span>
    </p>
   </div>
   <div class='ocr_carea' id='block_1_47' title="bbox 539 3014 2109 3089">
    <p class='ocr_par' dir='ltr' id='par_1_47' title="bbox 539 3014 2109 3089">
     <span class='ocr_line' id='line_1_47' title="bbox 539 3014 2109 3089; baseline -0.001 -20"><span class='ocrx_word' id='word_1_371' title='bbox 539 3026 599 3069; x_wconf 85' lang='lat' dir='ltr'><strong>ut</strong></span> <span class='ocrx_word' id='word_1_372' title='bbox 624 3032 688 3070; x_wconf 80' lang='lat' dir='ltr'><strong>ea:</strong></span> <span class='ocrx_word' id='word_1_373' title='bbox 718 3016 823 3070; x_wconf 87' lang='lat' dir='ltr'><strong>Deo</strong></span> <span class='ocrx_word' id='word_1_374' title='bbox 847 3032 1020 3069; x_wconf 83' lang='lat' dir='ltr'><strong>coram</strong></span> <span class='ocrx_word' id='word_1_375' title='bbox 1051 3015 1178 3068; x_wconf 86' lang='lat' dir='ltr'><strong>Deo.</strong></span> <span class='ocrx_word' id='word_1_376' title='bbox 1225 3015 1525 3089; x_wconf 71' lang='lat' dir='ltr'><strong>Prreeessit,</strong></span> <span class='ocrx_word' id='word_1_377' title='bbox 1556 3023 1609 3068; x_wconf 88' lang='lat' dir='ltr'><strong>et</strong></span> <span class='ocrx_word' id='word_1_378' title='bbox 1639 3014 1866 3068; x_wconf 88' lang='lat' dir='ltr'><strong>scientes</strong></span> <span class='ocrx_word' id='word_1_379' title='bbox 1897 3027 1995 3068; x_wconf 93' lang='lat' dir='ltr'><strong>nos</strong></span> <span class='ocrx_word' id='word_1_380' title='bbox 2041 3014 2109 3068; x_wconf 86' lang='lat' dir='ltr'><strong>ab</strong></span> 
     </span>
    </p>
   </div>
   <div class='ocr_carea' id='block_1_48' title="bbox 543 3102 2106 3175">
    <p class='ocr_par' dir='ltr' id='par_1_48' title="bbox 543 3102 2106 3175">
     <span class='ocr_line' id='line_1_48' title="bbox 543 3102 2106 3175; baseline -0.003 -13"><span class='ocrx_word' id='word_1_381' title='bbox 543 3108 664 3175; x_wconf 82' lang='lat' dir='ltr'><strong>ipso</strong></span> <span class='ocrx_word' id='word_1_382' title='bbox 684 3120 860 3162; x_wconf 91' lang='lat' dir='ltr'><strong>coram</strong></span> <span class='ocrx_word' id='word_1_383' title='bbox 894 3107 1011 3174; x_wconf 92' lang='lat' dir='ltr'><strong>ipso</strong></span> <span class='ocrx_word' id='word_1_384' title='bbox 1040 3106 1203 3174; x_wconf 87' lang='lat' dir='ltr'><strong>loqui.</strong></span> <span class='ocrx_word' id='word_1_385' title='bbox 1255 3103 1320 3158; x_wconf 90' lang='lat' dir='ltr'><strong>In</strong></span> <span class='ocrx_word' id='word_1_386' title='bbox 1351 3105 1549 3159; x_wconf 85' lang='lat' dir='ltr'><strong>Christo</strong></span> <span class='ocrx_word' id='word_1_387' title='bbox 1576 3104 1851 3173; x_wconf 77' lang='lat' dir='ltr'><strong>loquimur.</strong></span> <span class='ocrx_word' id='word_1_388' title='bbox 1893 3102 1950 3157; x_wconf 94' lang='lat' dir='ltr'><strong>ln</strong></span> <span class='ocrx_word' id='word_1_389' title='bbox 1985 3118 2106 3174; x_wconf 82' lang='lat' dir='ltr'><strong>per-</strong></span> 
     </span>
    </p>
   </div>
   <div class='ocr_carea' id='block_1_49' title="bbox 540 3197 1449 3267">
    <p class='ocr_par' dir='ltr' id='par_1_49' title="bbox 540 3197 1449 3267">
     <span class='ocr_line' id='line_1_49' title="bbox 540 3197 1449 3267; baseline -0.004 -13"><span class='ocrx_word' id='word_1_390' title='bbox 540 3213 674 3254; x_wconf 85' lang='lat' dir='ltr'><strong>sona</strong></span> <span class='ocrx_word' id='word_1_391' title='bbox 701 3199 921 3263; x_wconf 90' lang='lat' dir='ltr'><strong>Christi,</strong></span> <span class='ocrx_word' id='word_1_392' title='bbox 953 3200 1092 3254; x_wconf 91' lang='lat' dir='ltr'><strong>sicut</strong></span> <span class='ocrx_word' id='word_1_393' title='bbox 1119 3201 1232 3267; x_wconf 91' lang='lat' dir='ltr'><strong>ipse</strong></span> <span class='ocrx_word' id='word_1_394' title='bbox 1249 3197 1449 3252; x_wconf 86' lang='lat' dir='ltr'><strong>docuit.</strong></span> 
     </span>
    </p>
   </div>
   <div class='ocr_carea' id='block_1_50' title="bbox 608 3284 2112 3359">
    <p class='ocr_par' dir='ltr' id='par_1_50' title="bbox 608 3284 2112 3359">
     <span class='ocr_line' id='line_1_50' title="bbox 608 3284 2112 3359; baseline -0.003 -15"><span class='ocrx_word' id='word_1_395' title='bbox 608 3287 740 3344; x_wconf 70' lang='lat' dir='ltr'><strong>CAP.</strong></span> <span class='ocrx_word' id='word_1_396' title='bbox 768 3304 846 3346; x_wconf 89' lang='lat' dir='ltr'><strong>Ill.</strong></span> <span class='ocrx_word' id='word_1_397' title='bbox 872 3287 894 3340; x_wconf 94' lang='lat' dir='ltr'><strong>l</strong></span> <span class='ocrx_word' id='word_1_398' title='bbox 905 3288 985 3342; x_wconf 89' lang='lat' dir='ltr'><strong>nci</strong></span> <span class='ocrx_word' id='word_1_399' title='bbox 989 3287 1151 3356; x_wconf 75' lang='lat' dir='ltr'><strong>pimus</strong></span> <span class='ocrx_word' id='word_1_400' title='bbox 1173 3288 1356 3342; x_wconf 85' lang='lat' dir='ltr'><strong>iterum</strong></span> <span class='ocrx_word' id='word_1_401' title='bbox 1374 3288 1704 3359; x_wconf 76' lang='lat' dir='ltr'><strong>nosmetipsos</strong></span> <span class='ocrx_word' id='word_1_402' title='bbox 1723 3284 2112 3342; x_wconf 79' lang='lat' dir='ltr'><strong>commendare?</strong></span> 
     </span>
    </p>
   </div>
   <div class='ocr_carea' id='block_1_51' title="bbox 534 3381 2115 3451">
    <p class='ocr_par' dir='ltr' id='par_1_51' title="bbox 534 3381 2115 3451">
     <span class='ocr_line' id='line_1_51' title="bbox 534 3381 2115 3451; baseline -0.003 -16"><span class='ocrx_word' id='word_1_403' title='bbox 534 3390 633 3435; x_wconf 87' lang='lat' dir='ltr'><strong>aut</strong></span> <span class='ocrx_word' id='word_1_404' title='bbox 661 3381 891 3450; x_wconf 79' lang='lat' dir='ltr'><strong>nunquid</strong></span> <span class='ocrx_word' id='word_1_405' title='bbox 919 3396 1120 3451; x_wconf 82' lang='lat' dir='ltr'><strong>egemus</strong></span> <span class='ocrx_word' id='word_1_406' title='bbox 1158 3381 1284 3434; x_wconf 83' lang='lat' dir='ltr'><strong>sicut</strong></span> <span class='ocrx_word' id='word_1_407' title='bbox 1312 3381 1568 3448; x_wconf 82' lang='lat' dir='ltr'><strong>quidam?</strong></span> <span class='ocrx_word' id='word_1_408' title='bbox 1609 3381 1722 3433; x_wconf 87' lang='lat' dir='ltr'><strong>Non</strong></span> <span class='ocrx_word' id='word_1_409' title='bbox 1761 3390 1816 3433; x_wconf 91' lang='lat' dir='ltr'><strong>ut</strong></span> <span class='ocrx_word' id='word_1_410' title='bbox 1844 3395 2115 3434; x_wconf 85' lang='lat' dir='ltr'><strong>commen-</strong></span> 
     </span>
    </p>
   </div>
   <div class='ocr_carea' id='block_1_52' title="bbox 545 3471 2114 3538">
    <p class='ocr_par' dir='ltr' id='par_1_52' title="bbox 545 3471 2114 3538">
     <span class='ocr_line' id='line_1_52' title="bbox 545 3471 2114 3538; baseline -0.004 -10"><span class='ocrx_word' id='word_1_411' title='bbox 545 3474 735 3528; x_wconf 90' lang='lat' dir='ltr'><strong>detnur</strong></span> <span class='ocrx_word' id='word_1_412' title='bbox 762 3472 936 3535; x_wconf 85' lang='lat' dir='ltr'><strong>vobis,</strong></span> <span class='ocrx_word' id='word_1_413' title='bbox 972 3471 1246 3525; x_wconf 89' lang='lat' dir='ltr'><strong>laudamus</strong></span> <span class='ocrx_word' id='word_1_414' title='bbox 1276 3486 1392 3538; x_wconf 91' lang='lat' dir='ltr'><strong>vos,</strong></span> <span class='ocrx_word' id='word_1_415' title='bbox 1429 3471 1522 3525; x_wconf 88' lang='lat' dir='ltr'><strong>sed</strong></span> <span class='ocrx_word' id='word_1_416' title='bbox 1556 3487 1622 3524; x_wconf 90' lang='lat' dir='ltr'><strong>ne</strong></span> <span class='ocrx_word' id='word_1_417' title='bbox 1651 3471 1717 3524; x_wconf 92' lang='lat' dir='ltr'><strong>ab</strong></span> <span class='ocrx_word' id='word_1_418' title='bbox 1745 3472 1862 3525; x_wconf 91' lang='lat' dir='ltr'><strong>aliis</strong></span> <span class='ocrx_word' id='word_1_419' title='bbox 1891 3471 2114 3524; x_wconf 88' lang='lat' dir='ltr'><strong>seduca-</strong></span> 
     </span>
    </p>
   </div>
   <div class='ocr_carea' id='block_1_53' title="bbox 541 3564 2116 3635">
    <p class='ocr_par' dir='ltr' id='par_1_53' title="bbox 541 3564 2116 3635">
     <span class='ocr_line' id='line_1_53' title="bbox 541 3564 2116 3635; baseline -0.004 -13"><span class='ocrx_word' id='word_1_420' title='bbox 541 3567 697 3631; x_wconf 81' lang='lat' dir='ltr'><strong>mini,</strong></span> <span class='ocrx_word' id='word_1_421' title='bbox 752 3566 992 3635; x_wconf 80' lang='lat' dir='ltr'><strong>cogimur</strong></span> <span class='ocrx_word' id='word_1_422' title='bbox 1021 3579 1319 3618; x_wconf 87' lang='lat' dir='ltr'><strong>memorare</strong></span> <span class='ocrx_word' id='word_1_423' title='bbox 1360 3565 1493 3617; x_wconf 79' lang='lat' dir='ltr'><strong>lucc.</strong></span> <span class='ocrx_word' id='word_1_424' title='bbox 1547 3564 1979 3617; x_wconf 82' lang='lat' dir='ltr'><strong>Cemmendatitiis</strong></span> <span class='ocrx_word' id='word_1_425' title='bbox 2009 3564 2116 3632; x_wconf 87' lang='lat' dir='ltr'><strong>epi-</strong></span> 
     </span>
    </p>
   </div>
   <div class='ocr_carea' id='block_1_54' title="bbox 543 3655 2116 3721">
    <p class='ocr_par' dir='ltr' id='par_1_54' title="bbox 543 3655 2116 3721">
     <span class='ocr_line' id='line_1_54' title="bbox 543 3655 2116 3721; baseline -0.001 -10"><span class='ocrx_word' id='word_1_426' title='bbox 543 3659 688 3711; x_wconf 86' lang='lat' dir='ltr'><strong>stolis</strong></span> <span class='ocrx_word' id='word_1_427' title='bbox 723 3658 794 3708; x_wconf 88' lang='lat' dir='ltr'><strong>ad</strong></span> <span class='ocrx_word' id='word_1_428' title='bbox 833 3672 941 3721; x_wconf 80' lang='lat' dir='ltr'><strong>vos,</strong></span> <span class='ocrx_word' id='word_1_429' title='bbox 989 3666 1172 3708; x_wconf 71' lang='lat' dir='ltr'><strong>antea:</strong></span> <span class='ocrx_word' id='word_1_430' title='bbox 1210 3655 1399 3708; x_wconf 83' lang='lat' dir='ltr'><strong>vobis?</strong></span> <span class='ocrx_word' id='word_1_431' title='bbox 1444 3655 1589 3720; x_wconf 86' lang='lat' dir='ltr'><strong>Quos</strong></span> <span class='ocrx_word' id='word_1_432' title='bbox 1633 3671 1736 3710; x_wconf 93' lang='lat' dir='ltr'><strong>non</strong></span> <span class='ocrx_word' id='word_1_433' title='bbox 1777 3656 2116 3711; x_wconf 85' lang='lat' dir='ltr'><strong>commendat</strong></span> 
     </span>
    </p>
   </div>
   <div class='ocr_carea' id='block_1_55' title="bbox 545 3746 2117 3815">
    <p class='ocr_par' dir='ltr' id='par_1_55' title="bbox 545 3746 2117 3815">
     <span class='ocr_line' id='line_1_55' title="bbox 545 3746 2117 3815; baseline 0.002 -16"><span class='ocrx_word' id='word_1_434' title='bbox 545 3749 714 3815; x_wconf 81' lang='lat' dir='ltr'><strong>gratia</strong></span> <span class='ocrx_word' id='word_1_435' title='bbox 736 3748 1014 3811; x_wconf 86' lang='lat' dir='ltr'><strong>virtutum,</strong></span> <span class='ocrx_word' id='word_1_436' title='bbox 1041 3747 1164 3800; x_wconf 88' lang='lat' dir='ltr'><strong>illos</strong></span> <span class='ocrx_word' id='word_1_437' title='bbox 1190 3746 1346 3814; x_wconf 85' lang='lat' dir='ltr'><strong>digne</strong></span> <span class='ocrx_word' id='word_1_438' title='bbox 1372 3747 1750 3802; x_wconf 89' lang='lat' dir='ltr'><strong>commendant</strong></span> <span class='ocrx_word' id='word_1_439' title='bbox 1772 3749 1965 3802; x_wconf 68' lang='lat' dir='ltr'><strong>litterae</strong></span> <span class='ocrx_word' id='word_1_440' title='bbox 1993 3750 2117 3802; x_wconf 88' lang='lat' dir='ltr'><strong>ami-</strong></span> 
     </span>
    </p>
   </div>
   <div class='ocr_carea' id='block_1_56' title="bbox 541 3838 2109 3906">
    <p class='ocr_par' dir='ltr' id='par_1_56' title="bbox 541 3838 2109 3906">
     <span class='ocr_line' id='line_1_56' title="bbox 541 3838 2109 3906; baseline -0.002 -13"><span class='ocrx_word' id='word_1_441' title='bbox 541 3854 750 3894; x_wconf 81' lang='lat' dir='ltr'><strong>corum.</strong></span> <span class='ocrx_word' id='word_1_442' title='bbox 787 3838 1011 3906; x_wconf 79' lang='lat' dir='ltr'><strong>Epistula</strong></span> <span class='ocrx_word' id='word_1_443' title='bbox 1039 3847 1214 3890; x_wconf 86' lang='lat' dir='ltr'><strong>nostra</strong></span> <span class='ocrx_word' id='word_1_444' title='bbox 1236 3853 1321 3891; x_wconf 73' lang='lat' dir='ltr'><strong>vos</strong></span> <span class='ocrx_word' id='word_1_445' title='bbox 1342 3840 1478 3892; x_wconf 82' lang='lat' dir='ltr'><strong>estis.</strong></span> <span class='ocrx_word' id='word_1_446' title='bbox 1513 3838 1661 3892; x_wconf 87' lang='lat' dir='ltr'><strong>Sicut</strong></span> <span class='ocrx_word' id='word_1_447' title='bbox 1684 3839 1735 3892; x_wconf 90' lang='lat' dir='ltr'><strong>in</strong></span> <span class='ocrx_word' id='word_1_448' title='bbox 1762 3839 1929 3906; x_wconf 89' lang='lat' dir='ltr'><strong>prima</strong></span> <span class='ocrx_word' id='word_1_449' title='bbox 1954 3838 2109 3893; x_wconf 91' lang='lat' dir='ltr'><strong>dicit:</strong></span> 
     </span>
    </p>
   </div>
   <div class='ocr_carea' id='block_1_57' title="bbox 545 3927 2116 3997">
    <p class='ocr_par' dir='ltr' id='par_1_57' title="bbox 545 3927 2116 3997">
     <span class='ocr_line' id='line_1_57' title="bbox 545 3927 2116 3997; baseline -0.001 -13"><span class='ocrx_word' id='word_1_450' title='bbox 545 3927 884 3996; x_wconf 83' lang='lat' dir='ltr'><strong>Signaeulutn</strong></span> <span class='ocrx_word' id='word_1_451' title='bbox 908 3927 1235 3997; x_wconf 88' lang='lat' dir='ltr'><strong>apostolatus</strong></span> <span class='ocrx_word' id='word_1_452' title='bbox 1262 3929 1364 3982; x_wconf 89' lang='lat' dir='ltr'><strong>mei</strong></span> <span class='ocrx_word' id='word_1_453' title='bbox 1393 3942 1486 3983; x_wconf 88' lang='lat' dir='ltr'><strong>vos</strong></span> <span class='ocrx_word' id='word_1_454' title='bbox 1513 3927 1643 3982; x_wconf 88' lang='lat' dir='ltr'><strong>estis</strong></span> <span class='ocrx_word' id='word_1_455' title='bbox 1667 3946 1680 3980; x_wconf 90' lang='lat'>:</span> <span class='ocrx_word' id='word_1_456' title='bbox 1711 3928 1934 3996; x_wconf 88' lang='lat' dir='ltr'><strong>epistola</strong></span> <span class='ocrx_word' id='word_1_457' title='bbox 1971 3943 2116 3983; x_wconf 84' lang='lat' dir='ltr'><strong>com-</strong></span> 
     </span>
    </p>
   </div>
   <div class='ocr_carea' id='block_1_58' title="bbox 545 4017 2117 4086">
    <p class='ocr_par' dir='ltr' id='par_1_58' title="bbox 545 4017 2117 4086">
     <span class='ocr_line' id='line_1_58' title="bbox 545 4017 2117 4086; baseline -0.001 -11"><span class='ocrx_word' id='word_1_458' title='bbox 545 4018 874 4075; x_wconf 83' lang='lat' dir='ltr'><strong>mendatitia.</strong></span> <span class='ocrx_word' id='word_1_459' title='bbox 904 4019 1112 4086; x_wconf 81' lang='lat' dir='ltr'><strong>Scripta</strong></span> <span class='ocrx_word' id='word_1_460' title='bbox 1132 4019 1185 4072; x_wconf 91' lang='lat' dir='ltr'><strong>in</strong></span> <span class='ocrx_word' id='word_1_461' title='bbox 1205 4019 1670 4073; x_wconf 84' lang='lat' dir='ltr'><strong>cordibus-nostris.</strong></span> <span class='ocrx_word' id='word_1_462' title='bbox 1700 4019 1755 4072; x_wconf 91' lang='lat' dir='ltr'><strong>ln</strong></span> <span class='ocrx_word' id='word_1_463' title='bbox 1777 4017 2117 4074; x_wconf 88' lang='lat' dir='ltr'><strong>conscientiis</strong></span> 
     </span>
    </p>
   </div>
   <div class='ocr_carea' id='block_1_59' title="bbox 549 4110 2118 4180">
    <p class='ocr_par' dir='ltr' id='par_1_59' title="bbox 549 4110 2118 4180">
     <span class='ocr_line' id='line_1_59' title="bbox 549 4110 2118 4180; baseline -0.002 -14"><span class='ocrx_word' id='word_1_464' title='bbox 549 4111 750 4167; x_wconf 84' lang='lat' dir='ltr'><strong>nostris</strong></span> <span class='ocrx_word' id='word_1_465' title='bbox 777 4122 879 4176; x_wconf 89' lang='lat' dir='ltr'><strong>est,</strong></span> <span class='ocrx_word' id='word_1_466' title='bbox 909 4125 1008 4166; x_wconf 88' lang='lat' dir='ltr'><strong>nos</strong></span> <span class='ocrx_word' id='word_1_467' title='bbox 1035 4110 1184 4166; x_wconf 91' lang='lat' dir='ltr'><strong>vobis</strong></span> <span class='ocrx_word' id='word_1_468' title='bbox 1207 4111 1616 4180; x_wconf 55' lang='lat' dir='ltr'><strong>praedicantibus</strong></span> <span class='ocrx_word' id='word_1_469' title='bbox 1645 4111 1956 4166; x_wconf 89' lang='lat' dir='ltr'><strong>credidisse.</strong></span> <span class='ocrx_word' id='word_1_470' title='bbox 1991 4111 2118 4178; x_wconf 66' lang='lat' dir='ltr'><strong>Quae</strong></span> 
     </span>
    </p>
   </div>
   <div class='ocr_carea' id='block_1_60' title="bbox 544 4203 2113 4273">
    <p class='ocr_par' dir='ltr' id='par_1_60' title="bbox 544 4203 2113 4273">
     <span class='ocr_line' id='line_1_60' title="bbox 544 4203 2113 4273; baseline -0.003 -15"><span class='ocrx_word' id='word_1_471' title='bbox 544 4205 703 4258; x_wconf 85' lang='lat' dir='ltr'><strong>scitur</strong></span> <span class='ocrx_word' id='word_1_472' title='bbox 745 4213 792 4259; x_wconf 85' lang='lat' dir='ltr'><strong>et</strong></span> <span class='ocrx_word' id='word_1_473' title='bbox 843 4203 1133 4273; x_wconf 70' lang='lat' dir='ltr'><strong>legiturab</strong></span> <span class='ocrx_word' id='word_1_474' title='bbox 1181 4203 1410 4258; x_wconf 85' lang='lat' dir='ltr'><strong>omnibus</strong></span> <span class='ocrx_word' id='word_1_475' title='bbox 1450 4203 1736 4256; x_wconf 83' lang='lat' dir='ltr'><strong>hominibus</strong></span> <span class='ocrx_word' id='word_1_476' title='bbox 1785 4203 2113 4270; x_wconf 79' lang='lat' dir='ltr'><strong>manifestati.</strong></span> 
     </span>
    </p>
   </div>
   <div class='ocr_carea' id='block_1_61' title="bbox 543 4296 2117 4364">
    <p class='ocr_par' dir='ltr' id='par_1_61' title="bbox 543 4296 2117 4364">
     <span class='ocr_line' id='line_1_61' title="bbox 543 4296 2117 4364; baseline -0.003 -11"><span class='ocrx_word' id='word_1_477' title='bbox 543 4297 799 4354; x_wconf 90' lang='lat' dir='ltr'><strong>Omnibus</strong></span> <span class='ocrx_word' id='word_1_478' title='bbox 825 4297 1164 4352; x_wconf 79' lang='lat' dir='ltr'><strong>manifestum</strong></span> <span class='ocrx_word' id='word_1_479' title='bbox 1193 4305 1295 4358; x_wconf 87' lang='lat' dir='ltr'><strong>est.</strong></span> <span class='ocrx_word' id='word_1_480' title='bbox 1323 4311 1418 4351; x_wconf 90' lang='lat' dir='ltr'><strong>vos</strong></span> <span class='ocrx_word' id='word_1_481' title='bbox 1462 4296 1677 4350; x_wconf 81' lang='lat' dir='ltr'><strong>Christo</strong></span> <span class='ocrx_word' id='word_1_482' title='bbox 1705 4311 1796 4364; x_wconf 88' lang='lat' dir='ltr'><strong>per</strong></span> <span class='ocrx_word' id='word_1_483' title='bbox 1821 4311 1918 4350; x_wconf 91' lang='lat' dir='ltr'><strong>nos</strong></span> <span class='ocrx_word' id='word_1_484' title='bbox 1948 4296 2117 4350; x_wconf 78' lang='lat' dir='ltr'><strong>credi-</strong></span> 
     </span>
    </p>
   </div>
   <div class='ocr_carea' id='block_1_62' title="bbox 543 4386 2117 4455">
    <p class='ocr_par' dir='ltr' id='par_1_62' title="bbox 543 4386 2117 4455">
     <span class='ocr_line' id='line_1_62' title="bbox 543 4386 2117 4455; baseline -0.006 -9"><span class='ocrx_word' id='word_1_485' title='bbox 543 4391 708 4454; x_wconf 82' lang='lat' dir='ltr'><strong>disse,</strong></span> <span class='ocrx_word' id='word_1_486' title='bbox 737 4393 1089 4445; x_wconf 89' lang='lat' dir='ltr'><strong>contirmante</strong></span> <span class='ocrx_word' id='word_1_487' title='bbox 1135 4389 1429 4442; x_wconf 76' lang='lat' dir='ltr'><strong>doctrinam</strong></span> <span class='ocrx_word' id='word_1_488' title='bbox 1461 4397 1696 4442; x_wconf 90' lang='lat' dir='ltr'><strong>nostram</strong></span> <span class='ocrx_word' id='word_1_489' title='bbox 1742 4386 1944 4455; x_wconf 82' lang='lat' dir='ltr'><strong>Sp&#39;ritu</strong></span> <span class='ocrx_word' id='word_1_490' title='bbox 1994 4400 2117 4438; x_wconf 85' lang='lat' dir='ltr'><strong>san-</strong></span> 
     </span>
    </p>
   </div>
   <div class='ocr_carea' id='block_1_63' title="bbox 545 4474 2114 4550">
    <p class='ocr_par' dir='ltr' id='par_1_63' title="bbox 545 4474 2114 4550">
     <span class='ocr_line' id='line_1_63' title="bbox 545 4474 2114 4550; baseline -0.005 -14"><span class='ocrx_word' id='word_1_491' title='bbox 545 4491 632 4536; x_wconf 88' lang='lat' dir='ltr'><strong>cto</strong></span> <span class='ocrx_word' id='word_1_492' title='bbox 661 4497 754 4550; x_wconf 91' lang='lat' dir='ltr'><strong>per</strong></span> <span class='ocrx_word' id='word_1_493' title='bbox 779 4482 999 4536; x_wconf 85' lang='lat' dir='ltr'><strong>virtutes</strong></span> <span class='ocrx_word' id='word_1_494' title='bbox 1030 4497 1044 4534; x_wconf 91' lang='lat'><strong>:</strong></span> <span class='ocrx_word' id='word_1_495' title='bbox 1088 4481 1199 4534; x_wconf 75' lang='lat' dir='ltr'><strong>sive</strong></span> <span class='ocrx_word' id='word_1_496' title='bbox 1229 4480 1352 4534; x_wconf 90' lang='lat' dir='ltr'><strong>hinc</strong></span> <span class='ocrx_word' id='word_1_497' title='bbox 1379 4494 1506 4534; x_wconf 89' lang='lat' dir='ltr'><strong>vere</strong></span> <span class='ocrx_word' id='word_1_498' title='bbox 1534 4477 1932 4548; x_wconf 88' lang='lat' dir='ltr'><strong>cognoscemini</strong></span> <span class='ocrx_word' id='word_1_499' title='bbox 1960 4474 2114 4530; x_wconf 89' lang='lat' dir='ltr'><strong>Chri-</strong></span> 
     </span>
    </p>
   </div>
   <div class='ocr_carea' id='block_1_64' title="bbox 547 4560 2189 4640">
    <p class='ocr_par' dir='ltr' id='par_1_64' title="bbox 547 4560 2189 4640">
     <span class='ocr_line' id='line_1_64' title="bbox 547 4560 2189 4640; baseline -0.004 -15"><span class='ocrx_word' id='word_1_500' title='bbox 547 4573 616 4626; x_wconf 91' lang='lat' dir='ltr'><strong>sti</strong></span> <span class='ocrx_word' id='word_1_501' title='bbox 642 4587 782 4635; x_wconf 84' lang='lat' dir='ltr'><strong>esse,</strong></span> <span class='ocrx_word' id='word_1_502' title='bbox 814 4575 949 4639; x_wconf 88' lang='lat' dir='ltr'><strong>quod</strong></span> <span class='ocrx_word' id='word_1_503' title='bbox 967 4573 1082 4639; x_wconf 83' lang='lat' dir='ltr'><strong>ejus</strong></span> <span class='ocrx_word' id='word_1_504' title='bbox 1101 4572 1356 4640; x_wconf 92' lang='lat' dir='ltr'><strong>Spiritum</strong></span> <span class='ocrx_word' id='word_1_505' title='bbox 1379 4573 1682 4640; x_wconf 89' lang='lat' dir='ltr'><strong>accepistis.</strong></span> <span class='ocrx_word' id='word_1_506' title='bbox 1718 4571 1970 4634; x_wconf 85' lang='lat' dir='ltr'><strong>Quoniam</strong></span> <span class='ocrx_word' id='word_1_507' title='bbox 1997 4570 2106 4635; x_wconf 86' lang='lat' dir='ltr'><strong>epi-</strong></span> <span class='ocrx_word' id='word_1_508' title='bbox 2141 4560 2189 4619; x_wconf 89' lang='lat' dir='ltr'><strong>D</strong></span> 
     </span>
    </p>
   </div>
   <div class='ocr_carea' id='block_1_65' title="bbox 547 4663 2114 4732">
    <p class='ocr_par' dir='ltr' id='par_1_65' title="bbox 547 4663 2114 4732">
     <span class='ocr_line' id='line_1_65' title="bbox 547 4663 2114 4732; baseline -0.003 -16"><span class='ocrx_word' id='word_1_509' title='bbox 547 4663 682 4716; x_wconf 87' lang='lat' dir='ltr'><strong>stola</strong></span> <span class='ocrx_word' id='word_1_510' title='bbox 723 4663 840 4716; x_wconf 82' lang='lat' dir='ltr'><strong>estis</strong></span> <span class='ocrx_word' id='word_1_511' title='bbox 873 4663 1080 4726; x_wconf 81' lang='lat' dir='ltr'><strong>Christi,</strong></span> <span class='ocrx_word' id='word_1_512' title='bbox 1115 4665 1401 4716; x_wconf 85' lang='lat' dir='ltr'><strong>ministrata</strong></span> <span class='ocrx_word' id='word_1_513' title='bbox 1433 4681 1463 4716; x_wconf 92' lang='lat' dir='ltr'><strong>a</strong></span> <span class='ocrx_word' id='word_1_514' title='bbox 1489 4664 1654 4726; x_wconf 87' lang='lat' dir='ltr'><strong>nobis,</strong></span> <span class='ocrx_word' id='word_1_515' title='bbox 1683 4671 1730 4716; x_wconf 88' lang='lat' dir='ltr'><strong>et</strong></span> <span class='ocrx_word' id='word_1_516' title='bbox 1754 4663 1965 4732; x_wconf 85' lang='lat' dir='ltr'><strong>scripta,</strong></span> <span class='ocrx_word' id='word_1_517' title='bbox 2011 4677 2114 4713; x_wconf 87' lang='lat' dir='ltr'><strong>non</strong></span> 
     </span>
    </p>
   </div>
   <div class='ocr_carea' id='block_1_66' title="bbox 547 4753 2117 4822">
    <p class='ocr_par' dir='ltr' id='par_1_66' title="bbox 547 4753 2117 4822">
     <span class='ocr_line' id='line_1_66' title="bbox 547 4753 2117 4822; baseline -0.002 -14"><span class='ocrx_word' id='word_1_518' title='bbox 547 4762 852 4822; x_wconf 67' lang='lat' dir='ltr'><strong>atramento,</strong></span> <span class='ocrx_word' id='word_1_519' title='bbox 883 4754 970 4807; x_wconf 86' lang='lat' dir='ltr'><strong>sed</strong></span> <span class='ocrx_word' id='word_1_520' title='bbox 995 4753 1195 4821; x_wconf 84' lang='lat' dir='ltr'><strong>Spiritu</strong></span> <span class='ocrx_word' id='word_1_521' title='bbox 1235 4753 1322 4808; x_wconf 91' lang='lat' dir='ltr'><strong>Dei</strong></span> <span class='ocrx_word' id='word_1_522' title='bbox 1362 4755 1477 4807; x_wconf 85' lang='lat' dir='ltr'><strong>vivi.</strong></span> <span class='ocrx_word' id='word_1_523' title='bbox 1511 4754 1782 4809; x_wconf 91' lang='lat' dir='ltr'><strong>lnvisibili.</strong></span> <span class='ocrx_word' id='word_1_524' title='bbox 1810 4753 1931 4807; x_wconf 87' lang='lat' dir='ltr'><strong>Non</strong></span> <span class='ocrx_word' id='word_1_525' title='bbox 1957 4755 2006 4806; x_wconf 88' lang='lat' dir='ltr'><strong>in</strong></span> <span class='ocrx_word' id='word_1_526' title='bbox 2038 4763 2117 4806; x_wconf 81' lang='lat' dir='ltr'><strong>ta-</strong></span> 
     </span>
    </p>
   </div>
   <div class='ocr_carea' id='block_1_67' title="bbox 548 4844 2112 4914">
    <p class='ocr_par' dir='ltr' id='par_1_67' title="bbox 548 4844 2112 4914">
     <span class='ocr_line' id='line_1_67' title="bbox 548 4844 2112 4914; baseline 0.002 -16"><span class='ocrx_word' id='word_1_527' title='bbox 548 4847 677 4899; x_wconf 75' lang='lat' dir='ltr'><strong>bulis</strong></span> <span class='ocrx_word' id='word_1_528' title='bbox 703 4845 937 4914; x_wconf 82' lang='lat' dir='ltr'><strong>lapideis.</strong></span> <span class='ocrx_word' id='word_1_529' title='bbox 980 4845 1146 4900; x_wconf 82' lang='lat' dir='ltr'><strong>Judaei</strong></span> <span class='ocrx_word' id='word_1_530' title='bbox 1185 4845 1237 4897; x_wconf 90' lang='lat' dir='ltr'><strong>in</strong></span> <span class='ocrx_word' id='word_1_531' title='bbox 1269 4844 1400 4898; x_wconf 90' lang='lat' dir='ltr'><strong>dura</strong></span> <span class='ocrx_word' id='word_1_532' title='bbox 1434 4846 1651 4898; x_wconf 87' lang='lat' dir='ltr'><strong>materia</strong></span> <span class='ocrx_word' id='word_1_533' title='bbox 1690 4845 1859 4913; x_wconf 86' lang='lat' dir='ltr'><strong>legem</strong></span> <span class='ocrx_word' id='word_1_534' title='bbox 1889 4860 2112 4914; x_wconf 89' lang='lat' dir='ltr'><strong>accepe-</strong></span> 
     </span>
    </p>
   </div>
   <div class='ocr_carea' id='block_1_68' title="bbox 551 4936 2112 5006">
    <p class='ocr_par' dir='ltr' id='par_1_68' title="bbox 551 4936 2112 5006">
     <span class='ocr_line' id='line_1_68' title="bbox 551 4936 2112 5006; baseline -0.001 -14"><span class='ocrx_word' id='word_1_535' title='bbox 551 4946 696 5001; x_wconf 88' lang='lat' dir='ltr'><strong>runt,</strong></span> <span class='ocrx_word' id='word_1_536' title='bbox 726 4937 1058 5006; x_wconf 79' lang='lat' dir='ltr'><strong>significante</strong></span> <span class='ocrx_word' id='word_1_537' title='bbox 1103 4936 1352 4990; x_wconf 87' lang='lat' dir='ltr'><strong>duritiam</strong></span> <span class='ocrx_word' id='word_1_538' title='bbox 1409 4951 1634 4989; x_wconf 82' lang='lat' dir='ltr'><strong>eorum:</strong></span> <span class='ocrx_word' id='word_1_539' title='bbox 1689 4936 1825 4990; x_wconf 88' lang='lat' dir='ltr'><strong>sicut</strong></span> <span class='ocrx_word' id='word_1_540' title='bbox 1873 4938 2112 4992; x_wconf 90' lang='lat' dir='ltr'><strong>velamen</strong></span> 
     </span>
    </p>
   </div>
   <div class='ocr_carea' id='block_1_69' title="bbox 546 5026 2110 5097">
    <p class='ocr_par' dir='ltr' id='par_1_69' title="bbox 546 5026 2110 5097">
     <span class='ocr_line' id='line_1_69' title="bbox 546 5026 2110 5097; baseline -0.003 -13"><span class='ocrx_word' id='word_1_541' title='bbox 546 5027 711 5097; x_wconf 78' lang='lat' dir='ltr'><strong>Moysi</strong></span> <span class='ocrx_word' id='word_1_542' title='bbox 739 5027 1058 5081; x_wconf 77' lang='lat' dir='ltr'><strong>Ostendebat</strong></span> <span class='ocrx_word' id='word_1_543' title='bbox 1107 5026 1346 5080; x_wconf 85' lang='lat' dir='ltr'><strong>velamen</strong></span> <span class='ocrx_word' id='word_1_544' title='bbox 1389 5028 1564 5081; x_wconf 89' lang='lat' dir='ltr'><strong>cordis</strong></span> <span class='ocrx_word' id='word_1_545' title='bbox 1605 5043 1812 5082; x_wconf 83' lang='lat' dir='ltr'><strong>eorum.</strong></span> <span class='ocrx_word' id='word_1_546' title='bbox 1861 5029 2110 5094; x_wconf 85' lang='lat' dir='ltr'><strong>Quamvis</strong></span> 
     </span>
    </p>
   </div>
   <div class='ocr_carea' id='block_1_70' title="bbox 544 5119 2112 5189">
    <p class='ocr_par' dir='ltr' id='par_1_70' title="bbox 544 5119 2112 5189">
     <span class='ocr_line' id='line_1_70' title="bbox 544 5119 2112 5189; baseline -0.003 -13"><span class='ocrx_word' id='word_1_547' title='bbox 544 5130 600 5176; x_wconf 88' lang='lat' dir='ltr'><strong>et</strong></span> <span class='ocrx_word' id='word_1_548' title='bbox 648 5136 746 5175; x_wconf 81' lang='lat' dir='ltr'><strong>nos</strong></span> <span class='ocrx_word' id='word_1_549' title='bbox 803 5121 968 5189; x_wconf 83' lang='lat' dir='ltr'><strong>legem</strong></span> <span class='ocrx_word' id='word_1_550' title='bbox 1017 5119 1209 5173; x_wconf 85' lang='lat' dir='ltr'><strong>Christi</strong></span> <span class='ocrx_word' id='word_1_551' title='bbox 1261 5120 1509 5189; x_wconf 87' lang='lat' dir='ltr'><strong>scriptam</strong></span> <span class='ocrx_word' id='word_1_552' title='bbox 1571 5120 1902 5185; x_wconf 88' lang='lat' dir='ltr'><strong>habeamus,</strong></span> <span class='ocrx_word' id='word_1_553' title='bbox 1936 5129 2112 5173; x_wconf 84' lang='lat' dir='ltr'><strong>tamen</strong></span> 
     </span>
    </p>
   </div>
   <div class='ocr_carea' id='block_1_71' title="bbox 546 5210 2105 5280">
    <p class='ocr_par' dir='ltr' id='par_1_71' title="bbox 546 5210 2105 5280">
     <span class='ocr_line' id='line_1_71' title="bbox 546 5210 2105 5280; baseline -0.002 -15"><span class='ocrx_word' id='word_1_554' title='bbox 546 5213 718 5279; x_wconf 88' lang='lat' dir='ltr'><strong>primo</strong></span> <span class='ocrx_word' id='word_1_555' title='bbox 744 5228 848 5266; x_wconf 88' lang='lat' dir='ltr'><strong>non</strong></span> <span class='ocrx_word' id='word_1_556' title='bbox 881 5212 1024 5280; x_wconf 88' lang='lat' dir='ltr'><strong>quasi</strong></span> <span class='ocrx_word' id='word_1_557' title='bbox 1055 5211 1321 5275; x_wconf 83' lang='lat' dir='ltr'><strong>absentes,</strong></span> <span class='ocrx_word' id='word_1_558' title='bbox 1343 5211 1434 5265; x_wconf 87' lang='lat' dir='ltr'><strong>sed</strong></span> <span class='ocrx_word' id='word_1_559' title='bbox 1463 5221 1754 5280; x_wconf 61' lang='lat' dir='ltr'><strong>prasentes</strong></span> <span class='ocrx_word' id='word_1_560' title='bbox 1781 5210 1991 5280; x_wconf 82' lang='lat' dir='ltr'><strong>scriptis</strong></span> <span class='ocrx_word' id='word_1_561' title='bbox 2020 5219 2105 5263; x_wconf 84' lang='lat' dir='ltr'><strong>ta-</strong></span> 
     </span>
    </p>
   </div>
   <div class='ocr_carea' id='block_1_72' title="bbox 544 5301 2112 5372">
    <p class='ocr_par' dir='ltr' id='par_1_72' title="bbox 544 5301 2112 5372">
     <span class='ocr_line' id='line_1_72' title="bbox 544 5301 2112 5372; baseline -0.005 -11"><span class='ocrx_word' id='word_1_562' title='bbox 544 5301 685 5361; x_wconf 78' lang='lat' dir='ltr'><strong>bulis</strong></span> <span class='ocrx_word' id='word_1_563' title='bbox 710 5303 872 5358; x_wconf 86' lang='lat' dir='ltr'><strong>corde</strong></span> <span class='ocrx_word' id='word_1_564' title='bbox 903 5312 1084 5357; x_wconf 86' lang='lat' dir='ltr'><strong>nostro</strong></span> <span class='ocrx_word' id='word_1_565' title='bbox 1119 5302 1321 5357; x_wconf 86' lang='lat' dir='ltr'><strong>Domini</strong></span> <span class='ocrx_word' id='word_1_566' title='bbox 1348 5303 1508 5357; x_wconf 86' lang='lat' dir='ltr'><strong>verba</strong></span> <span class='ocrx_word' id='word_1_567' title='bbox 1531 5303 1889 5372; x_wconf 72' lang='lat' dir='ltr'><strong>suscipimus:</strong></span> <span class='ocrx_word' id='word_1_568' title='bbox 1937 5302 2112 5355; x_wconf 83' lang='lat' dir='ltr'><strong>Evan-</strong></span> 
     </span>
    </p>
   </div>
   <div class='ocr_carea' id='block_1_73' title="bbox 545 5393 2112 5463">
    <p class='ocr_par' dir='ltr' id='par_1_73' title="bbox 545 5393 2112 5463">
     <span class='ocr_line' id='line_1_73' title="bbox 545 5393 2112 5463; baseline -0.001 -15"><span class='ocrx_word' id='word_1_569' title='bbox 545 5394 684 5463; x_wconf 85' lang='lat' dir='ltr'><strong>gelia</strong></span> <span class='ocrx_word' id='word_1_570' title='bbox 737 5409 864 5449; x_wconf 84' lang='lat' dir='ltr'><strong>vero</strong></span> <span class='ocrx_word' id='word_1_571' title='bbox 909 5393 1241 5463; x_wconf 69' lang='lat' dir='ltr'><strong>pestrnodum</strong></span> <span class='ocrx_word' id='word_1_572' title='bbox 1291 5402 1508 5462; x_wconf 83' lang='lat' dir='ltr'><strong>prepter</strong></span> <span class='ocrx_word' id='word_1_573' title='bbox 1554 5394 1862 5448; x_wconf 87' lang='lat' dir='ltr'><strong>memoriam</strong></span> <span class='ocrx_word' id='word_1_574' title='bbox 1915 5393 2112 5461; x_wconf 83' lang='lat' dir='ltr'><strong>scripta</strong></span> 
     </span>
    </p>
   </div>
   <div class='ocr_carea' id='block_1_74' title="bbox 544 5481 2112 5553">
    <p class='ocr_par' dir='ltr' id='par_1_74' title="bbox 544 5481 2112 5553">
     <span class='ocr_line' id='line_1_74' title="bbox 544 5481 2112 5553; baseline -0.002 -16"><span class='ocrx_word' id='word_1_575' title='bbox 544 5499 670 5538; x_wconf 84' lang='lat' dir='ltr'><strong>sunt</strong></span> <span class='ocrx_word' id='word_1_576' title='bbox 699 5499 1054 5553; x_wconf 83' lang='lat' dir='ltr'><strong>posterorum.</strong></span> <span class='ocrx_word' id='word_1_577' title='bbox 1088 5483 1217 5537; x_wconf 87' lang='lat' dir='ltr'><strong>llinc</strong></span> <span class='ocrx_word' id='word_1_578' title='bbox 1245 5485 1350 5552; x_wconf 86' lang='lat' dir='ltr'><strong>jam</strong></span> <span class='ocrx_word' id='word_1_579' title='bbox 1374 5483 1724 5538; x_wconf 77' lang='lat' dir='ltr'><strong>dill‘erentiam</strong></span> <span class='ocrx_word' id='word_1_580' title='bbox 1755 5481 1956 5536; x_wconf 89' lang='lat' dir='ltr'><strong>inducit</strong></span> <span class='ocrx_word' id='word_1_581' title='bbox 1983 5483 2112 5550; x_wconf 87' lang='lat' dir='ltr'><strong>legis</strong></span> 
     </span>
    </p>
   </div>
   <div class='ocr_carea' id='block_1_75' title="bbox 543 5574 2110 5640">
    <p class='ocr_par' dir='ltr' id='par_1_75' title="bbox 543 5574 2110 5640">
     <span class='ocr_line' id='line_1_75' title="bbox 543 5574 2110 5640; baseline -0.003 -10"><span class='ocrx_word' id='word_1_582' title='bbox 543 5586 596 5630; x_wconf 86' lang='lat' dir='ltr'><strong>et</strong></span> <span class='ocrx_word' id='word_1_583' title='bbox 621 5578 824 5640; x_wconf 68' lang='lat' dir='ltr'><strong>gratias.</strong></span> <span class='ocrx_word' id='word_1_584' title='bbox 858 5577 961 5632; x_wconf 87' lang='lat' dir='ltr'><strong>Sed</strong></span> <span class='ocrx_word' id='word_1_585' title='bbox 989 5577 1042 5630; x_wconf 90' lang='lat' dir='ltr'><strong>in</strong></span> <span class='ocrx_word' id='word_1_586' title='bbox 1071 5577 1254 5630; x_wconf 88' lang='lat' dir='ltr'><strong>tabulis</strong></span> <span class='ocrx_word' id='word_1_587' title='bbox 1281 5575 1447 5629; x_wconf 87' lang='lat' dir='ltr'><strong>cordis</strong></span> <span class='ocrx_word' id='word_1_588' title='bbox 1475 5574 1786 5628; x_wconf 82' lang='lat' dir='ltr'><strong>carnalibus.</strong></span> <span class='ocrx_word' id='word_1_589' title='bbox 1817 5574 1917 5630; x_wconf 89' lang='lat' dir='ltr'><strong>Ubi</strong></span> <span class='ocrx_word' id='word_1_590' title='bbox 1941 5583 2023 5627; x_wconf 91' lang='lat' dir='ltr'><strong>est</strong></span> <span class='ocrx_word' id='word_1_591' title='bbox 2047 5574 2110 5625; x_wconf 87' lang='lat' dir='ltr'><strong>li-</strong></span> 
     </span>
    </p>
   </div>
   <div class='ocr_carea' id='block_1_76' title="bbox 546 5664 2116 5735">
    <p class='ocr_par' dir='ltr' id='par_1_76' title="bbox 546 5664 2116 5735">
     <span class='ocr_line' id='line_1_76' title="bbox 546 5664 2116 5735; baseline -0.001 -16"><span class='ocrx_word' id='word_1_592' title='bbox 546 5664 640 5719; x_wconf 90' lang='lat' dir='ltr'><strong>des</strong></span> <span class='ocrx_word' id='word_1_593' title='bbox 668 5679 721 5719; x_wconf 85' lang='lat' dir='ltr'><strong>et</strong></span> <span class='ocrx_word' id='word_1_594' title='bbox 745 5667 913 5735; x_wconf 86' lang='lat' dir='ltr'><strong>gratia</strong></span> <span class='ocrx_word' id='word_1_595' title='bbox 937 5666 1185 5735; x_wconf 83' lang='lat' dir='ltr'><strong>Spiritus.</strong></span> <span class='ocrx_word' id='word_1_596' title='bbox 1207 5667 1331 5720; x_wconf 84' lang='lat' dir='ltr'><strong>Vult</strong></span> <span class='ocrx_word' id='word_1_597' title='bbox 1353 5665 1635 5729; x_wconf 83' lang='lat' dir='ltr'><strong>ostendere</strong></span> <span class='ocrx_word' id='word_1_598' title='bbox 1661 5665 1816 5720; x_wconf 89' lang='lat' dir='ltr'><strong>nobis</strong></span> <span class='ocrx_word' id='word_1_599' title='bbox 1858 5666 1977 5734; x_wconf 84' lang='lat' dir='ltr'><strong>plus</strong></span> <span class='ocrx_word' id='word_1_600' title='bbox 2005 5665 2116 5719; x_wconf 86' lang='lat' dir='ltr'><strong>col-</strong></span> 
     </span>
    </p>
   </div>
   <div class='ocr_carea' id='block_1_77' title="bbox 548 5753 2110 5826">
    <p class='ocr_par' dir='ltr' id='par_1_77' title="bbox 548 5753 2110 5826">
     <span class='ocr_line' id='line_1_77' title="bbox 548 5753 2110 5826; baseline -0.002 -16"><span class='ocrx_word' id='word_1_601' title='bbox 548 5755 734 5822; x_wconf 85' lang='lat' dir='ltr'><strong>latum,</strong></span> <span class='ocrx_word' id='word_1_602' title='bbox 782 5757 871 5826; x_wconf 90' lang='lat' dir='ltr'><strong>qui</strong></span> <span class='ocrx_word' id='word_1_603' title='bbox 928 5757 1093 5826; x_wconf 89' lang='lat' dir='ltr'><strong>legem</strong></span> <span class='ocrx_word' id='word_1_604' title='bbox 1129 5757 1179 5810; x_wconf 93' lang='lat' dir='ltr'><strong>in</strong></span> <span class='ocrx_word' id='word_1_605' title='bbox 1210 5756 1373 5812; x_wconf 85' lang='lat' dir='ltr'><strong>corde</strong></span> <span class='ocrx_word' id='word_1_606' title='bbox 1419 5753 1738 5823; x_wconf 88' lang='lat' dir='ltr'><strong>accepimus.</strong></span> <span class='ocrx_word' id='word_1_607' title='bbox 1792 5753 1847 5811; x_wconf 91' lang='lat' dir='ltr'><strong>Si</strong></span> <span class='ocrx_word' id='word_1_608' title='bbox 1877 5769 2007 5821; x_wconf 86' lang='lat' dir='ltr'><strong>ergo</strong></span> <span class='ocrx_word' id='word_1_609' title='bbox 2038 5755 2110 5808; x_wconf 79' lang='lat' dir='ltr'><strong>illi</strong></span> 
     </span>
    </p>
   </div>
   <div class='ocr_carea' id='block_1_78' title="bbox 2209 1913 3776 1983">
    <p class='ocr_par' dir='ltr' id='par_1_78' title="bbox 2209 1913 3776 1983">
     <span class='ocr_line' id='line_1_78' title="bbox 2209 1913 3776 1983; baseline -0.001 -15"><span class='ocrx_word' id='word_1_610' title='bbox 2209 1915 2411 1968; x_wconf 86' lang='lat' dir='ltr'><strong>Novum</strong></span> <span class='ocrx_word' id='word_1_611' title='bbox 2438 1913 2839 1970; x_wconf 83' lang='lat' dir='ltr'><strong>Testamentum</strong></span> <span class='ocrx_word' id='word_1_612' title='bbox 2869 1930 2896 1966; x_wconf 91' lang='lat' dir='ltr'><strong>a</strong></span> <span class='ocrx_word' id='word_1_613' title='bbox 2943 1915 3081 1983; x_wconf 89' lang='lat' dir='ltr'><strong>lege,</strong></span> <span class='ocrx_word' id='word_1_614' title='bbox 3129 1929 3195 1968; x_wconf 89' lang='lat' dir='ltr'><strong>ne</strong></span> <span class='ocrx_word' id='word_1_615' title='bbox 3225 1913 3352 1982; x_wconf 90' lang='lat' dir='ltr'><strong>quid</strong></span> <span class='ocrx_word' id='word_1_616' title='bbox 3397 1913 3501 1968; x_wconf 90' lang='lat' dir='ltr'><strong>sibi</strong></span> <span class='ocrx_word' id='word_1_617' title='bbox 3532 1928 3776 1981; x_wconf 84' lang='lat' dir='ltr'><strong>arrogare</strong></span> 
     </span>
    </p>
   </div>
   <div class='ocr_carea' id='block_1_79' title="bbox 2206 2006 3772 2076">
    <p class='ocr_par' dir='ltr' id='par_1_79' title="bbox 2206 2006 3772 2076">
     <span class='ocr_line' id='line_1_79' title="bbox 2206 2006 3772 2076; baseline -0.003 -16"><span class='ocrx_word' id='word_1_618' title='bbox 2206 2007 2477 2062; x_wconf 90' lang='lat' dir='ltr'><strong>videretur</strong></span> <span class='ocrx_word' id='word_1_619' title='bbox 2505 2024 2519 2060; x_wconf 89' lang='lat'><strong>:</strong></span> <span class='ocrx_word' id='word_1_620' title='bbox 2548 2007 2684 2076; x_wconf 91' lang='lat' dir='ltr'><strong>quod</strong></span> <span class='ocrx_word' id='word_1_621' title='bbox 2714 2007 2833 2061; x_wconf 90' lang='lat' dir='ltr'><strong>ideo</strong></span> <span class='ocrx_word' id='word_1_622' title='bbox 2861 2007 3092 2071; x_wconf 89' lang='lat' dir='ltr'><strong>dicebat,</strong></span> <span class='ocrx_word' id='word_1_623' title='bbox 3124 2016 3180 2060; x_wconf 93' lang='lat' dir='ltr'><strong>ut</strong></span> <span class='ocrx_word' id='word_1_624' title='bbox 3207 2021 3304 2060; x_wconf 89' lang='lat' dir='ltr'><strong>eos</strong></span> <span class='ocrx_word' id='word_1_625' title='bbox 3323 2014 3379 2060; x_wconf 87' lang='lat' dir='ltr'><strong>et</strong></span> <span class='ocrx_word' id='word_1_626' title='bbox 3403 2021 3434 2060; x_wconf 88' lang='lat' dir='ltr'><strong>a</strong></span> <span class='ocrx_word' id='word_1_627' title='bbox 3465 2006 3616 2060; x_wconf 90' lang='lat' dir='ltr'><strong>falsis</strong></span> <span class='ocrx_word' id='word_1_628' title='bbox 3644 2021 3772 2075; x_wconf 80' lang='lat' dir='ltr'><strong>apo-</strong></span> 
     </span>
    </p>
   </div>
   <div class='ocr_carea' id='block_1_80' title="bbox 2208 2097 3769 2165">
    <p class='ocr_par' dir='ltr' id='par_1_80' title="bbox 2208 2097 3769 2165">
     <span class='ocr_line' id='line_1_80' title="bbox 2208 2097 3769 2165; baseline -0.003 -12"><span class='ocrx_word' id='word_1_629' title='bbox 2208 2098 2357 2153; x_wconf 89' lang='lat' dir='ltr'><strong>stolis</strong></span> <span class='ocrx_word' id='word_1_630' title='bbox 2378 2107 2673 2164; x_wconf 88' lang='lat' dir='ltr'><strong>revocaret,</strong></span> <span class='ocrx_word' id='word_1_631' title='bbox 2691 2106 2829 2152; x_wconf 91' lang='lat' dir='ltr'><strong>etne</strong></span> <span class='ocrx_word' id='word_1_632' title='bbox 2846 2097 3040 2165; x_wconf 83' lang='lat' dir='ltr'><strong>aliquid</strong></span> <span class='ocrx_word' id='word_1_633' title='bbox 3060 2097 3261 2150; x_wconf 65' lang='lat' dir='ltr'><strong>meritis</strong></span> <span class='ocrx_word' id='word_1_634' title='bbox 3286 2097 3397 2150; x_wconf 87' lang='lat' dir='ltr'><strong>suis</strong></span> <span class='ocrx_word' id='word_1_635' title='bbox 3426 2097 3769 2151; x_wconf 85' lang='lat' dir='ltr'><strong>ascriberent.</strong></span> 
     </span>
    </p>
   </div>
   <div class='ocr_carea' id='block_1_81' title="bbox 2209 2187 3774 2258">
    <p class='ocr_par' dir='ltr' id='par_1_81' title="bbox 2209 2187 3774 2258">
     <span class='ocr_line' id='line_1_81' title="bbox 2209 2187 3774 2258; baseline -0.001 -16"><span class='ocrx_word' id='word_1_636' title='bbox 2209 2189 2251 2241; x_wconf 87' lang='grc' dir='ltr'><em>Α</em></span> <span class='ocrx_word' id='word_1_637' title='bbox 2273 2187 2415 2242; x_wconf 84' lang='lat' dir='ltr'><strong>nobis</strong></span> <span class='ocrx_word' id='word_1_638' title='bbox 2443 2189 2587 2258; x_wconf 88' lang='lat' dir='ltr'><strong>quasi</strong></span> <span class='ocrx_word' id='word_1_639' title='bbox 2612 2205 2674 2242; x_wconf 79' lang='lat' dir='ltr'><strong>ea:</strong></span> <span class='ocrx_word' id='word_1_640' title='bbox 2703 2188 2882 2252; x_wconf 87' lang='lat' dir='ltr'><strong>nobis;</strong></span> <span class='ocrx_word' id='word_1_641' title='bbox 2911 2188 2999 2241; x_wconf 85' lang='lat' dir='ltr'><strong>sed</strong></span> <span class='ocrx_word' id='word_1_642' title='bbox 3024 2188 3318 2257; x_wconf 78' lang='lat' dir='ltr'><strong>suﬂicientia</strong></span> <span class='ocrx_word' id='word_1_643' title='bbox 3362 2197 3538 2240; x_wconf 88' lang='lat' dir='ltr'><strong>nostra</strong></span> <span class='ocrx_word' id='word_1_644' title='bbox 3567 2204 3629 2240; x_wconf 77' lang='lat' dir='ltr'><strong>ea:</strong></span> <span class='ocrx_word' id='word_1_645' title='bbox 3675 2187 3774 2240; x_wconf 82' lang='lat' dir='ltr'><strong>Deo</strong></span> 
     </span>
    </p>
   </div>
   <div class='ocr_carea' id='block_1_82' title="bbox 2211 2286 3776 2355">
    <p class='ocr_par' dir='ltr' id='par_1_82' title="bbox 2211 2286 3776 2355">
     <span class='ocr_line' id='line_1_82' title="bbox 2211 2286 3776 2355; baseline -0.001 -15"><span class='ocrx_word' id='word_1_646' title='bbox 2211 2295 2303 2341; x_wconf 86' lang='lat' dir='ltr'><strong>est.</strong></span> <span class='ocrx_word' id='word_1_647' title='bbox 2327 2287 2486 2354; x_wconf 87' lang='lat' dir='ltr'><strong>Quasi</strong></span> <span class='ocrx_word' id='word_1_648' title='bbox 2512 2293 2691 2340; x_wconf 88' lang='lat' dir='ltr'><strong>nostra</strong></span> <span class='ocrx_word' id='word_1_649' title='bbox 2719 2286 3000 2355; x_wconf 88' lang='lat' dir='ltr'><strong>sapientia,</strong></span> <span class='ocrx_word' id='word_1_650' title='bbox 3021 2288 3102 2340; x_wconf 89' lang='lat' dir='ltr'><strong>vel</strong></span> <span class='ocrx_word' id='word_1_651' title='bbox 3119 2286 3338 2352; x_wconf 83' lang='lat' dir='ltr'><strong>virtute,</strong></span> <span class='ocrx_word' id='word_1_652' title='bbox 3363 2295 3420 2340; x_wconf 93' lang='lat' dir='ltr'><strong>ut</strong></span> <span class='ocrx_word' id='word_1_653' title='bbox 3439 2286 3572 2339; x_wconf 90' lang='lat' dir='ltr'><strong>nihil</strong></span> <span class='ocrx_word' id='word_1_654' title='bbox 3589 2287 3776 2340; x_wconf 84' lang='lat' dir='ltr'><strong>viribus</strong></span> 
     </span>
    </p>
   </div>
   <div class='ocr_carea' id='block_1_83' title="bbox 2209 2376 3779 2447">
    <p class='ocr_par' dir='ltr' id='par_1_83' title="bbox 2209 2376 3779 2447">
     <span class='ocr_line' id='line_1_83' title="bbox 2209 2376 3779 2447; baseline -0.003 -15"><span class='ocrx_word' id='word_1_655' title='bbox 2209 2379 2320 2433; x_wconf 87' lang='lat' dir='ltr'><strong>suis</strong></span> <span class='ocrx_word' id='word_1_656' title='bbox 2357 2378 2578 2447; x_wconf 90' lang='lat' dir='ltr'><strong>deputet</strong></span> <span class='ocrx_word' id='word_1_657' title='bbox 2629 2378 2856 2432; x_wconf 89' lang='lat' dir='ltr'><strong>humana</strong></span> <span class='ocrx_word' id='word_1_658' title='bbox 2904 2377 3177 2447; x_wconf 88' lang='lat' dir='ltr'><strong>fragilitas.</strong></span> <span class='ocrx_word' id='word_1_659' title='bbox 3206 2376 3307 2443; x_wconf 82' lang='lat' dir='ltr'><strong>Qui</strong></span> <span class='ocrx_word' id='word_1_660' title='bbox 3355 2385 3400 2429; x_wconf 79' lang='lat' dir='ltr'><strong>et</strong></span> <span class='ocrx_word' id='word_1_661' title='bbox 3441 2377 3652 2430; x_wconf 81' lang='lat' dir='ltr'><strong>idoneos</strong></span> <span class='ocrx_word' id='word_1_662' title='bbox 3695 2393 3779 2428; x_wconf 83' lang='lat' dir='ltr'><strong>nos</strong></span> 
     </span>
    </p>
   </div>
   <div class='ocr_carea' id='block_1_84' title="bbox 2211 2467 3773 2539">
    <p class='ocr_par' dir='ltr' id='par_1_84' title="bbox 2211 2467 3773 2539">
     <span class='ocr_line' id='line_1_84' title="bbox 2211 2467 3773 2539; baseline -0.003 -15"><span class='ocrx_word' id='word_1_663' title='bbox 2211 2471 2327 2539; x_wconf 80' lang='lat' dir='ltr'><strong>fecit</strong></span> <span class='ocrx_word' id='word_1_664' title='bbox 2371 2471 2628 2524; x_wconf 82' lang='lat' dir='ltr'><strong>ministros</strong></span> <span class='ocrx_word' id='word_1_665' title='bbox 2672 2470 2804 2523; x_wconf 82' lang='lat' dir='ltr'><strong>Novi</strong></span> <span class='ocrx_word' id='word_1_666' title='bbox 2848 2469 3180 2524; x_wconf 85' lang='lat' dir='ltr'><strong>Testamenti.</strong></span> <span class='ocrx_word' id='word_1_667' title='bbox 3209 2467 3288 2521; x_wconf 82' lang='lat' dir='ltr'><strong>Ad</strong></span> <span class='ocrx_word' id='word_1_668' title='bbox 3317 2467 3421 2524; x_wconf 82' lang='lat' dir='ltr'><strong>hoc</strong></span> <span class='ocrx_word' id='word_1_669' title='bbox 3453 2467 3773 2537; x_wconf 88' lang='lat' dir='ltr'><strong>implendum</strong></span> 
     </span>
    </p>
   </div>
   <div class='ocr_carea' id='block_1_85' title="bbox 2212 2558 3780 2626">
    <p class='ocr_par' dir='ltr' id='par_1_85' title="bbox 2212 2558 3780 2626">
     <span class='ocr_line' id='line_1_85' title="bbox 2212 2558 3780 2626; baseline -0.003 -10"><span class='ocrx_word' id='word_1_670' title='bbox 2212 2561 2432 2618; x_wconf 84' lang='lat' dir='ltr'><strong>idoneos</strong></span> <span class='ocrx_word' id='word_1_671' title='bbox 2471 2576 2568 2617; x_wconf 92' lang='lat' dir='ltr'><strong>nos</strong></span> <span class='ocrx_word' id='word_1_672' title='bbox 2598 2561 2743 2617; x_wconf 84' lang='lat' dir='ltr'><strong>fecit.</strong></span> <span class='ocrx_word' id='word_1_673' title='bbox 2779 2561 2898 2614; x_wconf 87' lang='lat' dir='ltr'><strong>Non</strong></span> <span class='ocrx_word' id='word_1_674' title='bbox 2929 2559 3116 2623; x_wconf 81' lang='lat' dir='ltr'><strong>littera,</strong></span> <span class='ocrx_word' id='word_1_675' title='bbox 3146 2559 3238 2612; x_wconf 84' lang='lat' dir='ltr'><strong>sed</strong></span> <span class='ocrx_word' id='word_1_676' title='bbox 3265 2559 3474 2626; x_wconf 87' lang='lat' dir='ltr'><strong>spiritu.</strong></span> <span class='ocrx_word' id='word_1_677' title='bbox 3508 2558 3628 2613; x_wconf 83' lang='lat' dir='ltr'><strong>Non</strong></span> <span class='ocrx_word' id='word_1_678' title='bbox 3659 2558 3780 2626; x_wconf 77' lang='lat' dir='ltr'><strong>legis</strong></span> 
     </span>
    </p>
   </div>
   <div class='ocr_carea' id='block_1_86' title="bbox 2215 2650 3779 2722">
    <p class='ocr_par' dir='ltr' id='par_1_86' title="bbox 2215 2650 3779 2722">
     <span class='ocr_line' id='line_1_86' title="bbox 2215 2650 3779 2722; baseline -0.003 -14"><span class='ocrx_word' id='word_1_679' title='bbox 2215 2654 2388 2710; x_wconf 89' lang='lat' dir='ltr'><strong>littera</strong></span> <span class='ocrx_word' id='word_1_680' title='bbox 2416 2695 2430 2719; x_wconf 93' lang='lat'><strong>,</strong></span> <span class='ocrx_word' id='word_1_681' title='bbox 2489 2653 2585 2709; x_wconf 89' lang='lat' dir='ltr'><strong>sed</strong></span> <span class='ocrx_word' id='word_1_682' title='bbox 2637 2652 2962 2722; x_wconf 86' lang='lat' dir='ltr'><strong>spiritalium</strong></span> <span class='ocrx_word' id='word_1_683' title='bbox 3001 2661 3408 2722; x_wconf 72' lang='lat' dir='ltr'><strong>praeceptorum.</strong></span> <span class='ocrx_word' id='word_1_684' title='bbox 3456 2650 3568 2705; x_wconf 79' lang='lat' dir='ltr'><strong>Nec</strong></span> <span class='ocrx_word' id='word_1_685' title='bbox 3617 2650 3779 2705; x_wconf 87' lang='lat' dir='ltr'><strong>littera</strong></span> 
     </span>
    </p>
   </div>
   <div class='ocr_carea' id='block_1_87' title="bbox 2213 2743 3779 2815">
    <p class='ocr_par' dir='ltr' id='par_1_87' title="bbox 2213 2743 3779 2815">
     <span class='ocr_line' id='line_1_87' title="bbox 2213 2743 3779 2815; baseline -0.003 -14"><span class='ocrx_word' id='word_1_686' title='bbox 2213 2747 2410 2802; x_wconf 89' lang='lat' dir='ltr'><strong>malum</strong></span> <span class='ocrx_word' id='word_1_687' title='bbox 2445 2754 2560 2813; x_wconf 90' lang='lat' dir='ltr'><strong>est,</strong></span> <span class='ocrx_word' id='word_1_688' title='bbox 2593 2746 2717 2815; x_wconf 89' lang='lat' dir='ltr'><strong>quia</strong></span> <span class='ocrx_word' id='word_1_689' title='bbox 2753 2745 2945 2800; x_wconf 90' lang='lat' dir='ltr'><strong>occidit</strong></span> <span class='ocrx_word' id='word_1_690' title='bbox 2983 2759 2998 2799; x_wconf 93' lang='lat'><strong>:</strong></span> <span class='ocrx_word' id='word_1_691' title='bbox 3039 2743 3133 2799; x_wconf 86' lang='lat' dir='ltr'><strong>sed</strong></span> <span class='ocrx_word' id='word_1_692' title='bbox 3160 2744 3284 2797; x_wconf 90' lang='lat' dir='ltr'><strong>mali</strong></span> <span class='ocrx_word' id='word_1_693' title='bbox 3311 2751 3433 2797; x_wconf 92' lang='lat' dir='ltr'><strong>sunt</strong></span> <span class='ocrx_word' id='word_1_694' title='bbox 3468 2757 3608 2811; x_wconf 88' lang='lat' dir='ltr'><strong>quos</strong></span> <span class='ocrx_word' id='word_1_695' title='bbox 3649 2758 3779 2811; x_wconf 67' lang='lat' dir='ltr'><strong>prae-</strong></span> 
     </span>
    </p>
   </div>
   <div class='ocr_carea' id='block_1_88' title="bbox 2213 2836 3781 2903">
    <p class='ocr_par' dir='ltr' id='par_1_88' title="bbox 2213 2836 3781 2903">
     <span class='ocr_line' id='line_1_88' title="bbox 2213 2836 3781 2903; baseline -0.002 -11"><span class='ocrx_word' id='word_1_696' title='bbox 2213 2838 2538 2893; x_wconf 87' lang='lat' dir='ltr'><strong>varicatione</strong></span> <span class='ocrx_word' id='word_1_697' title='bbox 2571 2836 2842 2893; x_wconf 88' lang='lat' dir='ltr'><strong>convincit</strong></span> <span class='ocrx_word' id='word_1_698' title='bbox 2876 2855 2888 2890; x_wconf 92' lang='lat'>:</span> <span class='ocrx_word' id='word_1_699' title='bbox 2921 2837 3138 2892; x_wconf 91' lang='lat' dir='ltr'><strong>aculeus</strong></span> <span class='ocrx_word' id='word_1_700' title='bbox 3167 2837 3310 2891; x_wconf 89' lang='lat' dir='ltr'><strong>enim</strong></span> <span class='ocrx_word' id='word_1_701' title='bbox 3341 2839 3561 2902; x_wconf 89' lang='lat' dir='ltr'><strong>mortis,</strong></span> <span class='ocrx_word' id='word_1_702' title='bbox 3597 2850 3781 2903; x_wconf 84' lang='lat' dir='ltr'><strong>pecca-</strong></span> 
     </span>
    </p>
   </div>
   <div class='ocr_carea' id='block_1_89' title="bbox 2215 2927 3784 2997">
    <p class='ocr_par' dir='ltr' id='par_1_89' title="bbox 2215 2927 3784 2997">
     <span class='ocr_line' id='line_1_89' title="bbox 2215 2927 3784 2997; baseline -0.002 -14"><span class='ocrx_word' id='word_1_703' title='bbox 2215 2938 2358 2994; x_wconf 91' lang='lat' dir='ltr'><strong>tum;</strong></span> <span class='ocrx_word' id='word_1_704' title='bbox 2391 2930 2562 2982; x_wconf 88' lang='lat' dir='ltr'><strong>virtus</strong></span> <span class='ocrx_word' id='word_1_705' title='bbox 2586 2936 2766 2982; x_wconf 89' lang='lat' dir='ltr'><strong>autem</strong></span> <span class='ocrx_word' id='word_1_706' title='bbox 2797 2929 3030 2997; x_wconf 89' lang='lat' dir='ltr'><strong>peccati.</strong></span> <span class='ocrx_word' id='word_1_707' title='bbox 3064 2927 3151 2982; x_wconf 90' lang='lat' dir='ltr'><strong>lex</strong></span> <span class='ocrx_word' id='word_1_708' title='bbox 3182 2943 3195 2979; x_wconf 91' lang='lat'><strong>:</strong></span> <span class='ocrx_word' id='word_1_709' title='bbox 3229 2937 3384 2997; x_wconf 85' lang='lat' dir='ltr'><strong>auget</strong></span> <span class='ocrx_word' id='word_1_710' title='bbox 3411 2928 3615 2996; x_wconf 86' lang='lat' dir='ltr'><strong>peccati</strong></span> <span class='ocrx_word' id='word_1_711' title='bbox 3647 2927 3784 2980; x_wconf 88' lang='lat' dir='ltr'><strong>desi-</strong></span> 
     </span>
    </p>
   </div>
   <div class='ocr_carea' id='block_1_90' title="bbox 2213 3017 3782 3086">
    <p class='ocr_par' dir='ltr' id='par_1_90' title="bbox 2213 3017 3782 3086">
     <span class='ocr_line' id='line_1_90' title="bbox 2213 3017 3782 3086; baseline -0.003 -11"><span class='ocrx_word' id='word_1_712' title='bbox 2213 3020 2381 3085; x_wconf 90' lang='lat' dir='ltr'><strong>deria,</strong></span> <span class='ocrx_word' id='word_1_713' title='bbox 2406 3028 2459 3074; x_wconf 91' lang='lat' dir='ltr'><strong>et</strong></span> <span class='ocrx_word' id='word_1_714' title='bbox 2488 3019 2611 3074; x_wconf 91' lang='lat' dir='ltr'><strong>inde</strong></span> <span class='ocrx_word' id='word_1_715' title='bbox 2633 3018 2858 3085; x_wconf 89' lang='lat' dir='ltr'><strong>occidit;</strong></span> <span class='ocrx_word' id='word_1_716' title='bbox 2885 3017 2966 3072; x_wconf 88' lang='lat' dir='ltr'><strong>lex</strong></span> <span class='ocrx_word' id='word_1_717' title='bbox 2988 3018 3131 3073; x_wconf 88' lang='lat' dir='ltr'><strong>enim</strong></span> <span class='ocrx_word' id='word_1_718' title='bbox 3160 3017 3275 3072; x_wconf 90' lang='lat' dir='ltr'><strong>sola</strong></span> <span class='ocrx_word' id='word_1_719' title='bbox 3297 3017 3458 3071; x_wconf 89' lang='lat' dir='ltr'><strong>littera</strong></span> <span class='ocrx_word' id='word_1_720' title='bbox 3480 3025 3562 3071; x_wconf 88' lang='lat' dir='ltr'><strong>est</strong></span> <span class='ocrx_word' id='word_1_721' title='bbox 3587 3018 3668 3071; x_wconf 88' lang='lat' dir='ltr'><strong>eis</strong></span> <span class='ocrx_word' id='word_1_722' title='bbox 3691 3019 3782 3086; x_wconf 80' lang='lat' dir='ltr'><strong>qui</strong></span> 
     </span>
    </p>
   </div>
   <div class='ocr_carea' id='block_1_91' title="bbox 2213 3109 3784 3182">
    <p class='ocr_par' dir='ltr' id='par_1_91' title="bbox 2213 3109 3784 3182">
     <span class='ocr_line' id='line_1_91' title="bbox 2213 3109 3784 3182; baseline -0.003 -16"><span class='ocrx_word' id='word_1_723' title='bbox 2213 3126 2331 3166; x_wconf 87' lang='lat' dir='ltr'><strong>eam</strong></span> <span class='ocrx_word' id='word_1_724' title='bbox 2374 3111 2552 3182; x_wconf 85' lang='lat' dir='ltr'><strong>legere</strong></span> <span class='ocrx_word' id='word_1_725' title='bbox 2584 3119 2845 3164; x_wconf 90' lang='lat' dir='ltr'><strong>noverunt</strong></span> <span class='ocrx_word' id='word_1_726' title='bbox 2883 3118 2937 3163; x_wconf 88' lang='lat' dir='ltr'><strong>et</strong></span> <span class='ocrx_word' id='word_1_727' title='bbox 2966 3109 3187 3178; x_wconf 91' lang='lat' dir='ltr'><strong>implere</strong></span> <span class='ocrx_word' id='word_1_728' title='bbox 3226 3124 3332 3163; x_wconf 91' lang='lat' dir='ltr'><strong>non</strong></span> <span class='ocrx_word' id='word_1_729' title='bbox 3363 3119 3577 3178; x_wconf 84' lang='lat' dir='ltr'><strong>possunt</strong></span> <span class='ocrx_word' id='word_1_730' title='bbox 3617 3127 3633 3161; x_wconf 91' lang='lat'>:</span> <span class='ocrx_word' id='word_1_731' title='bbox 3667 3124 3784 3178; x_wconf 60' lang='lat' dir='ltr'><strong>qua</strong></span> 
     </span>
    </p>
   </div>
   <div class='ocr_carea' id='block_1_92' title="bbox 2142 3189 3779 3269">
    <p class='ocr_par' dir='ltr' id='par_1_92' title="bbox 2142 3189 3779 3269">
     <span class='ocr_line' id='line_1_92' title="bbox 2142 3189 3779 3269; baseline -0.001 -16"><span class='ocrx_word' id='word_1_732' title='bbox 2142 3189 2186 3253; x_wconf 88' lang='lat' dir='ltr'><strong>C</strong></span> <span class='ocrx_word' id='word_1_733' title='bbox 2219 3215 2322 3256; x_wconf 92' lang='lat' dir='ltr'><strong>non</strong></span> <span class='ocrx_word' id='word_1_734' title='bbox 2362 3209 2445 3254; x_wconf 88' lang='lat' dir='ltr'><strong>est</strong></span> <span class='ocrx_word' id='word_1_735' title='bbox 2479 3198 2711 3269; x_wconf 88' lang='lat' dir='ltr'><strong>adjutrix</strong></span> <span class='ocrx_word' id='word_1_736' title='bbox 2752 3199 3036 3269; x_wconf 86' lang='lat' dir='ltr'><strong>legentium</strong></span> <span class='ocrx_word' id='word_1_737' title='bbox 3057 3242 3071 3264; x_wconf 95' lang='lat'><strong>,</strong></span> <span class='ocrx_word' id='word_1_738' title='bbox 3115 3198 3209 3253; x_wconf 85' lang='lat' dir='ltr'><strong>sed</strong></span> <span class='ocrx_word' id='word_1_739' title='bbox 3243 3199 3390 3253; x_wconf 89' lang='lat' dir='ltr'><strong>testis</strong></span> <span class='ocrx_word' id='word_1_740' title='bbox 3419 3199 3779 3268; x_wconf 87' lang='lat' dir='ltr'><strong>peccantium,</strong></span> 
     </span>
    </p>
   </div>
   <div class='ocr_carea' id='block_1_93' title="bbox 2215 3289 3778 3362">
    <p class='ocr_par' dir='ltr' id='par_1_93' title="bbox 2215 3289 3778 3362">
     <span class='ocr_line' id='line_1_93' title="bbox 2215 3289 3778 3362; baseline -0.003 -16"><span class='ocrx_word' id='word_1_741' title='bbox 2215 3305 2334 3362; x_wconf 61' lang='lat' dir='ltr'><strong>quae</strong></span> <span class='ocrx_word' id='word_1_742' title='bbox 2364 3291 2647 3346; x_wconf 84' lang='lat' dir='ltr'><strong>mortiﬁcat</strong></span> <span class='ocrx_word' id='word_1_743' title='bbox 2679 3299 3009 3360; x_wconf 90' lang='lat' dir='ltr'><strong>peccatores.</strong></span> <span class='ocrx_word' id='word_1_744' title='bbox 3043 3289 3304 3344; x_wconf 69' lang='lat' dir='ltr'><strong>Cteterum</strong></span> <span class='ocrx_word' id='word_1_745' title='bbox 3334 3289 3448 3357; x_wconf 90' lang='lat' dir='ltr'><strong>ipse</strong></span> <span class='ocrx_word' id='word_1_746' title='bbox 3479 3289 3616 3342; x_wconf 86' lang='lat' dir='ltr'><strong>dixit</strong></span> <span class='ocrx_word' id='word_1_747' title='bbox 3646 3289 3778 3342; x_wconf 85' lang='lat' dir='ltr'><strong>:Lex</strong></span> 
     </span>
    </p>
   </div>
   <div class='ocr_carea' id='block_1_94' title="bbox 2215 3377 3778 3446">
    <p class='ocr_par' dir='ltr' id='par_1_94' title="bbox 2215 3377 3778 3446">
     <span class='ocr_line' id='line_1_94' title="bbox 2215 3377 3778 3446; baseline -0.003 -12"><span class='ocrx_word' id='word_1_748' title='bbox 2215 3391 2402 3438; x_wconf 82' lang='lat' dir='ltr'><strong>sancta</strong></span> <span class='ocrx_word' id='word_1_749' title='bbox 2424 3422 2438 3446; x_wconf 91' lang='lat'><strong>,</strong></span> <span class='ocrx_word' id='word_1_750' title='bbox 2467 3389 2522 3436; x_wconf 90' lang='lat' dir='ltr'><strong>et</strong></span> <span class='ocrx_word' id='word_1_751' title='bbox 2549 3379 2856 3434; x_wconf 87' lang='lat' dir='ltr'><strong>mandatum</strong></span> <span class='ocrx_word' id='word_1_752' title='bbox 2888 3390 3152 3434; x_wconf 86' lang='lat' dir='ltr'><strong>sanctum.</strong></span> <span class='ocrx_word' id='word_1_753' title='bbox 3175 3377 3283 3432; x_wconf 91' lang='lat' dir='ltr'><strong>Cur</strong></span> <span class='ocrx_word' id='word_1_754' title='bbox 3311 3393 3440 3446; x_wconf 89' lang='lat' dir='ltr'><strong>ergo</strong></span> <span class='ocrx_word' id='word_1_755' title='bbox 3463 3378 3778 3432; x_wconf 89' lang='lat' dir='ltr'><strong>ministratio</strong></span> 
     </span>
    </p>
   </div>
   <div class='ocr_carea' id='block_1_95' title="bbox 2215 3471 3778 3538">
    <p class='ocr_par' dir='ltr' id='par_1_95' title="bbox 2215 3471 3778 3538">
     <span class='ocr_line' id='line_1_95' title="bbox 2215 3471 3778 3538; baseline -0.004 -8"><span class='ocrx_word' id='word_1_756' title='bbox 2215 3476 2400 3530; x_wconf 88' lang='lat' dir='ltr'><strong>mortis</strong></span> <span class='ocrx_word' id='word_1_757' title='bbox 2441 3474 2653 3538; x_wconf 90' lang='lat' dir='ltr'><strong>dicitur,</strong></span> <span class='ocrx_word' id='word_1_758' title='bbox 2695 3473 2738 3526; x_wconf 93' lang='lat' dir='ltr'><strong>si</strong></span> <span class='ocrx_word' id='word_1_759' title='bbox 2775 3473 2915 3527; x_wconf 89' lang='lat' dir='ltr'><strong>bona</strong></span> <span class='ocrx_word' id='word_1_760' title='bbox 2955 3481 3038 3527; x_wconf 90' lang='lat' dir='ltr'><strong>est</strong></span> <span class='ocrx_word' id='word_1_761' title='bbox 3080 3472 3202 3526; x_wconf 87' lang='lat' dir='ltr'><strong>lex?</strong></span> <span class='ocrx_word' id='word_1_762' title='bbox 3241 3471 3345 3526; x_wconf 87' lang='lat' dir='ltr'><strong>Nec</strong></span> <span class='ocrx_word' id='word_1_763' title='bbox 3377 3472 3628 3534; x_wconf 91' lang='lat' dir='ltr'><strong>mireris,</strong></span> <span class='ocrx_word' id='word_1_764' title='bbox 3672 3486 3778 3526; x_wconf 82' lang='lat' dir='ltr'><strong>cum</strong></span> 
     </span>
    </p>
   </div>
   <div class='ocr_carea' id='block_1_96' title="bbox 2215 3561 3779 3635">
    <p class='ocr_par' dir='ltr' id='par_1_96' title="bbox 2215 3561 3779 3635">
     <span class='ocr_line' id='line_1_96' title="bbox 2215 3561 3779 3635; baseline -0.003 -14"><span class='ocrx_word' id='word_1_765' title='bbox 2215 3568 2373 3622; x_wconf 87' lang='lat' dir='ltr'><strong>etiam</strong></span> <span class='ocrx_word' id='word_1_766' title='bbox 2409 3567 2475 3621; x_wconf 87' lang='lat' dir='ltr'><strong>de</strong></span> <span class='ocrx_word' id='word_1_767' title='bbox 2507 3566 2884 3635; x_wconf 79' lang='lat' dir='ltr'><strong>praedicatione</strong></span> <span class='ocrx_word' id='word_1_768' title='bbox 2915 3564 3190 3634; x_wconf 83' lang='lat' dir='ltr'><strong>Evangelii</strong></span> <span class='ocrx_word' id='word_1_769' title='bbox 3217 3564 3413 3618; x_wconf 91' lang='lat' dir='ltr'><strong>dictum</strong></span> <span class='ocrx_word' id='word_1_770' title='bbox 3448 3566 3519 3616; x_wconf 86' lang='lat' dir='ltr'><strong>sit</strong></span> <span class='ocrx_word' id='word_1_771' title='bbox 3548 3582 3562 3615; x_wconf 90' lang='lat'>:</span> <span class='ocrx_word' id='word_1_772' title='bbox 3598 3561 3779 3617; x_wconf 76' lang='lat' dir='ltr'><strong>Chrisu</strong></span> 
     </span>
    </p>
   </div>
   <div class='ocr_carea' id='block_1_97' title="bbox 2215 3655 3778 3726">
    <p class='ocr_par' dir='ltr' id='par_1_97' title="bbox 2215 3655 3778 3726">
     <span class='ocr_line' id='line_1_97' title="bbox 2215 3655 3778 3726; baseline -0.002 -15"><span class='ocrx_word' id='word_1_773' title='bbox 2215 3657 2385 3711; x_wconf 89' lang='lat' dir='ltr'><strong>bonus</strong></span> <span class='ocrx_word' id='word_1_774' title='bbox 2416 3657 2552 3711; x_wconf 92' lang='lat' dir='ltr'><strong>odor</strong></span> <span class='ocrx_word' id='word_1_775' title='bbox 2575 3672 2758 3710; x_wconf 88' lang='lat' dir='ltr'><strong>sumus</strong></span> <span class='ocrx_word' id='word_1_776' title='bbox 2783 3657 2890 3710; x_wconf 91' lang='lat' dir='ltr'><strong>Deo</strong></span> <span class='ocrx_word' id='word_1_777' title='bbox 2912 3695 2926 3722; x_wconf 94' lang='lat'><strong>,</strong></span> <span class='ocrx_word' id='word_1_778' title='bbox 2968 3658 3018 3710; x_wconf 93' lang='lat' dir='ltr'><strong>in</strong></span> <span class='ocrx_word' id='word_1_779' title='bbox 3053 3658 3134 3710; x_wconf 92' lang='lat' dir='ltr'><strong>his</strong></span> <span class='ocrx_word' id='word_1_780' title='bbox 3163 3655 3252 3726; x_wconf 90' lang='lat' dir='ltr'><strong>qui</strong></span> <span class='ocrx_word' id='word_1_781' title='bbox 3288 3656 3416 3708; x_wconf 87' lang='lat' dir='ltr'><strong>salvi</strong></span> <span class='ocrx_word' id='word_1_782' title='bbox 3445 3655 3613 3720; x_wconf 86' lang='lat' dir='ltr'><strong>fiunt,</strong></span> <span class='ocrx_word' id='word_1_783' title='bbox 3647 3666 3700 3711; x_wconf 88' lang='lat' dir='ltr'><strong>et</strong></span> <span class='ocrx_word' id='word_1_784' title='bbox 3735 3657 3778 3708; x_wconf 95' lang='lat' dir='ltr'><strong>in</strong></span> 
     </span>
    </p>
   </div>
   <div class='ocr_carea' id='block_1_98' title="bbox 2219 3747 3781 3818">
    <p class='ocr_par' dir='ltr' id='par_1_98' title="bbox 2219 3747 3781 3818">
     <span class='ocr_line' id='line_1_98' title="bbox 2219 3747 3781 3818; baseline -0.001 -18"><span class='ocrx_word' id='word_1_785' title='bbox 2219 3748 2298 3802; x_wconf 92' lang='lat' dir='ltr'><strong>his</strong></span> <span class='ocrx_word' id='word_1_786' title='bbox 2319 3749 2407 3817; x_wconf 93' lang='lat' dir='ltr'><strong>qui</strong></span> <span class='ocrx_word' id='word_1_787' title='bbox 2431 3757 2672 3817; x_wconf 90' lang='lat' dir='ltr'><strong>pereunt,</strong></span> <span class='ocrx_word' id='word_1_788' title='bbox 2700 3759 2752 3802; x_wconf 92' lang='lat' dir='ltr'><strong>et</strong></span> <span class='ocrx_word' id='word_1_789' title='bbox 2773 3748 2998 3818; x_wconf 89' lang='lat' dir='ltr'><strong>reliqua.</strong></span> <span class='ocrx_word' id='word_1_790' title='bbox 3024 3747 3101 3801; x_wconf 86' lang='lat' dir='ltr'><strong>Ad</strong></span> <span class='ocrx_word' id='word_1_791' title='bbox 3132 3747 3343 3801; x_wconf 64' lang='lat' dir='ltr'><strong>Iudaeos</strong></span> <span class='ocrx_word' id='word_1_792' title='bbox 3374 3748 3519 3801; x_wconf 83' lang='lat' dir='ltr'><strong>enim</strong></span> <span class='ocrx_word' id='word_1_793' title='bbox 3542 3748 3688 3801; x_wconf 89' lang='lat' dir='ltr'><strong>dicta</strong></span> <span class='ocrx_word' id='word_1_794' title='bbox 3714 3757 3781 3800; x_wconf 88' lang='lat' dir='ltr'><strong>est</strong></span> 
     </span>
    </p>
   </div>
   <div class='ocr_carea' id='block_1_99' title="bbox 2216 3839 3780 3909">
    <p class='ocr_par' dir='ltr' id='par_1_99' title="bbox 2216 3839 3780 3909">
     <span class='ocr_line' id='line_1_99' title="bbox 2216 3839 3780 3909; baseline -0.003 -16"><span class='ocrx_word' id='word_1_795' title='bbox 2216 3839 2300 3894; x_wconf 82' lang='lat' dir='ltr'><strong>lex</strong></span> <span class='ocrx_word' id='word_1_796' title='bbox 2333 3840 2649 3894; x_wconf 87' lang='lat' dir='ltr'><strong>ministratio</strong></span> <span class='ocrx_word' id='word_1_797' title='bbox 2679 3840 2893 3903; x_wconf 89' lang='lat' dir='ltr'><strong>mortis,</strong></span> <span class='ocrx_word' id='word_1_798' title='bbox 2931 3840 2995 3894; x_wconf 92' lang='lat' dir='ltr'><strong>ad</strong></span> <span class='ocrx_word' id='word_1_799' title='bbox 3022 3854 3151 3909; x_wconf 89' lang='lat' dir='ltr'><strong>quos</strong></span> <span class='ocrx_word' id='word_1_800' title='bbox 3192 3847 3245 3893; x_wconf 90' lang='lat' dir='ltr'><strong>et</strong></span> <span class='ocrx_word' id='word_1_801' title='bbox 3275 3841 3327 3894; x_wconf 93' lang='lat' dir='ltr'><strong>in</strong></span> <span class='ocrx_word' id='word_1_802' title='bbox 3353 3839 3564 3906; x_wconf 83' lang='lat' dir='ltr'><strong>lapides</strong></span> <span class='ocrx_word' id='word_1_803' title='bbox 3595 3839 3780 3908; x_wconf 74' lang='lat' dir='ltr'><strong>scripta</strong></span> 
     </span>
    </p>
   </div>
   <div class='ocr_carea' id='block_1_100' title="bbox 2216 3932 3781 4002">
    <p class='ocr_par' dir='ltr' id='par_1_100' title="bbox 2216 3932 3781 4002">
     <span class='ocr_line' id='line_1_100' title="bbox 2216 3932 3781 4002; baseline -0.003 -16"><span class='ocrx_word' id='word_1_804' title='bbox 2216 3941 2328 3997; x_wconf 90' lang='lat' dir='ltr'><strong>est,</strong></span> <span class='ocrx_word' id='word_1_805' title='bbox 2359 3933 2423 3987; x_wconf 89' lang='lat' dir='ltr'><strong>ad</strong></span> <span class='ocrx_word' id='word_1_806' title='bbox 2451 3947 2634 3988; x_wconf 91' lang='lat' dir='ltr'><strong>eorum</strong></span> <span class='ocrx_word' id='word_1_807' title='bbox 2667 3933 2914 3986; x_wconf 90' lang='lat' dir='ltr'><strong>duritiam</strong></span> <span class='ocrx_word' id='word_1_808' title='bbox 2948 3933 3273 4002; x_wconf 77' lang='lat' dir='ltr'><strong>figurandam</strong></span> <span class='ocrx_word' id='word_1_809' title='bbox 3311 3950 3322 3984; x_wconf 91' lang='lat'>:</span> <span class='ocrx_word' id='word_1_810' title='bbox 3353 3948 3457 3985; x_wconf 92' lang='lat' dir='ltr'><strong>non</strong></span> <span class='ocrx_word' id='word_1_811' title='bbox 3486 3932 3553 3985; x_wconf 89' lang='lat' dir='ltr'><strong>ad</strong></span> <span class='ocrx_word' id='word_1_812' title='bbox 3587 3947 3679 3986; x_wconf 89' lang='lat' dir='ltr'><strong>eos</strong></span> <span class='ocrx_word' id='word_1_813' title='bbox 3705 3932 3781 4001; x_wconf 82' lang='lat' dir='ltr'><strong>qui</strong></span> 
     </span>
    </p>
   </div>
   <div class='ocr_carea' id='block_1_101' title="bbox 2217 4022 3780 4092">
    <p class='ocr_par' dir='ltr' id='par_1_101' title="bbox 2217 4022 3780 4092">
     <span class='ocr_line' id='line_1_101' title="bbox 2217 4022 3780 4092; baseline -0.001 -16"><span class='ocrx_word' id='word_1_814' title='bbox 2217 4023 2385 4092; x_wconf 90' lang='lat' dir='ltr'><strong>legem</strong></span> <span class='ocrx_word' id='word_1_815' title='bbox 2415 4038 2509 4092; x_wconf 91' lang='lat' dir='ltr'><strong>per</strong></span> <span class='ocrx_word' id='word_1_816' title='bbox 2531 4023 2844 4078; x_wconf 85' lang='lat' dir='ltr'><strong>charitatetn</strong></span> <span class='ocrx_word' id='word_1_817' title='bbox 2876 4023 3116 4092; x_wconf 90' lang='lat' dir='ltr'><strong>implent.</strong></span> <span class='ocrx_word' id='word_1_818' title='bbox 3145 4023 3257 4092; x_wconf 89' lang='lat' dir='ltr'><strong>Ipsa</strong></span> <span class='ocrx_word' id='word_1_819' title='bbox 3282 4023 3422 4077; x_wconf 89' lang='lat' dir='ltr'><strong>enim</strong></span> <span class='ocrx_word' id='word_1_820' title='bbox 3458 4024 3566 4086; x_wconf 88' lang='lat' dir='ltr'><strong>lex,</strong></span> <span class='ocrx_word' id='word_1_821' title='bbox 3601 4038 3715 4092; x_wconf 81' lang='lat' dir='ltr'><strong>qua:</strong></span> <span class='ocrx_word' id='word_1_822' title='bbox 3737 4022 3780 4074; x_wconf 79' lang='lat' dir='ltr'><strong>is</strong></span> 
     </span>
    </p>
   </div>
   <div class='ocr_carea' id='block_1_102' title="bbox 2219 4111 3779 4182">
    <p class='ocr_par' dir='ltr' id='par_1_102' title="bbox 2219 4111 3779 4182">
     <span class='ocr_line' id='line_1_102' title="bbox 2219 4111 3779 4182; baseline 0.002 -15"><span class='ocrx_word' id='word_1_823' title='bbox 2219 4114 2412 4168; x_wconf 91' lang='lat' dir='ltr'><strong>litteris</strong></span> <span class='ocrx_word' id='word_1_824' title='bbox 2439 4123 2520 4168; x_wconf 86' lang='lat' dir='ltr'><strong>est</strong></span> <span class='ocrx_word' id='word_1_825' title='bbox 2548 4113 2769 4182; x_wconf 88' lang='lat' dir='ltr'><strong>figurata</strong></span> <span class='ocrx_word' id='word_1_826' title='bbox 2799 4113 3052 4182; x_wconf 89' lang='lat' dir='ltr'><strong>lapideis,</strong></span> <span class='ocrx_word' id='word_1_827' title='bbox 3085 4114 3213 4167; x_wconf 91' lang='lat' dir='ltr'><strong>dicit</strong></span> <span class='ocrx_word' id='word_1_828' title='bbox 3240 4131 3250 4164; x_wconf 95' lang='lat'>:</span> <span class='ocrx_word' id='word_1_829' title='bbox 3283 4113 3396 4166; x_wconf 85' lang='lat' dir='ltr'><strong>Non</strong></span> <span class='ocrx_word' id='word_1_830' title='bbox 3428 4111 3779 4170; x_wconf 80' lang='lat' dir='ltr'><strong>adulterabis:</strong></span> 
     </span>
    </p>
   </div>
   <div class='ocr_carea' id='block_1_103' title="bbox 2221 4203 3781 4274">
    <p class='ocr_par' dir='ltr' id='par_1_103' title="bbox 2221 4203 3781 4274">
     <span class='ocr_line' id='line_1_103' title="bbox 2221 4203 3781 4274; baseline -0.004 -13"><span class='ocrx_word' id='word_1_831' title='bbox 2221 4221 2328 4261; x_wconf 90' lang='lat' dir='ltr'><strong>non</strong></span> <span class='ocrx_word' id='word_1_832' title='bbox 2365 4205 2751 4269; x_wconf 72' lang='lat' dir='ltr'><strong>mmchaheris,</strong></span> <span class='ocrx_word' id='word_1_833' title='bbox 2791 4213 2846 4259; x_wconf 91' lang='lat' dir='ltr'><strong>et</strong></span> <span class='ocrx_word' id='word_1_834' title='bbox 2883 4205 3103 4274; x_wconf 85' lang='lat' dir='ltr'><strong>reliqua.</strong></span> <span class='ocrx_word' id='word_1_835' title='bbox 3135 4203 3343 4258; x_wconf 87' lang='lat' dir='ltr'><strong>Occidit</strong></span> <span class='ocrx_word' id='word_1_836' title='bbox 3379 4213 3563 4257; x_wconf 92' lang='lat' dir='ltr'><strong>autem</strong></span> <span class='ocrx_word' id='word_1_837' title='bbox 3604 4218 3781 4273; x_wconf 76' lang='lat' dir='ltr'><strong>pecca-</strong></span> 
     </span>
    </p>
   </div>
   <div class='ocr_carea' id='block_1_104' title="bbox 2217 4294 3781 4365">
    <p class='ocr_par' dir='ltr' id='par_1_104' title="bbox 2217 4294 3781 4365">
     <span class='ocr_line' id='line_1_104' title="bbox 2217 4294 3781 4365; baseline -0.004 -13"><span class='ocrx_word' id='word_1_838' title='bbox 2217 4307 2394 4364; x_wconf 74' lang='lat' dir='ltr'><strong>tores,</strong></span> <span class='ocrx_word' id='word_1_839' title='bbox 2421 4312 2547 4352; x_wconf 89' lang='lat' dir='ltr'><strong>eum</strong></span> <span class='ocrx_word' id='word_1_840' title='bbox 2576 4296 3053 4365; x_wconf 86' lang='lat' dir='ltr'><strong>transgrediuntur.</strong></span> <span class='ocrx_word' id='word_1_841' title='bbox 3086 4294 3364 4363; x_wconf 88' lang='lat' dir='ltr'><strong>Quomodo</strong></span> <span class='ocrx_word' id='word_1_842' title='bbox 3394 4311 3525 4364; x_wconf 87' lang='lat' dir='ltr'><strong>ergo</strong></span> <span class='ocrx_word' id='word_1_843' title='bbox 3565 4295 3655 4351; x_wconf 88' lang='lat' dir='ltr'><strong>lex</strong></span> <span class='ocrx_word' id='word_1_844' title='bbox 3683 4294 3781 4362; x_wconf 86' lang='lat' dir='ltr'><strong>spi-</strong></span> 
     </span>
    </p>
   </div>
   <div class='ocr_carea' id='block_1_105' title="bbox 2218 4383 3783 4456">
    <p class='ocr_par' dir='ltr' id='par_1_105' title="bbox 2218 4383 3783 4456">
     <span class='ocr_line' id='line_1_105' title="bbox 2218 4383 3783 4456; baseline -0.003 -14"><span class='ocrx_word' id='word_1_845' title='bbox 2218 4389 2424 4443; x_wconf 86' lang='lat' dir='ltr'><strong>ritalis?</strong></span> <span class='ocrx_word' id='word_1_846' title='bbox 2449 4388 2675 4455; x_wconf 89' lang='lat' dir='ltr'><strong>Quidam</strong></span> <span class='ocrx_word' id='word_1_847' title='bbox 2709 4396 2893 4456; x_wconf 90' lang='lat' dir='ltr'><strong>putant</strong></span> <span class='ocrx_word' id='word_1_848' title='bbox 2923 4388 3060 4454; x_wconf 93' lang='lat' dir='ltr'><strong>quod</strong></span> <span class='ocrx_word' id='word_1_849' title='bbox 3086 4387 3276 4441; x_wconf 68' lang='lat' dir='ltr'><strong>littera:</strong></span> <span class='ocrx_word' id='word_1_850' title='bbox 3304 4387 3612 4441; x_wconf 88' lang='lat' dir='ltr'><strong>intellectus</strong></span> <span class='ocrx_word' id='word_1_851' title='bbox 3652 4383 3783 4439; x_wconf 86' lang='lat' dir='ltr'><strong>occi-</strong></span> 
     </span>
    </p>
   </div>
   <div class='ocr_carea' id='block_1_106' title="bbox 2219 4478 3782 4547">
    <p class='ocr_par' dir='ltr' id='par_1_106' title="bbox 2219 4478 3782 4547">
     <span class='ocr_line' id='line_1_106' title="bbox 2219 4478 3782 4547; baseline -0.003 -14"><span class='ocrx_word' id='word_1_852' title='bbox 2219 4481 2297 4534; x_wconf 91' lang='lat' dir='ltr'><strong>dit</strong></span> <span class='ocrx_word' id='word_1_853' title='bbox 2330 4498 2343 4532; x_wconf 91' lang='lat'>:</span> <span class='ocrx_word' id='word_1_854' title='bbox 2380 4494 2484 4534; x_wconf 92' lang='lat' dir='ltr'><strong>non</strong></span> <span class='ocrx_word' id='word_1_855' title='bbox 2509 4480 2872 4547; x_wconf 68' lang='lat' dir='ltr'><strong>intelligentes</strong></span> <span class='ocrx_word' id='word_1_856' title='bbox 2907 4479 3029 4547; x_wconf 91' lang='lat' dir='ltr'><strong>quia</strong></span> <span class='ocrx_word' id='word_1_857' title='bbox 3058 4493 3152 4532; x_wconf 92' lang='lat' dir='ltr'><strong>nec</strong></span> <span class='ocrx_word' id='word_1_858' title='bbox 3183 4478 3378 4547; x_wconf 88' lang='lat' dir='ltr'><strong>ubique</strong></span> <span class='ocrx_word' id='word_1_859' title='bbox 3409 4478 3635 4533; x_wconf 88' lang='lat' dir='ltr'><strong>historia</strong></span> <span class='ocrx_word' id='word_1_860' title='bbox 3655 4516 3670 4540; x_wconf 95' lang='lat'><strong>,</strong></span> <span class='ocrx_word' id='word_1_861' title='bbox 3694 4491 3782 4530; x_wconf 90' lang='lat' dir='ltr'><strong>nec</strong></span> 
     </span>
    </p>
   </div>
   <div class='ocr_carea' id='block_1_107' title="bbox 2219 4568 3781 4642">
    <p class='ocr_par' dir='ltr' id='par_1_107' title="bbox 2219 4568 3781 4642">
     <span class='ocr_line' id='line_1_107' title="bbox 2219 4568 3781 4642; baseline -0.006 -14"><span class='ocrx_word' id='word_1_862' title='bbox 2219 4574 2413 4642; x_wconf 89' lang='lat' dir='ltr'><strong>ubique</strong></span> <span class='ocrx_word' id='word_1_863' title='bbox 2441 4574 2606 4642; x_wconf 92' lang='lat' dir='ltr'><strong>possit</strong></span> <span class='ocrx_word' id='word_1_864' title='bbox 2627 4571 2876 4640; x_wconf 89' lang='lat' dir='ltr'><strong>allegoria</strong></span> <span class='ocrx_word' id='word_1_865' title='bbox 2905 4571 3126 4624; x_wconf 91' lang='lat' dir='ltr'><strong>servari.</strong></span> <span class='ocrx_word' id='word_1_866' title='bbox 3150 4568 3281 4622; x_wconf 85' lang='lat' dir='ltr'><strong>Nam</strong></span> <span class='ocrx_word' id='word_1_867' title='bbox 3309 4579 3433 4623; x_wconf 87' lang='lat' dir='ltr'><strong>sunt</strong></span> <span class='ocrx_word' id='word_1_868' title='bbox 3463 4569 3708 4639; x_wconf 64' lang='lat' dir='ltr'><strong>quaedam</strong></span> <span class='ocrx_word' id='word_1_869' title='bbox 3735 4568 3781 4619; x_wconf 91' lang='lat' dir='ltr'><strong>in</strong></span> 
     </span>
    </p>
   </div>
   <div class='ocr_carea' id='block_1_108' title="bbox 2219 4660 3782 4734">
    <p class='ocr_par' dir='ltr' id='par_1_108' title="bbox 2219 4660 3782 4734">
     <span class='ocr_line' id='line_1_108' title="bbox 2219 4660 3782 4734; baseline -0.004 -17"><span class='ocrx_word' id='word_1_870' title='bbox 2219 4665 2384 4734; x_wconf 88' lang='lat' dir='ltr'><strong>ligura</strong></span> <span class='ocrx_word' id='word_1_871' title='bbox 2433 4663 2594 4717; x_wconf 87' lang='lat' dir='ltr'><strong>dicta.</strong></span> <span class='ocrx_word' id='word_1_872' title='bbox 2646 4662 2701 4718; x_wconf 92' lang='lat' dir='ltr'><strong>Si</strong></span> <span class='ocrx_word' id='word_1_873' title='bbox 2747 4675 3068 4731; x_wconf 68' lang='lat' dir='ltr'><strong>prmceptum</strong></span> <span class='ocrx_word' id='word_1_874' title='bbox 3111 4661 3334 4715; x_wconf 86' lang='lat' dir='ltr'><strong>velimus</strong></span> <span class='ocrx_word' id='word_1_875' title='bbox 3377 4662 3434 4715; x_wconf 82' lang='lat' dir='ltr'><strong>in</strong></span> <span class='ocrx_word' id='word_1_876' title='bbox 3475 4660 3782 4730; x_wconf 85' lang='lat' dir='ltr'><strong>allegoriam</strong></span> 
     </span>
    </p>
   </div>
   <div class='ocr_carea' id='block_1_109' title="bbox 2219 4756 3786 4822">
    <p class='ocr_par' dir='ltr' id='par_1_109' title="bbox 2219 4756 3786 4822">
     <span class='ocr_line' id='line_1_109' title="bbox 2219 4756 3786 4822; baseline -0.002 -13"><span class='ocrx_word' id='word_1_877' title='bbox 2219 4765 2450 4821; x_wconf 87' lang='lat' dir='ltr'><strong>vertere,</strong></span> <span class='ocrx_word' id='word_1_878' title='bbox 2478 4769 2694 4810; x_wconf 86' lang='lat' dir='ltr'><strong>omnem</strong></span> <span class='ocrx_word' id='word_1_879' title='bbox 2727 4770 2910 4809; x_wconf 91' lang='lat' dir='ltr'><strong>eorum</strong></span> <span class='ocrx_word' id='word_1_880' title='bbox 2936 4769 3252 4809; x_wconf 82' lang='lat' dir='ltr'><strong>enervamus</strong></span> <span class='ocrx_word' id='word_1_881' title='bbox 3280 4756 3555 4820; x_wconf 88' lang='lat' dir='ltr'><strong>virtutem,</strong></span> <span class='ocrx_word' id='word_1_882' title='bbox 3589 4765 3641 4808; x_wconf 91' lang='lat' dir='ltr'><strong>et</strong></span> <span class='ocrx_word' id='word_1_883' title='bbox 3666 4769 3786 4822; x_wconf 86' lang='lat' dir='ltr'><strong>ape-</strong></span> 
     </span>
    </p>
   </div>
   <div class='ocr_carea' id='block_1_110' title="bbox 2218 4845 3788 4914">
    <p class='ocr_par' dir='ltr' id='par_1_110' title="bbox 2218 4845 3788 4914">
     <span class='ocr_line' id='line_1_110' title="bbox 2218 4845 3788 4914; baseline -0.001 -15"><span class='ocrx_word' id='word_1_884' title='bbox 2218 4845 2353 4900; x_wconf 86' lang='lat' dir='ltr'><strong>ritur</strong></span> <span class='ocrx_word' id='word_1_885' title='bbox 2376 4846 2536 4914; x_wconf 85' lang='lat' dir='ltr'><strong>janua</strong></span> <span class='ocrx_word' id='word_1_886' title='bbox 2565 4845 2928 4914; x_wconf 89' lang='lat' dir='ltr'><strong>delinquendi.</strong></span> <span class='ocrx_word' id='word_1_887' title='bbox 2956 4846 3146 4899; x_wconf 83' lang='lat' dir='ltr'><strong>Littera</strong></span> <span class='ocrx_word' id='word_1_888' title='bbox 3170 4849 3303 4899; x_wconf 83' lang='lat' dir='ltr'><strong>enim</strong></span> <span class='ocrx_word' id='word_1_889' title='bbox 3329 4847 3515 4899; x_wconf 85' lang='lat' dir='ltr'><strong>occidit</strong></span> <span class='ocrx_word' id='word_1_890' title='bbox 3539 4863 3556 4898; x_wconf 90' lang='lat'><em>:</em></span> <span class='ocrx_word' id='word_1_891' title='bbox 3581 4847 3788 4913; x_wconf 70' lang='lat' dir='ltr'><strong>spiritus</strong></span> 
     </span>
    </p>
   </div>
   <div class='ocr_carea' id='block_1_111' title="bbox 2218 4937 3788 5004">
    <p class='ocr_par' dir='ltr' id='par_1_111' title="bbox 2218 4937 3788 5004">
     <span class='ocr_line' id='line_1_111' title="bbox 2218 4937 3788 5004; baseline -0.001 -14"><span class='ocrx_word' id='word_1_892' title='bbox 2218 4949 2386 4991; x_wconf 83' lang='lat' dir='ltr'><strong>autent</strong></span> <span class='ocrx_word' id='word_1_893' title='bbox 2422 4938 2658 5004; x_wconf 75' lang='lat' dir='ltr'><strong>civi/ient.</strong></span> <span class='ocrx_word' id='word_1_894' title='bbox 2704 4937 2836 4991; x_wconf 91' lang='lat' dir='ltr'><strong>Dum</strong></span> <span class='ocrx_word' id='word_1_895' title='bbox 2877 4939 3158 4992; x_wconf 85' lang='lat' dir='ltr'><strong>credentes</strong></span> <span class='ocrx_word' id='word_1_896' title='bbox 3199 4937 3350 5001; x_wconf 91' lang='lat' dir='ltr'><strong>facit,</strong></span> <span class='ocrx_word' id='word_1_897' title='bbox 3402 4949 3456 4990; x_wconf 89' lang='lat' dir='ltr'><strong>et</strong></span> <span class='ocrx_word' id='word_1_898' title='bbox 3497 4937 3788 5003; x_wconf 87' lang='lat' dir='ltr'><strong>spiritalem</strong></span> 
     </span>
    </p>
   </div>
   <div class='ocr_carea' id='block_1_112' title="bbox 2223 5011 3790 5096">
    <p class='ocr_par' dir='ltr' id='par_1_112' title="bbox 2223 5011 3790 5096">
     <span class='ocr_line' id='line_1_112' title="bbox 2223 5011 3790 5096; baseline -0.002 -17"><span class='ocrx_word' id='word_1_899' title='bbox 2223 5011 2546 5081; x_wconf 85' lang='lat' dir='ltr'><strong>intellectum</strong></span> <span class='ocrx_word' id='word_1_900' title='bbox 2586 5026 2844 5092; x_wconf 79' lang='lat' dir='ltr'><strong>infundit,</strong></span> <span class='ocrx_word' id='word_1_901' title='bbox 2892 5035 2951 5080; x_wconf 93' lang='lat' dir='ltr'><strong>ut</strong></span> <span class='ocrx_word' id='word_1_902' title='bbox 2991 5037 3290 5094; x_wconf 89' lang='lat' dir='ltr'><strong>opportune</strong></span> <span class='ocrx_word' id='word_1_903' title='bbox 3333 5041 3665 5096; x_wconf 65' lang='lat' dir='ltr'><strong>uuaqnarque</strong></span> <span class='ocrx_word' id='word_1_904' title='bbox 3706 5039 3790 5078; x_wconf 90' lang='lat' dir='ltr'><strong>res</strong></span> 
     </span>
    </p>
   </div>
   <div class='ocr_carea' id='block_1_113' title="bbox 2225 5117 3792 5188">
    <p class='ocr_par' dir='ltr' id='par_1_113' title="bbox 2225 5117 3792 5188">
     <span class='ocr_line' id='line_1_113' title="bbox 2225 5117 3792 5188; baseline -0.004 -15"><span class='ocrx_word' id='word_1_905' title='bbox 2225 5120 2570 5188; x_wconf 85' lang='lat' dir='ltr'><strong>intelligatur.</strong></span> <span class='ocrx_word' id='word_1_906' title='bbox 2607 5119 2753 5184; x_wconf 84' lang='lat' dir='ltr'><strong>Quod</strong></span> <span class='ocrx_word' id='word_1_907' title='bbox 2796 5119 2840 5172; x_wconf 87' lang='lat' dir='ltr'><strong>si</strong></span> <span class='ocrx_word' id='word_1_908' title='bbox 2871 5119 3176 5171; x_wconf 85' lang='lat' dir='ltr'><strong>ministratio</strong></span> <span class='ocrx_word' id='word_1_909' title='bbox 3204 5119 3374 5170; x_wconf 84' lang='lat' dir='ltr'><strong>mortis</strong></span> <span class='ocrx_word' id='word_1_910' title='bbox 3413 5119 3594 5170; x_wconf 72' lang='lat' dir='ltr'><strong>litteris</strong></span> <span class='ocrx_word' id='word_1_911' title='bbox 3625 5117 3792 5185; x_wconf 75' lang='lat' dir='ltr'><strong>defor-</strong></span> 
     </span>
    </p>
   </div>
   <div class='ocr_carea' id='block_1_114' title="bbox 2220 5208 3792 5279">
    <p class='ocr_par' dir='ltr' id='par_1_114' title="bbox 2220 5208 3792 5279">
     <span class='ocr_line' id='line_1_114' title="bbox 2220 5208 3792 5279; baseline -0.005 -15"><span class='ocrx_word' id='word_1_912' title='bbox 2220 5222 2357 5264; x_wconf 88' lang='lat' dir='ltr'><strong>mata</strong></span> <span class='ocrx_word' id='word_1_913' title='bbox 2387 5214 2437 5264; x_wconf 89' lang='lat' dir='ltr'><strong>iu</strong></span> <span class='ocrx_word' id='word_1_914' title='bbox 2489 5211 2766 5279; x_wconf 85' lang='lat' dir='ltr'><strong>lapidibus,</strong></span> <span class='ocrx_word' id='word_1_915' title='bbox 2811 5211 2908 5279; x_wconf 78' lang='lat' dir='ltr'><strong>fuit</strong></span> <span class='ocrx_word' id='word_1_916' title='bbox 2947 5211 2997 5262; x_wconf 88' lang='lat' dir='ltr'><strong>in</strong></span> <span class='ocrx_word' id='word_1_917' title='bbox 3039 5211 3222 5276; x_wconf 82' lang='lat' dir='ltr'><strong>gloria.</strong></span> <span class='ocrx_word' id='word_1_918' title='bbox 3253 5208 3697 5271; x_wconf 87' lang='lat' dir='ltr'><strong>lusensibilibus,</strong></span> <span class='ocrx_word' id='word_1_919' title='bbox 3738 5216 3792 5258; x_wconf 89' lang='lat' dir='ltr'><strong>ut</strong></span> 
     </span>
    </p>
   </div>
   <div class='ocr_carea' id='block_1_115' title="bbox 2221 5299 3790 5365">
    <p class='ocr_par' dir='ltr' id='par_1_115' title="bbox 2221 5299 3790 5365">
     <span class='ocr_line' id='line_1_115' title="bbox 2221 5299 3790 5365; baseline -0.007 -7"><span class='ocrx_word' id='word_1_920' title='bbox 2221 5305 2349 5358; x_wconf 91' lang='lat' dir='ltr'><strong>dura</strong></span> <span class='ocrx_word' id='word_1_921' title='bbox 2373 5305 2530 5358; x_wconf 89' lang='lat' dir='ltr'><strong>corda</strong></span> <span class='ocrx_word' id='word_1_922' title='bbox 2555 5302 2897 5358; x_wconf 87' lang='lat' dir='ltr'><strong>merebantur</strong></span> <span class='ocrx_word' id='word_1_923' title='bbox 2919 5301 3244 5356; x_wconf 76' lang='lat' dir='ltr'><strong>Judteorum.</strong></span> <span class='ocrx_word' id='word_1_924' title='bbox 3267 5299 3352 5352; x_wconf 87' lang='lat' dir='ltr'><strong>Ita</strong></span> <span class='ocrx_word' id='word_1_925' title='bbox 3377 5311 3430 5352; x_wconf 91' lang='lat' dir='ltr'><strong>ut</strong></span> <span class='ocrx_word' id='word_1_926' title='bbox 3460 5316 3559 5352; x_wconf 89' lang='lat' dir='ltr'><strong>non</strong></span> <span class='ocrx_word' id='word_1_927' title='bbox 3594 5307 3790 5365; x_wconf 84' lang='lat' dir='ltr'><strong>possent</strong></span> 
     </span>
    </p>
   </div>
   <div class='ocr_carea' id='block_1_116' title="bbox 2223 5388 3791 5464">
    <p class='ocr_par' dir='ltr' id='par_1_116' title="bbox 2223 5388 3791 5464">
     <span class='ocr_line' id='line_1_116' title="bbox 2223 5388 3791 5464; baseline -0.008 -16"><span class='ocrx_word' id='word_1_928' title='bbox 2223 5397 2318 5464; x_wconf 82' lang='lat' dir='ltr'><strong>ﬁlii</strong></span> <span class='ocrx_word' id='word_1_929' title='bbox 2349 5394 2513 5447; x_wconf 83' lang='lat' dir='ltr'><strong>Israel</strong></span> <span class='ocrx_word' id='word_1_930' title='bbox 2541 5393 2800 5447; x_wconf 84' lang='lat' dir='ltr'><strong>intendere</strong></span> <span class='ocrx_word' id='word_1_931' title='bbox 2827 5394 2879 5444; x_wconf 90' lang='lat' dir='ltr'><strong>in</strong></span> <span class='ocrx_word' id='word_1_932' title='bbox 2911 5392 3093 5460; x_wconf 78' lang='lat' dir='ltr'><strong>faciem</strong></span> <span class='ocrx_word' id='word_1_933' title='bbox 3125 5389 3316 5460; x_wconf 83' lang='lat' dir='ltr'><strong>Moysi,</strong></span> <span class='ocrx_word' id='word_1_934' title='bbox 3347 5397 3552 5459; x_wconf 83' lang='lat' dir='ltr'><strong>prapter</strong></span> <span class='ocrx_word' id='word_1_935' title='bbox 3580 5388 3791 5458; x_wconf 82' lang='lat' dir='ltr'><strong>gloriam</strong></span> 
     </span>
    </p>
   </div>
   <div class='ocr_carea' id='block_1_117' title="bbox 2221 5474 3790 5554">
    <p class='ocr_par' dir='ltr' id='par_1_117' title="bbox 2221 5474 3790 5554">
     <span class='ocr_line' id='line_1_117' title="bbox 2221 5474 3790 5554; baseline -0.008 -17"><span class='ocrx_word' id='word_1_936' title='bbox 2221 5486 2385 5537; x_wconf 78' lang='lat' dir='ltr'><strong>vultus</strong></span> <span class='ocrx_word' id='word_1_937' title='bbox 2417 5486 2547 5554; x_wconf 88' lang='lat' dir='ltr'><strong>ejus.</strong></span> <span class='ocrx_word' id='word_1_938' title='bbox 2582 5482 2778 5536; x_wconf 88' lang='lat' dir='ltr'><strong>Contra</strong></span> <span class='ocrx_word' id='word_1_939' title='bbox 2810 5483 3128 5536; x_wconf 67' lang='lat' dir='ltr'><strong>Manichazos</strong></span> <span class='ocrx_word' id='word_1_940' title='bbox 3155 5497 3168 5532; x_wconf 87' lang='lat'><strong>:</strong></span> <span class='ocrx_word' id='word_1_941' title='bbox 3208 5489 3475 5546; x_wconf 87' lang='lat' dir='ltr'><strong>nunquam</strong></span> <span class='ocrx_word' id='word_1_942' title='bbox 3506 5474 3790 5544; x_wconf 85' lang='lat' dir='ltr'><strong>Apostolus</strong></span> 
     </span>
    </p>
   </div>
   <div class='ocr_carea' id='block_1_118' title="bbox 2222 5571 3789 5642">
    <p class='ocr_par' dir='ltr' id='par_1_118' title="bbox 2222 5571 3789 5642">
     <span class='ocr_line' id='line_1_118' title="bbox 2222 5571 3789 5642; baseline -0.008 -16"><span class='ocrx_word' id='word_1_943' title='bbox 2222 5573 2674 5642; x_wconf 87' lang='lat' dir='ltr'><strong>possitcontraria</strong></span> <span class='ocrx_word' id='word_1_944' title='bbox 2695 5587 3027 5640; x_wconf 86' lang='lat' dir='ltr'><strong>comparare,</strong></span> <span class='ocrx_word' id='word_1_945' title='bbox 3055 5586 3153 5625; x_wconf 90' lang='lat' dir='ltr'><strong>nec</strong></span> <span class='ocrx_word' id='word_1_946' title='bbox 3177 5571 3440 5624; x_wconf 90' lang='lat' dir='ltr'><strong>minorem</strong></span> <span class='ocrx_word' id='word_1_947' title='bbox 3460 5581 3612 5621; x_wconf 92' lang='lat' dir='ltr'><strong>suam</strong></span> <span class='ocrx_word' id='word_1_948' title='bbox 3639 5578 3789 5633; x_wconf 89' lang='lat' dir='ltr'><strong>quam</strong></span> 
     </span>
    </p>
   </div>
   <div class='ocr_carea' id='block_1_119' title="bbox 2220 5657 3789 5736">
    <p class='ocr_par' dir='ltr' id='par_1_119' title="bbox 2220 5657 3789 5736">
     <span class='ocr_line' id='line_1_119' title="bbox 2220 5657 3789 5736; baseline -0.008 -16"><span class='ocrx_word' id='word_1_949' title='bbox 2220 5665 2385 5736; x_wconf 74' lang='lat' dir='ltr'><strong>Moysi</strong></span> <span class='ocrx_word' id='word_1_950' title='bbox 2399 5666 2618 5733; x_wconf 87' lang='lat' dir='ltr'><strong>gloriam</strong></span> <span class='ocrx_word' id='word_1_951' title='bbox 2652 5665 2970 5734; x_wconf 65' lang='lat' dir='ltr'><strong>praedicare,</strong></span> <span class='ocrx_word' id='word_1_952' title='bbox 3000 5663 3099 5719; x_wconf 91' lang='lat' dir='ltr'><strong>nisi</strong></span> <span class='ocrx_word' id='word_1_953' title='bbox 3123 5663 3241 5734; x_wconf 90' lang='lat' dir='ltr'><strong>quia</strong></span> <span class='ocrx_word' id='word_1_954' title='bbox 3267 5662 3408 5718; x_wconf 91' lang='lat' dir='ltr'><strong>idem</strong></span> <span class='ocrx_word' id='word_1_955' title='bbox 3434 5661 3575 5714; x_wconf 86' lang='lat' dir='ltr'><strong>Deus</strong></span> <span class='ocrx_word' id='word_1_956' title='bbox 3597 5657 3789 5712; x_wconf 81' lang='lat' dir='ltr'><strong>utrius-</strong></span> 
     </span>
    </p>
   </div>
   <div class='ocr_carea' id='block_1_120' title="bbox 2219 5747 3786 5824">
    <p class='ocr_par' dir='ltr' id='par_1_120' title="bbox 2219 5747 3786 5824">
     <span class='ocr_line' id='line_1_120' title="bbox 2219 5747 3786 5824; baseline -0.007 -14"><span class='ocrx_word' id='word_1_957' title='bbox 2219 5771 2322 5824; x_wconf 89' lang='lat' dir='ltr'><strong>que</strong></span> <span class='ocrx_word' id='word_1_958' title='bbox 2351 5755 2678 5810; x_wconf 88' lang='lat' dir='ltr'><strong>&#39;l‘estamenti</strong></span> <span class='ocrx_word' id='word_1_959' title='bbox 2729 5764 2810 5810; x_wconf 90' lang='lat' dir='ltr'><strong>est</strong></span> <span class='ocrx_word' id='word_1_960' title='bbox 2838 5755 3102 5811; x_wconf 89' lang='lat' dir='ltr'><strong>conditor.</strong></span> <span class='ocrx_word' id='word_1_961' title='bbox 3157 5756 3284 5820; x_wconf 65' lang='lat' dir='ltr'><strong>Qui:</strong></span> <span class='ocrx_word' id='word_1_962' title='bbox 3331 5758 3624 5808; x_wconf 81' lang='lat' dir='ltr'><strong>evacuatur.</strong></span> <span class='ocrx_word' id='word_1_963' title='bbox 3660 5747 3786 5814; x_wconf 75' lang='lat' dir='ltr'><strong>Quis</strong></span> 
     </span>
    </p>
   </div>
  </div>
