3982 6352
243 362 343 419 561

1018 362 1084 420 ΙΝ
1123 361 1504 422 Εριετοωω
1543 359 1582 416 ll
1623 360 1713 416 AD
1752 359 2155 423 CORINTIIIOS
2191 365 2709 425 COMMENTARIA.

3384 369 3493 425 562

240 469 469 527 visibilis
490 468 653 542 gloria
678 479 971 526 evacuatur
1001 485 1092 540 per
1114 471 1338 541 gloriam
1368 468 1642 538 Evangelii
1674 483 1686 520 :
1719 469 1812 523 sed
1845 475 1890 529 Α
1922 471 2157 528 nitimur.
2184 476 2225 529 Α
2250 477 2495 532 claritate.
2529 480 2572 533 Α
2595 478 2758 547 gloria
2791 479 3063 547 praesenti,
3086 495 3205 551 qua:
3235 497 3340 537 non
3371 483 3486 538 ﬁni-

240 568 313 618 ita
339 569 624 618 evacuatur
653 571 712 616 ut
734 563 1001 629 proﬁciat,
1033 563 1172 616 sicut
1200 561 1420 615 infantia
1445 568 1732 615 evacuatur
1762 558 1812 610 in

238 655 548 723 iuventute,
570 662 625 709 et
647 666 827 707 semen
853 653 903 708 in
934 651 1106 706 fructu
1132 653 1360 706 :.melior
1379 651 1591 720 quidem
1616 649 1816 703 fructus

236 746 470 814 semine,
512 745 605 800 sed
635 760 903 814 nunquam
952 746 1070 800 sine
1095 745 1302 800 semine
1330 744 1560 808 fructus;
1609 752 1664 798 et
1708 758 1812 796 non

241 838 402 907 perit,
436 836 530 892 sed
557 838 940 908 multiplicatur
965 851 1147 892 semen
1175 837 1228 891 in
1261 836 1455 902 l‘ructu,
1479 837 1558 890 sic
1590 850 1816 892 evacua.

241 937 354 996 tur,
380 928 517 982 sicut
547 927 660 998 ipse
678 927 808 982 dicit
835 929 888 982 in
917 929 1083 997 prima
1101 927 1432 998 prophetiam
1451 934 1506 982 et
1533 927 1813 982 scientiam

239 1020 623 1085 destruendas,
655 1019 874 1074 dicens:
911 1020 1044 1074 Cum
1092 1017 1296 1074 venerit
1337 1018 1476 1086 quod
1521 1017 1813 1087 perlectum

239 1123 358 1178 est,
409 1113 750 1168 evacuabitur
779 1115 919 1182 quod
951 1129 1012 1168 ex
1056 1123 1205 1183 parte
1246 1121 1347 1168 est.
1401 1113 1667 1178 Quomodo
1712 1127 1815 1166 non

241 1209 407 1280 magis
426 1209 732 1263 ministratio
747 1209 989 1279 Spiritus.
1010 1209 1156 1264 Sicut
1175 1208 1318 1262 enim
1342 1207 1530 1274 injuria
1553 1207 1610 1260 ﬁt
1629 1207 1812 1262 Veteri

237 1299 610 1365 Testamento,
636 1299 682 1351 si
711 1297 918 1353 dicatur
949 1314 1055 1352 non
1084 1299 1152 1352 ab
1177 1299 1366 1352 eodem
1404 1297 1514 1352 Deo
1540 1297 1814 1352 conditum

238 1403 272 1442 a
295 1404 400 1457 quo
427 1389 629 1443 Novum
655 1431 671 1457 ,
699 1388 770 1443 ita
793 1389 942 1443 Novo
968 1390 1022 1442 ﬁt
1044 1389 1233 1458 injuria
1265 1389 1308 1442 si
1335 1387 1513 1444 Veteri
1536 1403 1814 1457 compara-

239 1489 350 1532 tur.
385 1478 499 1532 Erit
529 1481 582 1532 in
605 1480 806 1550 gloria?
839 1479 1053 1545 Nostra,
1085 1496 1202 1549 quae
1223 1494 1327 1534 non
1351 1486 1661 1544 evacuatur,
1692 1477 1812 1548 quia

239 1571 480 1642 perlecta
511 1579 612 1626 est.
640 1571 779 1625 Nam
815 1573 859 1625 si
887 1588 950 1626 ea:
973 1572 1252 1625 ministerio
1283 1571 1623 1624 damnationis
1651 1569 1816 1640 gloria

239 1673 339 1717 est.
393 1663 655 1732 Exposuit
697 1661 1145 1716 ministrationem
1191 1662 1397 1716 mortis.
1432 1660 1597 1714 Multo
1655 1662 1816 1731 magis

240 1756 467 1810 abundat
515 1756 854 1809 ministerium
896 1755 1115 1826 justitite
1155 1756 1207 1807 in
1236 1754 1420 1826 gloria.
1473 1754 1584 1821 Qua
1613 1753 1814 1823 iustitia

1916 572 2020 626 tur,
2044 566 2136 618 sed
2168 567 2377 634 proﬁcit
2398 569 2460 622 ad
2492 569 2740 623 futuram.
2773 567 2836 622 In
2856 572 3155 642 claritatem,
3186 581 3489 644 tanquamn

1915 657 2126 714 Domini
2149 662 2367 730 Spiritu.
2401 665 2580 720 Gloria
2612 666 2665 720 in
2694 666 2938 736 gloriam.

1984 747 2111 805 CAP.
2144 767 2216 807 tv.
2251 753 2376 808 Ideo
2416 755 2650 810 habentes
2690 758 2820 810 hanc
2864 756 3298 811 ministrationem.
3345 755 3461 826 Apo

1915 840 2158 898 stolatus.
2185 843 2346 899 Juxta
2374 847 2509 915 quod
2541 847 2946 902 misericordiam
2994 847 3245 901 consecuti
3291 863 3483 902 sumus.

1915 935 2051 1001 Quia
2098 951 2190 1004 per
2226 951 2327 990 nos
2370 937 2547 992 idonei
2595 947 2743 992 tanto
2779 939 3076 993 ministerio
3106 953 3209 993 non
3238 953 3482 1002 eramus,

1917 1026 2338 1080 misericordiam
2365 1026 2532 1092 illius,
2565 1044 2683 1096 qum
2717 1043 2813 1082 nos
2842 1030 3127 1097 praevenit,
3155 1027 3351 1100 jugiter
3381 1029 3484 1082 im-

1917 1117 2208 1186 ploramus.
2233 1115 2360 1185 Non
2399 1118 2685 1186 deﬁcimus.
2719 1118 2832 1172 Non
2859 1117 3133 1174 deﬁcimus
3162 1119 3215 1173 in
3239 1117 3486 1173 omnibus

1917 1206 2368 1262 tribulationibus.
2399 1206 2505 1262 Sed
2531 1206 2824 1261 abdicamus
2847 1210 3046 1261 occulta
3075 1207 3355 1275 dedecoris,
3386 1224 3487 1261 non

1917 1299 2233 1353 ambulantes
2261 1301 2315 1352 in
2351 1301 2558 1355 astutia.
2589 1298 2690 1354 Per
2717 1301 2940 1369 gratiam
2987 1300 3078 1355 Dei
3111 1301 3386 1371 abjicimus
3422 1303 3490 1355 ab

1918 1390 2223 1446 hominibus
2254 1391 2462 1446 occulta
2499 1391 2766 1446 vitiorum.
2800 1391 3037 1446 Dedecus
3059 1402 3140 1446 est
3169 1393 3307 1447 enim
3331 1392 3488 1446 Chri-

1917 1483 2112 1547 stiano,
2136 1483 2464 1537 dedecorose
2485 1483 2686 1537 vivere.
2720 1481 2896 1552 Neque
2915 1481 3262 1536 adulterantes
3287 1483 3487 1536 verbum

1919 1571 2034 1624 Dei.
2059 1571 2210 1626 Sicut
2240 1571 2315 1625 illi
2338 1573 2427 1641 qui
2465 1572 2739 1627 lwtiﬁcant
2771 1571 3013 1627 homines
3038 1572 3199 1626 verbo
3220 1573 3347 1638 Dei,
3376 1588 3489 1628 scr-

1915 1674 2130 1715 monem
2171 1661 2332 1716 vilem
2370 1663 2688 1730 admiscent,
2721 1672 2775 1716 et
2802 1678 2894 1731 per
2919 1671 3117 1717 terram
3149 1671 3367 1731 repent,
3396 1677 3491 1717 ex.-

1917 1750 2156 1805 cnsando
2185 1761 2400 1820 peccata
2436 1767 2530 1820 per
2552 1752 2930 1808 adulationem.
2966 1753 3072 1810 Sed
3101 1755 3153 1807 in
3193 1755 3490 1823 manifesta-

235 1848 498 1916 justiﬁcat
552 1847 752 1918 gratis,
792 1846 876 1901 vel
914 1854 1186 1914 exspectat
1215 1845 1279 1898 ad
1314 1843 1704 1914 paenitentiam.
1751 1843 1808 1897 ln
1844 1837 1887 1896 Β
1915 1843 2050 1895 tione
2086 1842 2339 1908 veritatis,
2368 1845 2775 1897 commendantes
2814 1846 3146 1914 nosmetipsos
3180 1848 3248 1899 ad
3291 1862 3490 1901 omnem

243 1939 410 2007 gloria
435 1948 659 1992 (eterna.
700 1935 839 1990 Nam
868 1952 955 1989 nec
995 1936 1340 2007 glori/iculum
1366 1945 1437 1990 est
1465 1937 1601 2006 quod
1633 1936 1818 1990 claruit

243 2031 297 2082 in
325 2029 420 2082 hac
443 2038 608 2097 parte,
635 2035 843 2098 propter
871 2028 1192 2081 excellentem
1218 2027 1457 2096 gloriam.
1488 2026 1566 2080 Ad
1593 2041 1815 2096 compa-

248 2119 509 2172 rationem
536 2119 719 2187 glorize
760 2117 1032 2186 Evangelii
1062 2116 1409 2171 obumbratur
1435 2117 1603 2187 gloria
1632 2117 1768 2189 legis
1799 2134 1814 2174 :

249 2205 394 2260 sicut
421 2211 541 2259 arto
568 2206 681 2260 sole
704 2206 882 2260 lumen
915 2206 1150 2261 lucerna:
1197 2216 1449 2273 caecatur,
1481 2221 1598 2260 cum
1640 2216 1817 2260 tamen

244 2308 345 2347 suo
369 2303 612 2363 tempore
633 2310 884 2364 maguum
908 2296 1154 2350 videatur
1175 2295 1372 2349 habere
1395 2294 1673 2364 fulgorem.
1704 2296 1818 2351 Hoc

241 2383 480 2438 ostendit
503 2384 782 2452 Dominus,
813 2400 932 2440 cum
959 2386 1256 2440 ascendens
1290 2387 1342 2438 in
1377 2396 1612 2439 montem
1635 2387 1815 2451 solus,

243 2473 532 2542 splendore
561 2473 690 2528 solis
713 2475 906 2529 dicitur
929 2475 1171 2530 radiasse
1205 2492 1218 2527 :
1246 2491 1365 2530 cum
1399 2484 1574 2529 tatnen
1603 2475 1814 2546 Moyses

241 2577 299 2622 et
329 2566 473 2620 Elias
501 2567 597 2621 visi
627 2567 679 2621 in
708 2567 872 2636 gloria
899 2566 1227 2631 referantur,
1262 2577 1316 2622 et
1346 2567 1465 2621 ideo
1498 2583 1601 2621 vox
1634 2567 1816 2622 Patris

245 2659 420 2730 ipsum
445 2659 557 2730 jam
586 2660 758 2714 solum
788 2660 974 2714 audire
1002 2675 1103 2715 nos
1126 2661 1398 2729 praecepit.
1431 2659 1492 2715 Si
1515 2662 1652 2714 enim
1676 2661 1815 2729 quod

241 2760 547 2817 evacuatur,
578 2768 669 2820 per
695 2752 910 2824 gloriam
934 2762 1030 2820 est,
1076 2754 1237 2806 multo
1266 2757 1425 2822 magis
1454 2753 1587 2822 quod
1618 2764 1814 2819 manet,

245 2843 304 2895 in
330 2843 494 2913 gloria
518 2852 614 2897 est.
641 2843 697 2898 Si
738 2842 1098 2899 evacnandum
1139 2857 1234 2912 per
1260 2843 1483 2913 gloriam
1524 2841 1704 2897 datum
1736 2851 1820 2899 est

244 2935 647 2989 Testamentum
668 2975 684 3000 ,
717 2934 983 3005 quomodo
1014 2952 1118 2990 non
1148 2950 1370 2991 manens
1419 2935 1472 2990 in
1501 2935 1666 3004 gloria
1699 2936 1817 2991 est?

243 3025 506 3080 Habentes
527 3028 680 3098 igitur
703 3028 856 3082 talem
879 3045 918 3093 s,
942 3046 1038 3082 em.
1071 3028 1255 3084 Talem
1287 3043 1432 3098 spem
1465 3029 1669 3100 glmize,
1698 3045 1816 3100 qua:

243 3133 347 3187 per
377 3117 536 3173 ﬁdem
581 3119 935 3176 ambulamus.
979 3118 1148 3172 Multa
1186 3120 1379 3188 ﬁducia
1410 3122 1618 3174 utimur.
1663 3121 1717 3174 ln
1750 3136 1817 3175 eo

236 3207 390 3277 quod
423 3207 644 3263 idoneos
670 3223 765 3262 nos
797 3208 982 3262 iecerit
1010 3209 1166 3262 Deus.
1203 3208 1268 3262 Et
1295 3225 1394 3262 non
1433 3210 1564 3261 sicut
1612 3208 1814 3280 Moyses
1847 3199 1892 3260 (ἶ

234 3301 463 3371 ponebat
491 3303 712 3356 velamen
741 3318 891 3371 super
912 3303 1098 3372 {aciem
1127 3318 1292 3356 suam.
1320 3301 1438 3356 Jam
1479 3316 1576 3355 nos
1605 3317 1709 3356 non
1739 3301 1819 3357 sic

242 3391 498 3460 facimus,
531 3393 655 3462 quia
698 3392 785 3447 hic
812 3407 1000 3448 omnes
1030 3392 1251 3463 gloriam
1280 3393 1466 3448 vident
1505 3392 1815 3449 Christiani.

249 3481 324 3538 Ut
354 3500 455 3539 non
496 3486 814 3540 intenderent
843 3486 940 3554 ﬁlii
985 3484 1150 3541 Israel
1180 3487 1232 3540 in
1260 3487 1442 3556 faciem
1477 3487 1608 3558 ejus.
1641 3485 1819 3557 Usque

243 3574 318 3628 ad
360 3575 741 3630 revelationcm
783 3576 899 3646 ejus
933 3594 944 3629 :
980 3577 1058 3631 sic
1094 3587 1146 3632 et
1189 3577 1273 3632 lex
1319 3590 1425 3630 non
1475 3576 1813 3648 intelligitur,

245 3680 418 3735 usque
444 3667 570 3720 dum
614 3668 663 3721 in
690 3669 792 3722 ﬁne
819 3669 931 3737 ejus
960 3668 1176 3723 Christo
1213 3671 1462 3724 credatur
1497 3687 1508 3722 :
1553 3671 1673 3740 quia
1703 3671 1819 3736 ipse

243 3765 335 3812 est
370 3755 492 3812 ﬁnis
523 3758 650 3829 legis
674 3799 689 3824 ,
751 3773 855 3827 quo
880 3759 1030 3815 nobis
1068 3769 1150 3815 est
1187 3760 1626 3830 perveniendum.
1667 3761 1818 3828 Quod

241 3857 542 3902 evacuatur.
574 3849 828 3905 Velamen
861 3851 912 3904 in
943 3851 1064 3916 ﬁne,
1097 3861 1150 3904 et
1177 3865 1315 3905 nunc
1344 3851 1395 3904 in
1431 3851 1666 3907 Christo.
1713 3853 1817 3908 Sed

241 3940 414 3994 obtusi
464 3950 580 3994 sunt
623 3958 798 3995 sensus
831 3956 1195 4010 eorungusque
1234 3942 1286 3995 in
1317 3943 1618 3998 hodiernum
1658 3946 1814 3998 diem.

245 4031 364 4086 Nisi
387 4031 526 4086 enim
552 4032 914 4099 credideritis,
934 4048 1038 4087 non
1067 4033 1393 4101 intelligetis.
1417 4032 1658 4102 ldipsum
1679 4036 1817 4088 vela-

247 4139 365 4176 men
398 4124 450 4174 in
484 4123 696 4177 lectione
729 4123 922 4177 Veteris
950 4123 1257 4178 Testamenti
1298 4135 1486 4178 manet.
1531 4123 1697 4194 Cujus
1725 4126 1816 4181 ille

247 4217 470 4286 ﬁguram
527 4217 768 4286 gestabat
797 4217 849 4271 in
881 4217 1032 4271 facie.
1086 4214 1207 4269 Non
1242 4219 1533 4271 revelatum.
1575 4218 1814 4285 Quandiu

245 4321 354 4360 non
385 4308 554 4360 credit
583 4305 814 4361 Christo.
853 4307 1001 4373 Quod
1029 4308 1082 4359 in
1120 4307 1321 4360 Christo
1374 4318 1670 4363 evacuatur.
1716 4309 1816 4375 Qui

241 4405 326 4452 est
352 4396 469 4450 ﬁnis
492 4399 638 4465 legis.
671 4398 776 4450 Sed
801 4414 954 4464 usque
976 4397 1028 4450 in
1051 4398 1353 4450 hodiernum
1370 4398 1528 4467 diem,
1555 4415 1670 4451 cum
1691 4399 1818 4472 legi-

245 4496 330 4538 tur
380 4485 622 4553 Moyses,
673 4486 893 4539 velamen
939 4495 1010 4538 est
1037 4487 1254 4554 positum
1282 4503 1436 4554 super
1483 4504 1571 4541 cor
1618 4504 1812 4544 eorum.

1920 1934 2281 1988 conscientiam
2330 1935 2610 1988 hominum.
2655 1937 2756 1989 Sed
2788 1935 2857 1988 ita
2896 1937 3233 1992 manifestum
3265 1948 3345 1994 est
3375 1954 3491 1994 om-

1920 2026 2075 2080 nibus
2116 2042 2298 2082 verum
2344 2042 2468 2082 esse
2506 2028 2643 2096 quod
2694 2029 2953 2095 dicimus,
2999 2039 3058 2084 ut
3100 2033 3259 2085 etiam
3305 2046 3502 2086 eorum-

1919 2119 2244 2174 conscientia
2288 2121 2648 2175 teStimonium
2688 2121 2842 2175 nobis
2890 2121 3194 2190 perhibeat,
3228 2123 3315 2192 qui
3354 2123 3491 2177 resi-

1919 2217 2084 2264 stunt.
2100 2210 2283 2265 Coram
2297 2209 2424 2264 Deo.
2439 2211 2631 2266 Coram
2657 2212 2764 2266 Deo
2779 2213 2879 2268 hoc
2893 2211 3131 2278 facimus,
3149 2227 3254 2267 non
3279 2221 3493 2283 propter

1921 2299 2166 2354 homines
2198 2318 2210 2352 :
2242 2303 2485 2369 quamvis
2515 2316 2579 2356 ex
2612 2301 2713 2356 hoc
2740 2302 2854 2371 ipso
2875 2313 2928 2358 et
2958 2302 3263 2357 hominibus
3284 2303 3494 2373 placea-

1916 2405 2058 2447 mus.
2096 2390 2243 2457 Quod
2271 2391 2315 2444 si
2345 2391 2498 2445 etiam
2523 2399 2753 2460 apertum
2784 2401 2856 2445 est
2885 2391 3214 2462 Evangelium
3238 2403 3487 2458 nostrum,

1916 2477 1971 2532 in
1992 2477 2070 2533 his
2090 2479 2174 2548 qui
2200 2489 2409 2548 pereunt
2432 2488 2504 2534 est
2533 2491 2782 2550 apertum.
2815 2481 2974 2548 Quasi
3004 2481 3198 2551 aliquis
3219 2481 3292 2536 illi
3321 2481 3490 2536 dixis-

1918 2577 2038 2624 set:
2067 2567 2173 2625 Sed
2202 2577 2434 2623 vestram
2463 2570 2895 2639 praedicationem
2925 2585 3030 2625 non
3066 2586 3253 2627 omne,
3288 2571 3490 2628 intelli-

1918 2666 2068 2728 gunt.
2097 2657 2202 2714 Sed
2244 2658 2522 2727 inﬁdeles,
2576 2661 2766 2730 inquit,
2802 2663 2883 2716 vel
2917 2661 3343 2733 pseudoapostuli
3385 2679 3489 2718 non

1921 2749 2239 2818 intelligunt.
2272 2748 2404 2804 Nam
2428 2749 2711 2806 credentes
2744 2753 2852 2806 Deo
2875 2752 3144 2807 revelante
3167 2753 3489 2823 intelligunt.

1920 2840 1989 2896 In
2028 2841 2211 2911 quibus
2249 2840 2412 2897 Deus.
2462 2842 2518 2897 In
2568 2843 3049 2912 pseudoapostolis.
3101 2844 3280 2918 Hujus
3321 2847 3495 2902 swcuti

1919 2933 2187 2988 exeweavit
2233 2942 2422 2988 mentes
2469 2933 2774 3002 inﬁdelium.
2816 2933 2996 2989 Potest
3024 2935 3102 2990 sic
3142 2935 3312 3005 accipi
3356 2935 3494 2991 Deus

1919 3025 2122 3091 steculi,
2147 3023 2415 3093 quomodo
2443 3025 2694 3094 princeps
2718 3024 2899 3080 mundi
2934 3043 2947 3080 :
2981 3026 3104 3095 quia
3153 3027 3266 3096 ipse
3294 3025 3397 3081 sibi
3437 3025 3494 3080 i‘n

1920 3114 2225 3169 inﬁdelibus
2244 3114 2476 3170 vindicat
2498 3115 2852 3184 principatum
2887 3134 2900 3168 :
2930 3116 3025 3170 sed
3055 3127 3271 3186 propter
3290 3119 3492 3171 calum-

1925 3206 2132 3260 niantes
2163 3206 2236 3260 ita
2273 3205 2722 3274 pronuntiandum
2769 3220 2852 3261 ess
2885 3214 2944 3260 ut
2990 3207 3229 3262 dicamus
3253 3250 3268 3274 ,
3323 3207 3491 3262 Deum

1920 3306 2127 3352 mentes
2151 3296 2444 3353 inﬁdelium
2469 3296 2627 3367 hujus
2655 3298 2833 3353 saeculi
2863 3313 3164 3354 exczecasse
3190 3300 3382 3356 merito
3411 3301 3493 3356 in-

1921 3388 2254 3455 ﬁdelitatum,
2285 3391 2423 3444 sicut
2453 3391 2567 3460 ipse
2596 3389 2838 3445 Salvator
2865 3391 2968 3446 ait:
3000 3391 3054 3446 In
3082 3391 3332 3460 judicium
3363 3393 3500 3448 veni.

1920 3481 1973 3536 in
2007 3482 2286 3549 mundum,
2312 3491 2367 3536 ut
2387 3483 2474 3552 qui
2501 3481 2679 3537 vident
2700 3483 2826 3538 creci
2852 3480 3000 3539 ﬁant.
3025 3483 3090 3537 Et
3116 3483 3229 3553 ipse
3256 3485 3484 3553 Aposto-

1923 3573 2004 3627 lus
2029 3571 2161 3627 dixit
2185 3573 2308 3626 alibi
2335 3590 2349 3625 :
2376 3573 2506 3640 Quia
2539 3588 2646 3627 non
2677 3571 3014 3628 crediderunt
3040 3573 3280 3644 veritati,
3314 3573 3490 3630 mittet

1923 3661 2030 3716 illis
2051 3661 2194 3717 Deus
2220 3662 2459 3733 Spiritum
2491 3664 2691 3718 erroris
2723 3680 2735 3716 :
2773 3664 2890 3733 quia
2941 3663 3192 3733 permittit
3221 3665 3335 3720 diri
3384 3681 3488 3720 non

1922 3751 2262 3809 credentibus
2288 3755 2386 3809 sibi
2418 3770 2432 3808 :
2461 3754 2596 3809 sicut
2621 3757 2662 3809 si
2688 3755 2924 3811 medicus
2950 3772 3147 3828 agrum
3178 3757 3492 3815 inobcdien-

1924 3851 2028 3898 tem
2052 3843 2285 3910 deserat,
2307 3844 2422 3914 ipse
2444 3848 2490 3899 ci
2508 3846 2702 3900 dicitur
2724 3845 3091 3915 :egritudinem
3119 3849 3480 3921 prolongasse,

1919 3950 2038 3991 cum
2069 3944 2237 3992 totum
2271 3937 2386 4007 ejus
2410 3939 2510 4003 sit,
2559 3940 2647 4009 qui
2680 3953 2799 3994 eum
2827 3939 3014 3997 audire
3040 3945 3378 4012 contempsit.
3428 3941 3485 3998 Si

1923 4037 2098 4085 tamen
2141 4044 2354 4085 rursum
2390 4031 2635 4096 obediat,
2668 4032 2844 4086 veniet
2887 4033 2954 4087 ad
2997 4035 3241 4089 salutem.
3279 4033 3345 4089 Ut
3385 4050 3493 4088 non

1921 4123 2114 4193 fulgeat
2134 4122 2443 4175 illuminatio
2468 4120 2736 4192 Evangelii
2753 4124 2933 4193 gloria:
2963 4125 3174 4178 Christi.
3197 4125 3329 4192 Quia
3359 4127 3501 4184 eieci.

1922 4221 2066 4278 sunt,
2098 4214 2241 4266 clare
2268 4211 2531 4266 lucentem
2563 4215 2729 4266 solem
2763 4212 2943 4266 videre
2973 4228 3078 4266 non
3110 4224 3348 4280 possunt.
3385 4214 3489 4279 Qui

1922 4310 1996 4352 est
2028 4301 2196 4369 imago
2227 4299 2339 4352 Dei.
2367 4299 2488 4354 Sive
2520 4300 2693 4366 imago
2719 4315 2970 4366 expressa
3002 4300 3330 4362 substantiae,
3372 4302 3490 4356 sive

1921 4390 2042 4457 quia
2067 4390 2182 4442 sine
2204 4397 2444 4456 peccato.
2473 4388 2591 4441 Non
2615 4391 2746 4440 enim
2770 4391 3097 4459 nosmetipsos
3119 4391 3452 4458 praedicamus
3468 4406 3489 4446 :
3517 4417 3520 4419 λ

1920 4479 2009 4533 sed
2058 4478 2333 4531 Dominum
2382 4477 2561 4532 Jesum
2609 4478 2886 4532 Christum.
2940 4481 3038 4547 Qui
3091 4480 3231 4534 enim
3275 4482 3486 4551 propria

245 4573 567 4641 Ignorantia:
607 4574 657 4627 in
690 4575 938 4629 eurtlibus
962 4575 1292 4631 Judteorum.
1333 4576 1458 4630 Cum
1493 4585 1662 4631 autem
1691 4595 1813 4634 con-

1920 4567 2200 4622 commoda
2231 4566 2450 4637 quaerit,
2479 4583 2582 4622 non
2630 4567 2899 4623 Christum
2930 4568 3210 4638 praedicat,
3257 4571 3348 4625 sed
3379 4586 3436 4627 se
3470 4589 3483 4624 :

245 4679 418 4717 uersus
439 4663 589 4730 fuerit
619 4667 684 4717 ad
717 4664 916 4731 Deum,
949 4669 1208 4737 auferetur
1237 4667 1484 4723 velamen.
1516 4668 1722 4739 Aliquis
1748 4686 1811 4727 ex

242 4753 350 4806 illis
380 4756 645 4823 quomodo
676 4757 881 4826 Moyses
910 4759 1345 4814 convertebatur.
1374 4759 1624 4815 Dominus
1643 4773 1814 4817 autem

241 4844 456 4913 spiritus
477 4852 570 4899 est.
597 4845 740 4900 Nihil
771 4846 824 4900 in
854 4848 943 4901 illo
969 4850 1254 4904 obscurum
1279 4891 1292 4916 ,
1338 4866 1511 4921 neque
1548 4855 1814 4923 composi-

243 4948 390 5000 tum;
423 4934 558 4989 libe-r
577 4949 655 4991 εει
673 4938 911 5005 spiritus,
931 4947 984 4993 et
1005 4941 1204 4994 ideirco
1232 4957 1336 4996 non
1369 4953 1542 5011 potest
1565 4945 1810 5001 velamen

241 5027 508 5095 accipere,
541 5029 633 5081 sed
665 5029 829 5096 magis
857 5029 969 5098 ipse
1001 5030 1221 5084 revelat.
1270 5030 1366 5084 Ubi
1392 5041 1558 5086 autem
1584 5033 1810 5104 Spiritus

243 5115 471 5182 Domini,
504 5119 570 5171 ibi
601 5119 824 5173 libertas.
851 5119 948 5186 Qui
979 5129 1154 5174 autem
1197 5121 1448 5190 Spiritum
1485 5124 1686 5178 Domini
1719 5126 1810 5178 ha-

243 5207 355 5272 het,
387 5207 566 5261 omnia
617 5208 782 5262 libere
821 5209 1082 5277 conspitit
1131 5228 1142 5263 :
1185 5209 1413 5277 Spiritus
1444 5213 1584 5265 enim
1631 5215 1809 5268 omnia

241 5309 535 5354 scrutatur.
581 5299 690 5354 Nos
729 5317 862 5354 vero.
889 5300 1122 5356 Fideles.
1166 5302 1352 5356 Omnes
1397 5304 1614 5357 revelata
1654 5306 1806 5374 facie.

240 5391 356 5444 Non
389 5393 561 5460 pauci,
581 5393 959 5464 sicntllloyses.
986 5395 1216 5448 Gloriam
1242 5394 1448 5449 Domini
1471 5402 1803 5469 speculantes.

239 5481 533 5538 Evidenter
563 5493 616 5537 et
652 5485 794 5540 clare
826 5486 1030 5540 Domini
1061 5489 1287 5556 gloriam
1322 5489 1693 5557 intelligimus,
1728 5493 1810 5544 vel

238 5574 344 5628 ﬁde
374 5575 662 5629 cet-nimus.
692 5574 757 5629 In
784 5577 1011 5630 eamdem
1043 5579 1334 5648 imaginem.
1365 5580 1531 5644 Quam
1563 5579 1808 5634 Christus

235 5666 470 5721 ostendit
495 5669 545 5722 in
577 5678 772 5733 monte,
799 5671 936 5722 sicut
963 5670 1112 5733 alibi,
1142 5671 1240 5735 Qui
1271 5671 1664 5725 translormabit
1690 5688 1808 5724 cor-

238 5771 339 5824 pus
364 5757 679 5814 humilitatis
712 5769 926 5814 nostrae.
969 5759 1438 5830 Truttsformamur.
1477 5763 1722 5830 Quotidie
1754 5763 1802 5818 id

597 5854 640 5879 Α

1918 4660 2056 4714 sicut
2103 4661 2192 4729 qui
2233 4674 2329 4713 suo
2376 4659 2545 4713 ventri
2585 4659 2911 4716 deserviunt.
2953 4660 3066 4716 Nos
3109 4670 3274 4716 autem
3319 4680 3512 4718 servos-

1916 4757 2104 4804 vestros
2134 4767 2223 4820 per
2251 4749 2445 4804 Iesum.
2480 4749 2610 4818 Quia
2644 4751 2835 4805 vestris
2877 4752 3171 4806 commodis
3219 4753 3506 4809 servimus:

1920 4855 2018 4910 per
2042 4842 2341 4910 exemplum
2372 4842 2486 4911 ejus
2515 4843 2602 4912 qui
2635 4841 2858 4897 formam
2893 4845 3297 4914 servisuscepit
3322 4862 3343 4899 τ
3374 4862 3478 4902 non

1920 4942 2136 5000 propter
2163 4932 2459 4999 avaritiam,
2503 4947 2599 4987 nec
2624 4933 2867 5002 gloriam.
2904 4934 3156 5000 Quoniam
3200 4934 3362 4998 Deus,
3395 4937 3484 5002 qui

1919 5024 2046 5076 dixit
2086 5025 2148 5078 de
2199 5026 2416 5079 tenebris
2457 5025 2617 5078 lucem
2648 5025 3011 5094 splendescere.
3059 5024 3251 5079 Contra
3295 5040 3482 5080 omnes

1919 5115 2162 5170 inimicos
2195 5115 2404 5170 Veteris
2443 5115 2788 5170 Testamenti.
2823 5115 2922 5180 Qui
2952 5115 3121 5168 illuxit
3148 5117 3199 5168 in
3244 5115 3483 5172 cordibus

1918 5211 2121 5264 nostris.
2149 5208 2327 5264 Primo
2359 5223 2451 5276 per
2471 5208 2764 5274 Christum,
2797 5217 2851 5260 ut
2881 5223 2973 5274 per
2999 5222 3096 5260 nos
3127 5206 3258 5260 alios
3285 5207 3481 5260 illumi-

1917 5311 2086 5357 naret.
2114 5301 2196 5354 Ad
2215 5297 2884 5354 illuminationemscientiae
2930 5297 3180 5351 claritatis
3210 5295 3322 5351 Dei.
3373 5297 3481 5352 Ma-

1917 5393 2332 5448 nilestationem.
2398 5387 2463 5441 In
2518 5388 2648 5458 facie
2700 5386 2889 5442 Christi
2939 5387 3083 5441 Jesu.
3143 5386 3200 5441 In
3256 5401 3481 5456 persona

1916 5485 2132 5541 Christi.
2165 5482 2270 5539 Sed
2295 5491 2348 5534 et
2376 5481 2475 5534 hoc
2503 5480 2750 5546 adverte,
2781 5477 2920 5546 quod
2950 5478 3035 5532 hic
3059 5476 3373 5532 Trinitatem
3403 5479 3481 5533 in-

1917 5579 2132 5635 dicavit.
2177 5578 2320 5632 Deus
2357 5576 2447 5645 qui
2476 5575 2611 5630 dixit
2637 5573 2704 5628 de
2759 5573 2989 5628 tenebris
3025 5572 3202 5629 lumen
3233 5573 3479 5643 splende-

1914 5672 2319 5740 scere,Spiritns
2333 5678 2545 5725 sanctus
2559 5666 3022 5736 intelligitur,etad
3037 5667 3474 5722 illuminationem

1915 5763 2149 5820 scientia:
2175 5761 2433 5818 claritatis
2461 5759 2576 5825 Dei,
2604 5757 2808 5812 Patrem
2833 5769 3080 5826 agnosce.
3117 5756 3170 5812 lu
3199 5757 3328 5812 facie
3352 5756 3476 5811 Jesu
