  <div class='ocr_page' id='page_1' title='image "/cluster/home/n/w/nwhite01/storage/ocr_20150623/68/hvd.32044015469331/287.png"; bbox 0 0 3982 6352; ppageno 0'>
   <div class='ocr_carea' id='block_1_1' title="bbox 531 265 635 321">
    <p class='ocr_par' dir='ltr' id='par_1_1' title="bbox 531 265 635 321">
     <span class='ocr_line' id='line_1_1' title="bbox 531 265 635 321; baseline -0.048 0"><span class='ocrx_word' id='word_1_1' title='bbox 531 265 635 321; x_wconf 76' lang='lat'><strong>565</strong></span> 
     </span>
    </p>
   </div>
   <div class='ocr_carea' id='block_1_2' title="bbox 1648 268 2663 330">
    <p class='ocr_par' dir='ltr' id='par_1_2' title="bbox 1648 268 2663 330">
     <span class='ocr_line' id='line_1_2' title="bbox 1648 268 2663 330; baseline 0.007 -6"><span class='ocrx_word' id='word_1_2' title='bbox 1648 268 1936 327; x_wconf 72' lang='lat' dir='ltr'><strong>PRIMASH</strong></span> <span class='ocrx_word' id='word_1_3' title='bbox 1976 269 2421 327; x_wconf 79' lang='lat' dir='ltr'><strong>ADRUMETANI</strong></span> <span class='ocrx_word' id='word_1_4' title='bbox 2456 272 2663 330; x_wconf 80' lang='lat' dir='ltr'><strong>EPISC.</strong></span> 
     </span>
    </p>
   </div>
   <div class='ocr_carea' id='block_1_3' title="bbox 3673 278 3786 333">
    <p class='ocr_par' dir='ltr' id='par_1_3' title="bbox 3673 278 3786 333">
     <span class='ocr_line' id='line_1_3' title="bbox 3673 278 3786 333; baseline 0 0"><span class='ocrx_word' id='word_1_5' title='bbox 3673 278 3786 333; x_wconf 65' lang='lat'><strong>565</strong></span> 
     </span>
    </p>
   </div>
   <div class='ocr_carea' id='block_1_4' title="bbox 530 346 3784 455">
    <p class='ocr_par' dir='ltr' id='par_1_4' title="bbox 530 346 3784 455">
     <span class='ocr_line' id='line_1_4' title="bbox 530 346 3784 455; baseline 0.004 -24"><span class='ocrx_word' id='word_1_6' title='bbox 530 378 754 448; x_wconf 79' lang='lat' dir='ltr'><strong>Christi,</strong></span> <span class='ocrx_word' id='word_1_7' title='bbox 779 379 966 435; x_wconf 82' lang='lat' dir='ltr'><strong>Filium</strong></span> <span class='ocrx_word' id='word_1_8' title='bbox 989 352 1302 453; x_wconf 76' lang='lat' dir='ltr'><strong>designavit.</strong></span> <span class='ocrx_word' id='word_1_9' title='bbox 1330 382 1587 436; x_wconf 80' lang='lat' dir='ltr'><strong>Habemus</strong></span> <span class='ocrx_word' id='word_1_10' title='bbox 1610 391 1777 436; x_wconf 85' lang='lat' dir='ltr'><strong>autem</strong></span> <span class='ocrx_word' id='word_1_11' title='bbox 1799 382 2093 435; x_wconf 82' lang='lat' dir='ltr'><strong>thesaurum</strong></span> <span class='ocrx_word' id='word_1_12' title='bbox 2125 384 2168 441; x_wconf 80' lang='grc' dir='ltr'>Α</span> <span class='ocrx_word' id='word_1_13' title='bbox 2200 381 2482 450; x_wconf 85' lang='lat' dir='ltr'><strong>deﬁcimus.</strong></span> <span class='ocrx_word' id='word_1_14' title='bbox 2517 382 2571 438; x_wconf 91' lang='lat' dir='ltr'><strong>ln</strong></span> <span class='ocrx_word' id='word_1_15' title='bbox 2602 382 3028 439; x_wconf 79' lang='lat' dir='ltr'><strong>tribulationibus</strong></span> <span class='ocrx_word' id='word_1_16' title='bbox 3055 393 3109 439; x_wconf 78' lang='lat' dir='ltr'><strong>et</strong></span> <span class='ocrx_word' id='word_1_17' title='bbox 3137 384 3457 455; x_wconf 77' lang='lat' dir='ltr'><strong>opprobriis.</strong></span> <span class='ocrx_word' id='word_1_18' title='bbox 3492 386 3575 442; x_wconf 79' lang='lat' dir='ltr'><strong>liii</strong></span> <span class='ocrx_word' id='word_1_19' title='bbox 3605 390 3784 444; x_wconf 80' lang='lat' dir='ltr'><strong>tribu-</strong></span> 
     </span>
    </p>
   </div>
   <div class='ocr_carea' id='block_1_5' title="bbox 531 471 2094 540">
    <p class='ocr_par' dir='ltr' id='par_1_5' title="bbox 531 471 2094 540">
     <span class='ocr_line' id='line_1_5' title="bbox 531 471 2094 540; baseline 0.001 -18"><span class='ocrx_word' id='word_1_20' title='bbox 531 471 682 523; x_wconf 87' lang='lat' dir='ltr'><strong>istum</strong></span> <span class='ocrx_word' id='word_1_21' title='bbox 707 471 759 525; x_wconf 85' lang='lat' dir='ltr'><strong>in</strong></span> <span class='ocrx_word' id='word_1_22' title='bbox 787 472 917 526; x_wconf 76' lang='lat' dir='ltr'><strong>uasis</strong></span> <span class='ocrx_word' id='word_1_23' title='bbox 947 474 1200 540; x_wconf 75' lang='lat' dir='ltr'><strong>fictilibus,</strong></span> <span class='ocrx_word' id='word_1_24' title='bbox 1233 482 1287 526; x_wconf 77' lang='lat' dir='ltr'><strong>ut</strong></span> <span class='ocrx_word' id='word_1_25' title='bbox 1315 471 1596 526; x_wconf 77' lang='lat' dir='ltr'><strong>sublimitas</strong></span> <span class='ocrx_word' id='word_1_26' title='bbox 1624 473 1690 525; x_wconf 89' lang='lat' dir='ltr'><strong>sit</strong></span> <span class='ocrx_word' id='word_1_27' title='bbox 1718 473 1919 526; x_wconf 81' lang='lat' dir='ltr'><strong>uirtutis</strong></span> <span class='ocrx_word' id='word_1_28' title='bbox 1967 471 2094 539; x_wconf 91' lang='lat' dir='ltr'><strong>Dei,</strong></span> 
     </span>
    </p>
   </div>
   <div class='ocr_carea' id='block_1_6' title="bbox 531 562 2095 632">
    <p class='ocr_par' dir='ltr' id='par_1_6' title="bbox 531 562 2095 632">
     <span class='ocr_line' id='line_1_6' title="bbox 531 562 2095 632; baseline 0.002 -19"><span class='ocrx_word' id='word_1_29' title='bbox 531 571 581 614; x_wconf 91' lang='lat' dir='ltr'><strong>et</strong></span> <span class='ocrx_word' id='word_1_30' title='bbox 628 578 728 615; x_wconf 88' lang='lat' dir='ltr'><strong>non</strong></span> <span class='ocrx_word' id='word_1_31' title='bbox 782 578 847 616; x_wconf 77' lang='lat' dir='ltr'><strong>ea;</strong></span> <span class='ocrx_word' id='word_1_32' title='bbox 882 563 1042 617; x_wconf 86' lang='lat' dir='ltr'><strong>nobis.</strong></span> <span class='ocrx_word' id='word_1_33' title='bbox 1076 562 1404 617; x_wconf 87' lang='lat' dir='ltr'><strong>Thesaurum</strong></span> <span class='ocrx_word' id='word_1_34' title='bbox 1450 562 1633 632; x_wconf 75' lang='lat' dir='ltr'><strong>gratia:</strong></span> <span class='ocrx_word' id='word_1_35' title='bbox 1671 562 1961 631; x_wconf 80' lang='lat' dir='ltr'><strong>spiritalis,</strong></span> <span class='ocrx_word' id='word_1_36' title='bbox 1992 577 2095 632; x_wconf 89' lang='lat' dir='ltr'><strong>qua</strong></span> 
     </span>
    </p>
   </div>
   <div class='ocr_carea' id='block_1_7' title="bbox 531 653 2095 725">
    <p class='ocr_par' dir='ltr' id='par_1_7' title="bbox 531 653 2095 725">
     <span class='ocr_line' id='line_1_7' title="bbox 531 653 2095 725; baseline 0.002 -19"><span class='ocrx_word' id='word_1_37' title='bbox 531 653 682 723; x_wconf 83' lang='lat' dir='ltr'><strong>signa</strong></span> <span class='ocrx_word' id='word_1_38' title='bbox 713 654 954 719; x_wconf 87' lang='lat' dir='ltr'><strong>facimus,</strong></span> <span class='ocrx_word' id='word_1_39' title='bbox 987 656 1037 709; x_wconf 89' lang='lat' dir='ltr'><strong>in</strong></span> <span class='ocrx_word' id='word_1_40' title='bbox 1068 655 1237 725; x_wconf 79' lang='lat' dir='ltr'><strong>frag&#39;li</strong></span> <span class='ocrx_word' id='word_1_41' title='bbox 1268 669 1497 725; x_wconf 88' lang='lat' dir='ltr'><strong>corpore</strong></span> <span class='ocrx_word' id='word_1_42' title='bbox 1527 655 1823 724; x_wconf 85' lang='lat' dir='ltr'><strong>bajulamus</strong></span> <span class='ocrx_word' id='word_1_43' title='bbox 1845 696 1861 722; x_wconf 94' lang='lat'><strong>,</strong></span> <span class='ocrx_word' id='word_1_44' title='bbox 1907 656 1959 710; x_wconf 91' lang='lat' dir='ltr'><strong>in</strong></span> <span class='ocrx_word' id='word_1_45' title='bbox 1990 669 2095 723; x_wconf 91' lang='lat' dir='ltr'><strong>quo</strong></span> 
     </span>
    </p>
   </div>
   <div class='ocr_carea' id='block_1_8' title="bbox 531 745 2093 818">
    <p class='ocr_par' dir='ltr' id='par_1_8' title="bbox 531 745 2093 818">
     <span class='ocr_line' id='line_1_8' title="bbox 531 745 2093 818; baseline 0.002 -19"><span class='ocrx_word' id='word_1_46' title='bbox 531 747 690 799; x_wconf 83' lang='lat' dir='ltr'><strong>etiam</strong></span> <span class='ocrx_word' id='word_1_47' title='bbox 723 745 1031 815; x_wconf 87' lang='lat' dir='ltr'><strong>frequenter</strong></span> <span class='ocrx_word' id='word_1_48' title='bbox 1059 762 1179 801; x_wconf 91' lang='lat' dir='ltr'><strong>cum</strong></span> <span class='ocrx_word' id='word_1_49' title='bbox 1214 750 1346 803; x_wconf 85' lang='lat' dir='ltr'><strong>alios</strong></span> <span class='ocrx_word' id='word_1_50' title='bbox 1376 763 1625 804; x_wconf 79' lang='lat' dir='ltr'><strong>sanemus</strong></span> <span class='ocrx_word' id='word_1_51' title='bbox 1648 788 1664 814; x_wconf 91' lang='lat'><strong>,</strong></span> <span class='ocrx_word' id='word_1_52' title='bbox 1711 748 1810 818; x_wconf 89' lang='lat' dir='ltr'><strong>ipsi</strong></span> <span class='ocrx_word' id='word_1_53' title='bbox 1850 748 2093 803; x_wconf 88' lang='lat' dir='ltr'><strong>infirma-</strong></span> 
     </span>
    </p>
   </div>
   <div class='ocr_carea' id='block_1_9' title="bbox 530 839 2094 909">
    <p class='ocr_par' dir='ltr' id='par_1_9' title="bbox 530 839 2094 909">
     <span class='ocr_line' id='line_1_9' title="bbox 530 839 2094 909; baseline 0.004 -19"><span class='ocrx_word' id='word_1_54' title='bbox 530 853 671 902; x_wconf 85' lang='lat' dir='ltr'><strong>mnr,</strong></span> <span class='ocrx_word' id='word_1_55' title='bbox 705 849 762 895; x_wconf 90' lang='lat' dir='ltr'><strong>ut</strong></span> <span class='ocrx_word' id='word_1_56' title='bbox 797 855 913 909; x_wconf 72' lang='lat' dir='ltr'><strong>qua:</strong></span> <span class='ocrx_word' id='word_1_57' title='bbox 934 839 1177 909; x_wconf 76' lang='lat' dir='ltr'><strong>facimus,</strong></span> <span class='ocrx_word' id='word_1_58' title='bbox 1203 855 1308 895; x_wconf 89' lang='lat' dir='ltr'><strong>non</strong></span> <span class='ocrx_word' id='word_1_59' title='bbox 1339 852 1516 897; x_wconf 89' lang='lat' dir='ltr'><strong>nostra</strong></span> <span class='ocrx_word' id='word_1_60' title='bbox 1542 842 1758 909; x_wconf 87' lang='lat' dir='ltr'><strong>virtute,</strong></span> <span class='ocrx_word' id='word_1_61' title='bbox 1780 843 1863 897; x_wconf 86' lang='lat' dir='ltr'><strong>vel</strong></span> <span class='ocrx_word' id='word_1_62' title='bbox 1894 842 2094 898; x_wconf 84' lang='lat' dir='ltr'><strong>nostris</strong></span> 
     </span>
    </p>
   </div>
   <div class='ocr_carea' id='block_1_10' title="bbox 533 927 2091 1005">
    <p class='ocr_par' dir='ltr' id='par_1_10' title="bbox 533 927 2091 1005">
     <span class='ocr_line' id='line_1_10' title="bbox 533 927 2091 1005; baseline 0.007 -26"><span class='ocrx_word' id='word_1_63' title='bbox 533 927 773 992; x_wconf 88' lang='lat' dir='ltr'><strong>meritis,</strong></span> <span class='ocrx_word' id='word_1_64' title='bbox 810 929 904 983; x_wconf 91' lang='lat' dir='ltr'><strong>sed</strong></span> <span class='ocrx_word' id='word_1_65' title='bbox 949 928 1287 987; x_wconf 85' lang='lat' dir='ltr'><strong>sublimitatis</strong></span> <span class='ocrx_word' id='word_1_66' title='bbox 1332 932 1424 988; x_wconf 89' lang='lat' dir='ltr'><strong>Dei</strong></span> <span class='ocrx_word' id='word_1_67' title='bbox 1470 946 1592 989; x_wconf 85' lang='lat' dir='ltr'><strong>esse</strong></span> <span class='ocrx_word' id='word_1_68' title='bbox 1622 934 1963 1005; x_wconf 77' lang='lat' dir='ltr'><strong>intelligatur.</strong></span> <span class='ocrx_word' id='word_1_69' title='bbox 2024 934 2091 990; x_wconf 83' lang='lat' dir='ltr'><strong>In</strong></span> 
     </span>
    </p>
   </div>
   <div class='ocr_carea' id='block_1_11' title="bbox 528 1018 2091 1097">
    <p class='ocr_par' dir='ltr' id='par_1_11' title="bbox 528 1018 2091 1097">
     <span class='ocr_line' id='line_1_11' title="bbox 528 1018 2091 1097; baseline 0.01 -28"><span class='ocrx_word' id='word_1_70' title='bbox 528 1018 759 1071; x_wconf 86' lang='lat' dir='ltr'><strong>omnibus</strong></span> <span class='ocrx_word' id='word_1_71' title='bbox 791 1019 1161 1074; x_wconf 80' lang='lat' dir='ltr'><strong>tribulationem</strong></span> <span class='ocrx_word' id='word_1_72' title='bbox 1188 1024 1429 1093; x_wconf 83' lang='lat' dir='ltr'><strong>patimur.</strong></span> <span class='ocrx_word' id='word_1_73' title='bbox 1463 1023 1880 1082; x_wconf 89' lang='lat' dir='ltr'><strong>Tribulationem</strong></span> <span class='ocrx_word' id='word_1_74' title='bbox 1906 1042 2091 1097; x_wconf 85' lang='lat' dir='ltr'><strong>perse-</strong></span> 
     </span>
    </p>
   </div>
   <div class='ocr_carea' id='block_1_12' title="bbox 525 1108 2085 1185">
    <p class='ocr_par' dir='ltr' id='par_1_12' title="bbox 525 1108 2085 1185">
     <span class='ocr_line' id='line_1_12' title="bbox 525 1108 2085 1185; baseline 0.008 -24"><span class='ocrx_word' id='word_1_75' title='bbox 525 1108 798 1161; x_wconf 90' lang='lat' dir='ltr'><strong>cutionum</strong></span> <span class='ocrx_word' id='word_1_76' title='bbox 837 1110 920 1164; x_wconf 89' lang='lat' dir='ltr'><strong>vel</strong></span> <span class='ocrx_word' id='word_1_77' title='bbox 960 1110 1222 1168; x_wconf 89' lang='lat' dir='ltr'><strong>laborum.</strong></span> <span class='ocrx_word' id='word_1_78' title='bbox 1251 1112 1357 1169; x_wconf 88' lang='lat' dir='ltr'><strong>Sed</strong></span> <span class='ocrx_word' id='word_1_79' title='bbox 1382 1131 1482 1169; x_wconf 85' lang='lat' dir='ltr'><strong>non</strong></span> <span class='ocrx_word' id='word_1_80' title='bbox 1508 1117 1878 1185; x_wconf 85' lang='lat' dir='ltr'><strong>angustiamur.</strong></span> <span class='ocrx_word' id='word_1_81' title='bbox 1910 1116 2085 1174; x_wconf 79' lang='lat' dir='ltr'><strong>Caedi-</strong></span> 
     </span>
    </p>
   </div>
   <div class='ocr_carea' id='block_1_13' title="bbox 524 1195 2086 1271">
    <p class='ocr_par' dir='ltr' id='par_1_13' title="bbox 524 1195 2086 1271">
     <span class='ocr_line' id='line_1_13' title="bbox 524 1195 2086 1271; baseline 0.009 -23"><span class='ocrx_word' id='word_1_82' title='bbox 524 1195 621 1250; x_wconf 88' lang='lat' dir='ltr'><strong>bus</strong></span> <span class='ocrx_word' id='word_1_83' title='bbox 652 1197 731 1251; x_wconf 91' lang='lat' dir='ltr'><strong>vel</strong></span> <span class='ocrx_word' id='word_1_84' title='bbox 763 1201 1082 1269; x_wconf 86' lang='lat' dir='ltr'><strong>opprobriis.</strong></span> <span class='ocrx_word' id='word_1_85' title='bbox 1117 1202 1445 1271; x_wconf 83' lang='lat' dir='ltr'><strong>Aporiamur,</strong></span> <span class='ocrx_word' id='word_1_86' title='bbox 1474 1206 1564 1259; x_wconf 87' lang='lat' dir='ltr'><strong>sed</strong></span> <span class='ocrx_word' id='word_1_87' title='bbox 1587 1222 1687 1260; x_wconf 89' lang='lat' dir='ltr'><strong>non</strong></span> <span class='ocrx_word' id='word_1_88' title='bbox 1726 1208 2045 1262; x_wconf 86' lang='lat' dir='ltr'><strong>destituimur</strong></span> <span class='ocrx_word' id='word_1_89' title='bbox 2066 1224 2086 1262; x_wconf 89' lang='lat'><strong>:</strong></span> 
     </span>
    </p>
   </div>
   <div class='ocr_carea' id='block_1_14' title="bbox 519 1291 2087 1365">
    <p class='ocr_par' dir='ltr' id='par_1_14' title="bbox 519 1291 2087 1365">
     <span class='ocr_line' id='line_1_14' title="bbox 519 1291 2087 1365; baseline 0.008 -26"><span class='ocrx_word' id='word_1_90' title='bbox 519 1291 916 1357; x_wconf 73' lang='lat' dir='ltr'><strong>persecutionem</strong></span> <span class='ocrx_word' id='word_1_91' title='bbox 957 1293 1199 1359; x_wconf 83' lang='lat' dir='ltr'><strong>patimur,</strong></span> <span class='ocrx_word' id='word_1_92' title='bbox 1240 1294 1331 1348; x_wconf 89' lang='lat' dir='ltr'><strong>sed</strong></span> <span class='ocrx_word' id='word_1_93' title='bbox 1378 1311 1481 1348; x_wconf 88' lang='lat' dir='ltr'><strong>non</strong></span> <span class='ocrx_word' id='word_1_94' title='bbox 1515 1296 1929 1365; x_wconf 80' lang='lat' dir='ltr'><strong>derelinquimur.</strong></span> <span class='ocrx_word' id='word_1_95' title='bbox 1982 1296 2087 1352; x_wconf 90' lang='lat' dir='ltr'><strong>Per</strong></span> 
     </span>
    </p>
   </div>
   <div class='ocr_carea' id='block_1_15' title="bbox 517 1378 2084 1457">
    <p class='ocr_par' dir='ltr' id='par_1_15' title="bbox 517 1378 2084 1457">
     <span class='ocr_line' id='line_1_15' title="bbox 517 1378 2084 1457; baseline 0.008 -27"><span class='ocrx_word' id='word_1_96' title='bbox 517 1378 940 1434; x_wconf 83' lang='lat' dir='ltr'><strong>consolationem</strong></span> <span class='ocrx_word' id='word_1_97' title='bbox 971 1383 1083 1451; x_wconf 84' lang='lat' dir='ltr'><strong>spei</strong></span> <span class='ocrx_word' id='word_1_98' title='bbox 1133 1398 1239 1437; x_wconf 91' lang='lat' dir='ltr'><strong>non</strong></span> <span class='ocrx_word' id='word_1_99' title='bbox 1272 1384 1627 1439; x_wconf 89' lang='lat' dir='ltr'><strong>destituimur.</strong></span> <span class='ocrx_word' id='word_1_100' title='bbox 1661 1383 1962 1457; x_wconf 84' lang='lat' dir='ltr'><strong>Dejicimur,</strong></span> <span class='ocrx_word' id='word_1_101' title='bbox 1994 1388 2084 1442; x_wconf 84' lang='lat' dir='ltr'><strong>sed</strong></span> 
     </span>
    </p>
   </div>
   <div class='ocr_carea' id='block_1_16' title="bbox 517 1471 2077 1544">
    <p class='ocr_par' dir='ltr' id='par_1_16' title="bbox 517 1471 2077 1544">
     <span class='ocr_line' id='line_1_16' title="bbox 517 1471 2077 1544; baseline 0.007 -22"><span class='ocrx_word' id='word_1_102' title='bbox 517 1484 619 1523; x_wconf 83' lang='lat' dir='ltr'><strong>non</strong></span> <span class='ocrx_word' id='word_1_103' title='bbox 641 1471 883 1537; x_wconf 85' lang='lat' dir='ltr'><strong>perimus.</strong></span> <span class='ocrx_word' id='word_1_104' title='bbox 911 1471 1090 1543; x_wconf 88' lang='lat' dir='ltr'><strong>Usque</strong></span> <span class='ocrx_word' id='word_1_105' title='bbox 1120 1473 1185 1529; x_wconf 89' lang='lat' dir='ltr'><strong>ad</strong></span> <span class='ocrx_word' id='word_1_106' title='bbox 1209 1474 1636 1544; x_wconf 86' lang='lat' dir='ltr'><strong>desperationem</strong></span> <span class='ocrx_word' id='word_1_107' title='bbox 1664 1476 1786 1533; x_wconf 77' lang='lat' dir='ltr'><strong>vita:</strong></span> <span class='ocrx_word' id='word_1_108' title='bbox 1813 1478 2077 1544; x_wconf 86' lang='lat' dir='ltr'><strong>venimus,</strong></span> 
     </span>
    </p>
   </div>
   <div class='ocr_carea' id='block_1_17' title="bbox 516 1562 2073 1637">
    <p class='ocr_par' dir='ltr' id='par_1_17' title="bbox 516 1562 2073 1637">
     <span class='ocr_line' id='line_1_17' title="bbox 516 1562 2073 1637; baseline 0.006 -24"><span class='ocrx_word' id='word_1_109' title='bbox 516 1562 609 1613; x_wconf 87' lang='lat' dir='ltr'><strong>sed</strong></span> <span class='ocrx_word' id='word_1_110' title='bbox 638 1576 745 1615; x_wconf 89' lang='lat' dir='ltr'><strong>non</strong></span> <span class='ocrx_word' id='word_1_111' title='bbox 773 1563 1030 1619; x_wconf 88' lang='lat' dir='ltr'><strong>morimur</strong></span> <span class='ocrx_word' id='word_1_112' title='bbox 1060 1582 1072 1617; x_wconf 90' lang='lat'><strong>:</strong></span> <span class='ocrx_word' id='word_1_113' title='bbox 1105 1572 1159 1620; x_wconf 91' lang='lat' dir='ltr'><strong>et</strong></span> <span class='ocrx_word' id='word_1_114' title='bbox 1189 1564 1287 1619; x_wconf 90' lang='lat' dir='ltr'><strong>etsi</strong></span> <span class='ocrx_word' id='word_1_115' title='bbox 1318 1566 1626 1631; x_wconf 85' lang='lat' dir='ltr'><strong>moriamur,</strong></span> <span class='ocrx_word' id='word_1_116' title='bbox 1670 1581 1777 1622; x_wconf 91' lang='lat' dir='ltr'><strong>non</strong></span> <span class='ocrx_word' id='word_1_117' title='bbox 1816 1568 2073 1637; x_wconf 87' lang='lat' dir='ltr'><strong>perimus.</strong></span> 
     </span>
    </p>
   </div>
   <div class='ocr_carea' id='block_1_18' title="bbox 517 1649 2077 1724">
    <p class='ocr_par' dir='ltr' id='par_1_18' title="bbox 517 1649 2077 1724">
     <span class='ocr_line' id='line_1_18' title="bbox 517 1649 2077 1724; baseline 0.004 -16"><span class='ocrx_word' id='word_1_118' title='bbox 517 1649 727 1718; x_wconf 85' lang='lat' dir='ltr'><strong>Semper</strong></span> <span class='ocrx_word' id='word_1_119' title='bbox 749 1655 1185 1724; x_wconf 73' lang='lat' dir='ltr'><strong>mortificationem</strong></span> <span class='ocrx_word' id='word_1_120' title='bbox 1213 1656 1335 1710; x_wconf 77' lang='lat' dir='ltr'><strong>Iesu</strong></span> <span class='ocrx_word' id='word_1_121' title='bbox 1358 1658 1410 1711; x_wconf 89' lang='lat' dir='ltr'><strong>in</strong></span> <span class='ocrx_word' id='word_1_122' title='bbox 1438 1673 1649 1724; x_wconf 84' lang='lat' dir='ltr'><strong>corpore</strong></span> <span class='ocrx_word' id='word_1_123' title='bbox 1670 1669 1842 1713; x_wconf 86' lang='lat' dir='ltr'><strong>nostra</strong></span> <span class='ocrx_word' id='word_1_124' title='bbox 1861 1662 2077 1716; x_wconf 50' lang='lat' dir='ltr'><strong>circum.</strong></span> 
     </span>
    </p>
   </div>
   <div class='ocr_carea' id='block_1_19' title="bbox 2200 473 3776 545">
    <p class='ocr_par' dir='ltr' id='par_1_19' title="bbox 2200 473 3776 545">
     <span class='ocr_line' id='line_1_19' title="bbox 2200 473 3776 545; baseline 0.006 -19"><span class='ocrx_word' id='word_1_125' title='bbox 2200 473 2479 529; x_wconf 70' lang='lat' dir='ltr'><strong>lotionibus</strong></span> <span class='ocrx_word' id='word_1_126' title='bbox 2511 490 2615 530; x_wconf 93' lang='lat' dir='ltr'><strong>non</strong></span> <span class='ocrx_word' id='word_1_127' title='bbox 2642 475 2978 532; x_wconf 89' lang='lat' dir='ltr'><strong>deficiebant.</strong></span> <span class='ocrx_word' id='word_1_128' title='bbox 3012 475 3120 531; x_wconf 82' lang='lat' dir='ltr'><strong>Nos</strong></span> <span class='ocrx_word' id='word_1_129' title='bbox 3136 493 3261 532; x_wconf 81' lang='lat' dir='ltr'><strong>vero</strong></span> <span class='ocrx_word' id='word_1_130' title='bbox 3278 478 3324 532; x_wconf 92' lang='lat' dir='ltr'><strong>si</strong></span> <span class='ocrx_word' id='word_1_131' title='bbox 3344 492 3447 533; x_wconf 91' lang='lat' dir='ltr'><strong>non</strong></span> <span class='ocrx_word' id='word_1_132' title='bbox 3468 479 3776 545; x_wconf 83' lang='lat' dir='ltr'><strong>laudamur.</strong></span> 
     </span>
    </p>
   </div>
   <div class='ocr_carea' id='block_1_20' title="bbox 2196 563 3780 637">
    <p class='ocr_par' dir='ltr' id='par_1_20' title="bbox 2196 563 3780 637">
     <span class='ocr_line' id='line_1_20' title="bbox 2196 563 3780 637; baseline 0.004 -20"><span class='ocrx_word' id='word_1_133' title='bbox 2196 563 2490 620; x_wconf 81' lang='lat' dir='ltr'><strong>deﬁcimus.</strong></span> <span class='ocrx_word' id='word_1_134' title='bbox 2523 566 2629 620; x_wconf 88' lang='lat' dir='ltr'><strong>Sed</strong></span> <span class='ocrx_word' id='word_1_135' title='bbox 2652 567 2765 620; x_wconf 87' lang='lat' dir='ltr'><strong>licet</strong></span> <span class='ocrx_word' id='word_1_136' title='bbox 2808 567 2851 621; x_wconf 92' lang='lat' dir='ltr'><strong>is</strong></span> <span class='ocrx_word' id='word_1_137' title='bbox 2879 567 2967 637; x_wconf 89' lang='lat' dir='ltr'><strong>qui</strong></span> <span class='ocrx_word' id='word_1_138' title='bbox 2992 567 3118 637; x_wconf 76' lang='lat' dir='ltr'><strong>foris</strong></span> <span class='ocrx_word' id='word_1_139' title='bbox 3145 576 3241 635; x_wconf 87' lang='lat' dir='ltr'><strong>est,</strong></span> <span class='ocrx_word' id='word_1_140' title='bbox 3269 578 3438 624; x_wconf 88' lang='lat' dir='ltr'><strong>noster</strong></span> <span class='ocrx_word' id='word_1_141' title='bbox 3472 569 3625 625; x_wconf 70' lang='lat' dir='ltr'><strong>homo</strong></span> <span class='ocrx_word' id='word_1_142' title='bbox 3654 588 3780 625; x_wconf 62' lang='grc' dir='ltr'><strong>σονς.</strong></span> 
     </span>
    </p>
   </div>
   <div class='ocr_carea' id='block_1_21' title="bbox 2192 657 3779 729">
    <p class='ocr_par' dir='ltr' id='par_1_21' title="bbox 2192 657 3779 729">
     <span class='ocr_line' id='line_1_21' title="bbox 2192 657 3779 729; baseline 0.004 -20"><span class='ocrx_word' id='word_1_143' title='bbox 2192 657 2445 725; x_wconf 83' lang='lat' dir='ltr'><strong>rumpitur</strong></span> <span class='ocrx_word' id='word_1_144' title='bbox 2468 672 2486 711; x_wconf 91' lang='lat'><strong>:</strong></span> <span class='ocrx_word' id='word_1_145' title='bbox 2526 669 2694 712; x_wconf 82' lang='lat' dir='ltr'><strong>tamen</strong></span> <span class='ocrx_word' id='word_1_146' title='bbox 2730 660 2773 713; x_wconf 88' lang='lat' dir='ltr'><strong>is</strong></span> <span class='ocrx_word' id='word_1_147' title='bbox 2796 660 2884 729; x_wconf 86' lang='lat' dir='ltr'><strong>qui</strong></span> <span class='ocrx_word' id='word_1_148' title='bbox 2910 661 3047 713; x_wconf 90' lang='lat' dir='ltr'><strong>intus</strong></span> <span class='ocrx_word' id='word_1_149' title='bbox 3073 669 3176 723; x_wconf 82' lang='lat' dir='ltr'><strong>est,</strong></span> <span class='ocrx_word' id='word_1_150' title='bbox 3201 670 3471 714; x_wconf 85' lang='lat' dir='ltr'><strong>renovatur</strong></span> <span class='ocrx_word' id='word_1_151' title='bbox 3506 661 3571 715; x_wconf 83' lang='lat' dir='ltr'><strong>de</strong></span> <span class='ocrx_word' id='word_1_152' title='bbox 3592 662 3678 715; x_wconf 83' lang='lat' dir='ltr'><strong>die</strong></span> <span class='ocrx_word' id='word_1_153' title='bbox 3719 664 3779 715; x_wconf 75' lang='lat' dir='ltr'><strong>iis</strong></span> 
     </span>
    </p>
   </div>
   <div class='ocr_carea' id='block_1_22' title="bbox 2194 746 3779 818">
    <p class='ocr_par' dir='ltr' id='par_1_22' title="bbox 2194 746 3779 818">
     <span class='ocr_line' id='line_1_22' title="bbox 2194 746 3779 818; baseline 0.004 -19"><span class='ocrx_word' id='word_1_154' title='bbox 2194 746 2342 801; x_wconf 89' lang='lat' dir='ltr'><strong>diem.</strong></span> <span class='ocrx_word' id='word_1_155' title='bbox 2367 746 2515 803; x_wconf 89' lang='lat' dir='ltr'><strong>Licet</strong></span> <span class='ocrx_word' id='word_1_156' title='bbox 2537 764 2729 818; x_wconf 87' lang='lat' dir='ltr'><strong>corpus</strong></span> <span class='ocrx_word' id='word_1_157' title='bbox 2752 749 3184 804; x_wconf 84' lang='lat' dir='ltr'><strong>tribulationibus</strong></span> <span class='ocrx_word' id='word_1_158' title='bbox 3208 760 3263 805; x_wconf 89' lang='lat' dir='ltr'><strong>et</strong></span> <span class='ocrx_word' id='word_1_159' title='bbox 3289 751 3627 816; x_wconf 81' lang='lat' dir='ltr'><strong>passionibus</strong></span> <span class='ocrx_word' id='word_1_160' title='bbox 3647 767 3779 805; x_wconf 84' lang='lat' dir='ltr'><strong>cor-</strong></span> 
     </span>
    </p>
   </div>
   <div class='ocr_carea' id='block_1_23' title="bbox 2192 841 3773 912">
    <p class='ocr_par' dir='ltr' id='par_1_23' title="bbox 2192 841 3773 912">
     <span class='ocr_line' id='line_1_23' title="bbox 2192 841 3773 912; baseline 0.002 -19"><span class='ocrx_word' id='word_1_161' title='bbox 2192 850 2494 909; x_wconf 84' lang='lat' dir='ltr'><strong>rumpatur;</strong></span> <span class='ocrx_word' id='word_1_162' title='bbox 2522 842 2616 896; x_wconf 90' lang='lat' dir='ltr'><strong>sed</strong></span> <span class='ocrx_word' id='word_1_163' title='bbox 2642 841 2819 896; x_wconf 81' lang='lat' dir='ltr'><strong>anima</strong></span> <span class='ocrx_word' id='word_1_164' title='bbox 2840 856 2935 911; x_wconf 87' lang='lat' dir='ltr'><strong>spe</strong></span> <span class='ocrx_word' id='word_1_165' title='bbox 2966 842 3258 896; x_wconf 86' lang='lat' dir='ltr'><strong>futurorum</strong></span> <span class='ocrx_word' id='word_1_166' title='bbox 3281 843 3521 912; x_wconf 89' lang='lat' dir='ltr'><strong>quotidie</strong></span> <span class='ocrx_word' id='word_1_167' title='bbox 3548 844 3773 897; x_wconf 78' lang='lat' dir='ltr'><strong>confut-</strong></span> 
     </span>
    </p>
   </div>
   <div class='ocr_carea' id='block_1_24' title="bbox 2192 931 3775 1004">
    <p class='ocr_par' dir='ltr' id='par_1_24' title="bbox 2192 931 3775 1004">
     <span class='ocr_line' id='line_1_24' title="bbox 2192 931 3775 1004; baseline 0.005 -23"><span class='ocrx_word' id='word_1_168' title='bbox 2192 937 2333 983; x_wconf 88' lang='lat' dir='ltr'><strong>tatur</strong></span> <span class='ocrx_word' id='word_1_169' title='bbox 2363 931 2429 984; x_wconf 86' lang='lat' dir='ltr'><strong>ad</strong></span> <span class='ocrx_word' id='word_1_170' title='bbox 2469 933 2650 986; x_wconf 87' lang='lat' dir='ltr'><strong>omnia</strong></span> <span class='ocrx_word' id='word_1_171' title='bbox 2680 931 2972 988; x_wconf 89' lang='lat' dir='ltr'><strong>toleranda.</strong></span> <span class='ocrx_word' id='word_1_172' title='bbox 2999 931 3067 984; x_wconf 82' lang='lat' dir='ltr'><strong>‘Id</strong></span> <span class='ocrx_word' id='word_1_173' title='bbox 3097 933 3231 987; x_wconf 85' lang='lat' dir='ltr'><strong>enim</strong></span> <span class='ocrx_word' id='word_1_174' title='bbox 3273 932 3409 1003; x_wconf 87' lang='lat' dir='ltr'><strong>quod</strong></span> <span class='ocrx_word' id='word_1_175' title='bbox 3433 934 3485 987; x_wconf 82' lang='lat' dir='ltr'><strong>in</strong></span> <span class='ocrx_word' id='word_1_176' title='bbox 3526 938 3775 1004; x_wconf 57' lang='lat' dir='ltr'><strong>precanti</strong></span> 
     </span>
    </p>
   </div>
   <div class='ocr_carea' id='block_1_25' title="bbox 2189 1022 3771 1092">
    <p class='ocr_par' dir='ltr' id='par_1_25' title="bbox 2189 1022 3771 1092">
     <span class='ocr_line' id='line_1_25' title="bbox 2189 1022 3771 1092; baseline 0.005 -21"><span class='ocrx_word' id='word_1_177' title='bbox 2189 1028 2260 1071; x_wconf 90' lang='lat' dir='ltr'><strong>est</strong></span> <span class='ocrx_word' id='word_1_178' title='bbox 2283 1030 2680 1075; x_wconf 86' lang='lat' dir='ltr'><strong>momentaneum</strong></span> <span class='ocrx_word' id='word_1_179' title='bbox 2706 1031 2755 1075; x_wconf 88' lang='lat' dir='ltr'><strong>et</strong></span> <span class='ocrx_word' id='word_1_180' title='bbox 2801 1022 2907 1076; x_wconf 75' lang='lat' dir='ltr'><strong>leva</strong></span> <span class='ocrx_word' id='word_1_181' title='bbox 2926 1022 3265 1078; x_wconf 83' lang='lat' dir='ltr'><strong>tribulationis</strong></span> <span class='ocrx_word' id='word_1_182' title='bbox 3294 1033 3498 1079; x_wconf 67' lang='lat' dir='ltr'><strong>nostrae.</strong></span> <span class='ocrx_word' id='word_1_183' title='bbox 3528 1025 3771 1092; x_wconf 83' lang='lat' dir='ltr'><strong>Quanta-</strong></span> 
     </span>
    </p>
   </div>
   <div class='ocr_carea' id='block_1_26' title="bbox 2190 1108 3768 1182">
    <p class='ocr_par' dir='ltr' id='par_1_26' title="bbox 2190 1108 3768 1182">
     <span class='ocr_line' id='line_1_26' title="bbox 2190 1108 3768 1182; baseline 0.005 -22"><span class='ocrx_word' id='word_1_184' title='bbox 2190 1108 2268 1161; x_wconf 88' lang='lat' dir='ltr'><strong>vis</strong></span> <span class='ocrx_word' id='word_1_185' title='bbox 2291 1123 2445 1178; x_wconf 74' lang='lat' dir='ltr'><strong>pteua</strong></span> <span class='ocrx_word' id='word_1_186' title='bbox 2472 1124 2705 1179; x_wconf 67' lang='lat' dir='ltr'><strong>praesens</strong></span> <span class='ocrx_word' id='word_1_187' title='bbox 2728 1150 2744 1178; x_wconf 91' lang='lat'><strong>,</strong></span> <span class='ocrx_word' id='word_1_188' title='bbox 2791 1118 2845 1167; x_wconf 89' lang='lat' dir='ltr'><strong>et</strong></span> <span class='ocrx_word' id='word_1_189' title='bbox 2881 1112 3247 1182; x_wconf 88' lang='lat' dir='ltr'><strong>quandiulibet</strong></span> <span class='ocrx_word' id='word_1_190' title='bbox 3279 1128 3647 1182; x_wconf 86' lang='lat' dir='ltr'><strong>perseverans,</strong></span> <span class='ocrx_word' id='word_1_191' title='bbox 3696 1114 3768 1168; x_wconf 82' lang='lat' dir='ltr'><strong>ad</strong></span> 
     </span>
    </p>
   </div>
   <div class='ocr_carea' id='block_1_27' title="bbox 2186 1197 3763 1273">
    <p class='ocr_par' dir='ltr' id='par_1_27' title="bbox 2186 1197 3763 1273">
     <span class='ocr_line' id='line_1_27' title="bbox 2186 1197 3763 1273; baseline 0.005 -22"><span class='ocrx_word' id='word_1_192' title='bbox 2186 1197 2633 1267; x_wconf 88' lang='lat' dir='ltr'><strong>comparationem</strong></span> <span class='ocrx_word' id='word_1_193' title='bbox 2656 1200 2928 1255; x_wconf 70' lang='lat' dir='ltr'><strong>immensae</strong></span> <span class='ocrx_word' id='word_1_194' title='bbox 2950 1211 3003 1255; x_wconf 86' lang='lat' dir='ltr'><strong>et</strong></span> <span class='ocrx_word' id='word_1_195' title='bbox 3030 1210 3243 1259; x_wconf 66' lang='lat' dir='ltr'><strong>aeternae</strong></span> <span class='ocrx_word' id='word_1_196' title='bbox 3266 1202 3471 1273; x_wconf 70' lang='lat' dir='ltr'><strong>gloriae,</strong></span> <span class='ocrx_word' id='word_1_197' title='bbox 3499 1214 3553 1258; x_wconf 84' lang='lat' dir='ltr'><strong>et</strong></span> <span class='ocrx_word' id='word_1_198' title='bbox 3570 1204 3763 1270; x_wconf 79' lang='lat' dir='ltr'><strong>facilis,</strong></span> 
     </span>
    </p>
   </div>
   <div class='ocr_carea' id='block_1_28' title="bbox 2187 1286 3762 1363">
    <p class='ocr_par' dir='ltr' id='par_1_28' title="bbox 2187 1286 3762 1363">
     <span class='ocr_line' id='line_1_28' title="bbox 2187 1286 3762 1363; baseline 0.006 -24"><span class='ocrx_word' id='word_1_199' title='bbox 2187 1295 2240 1339; x_wconf 85' lang='lat' dir='ltr'><strong>et</strong></span> <span class='ocrx_word' id='word_1_200' title='bbox 2261 1286 2435 1341; x_wconf 86' lang='lat' dir='ltr'><strong>brevis</strong></span> <span class='ocrx_word' id='word_1_201' title='bbox 2457 1298 2559 1354; x_wconf 90' lang='lat' dir='ltr'><strong>est,</strong></span> <span class='ocrx_word' id='word_1_202' title='bbox 2584 1289 2855 1344; x_wconf 86' lang='lat' dir='ltr'><strong>sicutalibi</strong></span> <span class='ocrx_word' id='word_1_203' title='bbox 2870 1289 3026 1345; x_wconf 90' lang='lat' dir='ltr'><strong>dicit:</strong></span> <span class='ocrx_word' id='word_1_204' title='bbox 3046 1291 3309 1346; x_wconf 81' lang='lat' dir='ltr'><strong>Existimo</strong></span> <span class='ocrx_word' id='word_1_205' title='bbox 3330 1293 3470 1346; x_wconf 91' lang='lat' dir='ltr'><strong>enim</strong></span> <span class='ocrx_word' id='word_1_206' title='bbox 3488 1294 3627 1363; x_wconf 88' lang='lat' dir='ltr'><strong>quod</strong></span> <span class='ocrx_word' id='word_1_207' title='bbox 3644 1310 3762 1349; x_wconf 86' lang='lat' dir='ltr'><strong>non</strong></span> 
     </span>
    </p>
   </div>
   <div class='ocr_carea' id='block_1_29' title="bbox 2184 1377 3754 1451">
    <p class='ocr_par' dir='ltr' id='par_1_29' title="bbox 2184 1377 3754 1451">
     <span class='ocr_line' id='line_1_29' title="bbox 2184 1377 3754 1451; baseline 0.004 -20"><span class='ocrx_word' id='word_1_208' title='bbox 2184 1377 2291 1431; x_wconf 85' lang='lat' dir='ltr'><strong>sint</strong></span> <span class='ocrx_word' id='word_1_209' title='bbox 2339 1378 2611 1447; x_wconf 63' lang='lat' dir='ltr'><strong>condignae</strong></span> <span class='ocrx_word' id='word_1_210' title='bbox 2640 1379 2916 1449; x_wconf 88' lang='lat' dir='ltr'><strong>passiones</strong></span> <span class='ocrx_word' id='word_1_211' title='bbox 2951 1380 3106 1450; x_wconf 79' lang='lat' dir='ltr'><strong>hujus</strong></span> <span class='ocrx_word' id='word_1_212' title='bbox 3136 1382 3388 1451; x_wconf 90' lang='lat' dir='ltr'><strong>temporis</strong></span> <span class='ocrx_word' id='word_1_213' title='bbox 3415 1382 3483 1436; x_wconf 91' lang='lat' dir='ltr'><strong>ad</strong></span> <span class='ocrx_word' id='word_1_214' title='bbox 3522 1381 3754 1438; x_wconf 85' lang='lat' dir='ltr'><strong>futuram</strong></span> 
     </span>
    </p>
   </div>
   <div class='ocr_carea' id='block_1_30' title="bbox 2186 1466 3759 1540">
    <p class='ocr_par' dir='ltr' id='par_1_30' title="bbox 2186 1466 3759 1540">
     <span class='ocr_line' id='line_1_30' title="bbox 2186 1466 3759 1540; baseline 0.003 -20"><span class='ocrx_word' id='word_1_215' title='bbox 2186 1466 2405 1536; x_wconf 78' lang='lat' dir='ltr'><strong>gloriam</strong></span> <span class='ocrx_word' id='word_1_216' title='bbox 2438 1484 2555 1537; x_wconf 87' lang='lat' dir='ltr'><strong>quae</strong></span> <span class='ocrx_word' id='word_1_217' title='bbox 2596 1468 2918 1525; x_wconf 79' lang='lat' dir='ltr'><strong>revelabitur</strong></span> <span class='ocrx_word' id='word_1_218' title='bbox 2956 1470 3007 1525; x_wconf 91' lang='lat' dir='ltr'><strong>in</strong></span> <span class='ocrx_word' id='word_1_219' title='bbox 3039 1470 3215 1526; x_wconf 86' lang='lat' dir='ltr'><strong>nobis.</strong></span> <span class='ocrx_word' id='word_1_220' title='bbox 3247 1471 3423 1540; x_wconf 88' lang='lat' dir='ltr'><strong>Supra</strong></span> <span class='ocrx_word' id='word_1_221' title='bbox 3457 1471 3663 1525; x_wconf 83' lang='lat' dir='ltr'><strong>modum</strong></span> <span class='ocrx_word' id='word_1_222' title='bbox 3704 1474 3759 1526; x_wconf 73' lang='lat' dir='ltr'><strong>in</strong></span> 
     </span>
    </p>
   </div>
   <div class='ocr_carea' id='block_1_31' title="bbox 2182 1556 3754 1630">
    <p class='ocr_par' dir='ltr' id='par_1_31' title="bbox 2182 1556 3754 1630">
     <span class='ocr_line' id='line_1_31' title="bbox 2182 1556 3754 1630; baseline 0.004 -22"><span class='ocrx_word' id='word_1_223' title='bbox 2182 1556 2513 1613; x_wconf 80' lang='lat' dir='ltr'><strong>sublimitate.</strong></span> <span class='ocrx_word' id='word_1_224' title='bbox 2542 1556 2675 1625; x_wconf 88' lang='lat' dir='ltr'><strong>Quia</strong></span> <span class='ocrx_word' id='word_1_225' title='bbox 2720 1574 2819 1614; x_wconf 89' lang='lat' dir='ltr'><strong>nec</strong></span> <span class='ocrx_word' id='word_1_226' title='bbox 2845 1561 3170 1630; x_wconf 90' lang='lat' dir='ltr'><strong>comparatio</strong></span> <span class='ocrx_word' id='word_1_227' title='bbox 3191 1575 3309 1616; x_wconf 89' lang='lat' dir='ltr'><strong>esse</strong></span> <span class='ocrx_word' id='word_1_228' title='bbox 3357 1570 3551 1630; x_wconf 89' lang='lat' dir='ltr'><strong>potest.</strong></span> <span class='ocrx_word' id='word_1_229' title='bbox 3575 1561 3754 1615; x_wconf 62' lang='lat' dir='ltr'><strong>diter-</strong></span> 
     </span>
    </p>
   </div>
   <div class='ocr_carea' id='block_1_32' title="bbox 2181 1649 3755 1722">
    <p class='ocr_par' dir='ltr' id='par_1_32' title="bbox 2181 1649 3755 1722">
     <span class='ocr_line' id='line_1_32' title="bbox 2181 1649 3755 1722; baseline 0.006 -22"><span class='ocrx_word' id='word_1_230' title='bbox 2181 1663 2304 1701; x_wconf 84' lang='lat' dir='ltr'><strong>num</strong></span> <span class='ocrx_word' id='word_1_231' title='bbox 2340 1649 2517 1719; x_wconf 78' lang='lat' dir='ltr'><strong>gloria:</strong></span> <span class='ocrx_word' id='word_1_232' title='bbox 2542 1652 2739 1720; x_wconf 89' lang='lat' dir='ltr'><strong>pondus</strong></span> <span class='ocrx_word' id='word_1_233' title='bbox 2766 1662 3010 1722; x_wconf 84' lang='lat' dir='ltr'><strong>aperatur</strong></span> <span class='ocrx_word' id='word_1_234' title='bbox 3038 1654 3091 1708; x_wconf 89' lang='lat' dir='ltr'><strong>in</strong></span> <span class='ocrx_word' id='word_1_235' title='bbox 3118 1654 3279 1708; x_wconf 87' lang='lat' dir='ltr'><strong>nobis.</strong></span> <span class='ocrx_word' id='word_1_236' title='bbox 3310 1653 3443 1721; x_wconf 88' lang='lat' dir='ltr'><strong>Quia</strong></span> <span class='ocrx_word' id='word_1_237' title='bbox 3472 1654 3600 1708; x_wconf 89' lang='lat' dir='ltr'><strong>illud</strong></span> <span class='ocrx_word' id='word_1_238' title='bbox 3630 1654 3755 1710; x_wconf 82' lang='lat' dir='ltr'><strong>leve</strong></span> 
     </span>
    </p>
   </div>
   <div class='ocr_carea' id='block_1_33' title="bbox 514 1739 3749 1819">
    <p class='ocr_par' dir='ltr' id='par_1_33' title="bbox 514 1739 3749 1819">
     <span class='ocr_line' id='line_1_33' title="bbox 514 1739 3749 1819; baseline 0.006 -24"><span class='ocrx_word' id='word_1_239' title='bbox 514 1744 728 1795; x_wconf 78' lang='lat' dir='ltr'><strong>ferentes</strong></span> <span class='ocrx_word' id='word_1_240' title='bbox 758 1760 778 1799; x_wconf 86' lang='lat'><strong>.-</strong></span> <span class='ocrx_word' id='word_1_241' title='bbox 806 1754 859 1797; x_wconf 85' lang='lat' dir='ltr'><strong>ut</strong></span> <span class='ocrx_word' id='word_1_242' title='bbox 879 1756 925 1799; x_wconf 90' lang='lat' dir='ltr'><strong>et</strong></span> <span class='ocrx_word' id='word_1_243' title='bbox 949 1747 1051 1800; x_wconf 85' lang='lat' dir='ltr'><strong>vita</strong></span> <span class='ocrx_word' id='word_1_244' title='bbox 1076 1745 1201 1800; x_wconf 81' lang='lat' dir='ltr'><strong>Jesu</strong></span> <span class='ocrx_word' id='word_1_245' title='bbox 1248 1748 1297 1799; x_wconf 81' lang='lat' dir='ltr'><strong>in</strong></span> <span class='ocrx_word' id='word_1_246' title='bbox 1327 1747 1617 1818; x_wconf 73' lang='lat' dir='ltr'><strong>corporibus</strong></span> <span class='ocrx_word' id='word_1_247' title='bbox 1648 1751 1835 1805; x_wconf 87' lang='lat' dir='ltr'><strong>nostris</strong></span> <span class='ocrx_word' id='word_1_248' title='bbox 1862 1752 2078 1819; x_wconf 81' lang='lat' dir='ltr'><strong>manife-</strong></span> <span class='ocrx_word' id='word_1_249' title='bbox 2108 1739 2157 1800; x_wconf 92' lang='lat' dir='ltr'><strong>B</strong></span> <span class='ocrx_word' id='word_1_250' title='bbox 2183 1739 2408 1805; x_wconf 79' lang='lat' dir='ltr'><strong>dixerat.</strong></span> <span class='ocrx_word' id='word_1_251' title='bbox 2432 1740 2551 1796; x_wconf 87' lang='lat' dir='ltr'><strong>ideo</strong></span> <span class='ocrx_word' id='word_1_252' title='bbox 2576 1740 2662 1796; x_wconf 84' lang='lat' dir='ltr'><strong>hic</strong></span> <span class='ocrx_word' id='word_1_253' title='bbox 2691 1742 2894 1811; x_wconf 76' lang='lat' dir='ltr'><strong>pondus</strong></span> <span class='ocrx_word' id='word_1_254' title='bbox 2917 1746 3112 1813; x_wconf 72' lang='lat' dir='ltr'><strong>posuit.</strong></span> <span class='ocrx_word' id='word_1_255' title='bbox 3137 1760 3363 1801; x_wconf 79' lang='lat' dir='ltr'><strong>servans</strong></span> <span class='ocrx_word' id='word_1_256' title='bbox 3382 1746 3749 1812; x_wconf 76' lang='lat' dir='ltr'><strong>metaphoram</strong></span> 
     </span>
    </p>
   </div>
   <div class='ocr_carea' id='block_1_34' title="bbox 510 1834 2068 1908">
    <p class='ocr_par' dir='ltr' id='par_1_34' title="bbox 510 1834 2068 1908">
     <span class='ocr_line' id='line_1_34' title="bbox 510 1834 2068 1908; baseline 0.008 -24"><span class='ocrx_word' id='word_1_257' title='bbox 510 1841 688 1886; x_wconf 82' lang='lat' dir='ltr'><strong>stetur.</strong></span> <span class='ocrx_word' id='word_1_258' title='bbox 736 1834 1191 1892; x_wconf 83' lang='lat' dir='ltr'><strong>Mortificationem</strong></span> <span class='ocrx_word' id='word_1_259' title='bbox 1257 1838 1687 1908; x_wconf 87' lang='lat' dir='ltr'><strong>tribulationum,</strong></span> <span class='ocrx_word' id='word_1_260' title='bbox 1728 1842 1865 1897; x_wconf 90' lang='lat' dir='ltr'><strong>sicut</strong></span> <span class='ocrx_word' id='word_1_261' title='bbox 1904 1843 2068 1900; x_wconf 88' lang='lat' dir='ltr'><strong>alibi:</strong></span> 
     </span>
    </p>
   </div>
   <div class='ocr_carea' id='block_1_35' title="bbox 510 1924 2075 2002">
    <p class='ocr_par' dir='ltr' id='par_1_35' title="bbox 510 1924 2075 2002">
     <span class='ocr_line' id='line_1_35' title="bbox 510 1924 2075 2002; baseline 0.01 -26"><span class='ocrx_word' id='word_1_262' title='bbox 510 1924 757 1991; x_wconf 84' lang='lat' dir='ltr'><strong>Quotidie</strong></span> <span class='ocrx_word' id='word_1_263' title='bbox 785 1929 985 1984; x_wconf 87' lang='lat' dir='ltr'><strong>morior</strong></span> <span class='ocrx_word' id='word_1_264' title='bbox 1009 1944 1101 1998; x_wconf 91' lang='lat' dir='ltr'><strong>per</strong></span> <span class='ocrx_word' id='word_1_265' title='bbox 1124 1940 1357 1986; x_wconf 87' lang='lat' dir='ltr'><strong>vestram</strong></span> <span class='ocrx_word' id='word_1_266' title='bbox 1387 1932 1610 2002; x_wconf 77' lang='lat' dir='ltr'><strong>gloriam</strong></span> <span class='ocrx_word' id='word_1_267' title='bbox 1640 1950 1653 1986; x_wconf 90' lang='lat'><strong>:</strong></span> <span class='ocrx_word' id='word_1_268' title='bbox 1680 1934 1728 1988; x_wconf 89' lang='lat' dir='ltr'><strong>si</strong></span> <span class='ocrx_word' id='word_1_269' title='bbox 1755 1935 1894 1990; x_wconf 88' lang='lat' dir='ltr'><strong>enim</strong></span> <span class='ocrx_word' id='word_1_270' title='bbox 1924 1951 2075 1992; x_wconf 84' lang='lat' dir='ltr'><strong>com-</strong></span> 
     </span>
    </p>
   </div>
   <div class='ocr_carea' id='block_1_36' title="bbox 507 2017 2073 2095">
    <p class='ocr_par' dir='ltr' id='par_1_36' title="bbox 507 2017 2073 2095">
     <span class='ocr_line' id='line_1_36' title="bbox 507 2017 2073 2095; baseline 0.012 -27"><span class='ocrx_word' id='word_1_271' title='bbox 507 2017 782 2083; x_wconf 91' lang='lat' dir='ltr'><strong>morimur,</strong></span> <span class='ocrx_word' id='word_1_272' title='bbox 806 2029 861 2074; x_wconf 86' lang='lat' dir='ltr'><strong>et</strong></span> <span class='ocrx_word' id='word_1_273' title='bbox 888 2022 1252 2077; x_wconf 83' lang='lat' dir='ltr'><strong>convivemus.</strong></span> <span class='ocrx_word' id='word_1_274' title='bbox 1285 2023 1360 2077; x_wconf 81' lang='lat' dir='ltr'><strong>Illi</strong></span> <span class='ocrx_word' id='word_1_275' title='bbox 1389 2032 1563 2079; x_wconf 88' lang='lat' dir='ltr'><strong>autem</strong></span> <span class='ocrx_word' id='word_1_276' title='bbox 1587 2026 1675 2095; x_wconf 89' lang='lat' dir='ltr'><strong>qui</strong></span> <span class='ocrx_word' id='word_1_277' title='bbox 1700 2041 1805 2081; x_wconf 91' lang='lat' dir='ltr'><strong>non</strong></span> <span class='ocrx_word' id='word_1_278' title='bbox 1834 2042 2073 2087; x_wconf 87' lang='lat' dir='ltr'><strong>commo-</strong></span> 
     </span>
    </p>
   </div>
   <div class='ocr_carea' id='block_1_37' title="bbox 502 2109 2067 2191">
    <p class='ocr_par' dir='ltr' id='par_1_37' title="bbox 502 2109 2067 2191">
     <span class='ocr_line' id='line_1_37' title="bbox 502 2109 2067 2191; baseline 0.01 -28"><span class='ocrx_word' id='word_1_279' title='bbox 502 2109 733 2181; x_wconf 84' lang='lat' dir='ltr'><strong>riuntur,</strong></span> <span class='ocrx_word' id='word_1_280' title='bbox 767 2127 864 2168; x_wconf 90' lang='lat' dir='ltr'><strong>nec</strong></span> <span class='ocrx_word' id='word_1_281' title='bbox 885 2114 1191 2170; x_wconf 91' lang='lat' dir='ltr'><strong>convivent.</strong></span> <span class='ocrx_word' id='word_1_282' title='bbox 1217 2115 1431 2185; x_wconf 81' lang='lat' dir='ltr'><strong>Semper</strong></span> <span class='ocrx_word' id='word_1_283' title='bbox 1459 2119 1591 2171; x_wconf 86' lang='lat' dir='ltr'><strong>enim</strong></span> <span class='ocrx_word' id='word_1_284' title='bbox 1617 2135 1709 2174; x_wconf 84' lang='lat' dir='ltr'><strong>nos</strong></span> <span class='ocrx_word' id='word_1_285' title='bbox 1732 2121 1818 2189; x_wconf 91' lang='lat' dir='ltr'><strong>qui</strong></span> <span class='ocrx_word' id='word_1_286' title='bbox 1836 2122 2067 2191; x_wconf 79' lang='lat' dir='ltr'><strong>vivimus,</strong></span> 
     </span>
    </p>
   </div>
   <div class='ocr_carea' id='block_1_38' title="bbox 499 2199 2069 2284">
    <p class='ocr_par' dir='ltr' id='par_1_38' title="bbox 499 2199 2069 2284">
     <span class='ocr_line' id='line_1_38' title="bbox 499 2199 2069 2284; baseline 0.009 -29"><span class='ocrx_word' id='word_1_287' title='bbox 499 2199 554 2255; x_wconf 76' lang='lat' dir='ltr'><strong>in</strong></span> <span class='ocrx_word' id='word_1_288' title='bbox 581 2210 789 2255; x_wconf 88' lang='lat' dir='ltr'><strong>mortem</strong></span> <span class='ocrx_word' id='word_1_289' title='bbox 818 2203 1085 2260; x_wconf 81' lang='lat' dir='ltr'><strong>tradimur.</strong></span> <span class='ocrx_word' id='word_1_290' title='bbox 1129 2205 1225 2272; x_wconf 87' lang='lat' dir='ltr'><strong>Qui</strong></span> <span class='ocrx_word' id='word_1_291' title='bbox 1276 2221 1458 2261; x_wconf 81' lang='lat' dir='ltr'><strong>sumus</strong></span> <span class='ocrx_word' id='word_1_292' title='bbox 1482 2208 1535 2261; x_wconf 90' lang='lat' dir='ltr'><strong>in</strong></span> <span class='ocrx_word' id='word_1_293' title='bbox 1569 2222 1814 2278; x_wconf 88' lang='lat' dir='ltr'><strong>corpore.</strong></span> <span class='ocrx_word' id='word_1_294' title='bbox 1852 2211 2069 2284; x_wconf 84' lang='lat' dir='ltr'><strong>Pr0pter</strong></span> 
     </span>
    </p>
   </div>
   <div class='ocr_carea' id='block_1_39' title="bbox 496 2287 2068 2374">
    <p class='ocr_par' dir='ltr' id='par_1_39' title="bbox 496 2287 2068 2374">
     <span class='ocr_line' id='line_1_39' title="bbox 496 2287 2068 2374; baseline 0.011 -30"><span class='ocrx_word' id='word_1_295' title='bbox 496 2287 673 2345; x_wconf 82' lang='lat' dir='ltr'><strong>.lesum</strong></span> <span class='ocrx_word' id='word_1_296' title='bbox 703 2309 723 2346; x_wconf 89' lang='lat'><strong>:</strong></span> <span class='ocrx_word' id='word_1_297' title='bbox 749 2302 803 2345; x_wconf 88' lang='lat' dir='ltr'><strong>ut</strong></span> <span class='ocrx_word' id='word_1_298' title='bbox 824 2302 869 2346; x_wconf 89' lang='lat' dir='ltr'><strong>et</strong></span> <span class='ocrx_word' id='word_1_299' title='bbox 898 2294 1000 2346; x_wconf 85' lang='lat' dir='ltr'><strong>vita</strong></span> <span class='ocrx_word' id='word_1_300' title='bbox 1026 2293 1173 2348; x_wconf 86' lang='lat' dir='ltr'><strong>Jesu.</strong></span> <span class='ocrx_word' id='word_1_301' title='bbox 1204 2295 1259 2350; x_wconf 90' lang='lat' dir='ltr'><strong>Si</strong></span> <span class='ocrx_word' id='word_1_302' title='bbox 1287 2297 1550 2366; x_wconf 88' lang='lat' dir='ltr'><strong>patiamur</strong></span> <span class='ocrx_word' id='word_1_303' title='bbox 1578 2313 1675 2366; x_wconf 89' lang='lat' dir='ltr'><strong>pro</strong></span> <span class='ocrx_word' id='word_1_304' title='bbox 1697 2314 1922 2369; x_wconf 84' lang='lat' dir='ltr'><strong>corpore</strong></span> <span class='ocrx_word' id='word_1_305' title='bbox 1949 2304 2068 2374; x_wconf 87' lang='lat' dir='ltr'><strong>ejus</strong></span> 
     </span>
    </p>
   </div>
   <div class='ocr_carea' id='block_1_40' title="bbox 498 2382 2070 2458">
    <p class='ocr_par' dir='ltr' id='par_1_40' title="bbox 498 2382 2070 2458">
     <span class='ocr_line' id='line_1_40' title="bbox 498 2382 2070 2458; baseline 0.011 -25"><span class='ocrx_word' id='word_1_306' title='bbox 498 2382 637 2449; x_wconf 86' lang='lat' dir='ltr'><strong>quod</strong></span> <span class='ocrx_word' id='word_1_307' title='bbox 663 2382 752 2435; x_wconf 88' lang='lat' dir='ltr'><strong>ille</strong></span> <span class='ocrx_word' id='word_1_308' title='bbox 790 2397 885 2450; x_wconf 87' lang='lat' dir='ltr'><strong>pro</strong></span> <span class='ocrx_word' id='word_1_309' title='bbox 919 2383 1073 2437; x_wconf 87' lang='lat' dir='ltr'><strong>nobis</strong></span> <span class='ocrx_word' id='word_1_310' title='bbox 1100 2398 1286 2451; x_wconf 86' lang='lat' dir='ltr'><strong>passus</strong></span> <span class='ocrx_word' id='word_1_311' title='bbox 1329 2396 1446 2451; x_wconf 89' lang='lat' dir='ltr'><strong>est,</strong></span> <span class='ocrx_word' id='word_1_312' title='bbox 1492 2396 1543 2441; x_wconf 91' lang='lat' dir='ltr'><strong>et</strong></span> <span class='ocrx_word' id='word_1_313' title='bbox 1575 2387 1735 2443; x_wconf 90' lang='lat' dir='ltr'><strong>vitam</strong></span> <span class='ocrx_word' id='word_1_314' title='bbox 1766 2389 1922 2458; x_wconf 78' lang='lat' dir='ltr'><strong>Jesu,</strong></span> <span class='ocrx_word' id='word_1_315' title='bbox 1964 2394 2070 2454; x_wconf 90' lang='lat' dir='ltr'><strong>hoc</strong></span> 
     </span>
    </p>
   </div>
   <div class='ocr_carea' id='block_1_41' title="bbox 496 2470 2054 2544">
    <p class='ocr_par' dir='ltr' id='par_1_41' title="bbox 496 2470 2054 2544">
     <span class='ocr_line' id='line_1_41' title="bbox 496 2470 2054 2544; baseline 0.01 -20"><span class='ocrx_word' id='word_1_316' title='bbox 496 2478 608 2533; x_wconf 62' lang='lat' dir='ltr'><strong>est,</strong></span> <span class='ocrx_word' id='word_1_317' title='bbox 651 2470 1197 2539; x_wconf 87' lang='lat' dir='ltr'><strong>incorruptibilitatem</strong></span> <span class='ocrx_word' id='word_1_318' title='bbox 1227 2476 1453 2544; x_wconf 82' lang='lat' dir='ltr'><strong>accipiet</strong></span> <span class='ocrx_word' id='word_1_319' title='bbox 1482 2491 1607 2531; x_wconf 89' lang='lat' dir='ltr'><strong>caro</strong></span> <span class='ocrx_word' id='word_1_320' title='bbox 1638 2489 1816 2534; x_wconf 90' lang='lat' dir='ltr'><strong>nostra</strong></span> <span class='ocrx_word' id='word_1_321' title='bbox 1847 2492 2054 2539; x_wconf 82' lang='lat' dir='ltr'><strong>morta-</strong></span> 
     </span>
    </p>
   </div>
   <div class='ocr_carea' id='block_1_42' title="bbox 501 2567 2064 2642">
    <p class='ocr_par' dir='ltr' id='par_1_42' title="bbox 501 2567 2064 2642">
     <span class='ocr_line' id='line_1_42' title="bbox 501 2567 2064 2642; baseline 0.009 -21"><span class='ocrx_word' id='word_1_322' title='bbox 501 2567 567 2622; x_wconf 80' lang='lat' dir='ltr'><strong>lis</strong></span> <span class='ocrx_word' id='word_1_323' title='bbox 592 2612 606 2634; x_wconf 88' lang='lat'><strong>,</strong></span> <span class='ocrx_word' id='word_1_324' title='bbox 648 2577 704 2622; x_wconf 89' lang='lat' dir='ltr'><strong>ut</strong></span> <span class='ocrx_word' id='word_1_325' title='bbox 734 2568 823 2622; x_wconf 90' lang='lat' dir='ltr'><strong>fiat</strong></span> <span class='ocrx_word' id='word_1_326' title='bbox 854 2568 1187 2624; x_wconf 86' lang='lat' dir='ltr'><strong>immortalis.</strong></span> <span class='ocrx_word' id='word_1_327' title='bbox 1217 2568 1574 2642; x_wconf 76' lang='lat' dir='ltr'><strong>Manifestetur</strong></span> <span class='ocrx_word' id='word_1_328' title='bbox 1620 2574 1673 2627; x_wconf 91' lang='lat' dir='ltr'><strong>in</strong></span> <span class='ocrx_word' id='word_1_329' title='bbox 1714 2590 1867 2631; x_wconf 81' lang='lat' dir='ltr'><strong>carne</strong></span> <span class='ocrx_word' id='word_1_330' title='bbox 1890 2588 2064 2635; x_wconf 84' lang='lat' dir='ltr'><strong>nostra</strong></span> 
     </span>
    </p>
   </div>
   <div class='ocr_carea' id='block_1_43' title="bbox 496 2658 2063 2738">
    <p class='ocr_par' dir='ltr' id='par_1_43' title="bbox 496 2658 2063 2738">
     <span class='ocr_line' id='line_1_43' title="bbox 496 2658 2063 2738; baseline 0.009 -27"><span class='ocrx_word' id='word_1_331' title='bbox 496 2658 722 2713; x_wconf 77' lang='lat' dir='ltr'><strong>mortali.</strong></span> <span class='ocrx_word' id='word_1_332' title='bbox 747 2659 879 2725; x_wconf 84' lang='lat' dir='ltr'><strong>Quia</strong></span> <span class='ocrx_word' id='word_1_333' title='bbox 908 2659 1144 2715; x_wconf 81' lang='lat' dir='ltr'><strong>nondum</strong></span> <span class='ocrx_word' id='word_1_334' title='bbox 1173 2662 1419 2731; x_wconf 89' lang='lat' dir='ltr'><strong>apparuit</strong></span> <span class='ocrx_word' id='word_1_335' title='bbox 1444 2664 1568 2729; x_wconf 89' lang='lat' dir='ltr'><strong>quid</strong></span> <span class='ocrx_word' id='word_1_336' title='bbox 1600 2665 1823 2731; x_wconf 87' lang='lat' dir='ltr'><strong>erimus,</strong></span> <span class='ocrx_word' id='word_1_337' title='bbox 1852 2668 1933 2722; x_wconf 86' lang='lat' dir='ltr'><strong>vel</strong></span> <span class='ocrx_word' id='word_1_338' title='bbox 1967 2685 2063 2738; x_wconf 92' lang='lat' dir='ltr'><strong>per</strong></span> 
     </span>
    </p>
   </div>
   <div class='ocr_carea' id='block_1_44' title="bbox 494 2749 2059 2829">
    <p class='ocr_par' dir='ltr' id='par_1_44' title="bbox 494 2749 2059 2829">
     <span class='ocr_line' id='line_1_44' title="bbox 494 2749 2059 2829; baseline 0.008 -25"><span class='ocrx_word' id='word_1_339' title='bbox 494 2764 593 2804; x_wconf 90' lang='lat' dir='ltr'><strong>nos</strong></span> <span class='ocrx_word' id='word_1_340' title='bbox 638 2749 780 2804; x_wconf 90' lang='lat' dir='ltr'><strong>illius</strong></span> <span class='ocrx_word' id='word_1_341' title='bbox 809 2752 1037 2821; x_wconf 87' lang='lat' dir='ltr'><strong>potentia</strong></span> <span class='ocrx_word' id='word_1_342' title='bbox 1070 2750 1386 2808; x_wconf 86' lang='lat' dir='ltr'><strong>innotescat.</strong></span> <span class='ocrx_word' id='word_1_343' title='bbox 1422 2753 1579 2824; x_wconf 87' lang='lat' dir='ltr'><strong>Ergo.</strong></span> <span class='ocrx_word' id='word_1_344' title='bbox 1614 2755 1858 2824; x_wconf 83' lang='lat' dir='ltr'><strong>Nunquid</strong></span> <span class='ocrx_word' id='word_1_345' title='bbox 1895 2761 2059 2829; x_wconf 72' lang='lat' dir='ltr'><strong>ergo?</strong></span> 
     </span>
    </p>
   </div>
   <div class='ocr_carea' id='block_1_45' title="bbox 494 2838 2058 2917">
    <p class='ocr_par' dir='ltr' id='par_1_45' title="bbox 494 2838 2058 2917">
     <span class='ocr_line' id='line_1_45' title="bbox 494 2838 2058 2917; baseline 0.008 -24"><span class='ocrx_word' id='word_1_346' title='bbox 494 2838 638 2893; x_wconf 78' lang='lat' dir='ltr'><strong>Mors</strong></span> <span class='ocrx_word' id='word_1_347' title='bbox 675 2841 727 2892; x_wconf 90' lang='lat' dir='ltr'><strong>in</strong></span> <span class='ocrx_word' id='word_1_348' title='bbox 764 2841 906 2895; x_wconf 87' lang='lat' dir='ltr'><strong>nobis</strong></span> <span class='ocrx_word' id='word_1_349' title='bbox 946 2850 1206 2908; x_wconf 87' lang='lat' dir='ltr'><strong>operatur,</strong></span> <span class='ocrx_word' id='word_1_350' title='bbox 1229 2843 1330 2895; x_wconf 81' lang='lat' dir='ltr'><strong>vita</strong></span> <span class='ocrx_word' id='word_1_351' title='bbox 1357 2854 1520 2899; x_wconf 73' lang='lat' dir='ltr'><strong>autem</strong></span> <span class='ocrx_word' id='word_1_352' title='bbox 1545 2846 1595 2898; x_wconf 91' lang='lat' dir='ltr'><strong>in</strong></span> <span class='ocrx_word' id='word_1_353' title='bbox 1620 2846 1792 2900; x_wconf 74' lang='lat' dir='ltr'><strong>vobis?</strong></span> <span class='ocrx_word' id='word_1_354' title='bbox 1816 2848 2058 2917; x_wconf 86' lang='lat' dir='ltr'><strong>Increpat</strong></span> 
     </span>
    </p>
   </div>
   <div class='ocr_carea' id='block_1_46' title="bbox 490 2930 2058 3003">
    <p class='ocr_par' dir='ltr' id='par_1_46' title="bbox 490 2930 2058 3003">
     <span class='ocr_line' id='line_1_46' title="bbox 490 2930 2058 3003; baseline 0.007 -18"><span class='ocrx_word' id='word_1_355' title='bbox 490 2943 585 2985; x_wconf 84' lang='lat' dir='ltr'><strong>eos</strong></span> <span class='ocrx_word' id='word_1_356' title='bbox 611 2931 735 2997; x_wconf 90' lang='lat' dir='ltr'><strong>quia</strong></span> <span class='ocrx_word' id='word_1_357' title='bbox 771 2930 1111 2986; x_wconf 88' lang='lat' dir='ltr'><strong>crediderunt</strong></span> <span class='ocrx_word' id='word_1_358' title='bbox 1139 2931 1286 2987; x_wconf 89' lang='lat' dir='ltr'><strong>falsis</strong></span> <span class='ocrx_word' id='word_1_359' title='bbox 1336 2935 1612 3003; x_wconf 87' lang='lat' dir='ltr'><strong>apostolis,</strong></span> <span class='ocrx_word' id='word_1_360' title='bbox 1661 2937 1956 2993; x_wconf 86' lang='lat' dir='ltr'><strong>dicentibus</strong></span> <span class='ocrx_word' id='word_1_361' title='bbox 1977 2941 2058 2995; x_wconf 87' lang='lat' dir='ltr'><strong>id-</strong></span> 
     </span>
    </p>
   </div>
   <div class='ocr_carea' id='block_1_47' title="bbox 2174 1833 3748 1904">
    <p class='ocr_par' dir='ltr' id='par_1_47' title="bbox 2174 1833 3748 1904">
     <span class='ocr_line' id='line_1_47' title="bbox 2174 1833 3748 1904; baseline 0.003 -17"><span class='ocrx_word' id='word_1_362' title='bbox 2174 1842 2408 1887; x_wconf 77' lang='lat' dir='ltr'><strong>Staterze.</strong></span> <span class='ocrx_word' id='word_1_363' title='bbox 2444 1833 2564 1887; x_wconf 85' lang='lat' dir='ltr'><strong>Non</strong></span> <span class='ocrx_word' id='word_1_364' title='bbox 2589 1834 3045 1904; x_wconf 75' lang='lat' dir='ltr'><strong>contemplantibus</strong></span> <span class='ocrx_word' id='word_1_365' title='bbox 3071 1837 3211 1891; x_wconf 90' lang='lat' dir='ltr'><strong>nobis</strong></span> <span class='ocrx_word' id='word_1_366' title='bbox 3244 1853 3357 1904; x_wconf 77' lang='lat' dir='ltr'><strong>qua:</strong></span> <span class='ocrx_word' id='word_1_367' title='bbox 3382 1838 3636 1903; x_wconf 82' lang='lat' dir='ltr'><strong>videntur,</strong></span> <span class='ocrx_word' id='word_1_368' title='bbox 3658 1841 3748 1892; x_wconf 84' lang='lat' dir='ltr'><strong>sed</strong></span> 
     </span>
    </p>
   </div>
   <div class='ocr_carea' id='block_1_48' title="bbox 2173 1924 3747 1996">
    <p class='ocr_par' dir='ltr' id='par_1_48' title="bbox 2173 1924 3747 1996">
     <span class='ocr_line' id='line_1_48' title="bbox 2173 1924 3747 1996; baseline 0.003 -19"><span class='ocrx_word' id='word_1_369' title='bbox 2173 1940 2285 1995; x_wconf 74' lang='lat' dir='ltr'><strong>quae</strong></span> <span class='ocrx_word' id='word_1_370' title='bbox 2299 1940 2399 1978; x_wconf 87' lang='lat' dir='ltr'><strong>non</strong></span> <span class='ocrx_word' id='word_1_371' title='bbox 2419 1924 2669 1979; x_wconf 82' lang='lat' dir='ltr'><strong>videntur.</strong></span> <span class='ocrx_word' id='word_1_372' title='bbox 2699 1926 2824 1993; x_wconf 78' lang='lat' dir='ltr'><strong>Qua:</strong></span> <span class='ocrx_word' id='word_1_373' title='bbox 2845 1929 2977 1981; x_wconf 87' lang='lat' dir='ltr'><strong>enim</strong></span> <span class='ocrx_word' id='word_1_374' title='bbox 2996 1927 3246 1994; x_wconf 83' lang='lat' dir='ltr'><strong>uidentur,</strong></span> <span class='ocrx_word' id='word_1_375' title='bbox 3265 1929 3566 1996; x_wconf 85' lang='lat' dir='ltr'><strong>temporalia</strong></span> <span class='ocrx_word' id='word_1_376' title='bbox 3586 1939 3702 1982; x_wconf 83' lang='lat' dir='ltr'><strong>sunt</strong></span> <span class='ocrx_word' id='word_1_377' title='bbox 3725 1944 3747 1981; x_wconf 90' lang='lat'><em>:</em></span> 
     </span>
    </p>
   </div>
   <div class='ocr_carea' id='block_1_49' title="bbox 2171 2020 3745 2090">
    <p class='ocr_par' dir='ltr' id='par_1_49' title="bbox 2171 2020 3745 2090">
     <span class='ocr_line' id='line_1_49' title="bbox 2171 2020 3745 2090; baseline 0.004 -20"><span class='ocrx_word' id='word_1_378' title='bbox 2171 2034 2284 2088; x_wconf 75' lang='lat' dir='ltr'><strong>qua:</strong></span> <span class='ocrx_word' id='word_1_379' title='bbox 2310 2027 2482 2073; x_wconf 81' lang='lat' dir='ltr'><strong>autem</strong></span> <span class='ocrx_word' id='word_1_380' title='bbox 2525 2036 2627 2074; x_wconf 89' lang='lat' dir='ltr'><strong>non</strong></span> <span class='ocrx_word' id='word_1_381' title='bbox 2654 2020 2903 2090; x_wconf 84' lang='lat' dir='ltr'><strong>uidentur,</strong></span> <span class='ocrx_word' id='word_1_382' title='bbox 2928 2029 3115 2075; x_wconf 79' lang='lat' dir='ltr'><strong>wterna</strong></span> <span class='ocrx_word' id='word_1_383' title='bbox 3155 2030 3294 2077; x_wconf 89' lang='lat' dir='ltr'><strong>sunt.</strong></span> <span class='ocrx_word' id='word_1_384' title='bbox 3335 2020 3455 2075; x_wconf 82' lang='lat' dir='ltr'><strong>Non</strong></span> <span class='ocrx_word' id='word_1_385' title='bbox 3497 2020 3745 2076; x_wconf 87' lang='lat' dir='ltr'><strong>conside-</strong></span> 
     </span>
    </p>
   </div>
   <div class='ocr_carea' id='block_1_50' title="bbox 2170 2109 3745 2185">
    <p class='ocr_par' dir='ltr' id='par_1_50' title="bbox 2170 2109 3745 2185">
     <span class='ocr_line' id='line_1_50' title="bbox 2170 2109 3745 2185; baseline 0.001 -20"><span class='ocrx_word' id='word_1_386' title='bbox 2170 2110 2412 2166; x_wconf 87' lang='lat' dir='ltr'><strong>rantibus</strong></span> <span class='ocrx_word' id='word_1_387' title='bbox 2459 2126 2559 2166; x_wconf 90' lang='lat' dir='ltr'><strong>nec</strong></span> <span class='ocrx_word' id='word_1_388' title='bbox 2606 2109 2745 2167; x_wconf 90' lang='lat' dir='ltr'><strong>bona</strong></span> <span class='ocrx_word' id='word_1_389' title='bbox 2792 2127 2909 2182; x_wconf 70' lang='lat' dir='ltr'><strong>quae</strong></span> <span class='ocrx_word' id='word_1_390' title='bbox 2937 2112 3212 2182; x_wconf 90' lang='lat' dir='ltr'><strong>videntur,</strong></span> <span class='ocrx_word' id='word_1_391' title='bbox 3258 2128 3357 2169; x_wconf 91' lang='lat' dir='ltr'><strong>nec</strong></span> <span class='ocrx_word' id='word_1_392' title='bbox 3386 2113 3573 2169; x_wconf 88' lang='lat' dir='ltr'><strong>mala:</strong></span> <span class='ocrx_word' id='word_1_393' title='bbox 3620 2114 3745 2185; x_wconf 83' lang='lat' dir='ltr'><strong>quia</strong></span> 
     </span>
    </p>
   </div>
   <div class='ocr_carea' id='block_1_51' title="bbox 2169 2211 3046 2264">
    <p class='ocr_par' dir='ltr' id='par_1_51' title="bbox 2169 2211 3046 2264">
     <span class='ocr_line' id='line_1_51' title="bbox 2169 2211 3046 2264; baseline 0.009 -8"><span class='ocrx_word' id='word_1_394' title='bbox 2169 2211 2414 2258; x_wconf 89' lang='lat' dir='ltr'><strong>neutrum</strong></span> <span class='ocrx_word' id='word_1_395' title='bbox 2441 2218 2627 2259; x_wconf 85' lang='lat' dir='ltr'><strong>eorum</strong></span> <span class='ocrx_word' id='word_1_396' title='bbox 2657 2214 2912 2261; x_wconf 84' lang='lat' dir='ltr'><strong>aeternum</strong></span> <span class='ocrx_word' id='word_1_397' title='bbox 2943 2216 3046 2264; x_wconf 69' lang='lat' dir='ltr'><strong>CSI.</strong></span> 
     </span>
    </p>
   </div>
   <div class='ocr_carea' id='block_1_52' title="bbox 2238 2292 3739 2367">
    <p class='ocr_par' dir='ltr' id='par_1_52' title="bbox 2238 2292 3739 2367">
     <span class='ocr_line' id='line_1_52' title="bbox 2238 2292 3739 2367; baseline 0.003 -20"><span class='ocrx_word' id='word_1_398' title='bbox 2238 2292 2366 2347; x_wconf 69' lang='lat' dir='ltr'><strong>Car.</strong></span> <span class='ocrx_word' id='word_1_399' title='bbox 2399 2309 2452 2350; x_wconf 88' lang='lat' dir='ltr'><strong>v.</strong></span> <span class='ocrx_word' id='word_1_400' title='bbox 2482 2292 2684 2349; x_wconf 86' lang='lat' dir='ltr'><strong>Scimus</strong></span> <span class='ocrx_word' id='word_1_401' title='bbox 2715 2296 2848 2350; x_wconf 87' lang='lat' dir='ltr'><strong>enim</strong></span> <span class='ocrx_word' id='word_1_402' title='bbox 2869 2297 3134 2367; x_wconf 86' lang='lat' dir='ltr'><strong>quoniam.</strong></span> <span class='ocrx_word' id='word_1_403' title='bbox 3172 2295 3334 2363; x_wconf 86' lang='lat' dir='ltr'><strong>Quasi</strong></span> <span class='ocrx_word' id='word_1_404' title='bbox 3378 2295 3576 2365; x_wconf 81' lang='lat' dir='ltr'><strong>aliqu&#39;s</strong></span> <span class='ocrx_word' id='word_1_405' title='bbox 3598 2296 3739 2351; x_wconf 74' lang='lat' dir='ltr'><strong>dice-</strong></span> 
     </span>
    </p>
   </div>
   <div class='ocr_carea' id='block_1_53' title="bbox 2167 2384 3733 2457">
    <p class='ocr_par' dir='ltr' id='par_1_53' title="bbox 2167 2384 3733 2457">
     <span class='ocr_line' id='line_1_53' title="bbox 2167 2384 3733 2457; baseline 0 -18"><span class='ocrx_word' id='word_1_406' title='bbox 2167 2393 2283 2439; x_wconf 90' lang='lat' dir='ltr'><strong>ret:</strong></span> <span class='ocrx_word' id='word_1_407' title='bbox 2309 2384 2365 2440; x_wconf 89' lang='lat' dir='ltr'><strong>Si</strong></span> <span class='ocrx_word' id='word_1_408' title='bbox 2393 2386 2443 2438; x_wconf 91' lang='lat' dir='ltr'><strong>in</strong></span> <span class='ocrx_word' id='word_1_409' title='bbox 2472 2385 2571 2440; x_wconf 88' lang='lat' dir='ltr'><strong>hac</strong></span> <span class='ocrx_word' id='word_1_410' title='bbox 2598 2386 2701 2439; x_wconf 90' lang='lat' dir='ltr'><strong>vita</strong></span> <span class='ocrx_word' id='word_1_411' title='bbox 2734 2386 2847 2440; x_wconf 62' lang='lat' dir='ltr'><strong>haec</strong></span> <span class='ocrx_word' id='word_1_412' title='bbox 2870 2386 3060 2455; x_wconf 90' lang='lat' dir='ltr'><strong>patior,</strong></span> <span class='ocrx_word' id='word_1_413' title='bbox 3087 2385 3297 2457; x_wconf 88' lang='lat' dir='ltr'><strong>quando</strong></span> <span class='ocrx_word' id='word_1_414' title='bbox 3326 2385 3425 2439; x_wconf 86' lang='lat' dir='ltr'><strong>ista</strong></span> <span class='ocrx_word' id='word_1_415' title='bbox 3456 2385 3733 2454; x_wconf 83' lang='lat' dir='ltr'><strong>accipiam,</strong></span> 
     </span>
    </p>
   </div>
   <div class='ocr_carea' id='block_1_54' title="bbox 2166 2477 3734 2548">
    <p class='ocr_par' dir='ltr' id='par_1_54' title="bbox 2166 2477 3734 2548">
     <span class='ocr_line' id='line_1_54' title="bbox 2166 2477 3734 2548; baseline 0.001 -19"><span class='ocrx_word' id='word_1_416' title='bbox 2166 2477 2257 2546; x_wconf 90' lang='lat' dir='ltr'><strong>qui</strong></span> <span class='ocrx_word' id='word_1_417' title='bbox 2286 2477 2516 2531; x_wconf 88' lang='lat' dir='ltr'><strong>morior?</strong></span> <span class='ocrx_word' id='word_1_418' title='bbox 2540 2478 2659 2531; x_wconf 89' lang='lat' dir='ltr'><strong>ideo</strong></span> <span class='ocrx_word' id='word_1_419' title='bbox 2679 2478 2862 2548; x_wconf 89' lang='lat' dir='ltr'><strong>incipit</strong></span> <span class='ocrx_word' id='word_1_420' title='bbox 2882 2478 3102 2548; x_wconf 79' lang='lat' dir='ltr'><strong>gloriam</strong></span> <span class='ocrx_word' id='word_1_421' title='bbox 3128 2478 3536 2534; x_wconf 86' lang='lat' dir='ltr'><strong>resurrectionis</strong></span> <span class='ocrx_word' id='word_1_422' title='bbox 3555 2490 3734 2533; x_wconf 81' lang='lat' dir='ltr'><strong>osten-</strong></span> 
     </span>
    </p>
   </div>
   <div class='ocr_carea' id='block_1_55' title="bbox 2164 2567 3729 2640">
    <p class='ocr_par' dir='ltr' id='par_1_55' title="bbox 2164 2567 3729 2640">
     <span class='ocr_line' id='line_1_55' title="bbox 2164 2567 3729 2640; baseline 0.003 -19"><span class='ocrx_word' id='word_1_423' title='bbox 2164 2567 2307 2621; x_wconf 87' lang='lat' dir='ltr'><strong>dere.</strong></span> <span class='ocrx_word' id='word_1_424' title='bbox 2331 2567 2389 2623; x_wconf 85' lang='lat' dir='ltr'><strong>Si</strong></span> <span class='ocrx_word' id='word_1_425' title='bbox 2413 2570 2658 2622; x_wconf 87' lang='lat' dir='ltr'><strong>terrestris</strong></span> <span class='ocrx_word' id='word_1_426' title='bbox 2673 2569 2853 2623; x_wconf 86' lang='lat' dir='ltr'><strong>domus</strong></span> <span class='ocrx_word' id='word_1_427' title='bbox 2875 2579 3069 2624; x_wconf 85' lang='lat' dir='ltr'><strong>nostra.</strong></span> <span class='ocrx_word' id='word_1_428' title='bbox 3094 2570 3203 2625; x_wconf 88' lang='lat' dir='ltr'><strong>Hoc</strong></span> <span class='ocrx_word' id='word_1_429' title='bbox 3225 2579 3326 2637; x_wconf 88' lang='lat' dir='ltr'><strong>est,</strong></span> <span class='ocrx_word' id='word_1_430' title='bbox 3352 2585 3569 2639; x_wconf 88' lang='lat' dir='ltr'><strong>corpus,</strong></span> <span class='ocrx_word' id='word_1_431' title='bbox 3593 2570 3729 2640; x_wconf 80' lang='lat' dir='ltr'><strong>quod</strong></span> 
     </span>
    </p>
   </div>
   <div class='ocr_carea' id='block_1_56' title="bbox 2163 2657 3731 2729">
    <p class='ocr_par' dir='ltr' id='par_1_56' title="bbox 2163 2657 3731 2729">
     <span class='ocr_line' id='line_1_56' title="bbox 2163 2657 3731 2729; baseline 0.006 -17"><span class='ocrx_word' id='word_1_432' title='bbox 2163 2657 2230 2713; x_wconf 88' lang='lat' dir='ltr'><strong>de</strong></span> <span class='ocrx_word' id='word_1_433' title='bbox 2247 2667 2383 2714; x_wconf 88' lang='lat' dir='ltr'><strong>terra</strong></span> <span class='ocrx_word' id='word_1_434' title='bbox 2404 2660 2595 2715; x_wconf 85' lang='lat' dir='ltr'><strong>factum</strong></span> <span class='ocrx_word' id='word_1_435' title='bbox 2618 2668 2720 2725; x_wconf 85' lang='lat' dir='ltr'><strong>est,</strong></span> <span class='ocrx_word' id='word_1_436' title='bbox 2749 2669 2801 2715; x_wconf 90' lang='lat' dir='ltr'><strong>et</strong></span> <span class='ocrx_word' id='word_1_437' title='bbox 2819 2661 2868 2714; x_wconf 93' lang='lat' dir='ltr'><strong>in</strong></span> <span class='ocrx_word' id='word_1_438' title='bbox 2887 2676 2990 2729; x_wconf 90' lang='lat' dir='ltr'><strong>quo</strong></span> <span class='ocrx_word' id='word_1_439' title='bbox 3008 2662 3058 2716; x_wconf 91' lang='lat' dir='ltr'><strong>in</strong></span> <span class='ocrx_word' id='word_1_440' title='bbox 3076 2660 3176 2715; x_wconf 88' lang='lat' dir='ltr'><strong>hoc</strong></span> <span class='ocrx_word' id='word_1_441' title='bbox 3201 2662 3398 2715; x_wconf 68' lang='lat' dir='ltr'><strong>saeculo</strong></span> <span class='ocrx_word' id='word_1_442' title='bbox 3410 2660 3731 2721; x_wconf 84' lang='lat' dir='ltr'><strong>habitamus.</strong></span> 
     </span>
    </p>
   </div>
   <div class='ocr_carea' id='block_1_57' title="bbox 2165 2749 3730 2821">
    <p class='ocr_par' dir='ltr' id='par_1_57' title="bbox 2165 2749 3730 2821">
     <span class='ocr_line' id='line_1_57' title="bbox 2165 2749 3730 2821; baseline 0.001 -18"><span class='ocrx_word' id='word_1_443' title='bbox 2165 2749 2337 2821; x_wconf 85' lang='lat' dir='ltr'><strong>Hujus</strong></span> <span class='ocrx_word' id='word_1_444' title='bbox 2359 2752 2682 2806; x_wconf 83' lang='lat' dir='ltr'><strong>habitationis</strong></span> <span class='ocrx_word' id='word_1_445' title='bbox 2710 2751 3037 2805; x_wconf 81' lang='lat' dir='ltr'><strong>dissolvatur.</strong></span> <span class='ocrx_word' id='word_1_446' title='bbox 3074 2751 3128 2807; x_wconf 91' lang='lat' dir='ltr'><strong>Si</strong></span> <span class='ocrx_word' id='word_1_447' title='bbox 3157 2760 3282 2806; x_wconf 86' lang='lat' dir='ltr'><strong>ante</strong></span> <span class='ocrx_word' id='word_1_448' title='bbox 3308 2751 3596 2805; x_wconf 87' lang='lat' dir='ltr'><strong>adventum</strong></span> <span class='ocrx_word' id='word_1_449' title='bbox 3623 2752 3730 2805; x_wconf 79' lang='lat' dir='ltr'><strong>Do-</strong></span> 
     </span>
    </p>
   </div>
   <div class='ocr_carea' id='block_1_58' title="bbox 2160 2840 3731 2910">
    <p class='ocr_par' dir='ltr' id='par_1_58' title="bbox 2160 2840 3731 2910">
     <span class='ocr_line' id='line_1_58' title="bbox 2160 2840 3731 2910; baseline 0.001 -17"><span class='ocrx_word' id='word_1_450' title='bbox 2160 2840 2289 2894; x_wconf 90' lang='lat' dir='ltr'><strong>mini</strong></span> <span class='ocrx_word' id='word_1_451' title='bbox 2326 2840 2666 2906; x_wconf 87' lang='lat' dir='ltr'><strong>dissolvatur,</strong></span> <span class='ocrx_word' id='word_1_452' title='bbox 2698 2841 2781 2895; x_wconf 86' lang='lat' dir='ltr'><strong>vel</strong></span> <span class='ocrx_word' id='word_1_453' title='bbox 2805 2840 3169 2910; x_wconf 88' lang='lat' dir='ltr'><strong>passionibus,</strong></span> <span class='ocrx_word' id='word_1_454' title='bbox 3198 2842 3279 2895; x_wconf 90' lang='lat' dir='ltr'><strong>vel</strong></span> <span class='ocrx_word' id='word_1_455' title='bbox 3312 2840 3615 2895; x_wconf 89' lang='lat' dir='ltr'><strong>conditione</strong></span> <span class='ocrx_word' id='word_1_456' title='bbox 3636 2857 3731 2895; x_wconf 77' lang='lat' dir='ltr'><strong>ns~</strong></span> 
     </span>
    </p>
   </div>
   <div class='ocr_carea' id='block_1_59' title="bbox 2160 2930 3728 3001">
    <p class='ocr_par' dir='ltr' id='par_1_59' title="bbox 2160 2930 3728 3001">
     <span class='ocr_line' id='line_1_59' title="bbox 2160 2930 3728 3001; baseline 0 -17"><span class='ocrx_word' id='word_1_457' title='bbox 2160 2940 2313 2987; x_wconf 71' lang='lat' dir='ltr'><strong>tum.</strong></span> <span class='ocrx_word' id='word_1_458' title='bbox 2342 2932 2491 2999; x_wconf 84' lang='lat' dir='ltr'><strong>Quod</strong></span> <span class='ocrx_word' id='word_1_459' title='bbox 2516 2931 2920 3001; x_wconf 75' lang='lat' dir='ltr'><strong>wdiﬁeationem.</strong></span> <span class='ocrx_word' id='word_1_460' title='bbox 2949 2931 3117 3001; x_wconf 89' lang='lat' dir='ltr'><strong>Ipsam</strong></span> <span class='ocrx_word' id='word_1_461' title='bbox 3144 2930 3610 3000; x_wconf 87' lang='lat' dir='ltr'><strong>incorruptionem.</strong></span> <span class='ocrx_word' id='word_1_462' title='bbox 3635 2930 3728 2984; x_wconf 60' lang='lat' dir='ltr'><strong>Et</strong></span> 
     </span>
    </p>
   </div>
   <div class='ocr_carea' id='block_1_60' title="bbox 489 3018 2055 3097">
    <p class='ocr_par' dir='ltr' id='par_1_60' title="bbox 489 3020 2055 3097">
     <span class='ocr_line' id='line_1_60' title="bbox 489 3020 2055 3097; baseline 0.006 -22"><span class='ocrx_word' id='word_1_463' title='bbox 489 3020 635 3075; x_wconf 88' lang='lat' dir='ltr'><strong>circo</strong></span> <span class='ocrx_word' id='word_1_464' title='bbox 663 3021 881 3077; x_wconf 66' lang='lat' dir='ltr'><strong>Paulum</strong></span> <span class='ocrx_word' id='word_1_465' title='bbox 912 3022 1368 3091; x_wconf 87' lang='lat' dir='ltr'><strong>persecutionibus</strong></span> <span class='ocrx_word' id='word_1_466' title='bbox 1396 3024 1695 3094; x_wconf 73' lang='lat' dir='ltr'><strong>subjzieere,</strong></span> <span class='ocrx_word' id='word_1_467' title='bbox 1733 3028 1853 3097; x_wconf 92' lang='lat' dir='ltr'><strong>quia</strong></span> <span class='ocrx_word' id='word_1_468' title='bbox 1883 3031 2055 3085; x_wconf 85' lang='lat' dir='ltr'><strong>mino-</strong></span> 
     </span>
    </p>
   </div>
   <div class='ocr_carea' id='block_1_61' title="bbox 2159 3018 3721 3097">
    <p class='ocr_par' dir='ltr' id='par_1_61' title="bbox 2163 3018 3721 3088">
     <span class='ocr_line' id='line_1_61' title="bbox 2163 3018 3721 3088; baseline -0.001 -16"><span class='ocrx_word' id='word_1_469' title='bbox 2163 3018 2265 3075; x_wconf 92' lang='lat' dir='ltr'><strong>Deo</strong></span> <span class='ocrx_word' id='word_1_470' title='bbox 2289 3021 2582 3074; x_wconf 85' lang='lat' dir='ltr'><strong>habeamus.</strong></span> <span class='ocrx_word' id='word_1_471' title='bbox 2608 3020 2738 3088; x_wconf 86' lang='lat' dir='ltr'><strong>Quia</strong></span> <span class='ocrx_word' id='word_1_472' title='bbox 2764 3020 3137 3074; x_wconf 86' lang='lat' dir='ltr'><strong>immortalem.</strong></span> <span class='ocrx_word' id='word_1_473' title='bbox 3170 3019 3385 3072; x_wconf 89' lang='lat' dir='ltr'><strong>Domum</strong></span> <span class='ocrx_word' id='word_1_474' title='bbox 3406 3035 3505 3072; x_wconf 89' lang='lat' dir='ltr'><strong>non</strong></span> <span class='ocrx_word' id='word_1_475' title='bbox 3528 3035 3721 3071; x_wconf 83' lang='lat' dir='ltr'><strong>mattu-</strong></span> 
     </span>
    </p>
   </div>
   <div class='ocr_carea' id='block_1_62' title="bbox 486 3092 3726 3191">
    <p class='ocr_par' dir='ltr' id='par_1_62' title="bbox 486 3092 3726 3191">
     <span class='ocr_line' id='line_1_62' title="bbox 486 3092 3726 3191; baseline -0.003 -21"><span class='ocrx_word' id='word_1_476' title='bbox 486 3114 562 3170; x_wconf 82' lang='lat' dir='ltr'><strong>ris</strong></span> <span class='ocrx_word' id='word_1_477' title='bbox 604 3115 675 3170; x_wconf 87' lang='lat' dir='ltr'><strong>sit</strong></span> <span class='ocrx_word' id='word_1_478' title='bbox 701 3114 848 3181; x_wconf 85' lang='lat' dir='ltr'><strong>fidei,</strong></span> <span class='ocrx_word' id='word_1_479' title='bbox 887 3130 945 3171; x_wconf 91' lang='lat' dir='ltr'><strong>se</strong></span> <span class='ocrx_word' id='word_1_480' title='bbox 971 3131 1097 3171; x_wconf 89' lang='lat' dir='ltr'><strong>vero</strong></span> <span class='ocrx_word' id='word_1_481' title='bbox 1135 3130 1229 3186; x_wconf 88' lang='lat' dir='ltr'><strong>per</strong></span> <span class='ocrx_word' id='word_1_482' title='bbox 1261 3116 1426 3183; x_wconf 70' lang='lat' dir='ltr'><strong>ﬁdem</strong></span> <span class='ocrx_word' id='word_1_483' title='bbox 1465 3092 1699 3173; x_wconf 82' lang='lat' dir='ltr'><strong>tribulari</strong></span> <span class='ocrx_word' id='word_1_484' title='bbox 1874 3136 2053 3191; x_wconf 87' lang='lat' dir='ltr'><strong>posse.</strong></span> <span class='ocrx_word' id='word_1_485' title='bbox 2082 3092 2127 3156; x_wconf 64' lang='grc' dir='ltr'><strong>(ἶ</strong></span> <span class='ocrx_word' id='word_1_486' title='bbox 2158 3112 2366 3183; x_wconf 80' lang='lat' dir='ltr'><strong>factam,</strong></span> <span class='ocrx_word' id='word_1_487' title='bbox 2394 3121 2635 3165; x_wconf 67' lang='lat' dir='ltr'><strong>teter-nam</strong></span> <span class='ocrx_word' id='word_1_488' title='bbox 2676 3111 2728 3164; x_wconf 89' lang='lat' dir='ltr'><strong>in</strong></span> <span class='ocrx_word' id='word_1_489' title='bbox 2758 3111 2916 3164; x_wconf 68' lang='lat' dir='ltr'><strong>melis.</strong></span> <span class='ocrx_word' id='word_1_490' title='bbox 2945 3109 3076 3176; x_wconf 88' lang='lat' dir='ltr'><strong>Quia</strong></span> <span class='ocrx_word' id='word_1_491' title='bbox 3120 3109 3221 3163; x_wconf 88' lang='lat' dir='ltr'><strong>hoc</strong></span> <span class='ocrx_word' id='word_1_492' title='bbox 3262 3108 3535 3178; x_wconf 86' lang='lat' dir='ltr'><strong>corporale</strong></span> <span class='ocrx_word' id='word_1_493' title='bbox 3571 3108 3726 3178; x_wconf 85' lang='lat' dir='ltr'><strong>quasi</strong></span> 
     </span>
    </p>
   </div>
   <div class='ocr_carea' id='block_1_63' title="bbox 485 3205 2052 3282">
    <p class='ocr_par' dir='ltr' id='par_1_63' title="bbox 485 3205 2052 3282">
     <span class='ocr_line' id='line_1_63' title="bbox 485 3205 2052 3282; baseline 0.005 -21"><span class='ocrx_word' id='word_1_494' title='bbox 485 3205 726 3262; x_wconf 85' lang='lat' dir='ltr'><strong>Ostendit</strong></span> <span class='ocrx_word' id='word_1_495' title='bbox 756 3222 883 3277; x_wconf 85' lang='lat' dir='ltr'><strong>ergo</strong></span> <span class='ocrx_word' id='word_1_496' title='bbox 906 3207 1207 3262; x_wconf 88' lang='lat' dir='ltr'><strong>econtrario</strong></span> <span class='ocrx_word' id='word_1_497' title='bbox 1222 3222 1280 3263; x_wconf 90' lang='lat' dir='ltr'><strong>se</strong></span> <span class='ocrx_word' id='word_1_498' title='bbox 1302 3224 1407 3264; x_wconf 89' lang='lat' dir='ltr'><strong>non</strong></span> <span class='ocrx_word' id='word_1_499' title='bbox 1428 3222 1640 3279; x_wconf 84' lang='lat' dir='ltr'><strong>propter</strong></span> <span class='ocrx_word' id='word_1_500' title='bbox 1663 3211 2052 3282; x_wconf 80' lang='lat' dir='ltr'><strong>infidelitatem,</strong></span> 
     </span>
    </p>
   </div>
   <div class='ocr_carea' id='block_1_64' title="bbox 485 3284 2050 3368">
    <p class='ocr_par' dir='ltr' id='par_1_64' title="bbox 485 3284 2050 3368">
     <span class='ocr_line' id='line_1_64' title="bbox 485 3284 2050 3368; baseline 0.004 -16"><span class='ocrx_word' id='word_1_501' title='bbox 485 3297 579 3353; x_wconf 88' lang='lat' dir='ltr'><strong>sed</strong></span> <span class='ocrx_word' id='word_1_502' title='bbox 607 3307 822 3368; x_wconf 84' lang='lat' dir='ltr'><strong>propter</strong></span> <span class='ocrx_word' id='word_1_503' title='bbox 846 3284 1005 3354; x_wconf 68' lang='lat' dir='ltr'><strong>iidem</strong></span> <span class='ocrx_word' id='word_1_504' title='bbox 1035 3298 1151 3354; x_wconf 75' lang='lat' dir='ltr'><strong>haec</strong></span> <span class='ocrx_word' id='word_1_505' title='bbox 1187 3299 1293 3368; x_wconf 89' lang='lat' dir='ltr'><strong>pati</strong></span> <span class='ocrx_word' id='word_1_506' title='bbox 1340 3321 1354 3355; x_wconf 91' lang='lat'><strong>:</strong></span> <span class='ocrx_word' id='word_1_507' title='bbox 1387 3300 1505 3355; x_wconf 90' lang='lat' dir='ltr'><strong>illos</strong></span> <span class='ocrx_word' id='word_1_508' title='bbox 1537 3316 1661 3355; x_wconf 82' lang='lat' dir='ltr'><strong>vero</strong></span> <span class='ocrx_word' id='word_1_509' title='bbox 1691 3316 1906 3357; x_wconf 87' lang='lat' dir='ltr'><strong>causam</strong></span> <span class='ocrx_word' id='word_1_510' title='bbox 1944 3305 2050 3359; x_wconf 92' lang='lat' dir='ltr'><strong>odii</strong></span> 
     </span>
    </p>
   </div>
   <div class='ocr_carea' id='block_1_65' title="bbox 484 3388 2048 3458">
    <p class='ocr_par' dir='ltr' id='par_1_65' title="bbox 484 3388 2048 3458">
     <span class='ocr_line' id='line_1_65' title="bbox 484 3388 2048 3458; baseline 0.004 -15"><span class='ocrx_word' id='word_1_511' title='bbox 484 3402 588 3443; x_wconf 86' lang='lat' dir='ltr'><strong>non</strong></span> <span class='ocrx_word' id='word_1_512' title='bbox 616 3388 831 3453; x_wconf 88' lang='lat' dir='ltr'><strong>habere,</strong></span> <span class='ocrx_word' id='word_1_513' title='bbox 856 3404 949 3458; x_wconf 89' lang='lat' dir='ltr'><strong>per</strong></span> <span class='ocrx_word' id='word_1_514' title='bbox 969 3388 1323 3444; x_wconf 83' lang='lat' dir='ltr'><strong>adulationem</strong></span> <span class='ocrx_word' id='word_1_515' title='bbox 1346 3399 1401 3446; x_wconf 89' lang='lat' dir='ltr'><strong>et</strong></span> <span class='ocrx_word' id='word_1_516' title='bbox 1421 3391 1697 3457; x_wconf 86' lang='lat' dir='ltr'><strong>desidiam,</strong></span> <span class='ocrx_word' id='word_1_517' title='bbox 1724 3394 1861 3447; x_wconf 90' lang='lat' dir='ltr'><strong>sicut</strong></span> <span class='ocrx_word' id='word_1_518' title='bbox 1881 3395 1953 3448; x_wconf 88' lang='lat' dir='ltr'><strong>ait</strong></span> <span class='ocrx_word' id='word_1_519' title='bbox 1982 3396 2048 3451; x_wconf 90' lang='lat' dir='ltr'><strong>ad</strong></span> 
     </span>
    </p>
   </div>
   <div class='ocr_carea' id='block_1_66' title="bbox 482 3478 2050 3551">
    <p class='ocr_par' dir='ltr' id='par_1_66' title="bbox 482 3478 2050 3551">
     <span class='ocr_line' id='line_1_66' title="bbox 482 3478 2050 3551; baseline 0.002 -18"><span class='ocrx_word' id='word_1_520' title='bbox 482 3479 724 3535; x_wconf 84' lang='lat' dir='ltr'><strong>Galatas:</strong></span> <span class='ocrx_word' id='word_1_521' title='bbox 751 3478 817 3533; x_wconf 88' lang='lat' dir='ltr'><strong>Ut</strong></span> <span class='ocrx_word' id='word_1_522' title='bbox 842 3479 1016 3535; x_wconf 84' lang='lat' dir='ltr'><strong>erucis</strong></span> <span class='ocrx_word' id='word_1_523' title='bbox 1035 3478 1237 3535; x_wconf 87' lang='lat' dir='ltr'><strong>Christi</strong></span> <span class='ocrx_word' id='word_1_524' title='bbox 1257 3479 1679 3548; x_wconf 85' lang='lat' dir='ltr'><strong>persecutionem</strong></span> <span class='ocrx_word' id='word_1_525' title='bbox 1710 3497 1815 3536; x_wconf 91' lang='lat' dir='ltr'><strong>non</strong></span> <span class='ocrx_word' id='word_1_526' title='bbox 1847 3485 2050 3551; x_wconf 87' lang='lat' dir='ltr'><strong>patian-</strong></span> 
     </span>
    </p>
   </div>
   <div class='ocr_carea' id='block_1_67' title="bbox 478 3567 2049 3635">
    <p class='ocr_par' dir='ltr' id='par_1_67' title="bbox 478 3567 2049 3635">
     <span class='ocr_line' id='line_1_67' title="bbox 478 3567 2049 3635; baseline 0.004 -14"><span class='ocrx_word' id='word_1_527' title='bbox 478 3573 587 3635; x_wconf 81' lang='lat' dir='ltr'><strong>tur,</strong></span> <span class='ocrx_word' id='word_1_528' title='bbox 614 3567 734 3621; x_wconf 90' lang='lat' dir='ltr'><strong>ideo</strong></span> <span class='ocrx_word' id='word_1_529' title='bbox 755 3576 949 3635; x_wconf 81' lang='lat' dir='ltr'><strong>cogunt</strong></span> <span class='ocrx_word' id='word_1_530' title='bbox 969 3581 1064 3621; x_wconf 91' lang='lat' dir='ltr'><strong>vos</strong></span> <span class='ocrx_word' id='word_1_531' title='bbox 1088 3567 1418 3622; x_wconf 87' lang='lat' dir='ltr'><strong>circumcidi.</strong></span> <span class='ocrx_word' id='word_1_532' title='bbox 1450 3567 1701 3623; x_wconf 81' lang='lat' dir='ltr'><strong>Habentes</strong></span> <span class='ocrx_word' id='word_1_533' title='bbox 1722 3580 1889 3624; x_wconf 86' lang='lat' dir='ltr'><strong>autem</strong></span> <span class='ocrx_word' id='word_1_534' title='bbox 1907 3589 2049 3627; x_wconf 85' lang='lat' dir='ltr'><strong>eum-</strong></span> 
     </span>
    </p>
   </div>
   <div class='ocr_carea' id='block_1_68' title="bbox 480 3658 2047 3728">
    <p class='ocr_par' dir='ltr' id='par_1_68' title="bbox 480 3658 2047 3728">
     <span class='ocr_line' id='line_1_68' title="bbox 480 3658 2047 3728; baseline 0.008 -18"><span class='ocrx_word' id='word_1_535' title='bbox 480 3659 594 3713; x_wconf 79' lang='lat' dir='ltr'><strong>dem</strong></span> <span class='ocrx_word' id='word_1_536' title='bbox 625 3659 855 3728; x_wconf 85' lang='lat' dir='ltr'><strong>spiritum</strong></span> <span class='ocrx_word' id='word_1_537' title='bbox 875 3658 1017 3727; x_wconf 72' lang='lat' dir='ltr'><strong>ﬁdei,</strong></span> <span class='ocrx_word' id='word_1_538' title='bbox 1040 3659 1169 3715; x_wconf 83' lang='lat' dir='ltr'><strong>sicut</strong></span> <span class='ocrx_word' id='word_1_539' title='bbox 1193 3658 1436 3728; x_wconf 89' lang='lat' dir='ltr'><strong>scriptum</strong></span> <span class='ocrx_word' id='word_1_540' title='bbox 1464 3670 1556 3714; x_wconf 84' lang='lat' dir='ltr'><strong>est.</strong></span> <span class='ocrx_word' id='word_1_541' title='bbox 1605 3662 1770 3727; x_wconf 85' lang='lat' dir='ltr'><strong>Quem</strong></span> <span class='ocrx_word' id='word_1_542' title='bbox 1802 3662 1963 3720; x_wconf 90' lang='lat' dir='ltr'><strong>David</strong></span> <span class='ocrx_word' id='word_1_543' title='bbox 1994 3673 2047 3722; x_wconf 88' lang='lat' dir='ltr'><strong>et</strong></span> 
     </span>
    </p>
   </div>
   <div class='ocr_carea' id='block_1_69' title="bbox 479 3749 2044 3827">
    <p class='ocr_par' dir='ltr' id='par_1_69' title="bbox 479 3749 2044 3827">
     <span class='ocr_line' id='line_1_69' title="bbox 479 3749 2044 3827; baseline 0.006 -24"><span class='ocrx_word' id='word_1_544' title='bbox 479 3749 666 3818; x_wconf 87' lang='lat' dir='ltr'><strong>reliqui</strong></span> <span class='ocrx_word' id='word_1_545' title='bbox 710 3749 1026 3819; x_wconf 74' lang='lat' dir='ltr'><strong>patriarchae</strong></span> <span class='ocrx_word' id='word_1_546' title='bbox 1054 3750 1135 3804; x_wconf 90' lang='lat' dir='ltr'><strong>vel</strong></span> <span class='ocrx_word' id='word_1_547' title='bbox 1182 3750 1455 3820; x_wconf 63' lang='lat' dir='ltr'><strong>prophetae</strong></span> <span class='ocrx_word' id='word_1_548' title='bbox 1493 3768 1507 3804; x_wconf 92' lang='lat'><strong>:</strong></span> <span class='ocrx_word' id='word_1_549' title='bbox 1548 3753 1668 3822; x_wconf 89' lang='lat' dir='ltr'><strong>quia</strong></span> <span class='ocrx_word' id='word_1_550' title='bbox 1696 3769 1759 3809; x_wconf 82' lang='lat' dir='ltr'><strong>ex</strong></span> <span class='ocrx_word' id='word_1_551' title='bbox 1789 3755 1893 3811; x_wconf 90' lang='lat' dir='ltr'><strong>fide</strong></span> <span class='ocrx_word' id='word_1_552' title='bbox 1938 3772 2044 3827; x_wconf 86' lang='lat' dir='ltr'><strong>qua</strong></span> 
     </span>
    </p>
   </div>
   <div class='ocr_carea' id='block_1_70' title="bbox 478 3840 2041 3916">
    <p class='ocr_par' dir='ltr' id='par_1_70' title="bbox 478 3840 2041 3916">
     <span class='ocr_line' id='line_1_70' title="bbox 478 3840 2041 3916; baseline 0.007 -23"><span class='ocrx_word' id='word_1_553' title='bbox 478 3854 576 3894; x_wconf 84' lang='lat' dir='ltr'><strong>nos</strong></span> <span class='ocrx_word' id='word_1_554' title='bbox 600 3840 848 3907; x_wconf 86' lang='lat' dir='ltr'><strong>vivimus,</strong></span> <span class='ocrx_word' id='word_1_555' title='bbox 871 3854 976 3897; x_wconf 86' lang='lat' dir='ltr'><strong>una</strong></span> <span class='ocrx_word' id='word_1_556' title='bbox 1000 3840 1291 3911; x_wconf 89' lang='lat' dir='ltr'><strong>eademque</strong></span> <span class='ocrx_word' id='word_1_557' title='bbox 1313 3841 1572 3909; x_wconf 81' lang='lat' dir='ltr'><strong>vixerunt,</strong></span> <span class='ocrx_word' id='word_1_558' title='bbox 1601 3843 2041 3916; x_wconf 89' lang='lat' dir='ltr'><strong>incarnationem,</strong></span> 
     </span>
    </p>
   </div>
   <div class='ocr_carea' id='block_1_71' title="bbox 478 3931 2039 4001">
    <p class='ocr_par' dir='ltr' id='par_1_71' title="bbox 478 3931 2039 4001">
     <span class='ocr_line' id='line_1_71' title="bbox 478 3931 2039 4001; baseline 0.005 -16"><span class='ocrx_word' id='word_1_559' title='bbox 478 3931 805 4001; x_wconf 78' lang='lat' dir='ltr'><strong>passionem,</strong></span> <span class='ocrx_word' id='word_1_560' title='bbox 846 3932 1393 4000; x_wconf 87' lang='lat' dir='ltr'><strong>resurrectionemque</strong></span> <span class='ocrx_word' id='word_1_561' title='bbox 1422 3932 1619 3989; x_wconf 89' lang='lat' dir='ltr'><strong>Christi</strong></span> <span class='ocrx_word' id='word_1_562' title='bbox 1650 3935 1928 3992; x_wconf 88' lang='lat' dir='ltr'><strong>credentes</strong></span> <span class='ocrx_word' id='word_1_563' title='bbox 1954 3938 2039 3993; x_wconf 86' lang='lat' dir='ltr'><strong>fu-</strong></span> 
     </span>
    </p>
   </div>
   <div class='ocr_carea' id='block_1_72' title="bbox 477 4022 2039 4095">
    <p class='ocr_par' dir='ltr' id='par_1_72' title="bbox 477 4022 2039 4095">
     <span class='ocr_line' id='line_1_72' title="bbox 477 4022 2039 4095; baseline 0.005 -21"><span class='ocrx_word' id='word_1_564' title='bbox 477 4032 670 4088; x_wconf 89' lang='lat' dir='ltr'><strong>turam,</strong></span> <span class='ocrx_word' id='word_1_565' title='bbox 702 4037 859 4091; x_wconf 88' lang='lat' dir='ltr'><strong>quam</strong></span> <span class='ocrx_word' id='word_1_566' title='bbox 898 4037 995 4077; x_wconf 89' lang='lat' dir='ltr'><strong>nos</strong></span> <span class='ocrx_word' id='word_1_567' title='bbox 1017 4022 1282 4077; x_wconf 88' lang='lat' dir='ltr'><strong>credimus</strong></span> <span class='ocrx_word' id='word_1_568' title='bbox 1314 4022 1502 4077; x_wconf 87' lang='lat' dir='ltr'><strong>factam</strong></span> <span class='ocrx_word' id='word_1_569' title='bbox 1524 4062 1540 4089; x_wconf 95' lang='lat'><strong>,</strong></span> <span class='ocrx_word' id='word_1_570' title='bbox 1583 4038 1748 4094; x_wconf 89' lang='lat' dir='ltr'><strong>usque</strong></span> <span class='ocrx_word' id='word_1_571' title='bbox 1773 4025 1837 4079; x_wconf 91' lang='lat' dir='ltr'><strong>ad</strong></span> <span class='ocrx_word' id='word_1_572' title='bbox 1867 4027 2039 4095; x_wconf 67' lang='lat' dir='ltr'><strong>ipsum</strong></span> 
     </span>
    </p>
   </div>
   <div class='ocr_carea' id='block_1_73' title="bbox 472 4111 2038 4185">
    <p class='ocr_par' dir='ltr' id='par_1_73' title="bbox 472 4111 2038 4185">
     <span class='ocr_line' id='line_1_73' title="bbox 472 4111 2038 4185; baseline 0.003 -18"><span class='ocrx_word' id='word_1_573' title='bbox 472 4111 759 4183; x_wconf 85' lang='lat' dir='ltr'><strong>Baptistam</strong></span> <span class='ocrx_word' id='word_1_574' title='bbox 776 4113 1057 4169; x_wconf 84' lang='lat' dir='ltr'><strong>Joannem.</strong></span> <span class='ocrx_word' id='word_1_575' title='bbox 1075 4111 1282 4168; x_wconf 79' lang='lat' dir='ltr'><strong>Credidi</strong></span> <span class='ocrx_word' id='word_1_576' title='bbox 1300 4123 1505 4185; x_wconf 84' lang='lat' dir='ltr'><strong>prapter</strong></span> <span class='ocrx_word' id='word_1_577' title='bbox 1525 4117 1659 4185; x_wconf 88' lang='lat' dir='ltr'><strong>quod</strong></span> <span class='ocrx_word' id='word_1_578' title='bbox 1676 4116 1870 4170; x_wconf 87' lang='lat' dir='ltr'><strong>locutus</strong></span> <span class='ocrx_word' id='word_1_579' title='bbox 1889 4132 1999 4170; x_wconf 91' lang='lat' dir='ltr'><strong>sum</strong></span> <span class='ocrx_word' id='word_1_580' title='bbox 2018 4133 2038 4172; x_wconf 88' lang='lat'><strong>:</strong></span> 
     </span>
    </p>
   </div>
   <div class='ocr_carea' id='block_1_74' title="bbox 467 4203 2038 4277">
    <p class='ocr_par' dir='ltr' id='par_1_74' title="bbox 467 4203 2038 4277">
     <span class='ocr_line' id='line_1_74' title="bbox 467 4203 2038 4277; baseline 0.003 -19"><span class='ocrx_word' id='word_1_581' title='bbox 467 4211 519 4258; x_wconf 74' lang='lat' dir='ltr'><strong>et</strong></span> <span class='ocrx_word' id='word_1_582' title='bbox 548 4219 639 4258; x_wconf 90' lang='lat' dir='ltr'><strong>nos</strong></span> <span class='ocrx_word' id='word_1_583' title='bbox 659 4203 929 4266; x_wconf 85' lang='lat' dir='ltr'><strong>credimus,</strong></span> <span class='ocrx_word' id='word_1_584' title='bbox 961 4215 1169 4277; x_wconf 85' lang='lat' dir='ltr'><strong>propter</strong></span> <span class='ocrx_word' id='word_1_585' title='bbox 1186 4204 1321 4276; x_wconf 85' lang='lat' dir='ltr'><strong>quod</strong></span> <span class='ocrx_word' id='word_1_586' title='bbox 1350 4216 1398 4258; x_wconf 89' lang='lat' dir='ltr'><strong>et</strong></span> <span class='ocrx_word' id='word_1_587' title='bbox 1435 4206 1706 4274; x_wconf 87' lang='lat' dir='ltr'><strong>loquimur.</strong></span> <span class='ocrx_word' id='word_1_588' title='bbox 1738 4205 1850 4261; x_wconf 86' lang='lat' dir='ltr'><strong>Hoc</strong></span> <span class='ocrx_word' id='word_1_589' title='bbox 1890 4209 2038 4263; x_wconf 86' lang='lat' dir='ltr'><strong>testi-</strong></span> 
     </span>
    </p>
   </div>
   <div class='ocr_carea' id='block_1_75' title="bbox 467 4296 2034 4367">
    <p class='ocr_par' dir='ltr' id='par_1_75' title="bbox 467 4296 2034 4367">
     <span class='ocr_line' id='line_1_75' title="bbox 467 4296 2034 4367; baseline 0.003 -16"><span class='ocrx_word' id='word_1_590' title='bbox 467 4297 649 4352; x_wconf 82' lang='lat' dir='ltr'><strong>monio</strong></span> <span class='ocrx_word' id='word_1_591' title='bbox 670 4296 852 4366; x_wconf 90' lang='lat' dir='ltr'><strong>probat</strong></span> <span class='ocrx_word' id='word_1_592' title='bbox 878 4313 935 4352; x_wconf 88' lang='lat' dir='ltr'><strong>se</strong></span> <span class='ocrx_word' id='word_1_593' title='bbox 956 4299 1194 4354; x_wconf 86' lang='lat' dir='ltr'><strong>credere.</strong></span> <span class='ocrx_word' id='word_1_594' title='bbox 1219 4298 1274 4353; x_wconf 91' lang='lat' dir='ltr'><strong>Si</strong></span> <span class='ocrx_word' id='word_1_595' title='bbox 1297 4298 1438 4353; x_wconf 90' lang='lat' dir='ltr'><strong>enim</strong></span> <span class='ocrx_word' id='word_1_596' title='bbox 1462 4298 1535 4352; x_wconf 91' lang='lat' dir='ltr'><strong>illi</strong></span> <span class='ocrx_word' id='word_1_597' title='bbox 1561 4298 1679 4354; x_wconf 93' lang='lat' dir='ltr'><strong>ideo</strong></span> <span class='ocrx_word' id='word_1_598' title='bbox 1704 4299 1906 4355; x_wconf 88' lang='lat' dir='ltr'><strong>locutus</strong></span> <span class='ocrx_word' id='word_1_599' title='bbox 1931 4310 2034 4367; x_wconf 88' lang='lat' dir='ltr'><strong>est,</strong></span> 
     </span>
    </p>
   </div>
   <div class='ocr_carea' id='block_1_76' title="bbox 470 4390 2027 4462">
    <p class='ocr_par' dir='ltr' id='par_1_76' title="bbox 470 4390 2027 4462">
     <span class='ocr_line' id='line_1_76' title="bbox 470 4390 2027 4462; baseline 0.001 -18"><span class='ocrx_word' id='word_1_600' title='bbox 470 4390 589 4458; x_wconf 83' lang='lat' dir='ltr'><strong>quia</strong></span> <span class='ocrx_word' id='word_1_601' title='bbox 623 4391 844 4445; x_wconf 90' lang='lat' dir='ltr'><strong>credidit</strong></span> <span class='ocrx_word' id='word_1_602' title='bbox 867 4393 1044 4459; x_wconf 91' lang='lat' dir='ltr'><strong>(nemo</strong></span> <span class='ocrx_word' id='word_1_603' title='bbox 1073 4393 1213 4447; x_wconf 91' lang='lat' dir='ltr'><strong>enim</strong></span> <span class='ocrx_word' id='word_1_604' title='bbox 1243 4393 1362 4447; x_wconf 92' lang='lat' dir='ltr'><strong>aliis</strong></span> <span class='ocrx_word' id='word_1_605' title='bbox 1385 4407 1530 4446; x_wconf 68' lang='lat' dir='ltr'><strong>sana:</strong></span> <span class='ocrx_word' id='word_1_606' title='bbox 1559 4390 1751 4448; x_wconf 86' lang='lat' dir='ltr'><strong>mentis</strong></span> <span class='ocrx_word' id='word_1_607' title='bbox 1777 4392 2027 4462; x_wconf 77' lang='lat' dir='ltr'><strong>affirmat,</strong></span> 
     </span>
    </p>
   </div>
   <div class='ocr_carea' id='block_1_77' title="bbox 471 4479 2030 4551">
    <p class='ocr_par' dir='ltr' id='par_1_77' title="bbox 471 4479 2030 4551">
     <span class='ocr_line' id='line_1_77' title="bbox 471 4479 2030 4551; baseline 0.004 -21"><span class='ocrx_word' id='word_1_608' title='bbox 471 4479 604 4545; x_wconf 86' lang='lat' dir='ltr'><strong>quod</strong></span> <span class='ocrx_word' id='word_1_609' title='bbox 627 4480 739 4547; x_wconf 88' lang='lat' dir='ltr'><strong>ipse</strong></span> <span class='ocrx_word' id='word_1_610' title='bbox 769 4494 877 4533; x_wconf 92' lang='lat' dir='ltr'><strong>non</strong></span> <span class='ocrx_word' id='word_1_611' title='bbox 910 4495 983 4534; x_wconf 56' lang='lat' dir='ltr'><strong>cr.</strong></span> <span class='ocrx_word' id='word_1_612' title='bbox 1003 4481 1132 4549; x_wconf 81' lang='lat' dir='ltr'><strong>dit),</strong></span> <span class='ocrx_word' id='word_1_613' title='bbox 1160 4497 1286 4551; x_wconf 86' lang='lat' dir='ltr'><strong>ergo</strong></span> <span class='ocrx_word' id='word_1_614' title='bbox 1312 4490 1368 4537; x_wconf 87' lang='lat' dir='ltr'><strong>et</strong></span> <span class='ocrx_word' id='word_1_615' title='bbox 1396 4497 1492 4537; x_wconf 92' lang='lat' dir='ltr'><strong>nos</strong></span> <span class='ocrx_word' id='word_1_616' title='bbox 1519 4483 1606 4551; x_wconf 89' lang='lat' dir='ltr'><strong>qui</strong></span> <span class='ocrx_word' id='word_1_617' title='bbox 1635 4481 1921 4551; x_wconf 90' lang='lat' dir='ltr'><strong>loquimur,</strong></span> <span class='ocrx_word' id='word_1_618' title='bbox 1945 4482 2030 4538; x_wconf 88' lang='lat' dir='ltr'><strong>in-</strong></span> 
     </span>
    </p>
   </div>
   <div class='ocr_carea' id='block_1_78' title="bbox 471 4570 2031 4644">
    <p class='ocr_par' dir='ltr' id='par_1_78' title="bbox 471 4570 2031 4644">
     <span class='ocr_line' id='line_1_78' title="bbox 471 4570 2031 4644; baseline 0.004 -21"><span class='ocrx_word' id='word_1_619' title='bbox 471 4570 599 4637; x_wconf 80' lang='lat' dir='ltr'><strong>quit,</strong></span> <span class='ocrx_word' id='word_1_620' title='bbox 620 4570 907 4636; x_wconf 88' lang='lat' dir='ltr'><strong>credimus,</strong></span> <span class='ocrx_word' id='word_1_621' title='bbox 927 4573 1015 4640; x_wconf 87' lang='lat' dir='ltr'><strong>qui</strong></span> <span class='ocrx_word' id='word_1_622' title='bbox 1039 4574 1196 4627; x_wconf 87' lang='lat' dir='ltr'><strong>etiam</strong></span> <span class='ocrx_word' id='word_1_623' title='bbox 1221 4583 1497 4643; x_wconf 88' lang='lat' dir='ltr'><strong>propterea</strong></span> <span class='ocrx_word' id='word_1_624' title='bbox 1524 4574 1860 4639; x_wconf 85' lang='lat' dir='ltr'><strong>tribulamur,</strong></span> <span class='ocrx_word' id='word_1_625' title='bbox 1889 4576 2031 4644; x_wconf 91' lang='lat' dir='ltr'><strong>quod</strong></span> 
     </span>
    </p>
   </div>
   <div class='ocr_carea' id='block_1_79' title="bbox 469 4654 2033 4728">
    <p class='ocr_par' dir='ltr' id='par_1_79' title="bbox 469 4654 2033 4728">
     <span class='ocr_line' id='line_1_79' title="bbox 469 4654 2033 4728; baseline 0.004 -14"><span class='ocrx_word' id='word_1_626' title='bbox 469 4659 539 4714; x_wconf 89' lang='lat' dir='ltr'><strong>illi</strong></span> <span class='ocrx_word' id='word_1_627' title='bbox 570 4654 909 4716; x_wconf 87' lang='lat' dir='ltr'><strong>crediderunt</strong></span> <span class='ocrx_word' id='word_1_628' title='bbox 930 4659 1186 4728; x_wconf 87' lang='lat' dir='ltr'><strong>futurum,</strong></span> <span class='ocrx_word' id='word_1_629' title='bbox 1214 4677 1311 4717; x_wconf 90' lang='lat' dir='ltr'><strong>nos</strong></span> <span class='ocrx_word' id='word_1_630' title='bbox 1331 4663 1595 4717; x_wconf 88' lang='lat' dir='ltr'><strong>credimus</strong></span> <span class='ocrx_word' id='word_1_631' title='bbox 1619 4666 1830 4718; x_wconf 87' lang='lat' dir='ltr'><strong>factum.</strong></span> <span class='ocrx_word' id='word_1_632' title='bbox 1854 4664 2033 4723; x_wconf 63' lang='lat' dir='ltr'><strong>Scien—</strong></span> 
     </span>
    </p>
   </div>
   <div class='ocr_carea' id='block_1_80' title="bbox 469 4752 2033 4823">
    <p class='ocr_par' dir='ltr' id='par_1_80' title="bbox 469 4752 2033 4823">
     <span class='ocr_line' id='line_1_80' title="bbox 469 4752 2033 4823; baseline 0.006 -17"><span class='ocrx_word' id='word_1_633' title='bbox 469 4761 571 4818; x_wconf 88' lang='lat' dir='ltr'><strong>tes,</strong></span> <span class='ocrx_word' id='word_1_634' title='bbox 624 4752 867 4823; x_wconf 83' lang='lat' dir='ltr'><strong>quoniam</strong></span> <span class='ocrx_word' id='word_1_635' title='bbox 907 4754 995 4823; x_wconf 87' lang='lat' dir='ltr'><strong>qui</strong></span> <span class='ocrx_word' id='word_1_636' title='bbox 1029 4754 1287 4809; x_wconf 83' lang='lat' dir='ltr'><strong>suscitavit</strong></span> <span class='ocrx_word' id='word_1_637' title='bbox 1326 4753 1523 4809; x_wconf 84' lang='lat' dir='ltr'><strong>Jesum.</strong></span> <span class='ocrx_word' id='word_1_638' title='bbox 1574 4755 1906 4814; x_wconf 86' lang='lat' dir='ltr'><strong>Firmissime</strong></span> <span class='ocrx_word' id='word_1_639' title='bbox 1956 4770 2033 4815; x_wconf 88' lang='lat' dir='ltr'><strong>te-</strong></span> 
     </span>
    </p>
   </div>
   <div class='ocr_carea' id='block_1_81' title="bbox 466 4844 2034 4923">
    <p class='ocr_par' dir='ltr' id='par_1_81' title="bbox 466 4844 2034 4923">
     <span class='ocr_line' id='line_1_81' title="bbox 466 4844 2034 4923; baseline 0.007 -24"><span class='ocrx_word' id='word_1_640' title='bbox 466 4853 650 4900; x_wconf 87' lang='lat' dir='ltr'><strong>nentes</strong></span> <span class='ocrx_word' id='word_1_641' title='bbox 706 4844 866 4901; x_wconf 71' lang='lat' dir='ltr'><strong>:baec</strong></span> <span class='ocrx_word' id='word_1_642' title='bbox 912 4856 995 4903; x_wconf 92' lang='lat' dir='ltr'><strong>est</strong></span> <span class='ocrx_word' id='word_1_643' title='bbox 1042 4848 1273 4917; x_wconf 76' lang='lat' dir='ltr'><strong>perlaeta</strong></span> <span class='ocrx_word' id='word_1_644' title='bbox 1319 4850 1485 4918; x_wconf 89' lang='lat' dir='ltr'><strong>fides,</strong></span> <span class='ocrx_word' id='word_1_645' title='bbox 1514 4865 1542 4904; x_wconf 91' lang='lat' dir='ltr'><strong>a</strong></span> <span class='ocrx_word' id='word_1_646' title='bbox 1581 4867 1681 4923; x_wconf 87' lang='lat' dir='ltr'><strong>qua</strong></span> <span class='ocrx_word' id='word_1_647' title='bbox 1712 4869 1811 4910; x_wconf 85' lang='lat' dir='ltr'><strong>nec</strong></span> <span class='ocrx_word' id='word_1_648' title='bbox 1861 4866 2034 4911; x_wconf 90' lang='lat' dir='ltr'><strong>morte</strong></span> 
     </span>
    </p>
   </div>
   <div class='ocr_carea' id='block_1_82' title="bbox 465 4939 2029 5005">
    <p class='ocr_par' dir='ltr' id='par_1_82' title="bbox 465 4939 2029 5005">
     <span class='ocr_line' id='line_1_82' title="bbox 465 4939 2029 5005; baseline 0.006 -11"><span class='ocrx_word' id='word_1_649' title='bbox 465 4939 778 4995; x_wconf 73' lang='lat' dir='ltr'><strong>divellimur.</strong></span> <span class='ocrx_word' id='word_1_650' title='bbox 804 4940 872 4995; x_wconf 86' lang='lat' dir='ltr'><strong>Et</strong></span> <span class='ocrx_word' id='word_1_651' title='bbox 917 4958 1007 4998; x_wconf 87' lang='lat' dir='ltr'><strong>nos</strong></span> <span class='ocrx_word' id='word_1_652' title='bbox 1052 4960 1165 4998; x_wconf 81' lang='lat' dir='ltr'><strong>cunt</strong></span> <span class='ocrx_word' id='word_1_653' title='bbox 1188 4944 1315 5000; x_wconf 77' lang='lat' dir='ltr'><strong>Iesu</strong></span> <span class='ocrx_word' id='word_1_654' title='bbox 1368 4948 1627 5004; x_wconf 86' lang='lat' dir='ltr'><strong>suscitabit</strong></span> <span class='ocrx_word' id='word_1_655' title='bbox 1668 4960 1717 5005; x_wconf 86' lang='lat' dir='ltr'><strong>et</strong></span> <span class='ocrx_word' id='word_1_656' title='bbox 1761 4953 2029 5005; x_wconf 77' lang='lat' dir='ltr'><strong>constituet</strong></span> 
     </span>
    </p>
   </div>
   <div class='ocr_carea' id='block_1_83' title="bbox 457 5031 2025 5108">
    <p class='ocr_par' dir='ltr' id='par_1_83' title="bbox 457 5031 2025 5108">
     <span class='ocr_line' id='line_1_83' title="bbox 457 5031 2025 5108; baseline 0.008 -27"><span class='ocrx_word' id='word_1_657' title='bbox 457 5031 735 5085; x_wconf 74' lang='lat' dir='ltr'><strong>tobiscum.</strong></span> <span class='ocrx_word' id='word_1_658' title='bbox 763 5031 1019 5089; x_wconf 87' lang='lat' dir='ltr'><strong>Similiter</strong></span> <span class='ocrx_word' id='word_1_659' title='bbox 1042 5035 1320 5092; x_wconf 84' lang='lat' dir='ltr'><strong>suscitabit</strong></span> <span class='ocrx_word' id='word_1_660' title='bbox 1340 5077 1355 5101; x_wconf 89' lang='lat'><strong>,</strong></span> <span class='ocrx_word' id='word_1_661' title='bbox 1384 5038 1431 5093; x_wconf 89' lang='lat' dir='ltr'><strong>si</strong></span> <span class='ocrx_word' id='word_1_662' title='bbox 1461 5053 1557 5108; x_wconf 91' lang='lat' dir='ltr'><strong>pro</strong></span> <span class='ocrx_word' id='word_1_663' title='bbox 1612 5054 1677 5095; x_wconf 88' lang='lat' dir='ltr'><strong>eo</strong></span> <span class='ocrx_word' id='word_1_664' title='bbox 1717 5041 2025 5096; x_wconf 89' lang='lat' dir='ltr'><strong>moriamur.</strong></span> 
     </span>
    </p>
   </div>
   <div class='ocr_carea' id='block_1_84' title="bbox 459 5117 2028 5201">
    <p class='ocr_par' dir='ltr' id='par_1_84' title="bbox 459 5117 2028 5201">
     <span class='ocr_line' id='line_1_84' title="bbox 459 5117 2028 5201; baseline 0.006 -28"><span class='ocrx_word' id='word_1_665' title='bbox 459 5117 645 5174; x_wconf 81' lang='lat' dir='ltr'><strong>Omnia</strong></span> <span class='ocrx_word' id='word_1_666' title='bbox 672 5122 807 5175; x_wconf 84' lang='lat' dir='ltr'><strong>enim</strong></span> <span class='ocrx_word' id='word_1_667' title='bbox 839 5134 1045 5192; x_wconf 85' lang='lat' dir='ltr'><strong>prapter</strong></span> <span class='ocrx_word' id='word_1_668' title='bbox 1068 5141 1175 5180; x_wconf 75' lang='lat' dir='ltr'><strong>eos.</strong></span> <span class='ocrx_word' id='word_1_669' title='bbox 1228 5127 1415 5182; x_wconf 85' lang='lat' dir='ltr'><strong>Omnia</strong></span> <span class='ocrx_word' id='word_1_670' title='bbox 1454 5128 1575 5184; x_wconf 86' lang='lat' dir='ltr'><strong>ideo</strong></span> <span class='ocrx_word' id='word_1_671' title='bbox 1602 5130 1853 5199; x_wconf 87' lang='lat' dir='ltr'><strong>patimur,</strong></span> <span class='ocrx_word' id='word_1_672' title='bbox 1903 5128 2028 5201; x_wconf 86' lang='lat' dir='ltr'><strong>quia</strong></span> 
     </span>
    </p>
   </div>
   <div class='ocr_carea' id='block_1_85' title="bbox 455 5209 2027 5289">
    <p class='ocr_par' dir='ltr' id='par_1_85' title="bbox 455 5209 2027 5289">
     <span class='ocr_line' id='line_1_85' title="bbox 455 5209 2027 5289; baseline 0.008 -27"><span class='ocrx_word' id='word_1_673' title='bbox 455 5209 688 5276; x_wconf 86' lang='lat' dir='ltr'><strong>perfecte</strong></span> <span class='ocrx_word' id='word_1_674' title='bbox 711 5211 936 5268; x_wconf 89' lang='lat' dir='ltr'><strong>salutem</strong></span> <span class='ocrx_word' id='word_1_675' title='bbox 986 5224 1216 5271; x_wconf 87' lang='lat' dir='ltr'><strong>vestram</strong></span> <span class='ocrx_word' id='word_1_676' title='bbox 1248 5232 1516 5274; x_wconf 81' lang='lat' dir='ltr'><strong>curamus.</strong></span> <span class='ocrx_word' id='word_1_677' title='bbox 1552 5219 1628 5273; x_wconf 90' lang='lat' dir='ltr'><strong>Illi</strong></span> <span class='ocrx_word' id='word_1_678' title='bbox 1654 5234 1778 5273; x_wconf 70' lang='lat' dir='ltr'><strong>vero</strong></span> <span class='ocrx_word' id='word_1_679' title='bbox 1810 5229 2027 5289; x_wconf 89' lang='lat' dir='ltr'><strong>propter</strong></span> 
     </span>
    </p>
   </div>
   <div class='ocr_carea' id='block_1_86' title="bbox 453 5302 2029 5380">
    <p class='ocr_par' dir='ltr' id='par_1_86' title="bbox 453 5302 2029 5380">
     <span class='ocr_line' id='line_1_86' title="bbox 453 5302 2029 5380; baseline 0.006 -26"><span class='ocrx_word' id='word_1_680' title='bbox 453 5302 828 5370; x_wconf 86' lang='lat' dir='ltr'><strong>negligentiam</strong></span> <span class='ocrx_word' id='word_1_681' title='bbox 877 5319 1027 5359; x_wconf 91' lang='lat' dir='ltr'><strong>suam</strong></span> <span class='ocrx_word' id='word_1_682' title='bbox 1076 5307 1206 5362; x_wconf 86' lang='lat' dir='ltr'><strong>nihil</strong></span> <span class='ocrx_word' id='word_1_683' title='bbox 1255 5309 1360 5365; x_wconf 85' lang='lat' dir='ltr'><strong>tale</strong></span> <span class='ocrx_word' id='word_1_684' title='bbox 1412 5308 1704 5378; x_wconf 87' lang='lat' dir='ltr'><strong>patiuntur.</strong></span> <span class='ocrx_word' id='word_1_685' title='bbox 1755 5309 1820 5363; x_wconf 87' lang='lat' dir='ltr'><strong>Ut</strong></span> <span class='ocrx_word' id='word_1_686' title='bbox 1865 5312 2029 5380; x_wconf 79' lang='lat' dir='ltr'><strong>gratia</strong></span> 
     </span>
    </p>
   </div>
   <div class='ocr_carea' id='block_1_87' title="bbox 451 5392 2027 5470">
    <p class='ocr_par' dir='ltr' id='par_1_87' title="bbox 451 5392 2027 5470">
     <span class='ocr_line' id='line_1_87' title="bbox 451 5392 2027 5470; baseline 0.006 -26"><span class='ocrx_word' id='word_1_687' title='bbox 451 5392 716 5448; x_wconf 82' lang='lat' dir='ltr'><strong>abundans</strong></span> <span class='ocrx_word' id='word_1_688' title='bbox 744 5411 834 5465; x_wconf 87' lang='lat' dir='ltr'><strong>per</strong></span> <span class='ocrx_word' id='word_1_689' title='bbox 856 5398 1039 5452; x_wconf 77' lang='lat' dir='ltr'><strong>multos</strong></span> <span class='ocrx_word' id='word_1_690' title='bbox 1064 5400 1347 5469; x_wconf 75' lang='lat' dir='ltr'><strong>gratiarum</strong></span> <span class='ocrx_word' id='word_1_691' title='bbox 1373 5401 1569 5454; x_wconf 81' lang='lat' dir='ltr'><strong>actione</strong></span> <span class='ocrx_word' id='word_1_692' title='bbox 1589 5400 1811 5454; x_wconf 82' lang='lat' dir='ltr'><strong>abundet</strong></span> <span class='ocrx_word' id='word_1_693' title='bbox 1836 5401 1889 5454; x_wconf 88' lang='lat' dir='ltr'><strong>in</strong></span> <span class='ocrx_word' id='word_1_694' title='bbox 1910 5400 2027 5470; x_wconf 87' lang='lat' dir='ltr'><strong>glo-</strong></span> 
     </span>
    </p>
   </div>
   <div class='ocr_carea' id='block_1_88' title="bbox 451 5484 2028 5560">
    <p class='ocr_par' dir='ltr' id='par_1_88' title="bbox 451 5484 2028 5560">
     <span class='ocr_line' id='line_1_88' title="bbox 451 5484 2028 5560; baseline 0.008 -26"><span class='ocrx_word' id='word_1_695' title='bbox 451 5484 584 5536; x_wconf 83' lang='lat' dir='ltr'><strong>riam</strong></span> <span class='ocrx_word' id='word_1_696' title='bbox 618 5484 731 5541; x_wconf 84' lang='lat' dir='ltr'><strong>Dei.</strong></span> <span class='ocrx_word' id='word_1_697' title='bbox 765 5484 833 5540; x_wconf 86' lang='lat' dir='ltr'><strong>Ut</strong></span> <span class='ocrx_word' id='word_1_698' title='bbox 864 5502 957 5554; x_wconf 86' lang='lat' dir='ltr'><strong>per</strong></span> <span class='ocrx_word' id='word_1_699' title='bbox 985 5488 1377 5543; x_wconf 87' lang='lat' dir='ltr'><strong>multitudinem</strong></span> <span class='ocrx_word' id='word_1_700' title='bbox 1400 5488 1728 5545; x_wconf 86' lang='lat' dir='ltr'><strong>credentium</strong></span> <span class='ocrx_word' id='word_1_701' title='bbox 1752 5532 1767 5557; x_wconf 90' lang='lat'><strong>,</strong></span> <span class='ocrx_word' id='word_1_702' title='bbox 1809 5499 2028 5560; x_wconf 88' lang='lat' dir='ltr'><strong>propter</strong></span> 
     </span>
    </p>
   </div>
   <div class='ocr_carea' id='block_1_89' title="bbox 450 5569 2023 5646">
    <p class='ocr_par' dir='ltr' id='par_1_89' title="bbox 450 5569 2023 5646">
     <span class='ocr_line' id='line_1_89' title="bbox 450 5569 2023 5646; baseline 0.004 -20"><span class='ocrx_word' id='word_1_703' title='bbox 450 5571 811 5630; x_wconf 86' lang='lat' dir='ltr'><strong>abundantem</strong></span> <span class='ocrx_word' id='word_1_704' title='bbox 839 5578 1083 5646; x_wconf 79' lang='lat' dir='ltr'><strong>gratiam,</strong></span> <span class='ocrx_word' id='word_1_705' title='bbox 1116 5587 1169 5632; x_wconf 80' lang='lat' dir='ltr'><strong>at</strong></span> <span class='ocrx_word' id='word_1_706' title='bbox 1195 5578 1485 5646; x_wconf 85' lang='lat' dir='ltr'><strong>gratiarum</strong></span> <span class='ocrx_word' id='word_1_707' title='bbox 1526 5579 1664 5632; x_wconf 88' lang='lat' dir='ltr'><strong>actio</strong></span> <span class='ocrx_word' id='word_1_708' title='bbox 1693 5569 1925 5633; x_wconf 87' lang='lat' dir='ltr'><strong>abundet</strong></span> <span class='ocrx_word' id='word_1_709' title='bbox 1972 5578 2023 5633; x_wconf 93' lang='lat' dir='ltr'><strong>in</strong></span> 
     </span>
    </p>
   </div>
   <div class='ocr_carea' id='block_1_90' title="bbox 448 5662 2024 5733">
    <p class='ocr_par' dir='ltr' id='par_1_90' title="bbox 448 5662 2024 5733">
     <span class='ocr_line' id='line_1_90' title="bbox 448 5662 2024 5733; baseline 0.007 -19"><span class='ocrx_word' id='word_1_710' title='bbox 448 5662 672 5733; x_wconf 67' lang='lat' dir='ltr'><strong>gloriam</strong></span> <span class='ocrx_word' id='word_1_711' title='bbox 704 5665 815 5722; x_wconf 63' lang='lat' dir='ltr'><strong>Dei.</strong></span> <span class='ocrx_word' id='word_1_712' title='bbox 848 5666 1070 5725; x_wconf 74' lang='lat' dir='ltr'><strong>Propter</strong></span> <span class='ocrx_word' id='word_1_713' title='bbox 1090 5668 1246 5727; x_wconf 80' lang='lat' dir='ltr'><strong>quod.</strong></span> <span class='ocrx_word' id='word_1_714' title='bbox 1281 5668 1404 5724; x_wconf 84' lang='lat' dir='ltr'><strong>ldco</strong></span> <span class='ocrx_word' id='word_1_715' title='bbox 1446 5684 1549 5725; x_wconf 88' lang='lat' dir='ltr'><strong>non</strong></span> <span class='ocrx_word' id='word_1_716' title='bbox 1578 5682 1868 5725; x_wconf 78' lang='lat' dir='ltr'><strong>cessamus.</strong></span> <span class='ocrx_word' id='word_1_717' title='bbox 1902 5667 2024 5725; x_wconf 85' lang='lat' dir='ltr'><strong>Non</strong></span> 
     </span>
    </p>
   </div>
   <div class='ocr_carea' id='block_1_91' title="bbox 2157 3198 3723 3271">
    <p class='ocr_par' dir='ltr' id='par_1_91' title="bbox 2157 3198 3723 3271">
     <span class='ocr_line' id='line_1_91' title="bbox 2157 3198 3723 3271; baseline -0.003 -14"><span class='ocrx_word' id='word_1_718' title='bbox 2157 3218 2315 3257; x_wconf 88' lang='lat' dir='ltr'><strong>manu</strong></span> <span class='ocrx_word' id='word_1_719' title='bbox 2345 3202 2610 3271; x_wconf 90' lang='lat' dir='ltr'><strong>corporali</strong></span> <span class='ocrx_word' id='word_1_720' title='bbox 2637 3201 2832 3255; x_wconf 90' lang='lat' dir='ltr'><strong>dicitur</strong></span> <span class='ocrx_word' id='word_1_721' title='bbox 2861 3204 3056 3255; x_wconf 89' lang='lat' dir='ltr'><strong>factum</strong></span> <span class='ocrx_word' id='word_1_722' title='bbox 3085 3216 3101 3255; x_wconf 88' lang='lat'><strong>:</strong></span> <span class='ocrx_word' id='word_1_723' title='bbox 3132 3200 3232 3255; x_wconf 87' lang='lat' dir='ltr'><strong>hoc</strong></span> <span class='ocrx_word' id='word_1_724' title='bbox 3262 3200 3434 3270; x_wconf 91' lang='lat' dir='ltr'><strong>ipsum</strong></span> <span class='ocrx_word' id='word_1_725' title='bbox 3467 3214 3596 3267; x_wconf 89' lang='lat' dir='ltr'><strong>ergo</strong></span> <span class='ocrx_word' id='word_1_726' title='bbox 3617 3198 3723 3267; x_wconf 85' lang='lat' dir='ltr'><strong>spi-</strong></span> 
     </span>
    </p>
   </div>
   <div class='ocr_carea' id='block_1_92' title="bbox 2153 3290 3718 3363">
    <p class='ocr_par' dir='ltr' id='par_1_92' title="bbox 2153 3290 3718 3363">
     <span class='ocr_line' id='line_1_92' title="bbox 2153 3290 3718 3363; baseline -0.003 -16"><span class='ocrx_word' id='word_1_727' title='bbox 2153 3294 2307 3347; x_wconf 74' lang='lat' dir='ltr'><strong>ritale</strong></span> <span class='ocrx_word' id='word_1_728' title='bbox 2338 3308 2432 3360; x_wconf 88' lang='lat' dir='ltr'><strong>per</strong></span> <span class='ocrx_word' id='word_1_729' title='bbox 2452 3293 2697 3363; x_wconf 87' lang='lat' dir='ltr'><strong>spiritum</strong></span> <span class='ocrx_word' id='word_1_730' title='bbox 2731 3292 2839 3346; x_wconf 85' lang='lat' dir='ltr'><strong>fiet.</strong></span> <span class='ocrx_word' id='word_1_731' title='bbox 2878 3291 3017 3345; x_wconf 87' lang='lat' dir='ltr'><strong>Nam</strong></span> <span class='ocrx_word' id='word_1_732' title='bbox 3045 3299 3091 3344; x_wconf 92' lang='lat' dir='ltr'><strong>et</strong></span> <span class='ocrx_word' id='word_1_733' title='bbox 3111 3290 3165 3344; x_wconf 87' lang='lat' dir='ltr'><strong>in</strong></span> <span class='ocrx_word' id='word_1_734' title='bbox 3198 3290 3293 3345; x_wconf 84' lang='lat' dir='ltr'><strong>hoc</strong></span> <span class='ocrx_word' id='word_1_735' title='bbox 3319 3291 3718 3361; x_wconf 81' lang='lat' dir='ltr'><strong>ingemiscintus,</strong></span> 
     </span>
    </p>
   </div>
   <div class='ocr_carea' id='block_1_93' title="bbox 2151 3380 3718 3451">
    <p class='ocr_par' dir='ltr' id='par_1_93' title="bbox 2151 3380 3718 3451">
     <span class='ocr_line' id='line_1_93' title="bbox 2151 3380 3718 3451; baseline -0.001 -16"><span class='ocrx_word' id='word_1_736' title='bbox 2151 3384 2512 3437; x_wconf 82' lang='lat' dir='ltr'><strong>habitationem</strong></span> <span class='ocrx_word' id='word_1_737' title='bbox 2542 3391 2768 3437; x_wconf 86' lang='lat' dir='ltr'><strong>nostram</strong></span> <span class='ocrx_word' id='word_1_738' title='bbox 2790 3398 2902 3451; x_wconf 74' lang='lat' dir='ltr'><strong>qua:</strong></span> <span class='ocrx_word' id='word_1_739' title='bbox 2932 3383 2996 3436; x_wconf 90' lang='lat' dir='ltr'><strong>de</strong></span> <span class='ocrx_word' id='word_1_740' title='bbox 3023 3382 3144 3437; x_wconf 64' lang='lat' dir='ltr'><strong>calo</strong></span> <span class='ocrx_word' id='word_1_741' title='bbox 3171 3390 3266 3435; x_wconf 90' lang='lat' dir='ltr'><strong>est.</strong></span> <span class='ocrx_word' id='word_1_742' title='bbox 3290 3380 3718 3451; x_wconf 87' lang='lat' dir='ltr'><strong>lngemiscimus,</strong></span> 
     </span>
    </p>
   </div>
   <div class='ocr_carea' id='block_1_94' title="bbox 2146 3458 3714 3544">
    <p class='ocr_par' dir='ltr' id='par_1_94' title="bbox 2146 3458 3714 3544">
     <span class='ocr_line' id='line_1_94' title="bbox 2146 3458 3714 3544; baseline -0.003 -15"><span class='ocrx_word' id='word_1_743' title='bbox 2146 3458 2245 3543; x_wconf 91' lang='lat' dir='ltr'><strong>pro</strong></span> <span class='ocrx_word' id='word_1_744' title='bbox 2273 3489 2379 3544; x_wconf 91' lang='lat' dir='ltr'><strong>quo</strong></span> <span class='ocrx_word' id='word_1_745' title='bbox 2407 3475 2712 3529; x_wconf 90' lang='lat' dir='ltr'><strong>laboramus</strong></span> <span class='ocrx_word' id='word_1_746' title='bbox 2730 3515 2745 3540; x_wconf 89' lang='lat'><strong>,</strong></span> <span class='ocrx_word' id='word_1_747' title='bbox 2771 3475 2890 3544; x_wconf 87' lang='lat' dir='ltr'><strong>quia</strong></span> <span class='ocrx_word' id='word_1_748' title='bbox 2923 3489 3081 3529; x_wconf 89' lang='lat' dir='ltr'><strong>nemo</strong></span> <span class='ocrx_word' id='word_1_749' title='bbox 3107 3475 3223 3528; x_wconf 88' lang='lat' dir='ltr'><strong>sine</strong></span> <span class='ocrx_word' id='word_1_750' title='bbox 3248 3473 3448 3544; x_wconf 88' lang='lat' dir='ltr'><strong>gemitu</strong></span> <span class='ocrx_word' id='word_1_751' title='bbox 3470 3472 3677 3527; x_wconf 86' lang='lat' dir='ltr'><strong>laborat</strong></span> <span class='ocrx_word' id='word_1_752' title='bbox 3701 3489 3714 3523; x_wconf 91' lang='lat'><strong>:</strong></span> 
     </span>
    </p>
   </div>
   <div class='ocr_carea' id='block_1_95' title="bbox 2147 3566 3716 3636">
    <p class='ocr_par' dir='ltr' id='par_1_95' title="bbox 2147 3566 3716 3636">
     <span class='ocr_line' id='line_1_95' title="bbox 2147 3566 3716 3636; baseline 0.003 -18"><span class='ocrx_word' id='word_1_753' title='bbox 2147 3566 2281 3620; x_wconf 90' lang='lat' dir='ltr'><strong>sicut</strong></span> <span class='ocrx_word' id='word_1_754' title='bbox 2306 3575 2486 3635; x_wconf 86' lang='lat' dir='ltr'><strong>partus</strong></span> <span class='ocrx_word' id='word_1_755' title='bbox 2510 3567 2723 3636; x_wconf 90' lang='lat' dir='ltr'><strong>ponitur</strong></span> <span class='ocrx_word' id='word_1_756' title='bbox 2751 3581 2845 3636; x_wconf 90' lang='lat' dir='ltr'><strong>pro</strong></span> <span class='ocrx_word' id='word_1_757' title='bbox 2873 3566 3073 3622; x_wconf 91' lang='lat' dir='ltr'><strong>dolore.</strong></span> <span class='ocrx_word' id='word_1_758' title='bbox 3100 3566 3413 3634; x_wconf 76' lang='lat' dir='ltr'><strong>Superindui</strong></span> <span class='ocrx_word' id='word_1_759' title='bbox 3438 3566 3716 3635; x_wconf 73' lang='lat' dir='ltr'><strong>cupientes.</strong></span> 
     </span>
    </p>
   </div>
   <div class='ocr_carea' id='block_1_96' title="bbox 2146 3654 3715 3729">
    <p class='ocr_par' dir='ltr' id='par_1_96' title="bbox 2146 3654 3715 3729">
     <span class='ocr_line' id='line_1_96' title="bbox 2146 3654 3715 3729; baseline -0.001 -18"><span class='ocrx_word' id='word_1_760' title='bbox 2146 3654 2343 3712; x_wconf 91' lang='lat' dir='ltr'><strong>Sumus</strong></span> <span class='ocrx_word' id='word_1_761' title='bbox 2376 3673 2503 3729; x_wconf 87' lang='lat' dir='ltr'><strong>ergo</strong></span> <span class='ocrx_word' id='word_1_762' title='bbox 2545 3658 2740 3727; x_wconf 90' lang='lat' dir='ltr'><strong>aliquid</strong></span> <span class='ocrx_word' id='word_1_763' title='bbox 2782 3657 2991 3724; x_wconf 88' lang='lat' dir='ltr'><strong>induti,</strong></span> <span class='ocrx_word' id='word_1_764' title='bbox 3034 3666 3092 3713; x_wconf 90' lang='lat' dir='ltr'><strong>ut</strong></span> <span class='ocrx_word' id='word_1_765' title='bbox 3134 3660 3600 3727; x_wconf 85' lang='lat' dir='ltr'><strong>superinduamur.</strong></span> <span class='ocrx_word' id='word_1_766' title='bbox 3656 3659 3715 3713; x_wconf 88' lang='lat' dir='ltr'><strong>Si</strong></span> 
     </span>
    </p>
   </div>
   <div class='ocr_carea' id='block_1_97' title="bbox 2145 3748 3716 3817">
    <p class='ocr_par' dir='ltr' id='par_1_97' title="bbox 2145 3748 3716 3817">
     <span class='ocr_line' id='line_1_97' title="bbox 2145 3748 3716 3817; baseline -0.003 -11"><span class='ocrx_word' id='word_1_767' title='bbox 2145 3761 2313 3806; x_wconf 86' lang='lat' dir='ltr'><strong>tamen</strong></span> <span class='ocrx_word' id='word_1_768' title='bbox 2336 3750 2522 3817; x_wconf 70' lang='lat' dir='ltr'><strong>vestiti,</strong></span> <span class='ocrx_word' id='word_1_769' title='bbox 2537 3766 2638 3803; x_wconf 88' lang='lat' dir='ltr'><strong>non</strong></span> <span class='ocrx_word' id='word_1_770' title='bbox 2664 3749 2789 3803; x_wconf 89' lang='lat' dir='ltr'><strong>nudi</strong></span> <span class='ocrx_word' id='word_1_771' title='bbox 2814 3750 3146 3803; x_wconf 83' lang='lat' dir='ltr'><strong>inueniamur.</strong></span> <span class='ocrx_word' id='word_1_772' title='bbox 3167 3749 3219 3803; x_wconf 91' lang='lat' dir='ltr'><strong>Si</strong></span> <span class='ocrx_word' id='word_1_773' title='bbox 3239 3758 3412 3804; x_wconf 88' lang='lat' dir='ltr'><strong>tamen</strong></span> <span class='ocrx_word' id='word_1_774' title='bbox 3433 3748 3716 3817; x_wconf 74' lang='lat' dir='ltr'><strong>exepoliati</strong></span> 
     </span>
    </p>
   </div>
   <div class='ocr_carea' id='block_1_98' title="bbox 2142 3840 3713 3913">
    <p class='ocr_par' dir='ltr' id='par_1_98' title="bbox 2142 3840 3713 3913">
     <span class='ocr_line' id='line_1_98' title="bbox 2142 3840 3713 3913; baseline -0.004 -14"><span class='ocrx_word' id='word_1_775' title='bbox 2142 3858 2389 3913; x_wconf 89' lang='lat' dir='ltr'><strong>corpore,</strong></span> <span class='ocrx_word' id='word_1_776' title='bbox 2433 3858 2539 3896; x_wconf 91' lang='lat' dir='ltr'><strong>non</strong></span> <span class='ocrx_word' id='word_1_777' title='bbox 2565 3842 2693 3897; x_wconf 92' lang='lat' dir='ltr'><strong>nudi</strong></span> <span class='ocrx_word' id='word_1_778' title='bbox 2726 3841 3060 3897; x_wconf 87' lang='lat' dir='ltr'><strong>inveniamur</strong></span> <span class='ocrx_word' id='word_1_779' title='bbox 3081 3842 3147 3897; x_wconf 91' lang='lat' dir='ltr'><strong>ab</strong></span> <span class='ocrx_word' id='word_1_780' title='bbox 3173 3856 3354 3911; x_wconf 89' lang='lat' dir='ltr'><strong>opere.</strong></span> <span class='ocrx_word' id='word_1_781' title='bbox 3384 3841 3524 3895; x_wconf 82' lang='lat' dir='ltr'><strong>Nam</strong></span> <span class='ocrx_word' id='word_1_782' title='bbox 3550 3850 3597 3894; x_wconf 89' lang='lat' dir='ltr'><strong>et</strong></span> <span class='ocrx_word' id='word_1_783' title='bbox 3631 3840 3713 3911; x_wconf 77' lang='lat' dir='ltr'><strong>qui</strong></span> 
     </span>
    </p>
   </div>
   <div class='ocr_carea' id='block_1_99' title="bbox 2141 3930 3717 4004">
    <p class='ocr_par' dir='ltr' id='par_1_99' title="bbox 2141 3930 3717 4004">
     <span class='ocr_line' id='line_1_99' title="bbox 2141 3930 3717 4004; baseline -0.001 -18"><span class='ocrx_word' id='word_1_784' title='bbox 2141 3948 2317 3987; x_wconf 88' lang='lat' dir='ltr'><strong>sumus</strong></span> <span class='ocrx_word' id='word_1_785' title='bbox 2356 3936 2407 3985; x_wconf 90' lang='lat' dir='ltr'><strong>in</strong></span> <span class='ocrx_word' id='word_1_786' title='bbox 2448 3932 2545 3986; x_wconf 74' lang='lat' dir='ltr'><strong>hoc</strong></span> <span class='ocrx_word' id='word_1_787' title='bbox 2588 3930 3343 4004; x_wconf 76' lang='lat' dir='ltr'><strong>tabernaculo,&#39;ingemiscimus</strong></span> <span class='ocrx_word' id='word_1_788' title='bbox 3380 3932 3617 4002; x_wconf 83' lang='lat' dir='ltr'><strong>gravati,</strong></span> <span class='ocrx_word' id='word_1_789' title='bbox 3654 3946 3717 3984; x_wconf 80' lang='lat' dir='ltr'><strong>eo</strong></span> 
     </span>
    </p>
   </div>
   <div class='ocr_carea' id='block_1_100' title="bbox 2140 4022 3713 4094">
    <p class='ocr_par' dir='ltr' id='par_1_100' title="bbox 2140 4022 3713 4094">
     <span class='ocr_line' id='line_1_100' title="bbox 2140 4022 3713 4094; baseline -0.001 -17"><span class='ocrx_word' id='word_1_790' title='bbox 2140 4025 2277 4093; x_wconf 89' lang='lat' dir='ltr'><strong>quod</strong></span> <span class='ocrx_word' id='word_1_791' title='bbox 2297 4024 2531 4078; x_wconf 86' lang='lat' dir='ltr'><strong>nolumus</strong></span> <span class='ocrx_word' id='word_1_792' title='bbox 2552 4024 2829 4094; x_wconf 68' lang='lat' dir='ltr'><strong>exspoliari</strong></span> <span class='ocrx_word' id='word_1_793' title='bbox 2837 4066 2851 4090; x_wconf 90' lang='lat'><strong>,</strong></span> <span class='ocrx_word' id='word_1_794' title='bbox 2874 4023 2963 4077; x_wconf 86' lang='lat' dir='ltr'><strong>sed</strong></span> <span class='ocrx_word' id='word_1_795' title='bbox 2990 4024 3327 4092; x_wconf 84' lang='lat' dir='ltr'><strong>supervestiri.</strong></span> <span class='ocrx_word' id='word_1_796' title='bbox 3348 4023 3478 4078; x_wconf 83' lang='lat' dir='ltr'><strong>Nam</strong></span> <span class='ocrx_word' id='word_1_797' title='bbox 3497 4022 3713 4092; x_wconf 84' lang='lat' dir='ltr'><strong>etquod</strong></span> 
     </span>
    </p>
   </div>
   <div class='ocr_carea' id='block_1_101' title="bbox 2139 4112 3712 4182">
    <p class='ocr_par' dir='ltr' id='par_1_101' title="bbox 2139 4112 3712 4182">
     <span class='ocr_line' id='line_1_101' title="bbox 2139 4112 3712 4182; baseline -0.001 -14"><span class='ocrx_word' id='word_1_798' title='bbox 2139 4115 2242 4169; x_wconf 90' lang='lat' dir='ltr'><strong>vivi</strong></span> <span class='ocrx_word' id='word_1_799' title='bbox 2265 4113 2683 4169; x_wconf 86' lang='lat' dir='ltr'><strong>fuerintinventi</strong></span> <span class='ocrx_word' id='word_1_800' title='bbox 2725 4112 2775 4167; x_wconf 92' lang='lat' dir='ltr'><strong>in</strong></span> <span class='ocrx_word' id='word_1_801' title='bbox 2810 4113 3040 4168; x_wconf 78' lang='lat' dir='ltr'><strong>adventu</strong></span> <span class='ocrx_word' id='word_1_802' title='bbox 3076 4113 3321 4180; x_wconf 88' lang='lat' dir='ltr'><strong>Domini,</strong></span> <span class='ocrx_word' id='word_1_803' title='bbox 3357 4113 3459 4167; x_wconf 91' lang='lat' dir='ltr'><strong>hoc</strong></span> <span class='ocrx_word' id='word_1_804' title='bbox 3491 4114 3712 4182; x_wconf 67' lang='lat' dir='ltr'><strong>ingemio</strong></span> 
     </span>
    </p>
   </div>
   <div class='ocr_carea' id='block_1_102' title="bbox 2138 4205 3711 4276">
    <p class='ocr_par' dir='ltr' id='par_1_102' title="bbox 2138 4205 3711 4276">
     <span class='ocr_line' id='line_1_102' title="bbox 2138 4205 3711 4276; baseline -0.003 -11"><span class='ocrx_word' id='word_1_805' title='bbox 2138 4216 2359 4265; x_wconf 89' lang='lat' dir='ltr'><strong>scuntet</strong></span> <span class='ocrx_word' id='word_1_806' title='bbox 2379 4207 2641 4271; x_wconf 82' lang='lat' dir='ltr'><strong>laborant,</strong></span> <span class='ocrx_word' id='word_1_807' title='bbox 2664 4215 2721 4260; x_wconf 92' lang='lat' dir='ltr'><strong>ut</strong></span> <span class='ocrx_word' id='word_1_808' title='bbox 2735 4222 2839 4261; x_wconf 90' lang='lat' dir='ltr'><strong>non</strong></span> <span class='ocrx_word' id='word_1_809' title='bbox 2855 4205 3292 4275; x_wconf 81' lang='lat' dir='ltr'><strong>exspolienturab</strong></span> <span class='ocrx_word' id='word_1_810' title='bbox 3309 4205 3427 4275; x_wconf 89' lang='lat' dir='ltr'><strong>igne</strong></span> <span class='ocrx_word' id='word_1_811' title='bbox 3444 4221 3565 4260; x_wconf 88' lang='lat' dir='ltr'><strong>cum</strong></span> <span class='ocrx_word' id='word_1_812' title='bbox 3589 4220 3711 4276; x_wconf 88' lang='lat' dir='ltr'><strong>pec-</strong></span> 
     </span>
    </p>
   </div>
   <div class='ocr_carea' id='block_1_103' title="bbox 2137 4294 3709 4367">
    <p class='ocr_par' dir='ltr' id='par_1_103' title="bbox 2137 4294 3709 4367">
     <span class='ocr_line' id='line_1_103' title="bbox 2137 4294 3709 4367; baseline -0.005 -11"><span class='ocrx_word' id='word_1_813' title='bbox 2137 4299 2410 4357; x_wconf 90' lang='lat' dir='ltr'><strong>catoribus</strong></span> <span class='ocrx_word' id='word_1_814' title='bbox 2443 4318 2455 4353; x_wconf 92' lang='lat'><strong>:</strong></span> <span class='ocrx_word' id='word_1_815' title='bbox 2497 4300 2589 4354; x_wconf 88' lang='lat' dir='ltr'><strong>sed</strong></span> <span class='ocrx_word' id='word_1_816' title='bbox 2621 4314 2737 4353; x_wconf 92' lang='lat' dir='ltr'><strong>cum</strong></span> <span class='ocrx_word' id='word_1_817' title='bbox 2767 4297 2930 4367; x_wconf 83' lang='lat' dir='ltr'><strong>justis</strong></span> <span class='ocrx_word' id='word_1_818' title='bbox 2958 4296 3357 4351; x_wconf 86' lang='lat' dir='ltr'><strong>immortalitate</strong></span> <span class='ocrx_word' id='word_1_819' title='bbox 3398 4294 3709 4365; x_wconf 85' lang='lat' dir='ltr'><strong>superindui</strong></span> 
     </span>
    </p>
   </div>
   <div class='ocr_carea' id='block_1_104' title="bbox 2139 4387 3709 4455">
    <p class='ocr_par' dir='ltr' id='par_1_104' title="bbox 2139 4387 3709 4455">
     <span class='ocr_line' id='line_1_104' title="bbox 2139 4387 3709 4455; baseline -0.006 -8"><span class='ocrx_word' id='word_1_820' title='bbox 2139 4398 2463 4449; x_wconf 84' lang='lat' dir='ltr'><strong>mereantur.</strong></span> <span class='ocrx_word' id='word_1_821' title='bbox 2497 4390 2563 4448; x_wconf 85' lang='lat' dir='ltr'><strong>Ut</strong></span> <span class='ocrx_word' id='word_1_822' title='bbox 2589 4389 2929 4444; x_wconf 89' lang='lat' dir='ltr'><strong>absorbeatur.</strong></span> <span class='ocrx_word' id='word_1_823' title='bbox 2949 4387 3097 4455; x_wconf 85' lang='lat' dir='ltr'><strong>Quod</strong></span> <span class='ocrx_word' id='word_1_824' title='bbox 3117 4387 3452 4453; x_wconf 83' lang='lat' dir='ltr'><strong>absorbetur,</strong></span> <span class='ocrx_word' id='word_1_825' title='bbox 3481 4403 3586 4441; x_wconf 89' lang='lat' dir='ltr'><strong>non</strong></span> <span class='ocrx_word' id='word_1_826' title='bbox 3615 4403 3709 4455; x_wconf 75' lang='lat' dir='ltr'><strong>ap-</strong></span> 
     </span>
    </p>
   </div>
   <div class='ocr_carea' id='block_1_105' title="bbox 2137 4476 3712 4553">
    <p class='ocr_par' dir='ltr' id='par_1_105' title="bbox 2137 4476 3712 4553">
     <span class='ocr_line' id='line_1_105' title="bbox 2137 4476 3712 4553; baseline -0.006 -16"><span class='ocrx_word' id='word_1_827' title='bbox 2137 4492 2285 4553; x_wconf 89' lang='lat' dir='ltr'><strong>paret</strong></span> <span class='ocrx_word' id='word_1_828' title='bbox 2314 4480 2555 4552; x_wconf 87' lang='lat' dir='ltr'><strong>quamvis</strong></span> <span class='ocrx_word' id='word_1_829' title='bbox 2578 4481 2675 4535; x_wconf 90' lang='lat' dir='ltr'><strong>sit:</strong></span> <span class='ocrx_word' id='word_1_830' title='bbox 2692 4480 2829 4535; x_wconf 85' lang='lat' dir='ltr'><strong>sicut</strong></span> <span class='ocrx_word' id='word_1_831' title='bbox 2853 4478 3071 4544; x_wconf 88' lang='lat' dir='ltr'><strong>ferrum,</strong></span> <span class='ocrx_word' id='word_1_832' title='bbox 3094 4477 3140 4532; x_wconf 89' lang='lat' dir='ltr'><strong>si</strong></span> <span class='ocrx_word' id='word_1_833' title='bbox 3166 4476 3407 4531; x_wconf 90' lang='lat' dir='ltr'><strong>mittatur</strong></span> <span class='ocrx_word' id='word_1_834' title='bbox 3429 4477 3479 4529; x_wconf 88' lang='lat' dir='ltr'><strong>in</strong></span> <span class='ocrx_word' id='word_1_835' title='bbox 3505 4476 3712 4545; x_wconf 80' lang='lat' dir='ltr'><strong>ignem,</strong></span> 
     </span>
    </p>
   </div>
   <div class='ocr_carea' id='block_1_106' title="bbox 2136 4566 3707 4640">
    <p class='ocr_par' dir='ltr' id='par_1_106' title="bbox 2136 4566 3707 4640">
     <span class='ocr_line' id='line_1_106' title="bbox 2136 4566 3707 4640; baseline -0.006 -10"><span class='ocrx_word' id='word_1_836' title='bbox 2136 4584 2193 4630; x_wconf 89' lang='lat' dir='ltr'><strong>et</strong></span> <span class='ocrx_word' id='word_1_837' title='bbox 2214 4584 2461 4629; x_wconf 90' lang='lat' dir='ltr'><strong>manente</strong></span> <span class='ocrx_word' id='word_1_838' title='bbox 2488 4573 2708 4627; x_wconf 90' lang='lat' dir='ltr'><strong>materia</strong></span> <span class='ocrx_word' id='word_1_839' title='bbox 2730 4578 2897 4626; x_wconf 87' lang='lat' dir='ltr'><strong>totum</strong></span> <span class='ocrx_word' id='word_1_840' title='bbox 2927 4569 3064 4640; x_wconf 88' lang='lat' dir='ltr'><strong>ignis</strong></span> <span class='ocrx_word' id='word_1_841' title='bbox 3091 4568 3163 4624; x_wconf 88' lang='lat' dir='ltr'><strong>sit</strong></span> <span class='ocrx_word' id='word_1_842' title='bbox 3195 4585 3208 4621; x_wconf 92' lang='lat'><strong>:</strong></span> <span class='ocrx_word' id='word_1_843' title='bbox 3250 4571 3369 4636; x_wconf 88' lang='lat' dir='ltr'><strong>quia</strong></span> <span class='ocrx_word' id='word_1_844' title='bbox 3400 4568 3571 4636; x_wconf 87' lang='lat' dir='ltr'><strong>ipsum</strong></span> <span class='ocrx_word' id='word_1_845' title='bbox 3604 4566 3707 4621; x_wconf 83' lang='lat' dir='ltr'><strong>fer-</strong></span> 
     </span>
    </p>
   </div>
   <div class='ocr_carea' id='block_1_107' title="bbox 2136 4658 3709 4735">
    <p class='ocr_par' dir='ltr' id='par_1_107' title="bbox 2136 4658 3709 4735">
     <span class='ocr_line' id='line_1_107' title="bbox 2136 4658 3709 4735; baseline -0.008 -12"><span class='ocrx_word' id='word_1_846' title='bbox 2136 4686 2253 4724; x_wconf 87' lang='lat' dir='ltr'><strong>rum</strong></span> <span class='ocrx_word' id='word_1_847' title='bbox 2304 4666 2642 4735; x_wconf 56' lang='lat' dir='ltr'><strong>silendorem</strong></span> <span class='ocrx_word' id='word_1_848' title='bbox 2670 4674 2724 4720; x_wconf 91' lang='lat' dir='ltr'><strong>et</strong></span> <span class='ocrx_word' id='word_1_849' title='bbox 2763 4663 2994 4718; x_wconf 89' lang='lat' dir='ltr'><strong>calorem</strong></span> <span class='ocrx_word' id='word_1_850' title='bbox 3035 4661 3171 4731; x_wconf 84' lang='lat' dir='ltr'><strong>ignis</strong></span> <span class='ocrx_word' id='word_1_851' title='bbox 3201 4662 3509 4731; x_wconf 87' lang='lat' dir='ltr'><strong>assumpsit.</strong></span> <span class='ocrx_word' id='word_1_852' title='bbox 3559 4658 3709 4724; x_wconf 84' lang='lat' dir='ltr'><strong>Quod</strong></span> 
     </span>
    </p>
   </div>
   <div class='ocr_carea' id='block_1_108' title="bbox 2134 4748 3705 4826">
    <p class='ocr_par' dir='ltr' id='par_1_108' title="bbox 2134 4748 3705 4826">
     <span class='ocr_line' id='line_1_108' title="bbox 2134 4748 3705 4826; baseline -0.008 -13"><span class='ocrx_word' id='word_1_853' title='bbox 2134 4760 2350 4814; x_wconf 88' lang='lat' dir='ltr'><strong>mortale</strong></span> <span class='ocrx_word' id='word_1_854' title='bbox 2385 4768 2477 4812; x_wconf 85' lang='lat' dir='ltr'><strong>est.</strong></span> <span class='ocrx_word' id='word_1_855' title='bbox 2517 4756 2676 4826; x_wconf 89' lang='lat' dir='ltr'><strong>Quasi</strong></span> <span class='ocrx_word' id='word_1_856' title='bbox 2726 4765 2945 4825; x_wconf 83' lang='lat' dir='ltr'><strong>tangens</strong></span> <span class='ocrx_word' id='word_1_857' title='bbox 2983 4767 3195 4823; x_wconf 91' lang='lat' dir='ltr'><strong>corpus.</strong></span> <span class='ocrx_word' id='word_1_858' title='bbox 3240 4752 3286 4804; x_wconf 82' lang='grc' dir='ltr'><em>Α</em></span> <span class='ocrx_word' id='word_1_859' title='bbox 3330 4752 3456 4805; x_wconf 75' lang='lat' dir='ltr'><strong>vita.</strong></span> <span class='ocrx_word' id='word_1_860' title='bbox 3486 4748 3705 4804; x_wconf 57' lang='lat' dir='ltr'><strong>Alterius</strong></span> 
     </span>
    </p>
   </div>
   <div class='ocr_carea' id='block_1_109' title="bbox 2139 4842 3709 4921">
    <p class='ocr_par' dir='ltr' id='par_1_109' title="bbox 2139 4842 3709 4921">
     <span class='ocr_line' id='line_1_109' title="bbox 2139 4842 3709 4921; baseline -0.006 -18"><span class='ocrx_word' id='word_1_861' title='bbox 2139 4850 2240 4916; x_wconf 89' lang='lat' dir='ltr'><strong>Qui</strong></span> <span class='ocrx_word' id='word_1_862' title='bbox 2268 4858 2437 4903; x_wconf 88' lang='lat' dir='ltr'><strong>autem</strong></span> <span class='ocrx_word' id='word_1_863' title='bbox 2468 4848 2613 4921; x_wconf 66' lang='lat' dir='ltr'><strong>coicit</strong></span> <span class='ocrx_word' id='word_1_864' title='bbox 2643 4864 2733 4902; x_wconf 89' lang='lat' dir='ltr'><strong>nos</strong></span> <span class='ocrx_word' id='word_1_865' title='bbox 2766 4847 2821 4901; x_wconf 81' lang='lat' dir='ltr'><strong>in</strong></span> <span class='ocrx_word' id='word_1_866' title='bbox 2850 4848 2944 4899; x_wconf 82' lang='lat' dir='ltr'><strong>hoc</strong></span> <span class='ocrx_word' id='word_1_867' title='bbox 2980 4847 3145 4917; x_wconf 85' lang='lat' dir='ltr'><strong>ipsum</strong></span> <span class='ocrx_word' id='word_1_868' title='bbox 3175 4843 3333 4897; x_wconf 85' lang='lat' dir='ltr'><strong>Deus.</strong></span> <span class='ocrx_word' id='word_1_869' title='bbox 3368 4843 3535 4897; x_wconf 88' lang='lat' dir='ltr'><strong>Deum</strong></span> <span class='ocrx_word' id='word_1_870' title='bbox 3579 4842 3709 4894; x_wconf 87' lang='lat' dir='ltr'><strong>dict</strong></span> 
     </span>
    </p>
   </div>
   <div class='ocr_carea' id='block_1_110' title="bbox 2138 4932 3708 5007">
    <p class='ocr_par' dir='ltr' id='par_1_110' title="bbox 2138 4932 3708 5007">
     <span class='ocr_line' id='line_1_110' title="bbox 2138 4932 3708 5007; baseline -0.008 -13"><span class='ocrx_word' id='word_1_871' title='bbox 2138 4941 2238 4995; x_wconf 90' lang='lat' dir='ltr'><strong>hoc</strong></span> <span class='ocrx_word' id='word_1_872' title='bbox 2268 4939 2461 5007; x_wconf 87' lang='lat' dir='ltr'><strong>facere,</strong></span> <span class='ocrx_word' id='word_1_873' title='bbox 2491 4954 2559 4995; x_wconf 92' lang='lat' dir='ltr'><strong>ne</strong></span> <span class='ocrx_word' id='word_1_874' title='bbox 2603 4938 2688 4993; x_wconf 89' lang='lat' dir='ltr'><strong>cui</strong></span> <span class='ocrx_word' id='word_1_875' title='bbox 2727 4936 3037 4992; x_wconf 88' lang='lat' dir='ltr'><strong>incredibile</strong></span> <span class='ocrx_word' id='word_1_876' title='bbox 3088 4936 3377 4989; x_wconf 87' lang='lat' dir='ltr'><strong>videretur.</strong></span> <span class='ocrx_word' id='word_1_877' title='bbox 3420 4933 3522 4997; x_wconf 82' lang='lat' dir='ltr'><strong>Qui</strong></span> <span class='ocrx_word' id='word_1_878' title='bbox 3567 4932 3708 4984; x_wconf 79' lang='lat' dir='ltr'><strong>dedit</strong></span> 
     </span>
    </p>
   </div>
   <div class='ocr_carea' id='block_1_111' title="bbox 2134 5023 3706 5103">
    <p class='ocr_par' dir='ltr' id='par_1_111' title="bbox 2134 5023 3706 5103">
     <span class='ocr_line' id='line_1_111' title="bbox 2134 5023 3706 5103; baseline -0.006 -18"><span class='ocrx_word' id='word_1_879' title='bbox 2134 5033 2277 5086; x_wconf 88' lang='lat' dir='ltr'><strong>nobis</strong></span> <span class='ocrx_word' id='word_1_880' title='bbox 2307 5031 2490 5103; x_wconf 79' lang='lat' dir='ltr'><strong>pignus</strong></span> <span class='ocrx_word' id='word_1_881' title='bbox 2521 5032 2751 5101; x_wconf 83' lang='lat' dir='ltr'><strong>spiritus.</strong></span> <span class='ocrx_word' id='word_1_882' title='bbox 2774 5029 2875 5096; x_wconf 91' lang='lat' dir='ltr'><strong>Qui</strong></span> <span class='ocrx_word' id='word_1_883' title='bbox 2890 5029 3000 5097; x_wconf 83' lang='lat' dir='ltr'><strong>jam</strong></span> <span class='ocrx_word' id='word_1_884' title='bbox 3030 5027 3184 5083; x_wconf 88' lang='lat' dir='ltr'><strong>nobis</strong></span> <span class='ocrx_word' id='word_1_885' title='bbox 3211 5026 3397 5097; x_wconf 85' lang='lat' dir='ltr'><strong>pignus</strong></span> <span class='ocrx_word' id='word_1_886' title='bbox 3426 5025 3575 5079; x_wconf 90' lang='lat' dir='ltr'><strong>dedit</strong></span> <span class='ocrx_word' id='word_1_887' title='bbox 3598 5023 3706 5092; x_wconf 58' lang='lat' dir='ltr'><strong>spio</strong></span> 
     </span>
    </p>
   </div>
   <div class='ocr_carea' id='block_1_112' title="bbox 2134 5116 3706 5191">
    <p class='ocr_par' dir='ltr' id='par_1_112' title="bbox 2134 5116 3706 5191">
     <span class='ocr_line' id='line_1_112' title="bbox 2134 5116 3706 5191; baseline -0.003 -15"><span class='ocrx_word' id='word_1_888' title='bbox 2134 5124 2291 5177; x_wconf 90' lang='lat' dir='ltr'><strong>ritum</strong></span> <span class='ocrx_word' id='word_1_889' title='bbox 2311 5164 2326 5190; x_wconf 92' lang='lat'><strong>,</strong></span> <span class='ocrx_word' id='word_1_890' title='bbox 2372 5132 2431 5179; x_wconf 88' lang='lat' dir='ltr'><strong>ut</strong></span> <span class='ocrx_word' id='word_1_891' title='bbox 2457 5121 2687 5178; x_wconf 88' lang='lat' dir='ltr'><strong>sciamus</strong></span> <span class='ocrx_word' id='word_1_892' title='bbox 2715 5123 2836 5191; x_wconf 90' lang='lat' dir='ltr'><strong>quia</strong></span> <span class='ocrx_word' id='word_1_893' title='bbox 2877 5120 3130 5190; x_wconf 88' lang='lat' dir='ltr'><strong>templum</strong></span> <span class='ocrx_word' id='word_1_894' title='bbox 3160 5119 3240 5173; x_wconf 85' lang='lat' dir='ltr'><strong>sui</strong></span> <span class='ocrx_word' id='word_1_895' title='bbox 3278 5118 3499 5187; x_wconf 88' lang='lat' dir='ltr'><strong>spiritus</strong></span> <span class='ocrx_word' id='word_1_896' title='bbox 3528 5116 3706 5187; x_wconf 84' lang='lat' dir='ltr'><strong>perire</strong></span> 
     </span>
    </p>
   </div>
   <div class='ocr_carea' id='block_1_113' title="bbox 2132 5206 3702 5283">
    <p class='ocr_par' dir='ltr' id='par_1_113' title="bbox 2132 5206 3702 5283">
     <span class='ocr_line' id='line_1_113' title="bbox 2132 5206 3702 5283; baseline -0.005 -15"><span class='ocrx_word' id='word_1_897' title='bbox 2132 5228 2238 5268; x_wconf 89' lang='lat' dir='ltr'><strong>non</strong></span> <span class='ocrx_word' id='word_1_898' title='bbox 2267 5214 2481 5283; x_wconf 88' lang='lat' dir='ltr'><strong>patitur,</strong></span> <span class='ocrx_word' id='word_1_899' title='bbox 2524 5222 2579 5269; x_wconf 90' lang='lat' dir='ltr'><strong>et</strong></span> <span class='ocrx_word' id='word_1_900' title='bbox 2602 5222 2658 5267; x_wconf 92' lang='lat' dir='ltr'><strong>ut</strong></span> <span class='ocrx_word' id='word_1_901' title='bbox 2685 5211 2827 5281; x_wconf 89' lang='lat' dir='ltr'><strong>quod</strong></span> <span class='ocrx_word' id='word_1_902' title='bbox 2855 5212 3138 5281; x_wconf 87' lang='lat' dir='ltr'><strong>loquimur.</strong></span> <span class='ocrx_word' id='word_1_903' title='bbox 3171 5211 3337 5280; x_wconf 88' lang='lat' dir='ltr'><strong>ipsius</strong></span> <span class='ocrx_word' id='word_1_904' title='bbox 3363 5224 3485 5264; x_wconf 83' lang='lat' dir='ltr'><strong>esse</strong></span> <span class='ocrx_word' id='word_1_905' title='bbox 3510 5206 3702 5263; x_wconf 85' lang='lat' dir='ltr'><strong>creda-</strong></span> 
     </span>
    </p>
   </div>
   <div class='ocr_carea' id='block_1_114' title="bbox 2134 5301 3701 5375">
    <p class='ocr_par' dir='ltr' id='par_1_114' title="bbox 2134 5301 3701 5375">
     <span class='ocr_line' id='line_1_114' title="bbox 2134 5301 3701 5375; baseline -0.006 -16"><span class='ocrx_word' id='word_1_906' title='bbox 2134 5305 2222 5360; x_wconf 83' lang='lat' dir='ltr'><strong>tis.</strong></span> <span class='ocrx_word' id='word_1_907' title='bbox 2251 5304 2532 5375; x_wconf 90' lang='lat' dir='ltr'><strong>Sequitur:</strong></span> <span class='ocrx_word' id='word_1_908' title='bbox 2564 5304 2817 5358; x_wconf 85' lang='lat' dir='ltr'><strong>Audentes</strong></span> <span class='ocrx_word' id='word_1_909' title='bbox 2838 5303 2992 5373; x_wconf 87' lang='lat' dir='ltr'><strong>igitur</strong></span> <span class='ocrx_word' id='word_1_910' title='bbox 3014 5318 3230 5369; x_wconf 84' lang='lat' dir='ltr'><strong>semper,</strong></span> <span class='ocrx_word' id='word_1_911' title='bbox 3261 5309 3309 5353; x_wconf 87' lang='lat' dir='ltr'><strong>et</strong></span> <span class='ocrx_word' id='word_1_912' title='bbox 3336 5301 3545 5354; x_wconf 86' lang='lat' dir='ltr'><strong>scientes</strong></span> <span class='ocrx_word' id='word_1_913' title='bbox 3570 5316 3701 5367; x_wconf 84' lang='lat' dir='ltr'><strong>quo-</strong></span> 
     </span>
    </p>
   </div>
   <div class='ocr_carea' id='block_1_115' title="bbox 2132 5388 3693 5462">
    <p class='ocr_par' dir='ltr' id='par_1_115' title="bbox 2132 5388 3693 5462">
     <span class='ocr_line' id='line_1_115' title="bbox 2132 5388 3693 5462; baseline -0.004 -15"><span class='ocrx_word' id='word_1_914' title='bbox 2132 5395 2273 5447; x_wconf 86' lang='lat' dir='ltr'><strong>niam</strong></span> <span class='ocrx_word' id='word_1_915' title='bbox 2300 5394 2422 5447; x_wconf 86' lang='lat' dir='ltr'><strong>dum</strong></span> <span class='ocrx_word' id='word_1_916' title='bbox 2454 5409 2625 5448; x_wconf 87' lang='lat' dir='ltr'><strong>sumus</strong></span> <span class='ocrx_word' id='word_1_917' title='bbox 2665 5393 2717 5447; x_wconf 88' lang='lat' dir='ltr'><strong>in</strong></span> <span class='ocrx_word' id='word_1_918' title='bbox 2743 5408 2969 5462; x_wconf 87' lang='lat' dir='ltr'><strong>corpore.</strong></span> <span class='ocrx_word' id='word_1_919' title='bbox 3010 5391 3133 5446; x_wconf 88' lang='lat' dir='ltr'><strong>ldeo</strong></span> <span class='ocrx_word' id='word_1_920' title='bbox 3162 5388 3421 5443; x_wconf 89' lang='lat' dir='ltr'><strong>audemus</strong></span> <span class='ocrx_word' id='word_1_921' title='bbox 3462 5402 3693 5458; x_wconf 84' lang='lat' dir='ltr'><strong>sperare.</strong></span> 
     </span>
    </p>
   </div>
   <div class='ocr_carea' id='block_1_116' title="bbox 2133 5478 3699 5555">
    <p class='ocr_par' dir='ltr' id='par_1_116' title="bbox 2133 5478 3699 5555">
     <span class='ocr_line' id='line_1_116' title="bbox 2133 5478 3699 5555; baseline -0.003 -17"><span class='ocrx_word' id='word_1_922' title='bbox 2133 5483 2579 5555; x_wconf 86' lang='lat' dir='ltr'><strong>Peregrinamura</strong></span> <span class='ocrx_word' id='word_1_923' title='bbox 2616 5482 2855 5537; x_wconf 87' lang='lat' dir='ltr'><strong>Domino.</strong></span> <span class='ocrx_word' id='word_1_924' title='bbox 2902 5482 3338 5552; x_wconf 77' lang='lat' dir='ltr'><strong>I’eregrinamur.</strong></span> <span class='ocrx_word' id='word_1_925' title='bbox 3380 5480 3501 5550; x_wconf 81' lang='lat' dir='ltr'><strong>quia</strong></span> <span class='ocrx_word' id='word_1_926' title='bbox 3529 5478 3699 5533; x_wconf 72' lang='lat' dir='ltr'><strong>adhuc</strong></span> 
     </span>
    </p>
   </div>
   <div class='ocr_carea' id='block_1_117' title="bbox 2131 5568 3694 5646">
    <p class='ocr_par' dir='ltr' id='par_1_117' title="bbox 2131 5568 3694 5646">
     <span class='ocr_line' id='line_1_117' title="bbox 2131 5568 3694 5646; baseline -0.007 -15"><span class='ocrx_word' id='word_1_927' title='bbox 2131 5591 2237 5632; x_wconf 89' lang='lat' dir='ltr'><strong>non</strong></span> <span class='ocrx_word' id='word_1_928' title='bbox 2257 5590 2442 5633; x_wconf 87' lang='lat' dir='ltr'><strong>sumus</strong></span> <span class='ocrx_word' id='word_1_929' title='bbox 2472 5576 2525 5629; x_wconf 91' lang='lat' dir='ltr'><strong>in</strong></span> <span class='ocrx_word' id='word_1_930' title='bbox 2549 5575 2861 5632; x_wconf 54' lang='lat' dir='ltr'><strong>hereditate</strong></span> <span class='ocrx_word' id='word_1_931' title='bbox 2892 5583 3132 5646; x_wconf 83' lang='lat' dir='ltr'><strong>paterna;</strong></span> <span class='ocrx_word' id='word_1_932' title='bbox 3161 5589 3287 5644; x_wconf 86' lang='lat' dir='ltr'><strong>ergo</strong></span> <span class='ocrx_word' id='word_1_933' title='bbox 3318 5568 3694 5641; x_wconf 72' lang='lat' dir='ltr'><strong>utperegrini,</strong></span> 
     </span>
    </p>
   </div>
   <div class='ocr_carea' id='block_1_118' title="bbox 2130 5666 3694 5739">
    <p class='ocr_par' dir='ltr' id='par_1_118' title="bbox 2130 5666 3694 5739">
     <span class='ocr_line' id='line_1_118' title="bbox 2130 5666 3694 5739; baseline -0.005 -15"><span class='ocrx_word' id='word_1_934' title='bbox 2130 5683 2235 5724; x_wconf 90' lang='lat' dir='ltr'><strong>non</strong></span> <span class='ocrx_word' id='word_1_935' title='bbox 2266 5668 2522 5723; x_wconf 87' lang='lat' dir='ltr'><strong>debemus</strong></span> <span class='ocrx_word' id='word_1_936' title='bbox 2556 5668 2621 5723; x_wconf 90' lang='lat' dir='ltr'><strong>de</strong></span> <span class='ocrx_word' id='word_1_937' title='bbox 2654 5667 2809 5739; x_wconf 72' lang='lat' dir='ltr'><strong>huius</strong></span> <span class='ocrx_word' id='word_1_938' title='bbox 2829 5668 3009 5723; x_wconf 72' lang='lat' dir='ltr'><strong>saeculi</strong></span> <span class='ocrx_word' id='word_1_939' title='bbox 3052 5666 3212 5723; x_wconf 89' lang='lat' dir='ltr'><strong>rebus</strong></span> <span class='ocrx_word' id='word_1_940' title='bbox 3251 5676 3578 5735; x_wconf 78' lang='lat' dir='ltr'><strong>magnopere</strong></span> <span class='ocrx_word' id='word_1_941' title='bbox 3604 5676 3694 5716; x_wconf 83' lang='lat' dir='ltr'><strong>cu-</strong></span> 
     </span>
    </p>
   </div>
   <div class='ocr_carea' id='block_1_119' title="bbox 3330 5808 3365 5831">
    <p class='ocr_par' dir='ltr' id='par_1_119' title="bbox 3330 5808 3365 5831">
     <span class='ocr_line' id='line_1_119' title="bbox 3330 5808 3365 5831; baseline 0 -9"><span class='ocrx_word' id='word_1_942' title='bbox 3330 5808 3365 5831; x_wconf 42' lang='grc' dir='ltr'><strong><em>κ</em></strong></span> 
     </span>
    </p>
   </div>
  </div>
