3982 6352
204 365 310 420 565

979 371 1044 426 lN
1085 368 1467 428 EI'ISTOLAM
1507 369 1548 423 ll
1592 370 1678 421 Al)
1718 367 2124 424 COlllNTlllOS
2162 367 2673 425 COMMENTARIA.

3340 377 3442 433 566

205 498 325 539 rare
348 527 365 553 ,
409 482 504 539 sed
533 483 847 540 necessariis
884 487 1120 540 contenti
1160 501 1319 541 omne
1357 484 1676 538 desiderium
1721 493 1774 536 et
1807 486 1849 542 Α
1878 490 2011 547 rtus,
2037 493 2119 537 et:
2156 483 2268 552 Ego
2290 500 2390 538 non
2415 484 2559 553 potui
2584 484 2731 538 vobis
2759 484 2902 555 loqui
2926 486 3076 555 quasi
3094 487 3442 559 spiritalibus.

204 574 437 631 studium
470 574 787 638 habeamus,
815 577 1081 644 quomodo
1120 577 1186 630 ad
1230 576 1451 645 patriam
1499 576 1773 643 pervenire

205 666 489 733 possimus.
526 665 627 719 Per
647 667 800 735 ﬁdem
816 668 949 722 enim
977 667 1316 734 ambulamus,
1351 678 1396 719 et
1427 682 1527 719 non
1548 682 1637 737 per
1659 682 1775 735 spe-

202 757 350 812 ciem.
377 757 504 813 Fide
533 759 709 813 adhuc
732 772 1036 828 Speramns,
1064 760 1297 813 nondum
1329 759 1509 826 specie
1533 737 1775 827 posside-

203 864 343 903 mus.
367 848 622 903 Audemus
647 858 814 903 autem
832 892 848 918 ,
876 860 922 904 et
965 852 1146 904 bonam
1172 848 1479 903 voluntatem
1508 848 1768 902 habemus.

204 937 431 995 Prorsus
447 938 707 994 audenter
725 939 823 995 hoc
837 939 1099 1009 eligimus,
1116 937 1388 993 sicutalihi
1406 955 1421 992 :
1441 937 1768 992 Desiderium

202 1028 408 1084 habens
436 1028 655 1085 dissolvi
700 1038 893 1085 etcum
916 1029 1127 1085 Christo
1145 1043 1265 1084 esse
1285 1027 1453 1082 multo
1473 1027 1639 1097 magis
1660 1041 1773 1082 me-

184 1121 325 1183 lius.
354 1118 523 1193 Magis
550 1121 862 1191 peregrinari
900 1137 933 1174 a
958 1136 1186 1192 corpore.
1227 1120 1369 1175 Bene
1396 1118 1720 1188 peregrinari
1755 1134 1768 1171 :

198 1212 326 1282 quia
370 1211 439 1266 ad
467 1227 588 1267 eum
617 1226 802 1267 sumus
829 1212 1017 1267 iterum
1045 1212 1362 1281 regressuri.
1392 1208 1461 1263 Et
1501 1216 1773 1279 prmentes

198 1321 310 1359 esse
339 1305 405 1359 ad
448 1302 631 1359 Deum.
653 1303 750 1358 ille
772 1304 967 1373 ubique
990 1317 1227 1372 praesens
1258 1310 1341 1357 est
1386 1316 1403 1356 :
1433 1300 1527 1356 sed
1557 1314 1655 1355 nos
1694 1300 1769 1353 illi

198 1405 330 1451 tunc
357 1396 526 1465 magis
553 1408 737 1450 sumus
757 1394 1149 1463 quodammodo
1176 1400 1487 1462 prementes,
1511 1404 1632 1446 cum
1657 1403 1773 1445 car-

198 1488 286 1539 nis
311 1485 563 1541 Fuerimus
589 1483 873 1554 fragilitate
898 1484 1145 1554 seiuncti.
1168 1482 1234 1536 Et
1257 1483 1372 1536 ideo
1397 1480 1768 1546 contendimus,

199 1576 305 1629 sive
329 1575 553 1629 absentes
572 1575 674 1629 sive
694 1583 985 1643 prcesentes,
1010 1574 1209 1644 placere
1227 1574 1330 1628 illi.
1345 1572 1460 1627 iam
1486 1572 1621 1627 tales
1641 1586 1772 1627 cun-

186 1666 466 1725 tendimus
513 1680 635 1722 esse
676 1665 836 1720 modo
874 1674 996 1719 actu
1020 1702 1036 1730 ,
1068 1664 1252 1734 quales
1280 1663 1444 1718 futuri
1487 1678 1674 1719 sumus
1716 1662 1770 1717 in

200 1771 365 1827 regno
393 1757 693 1811 substantia
724 1753 1174 1822 incorruptibiles,
1206 1752 1323 1809 sine
1369 1753 1532 1815 dubio
1572 1763 1625 1809 et
1648 1768 1771 1823 per-

1878 570 2259 638 Descendebat,
2284 588 2406 627 cum
2435 574 2643 629 dicebat
2669 574 2883 645 :Neque
2910 576 3053 632 enim
3104 578 3335 633 iudicavi
3359 597 3445 636 tne

1873 664 2011 717 scire
2034 663 2231 734 aliquid
2257 666 2394 721 inter
2417 682 2534 736 vos,
2572 668 2671 721 nisi
2693 668 2961 724 Christum
2984 669 3187 736 Jesum,
3218 681 3274 727 et
3304 672 3444 729 hunc

1870 760 2201 814 crucifixum.
2232 760 2469 815 Charitas
2499 765 2631 815 enim
2661 763 2852 818 Christi
2873 774 3019 835 urget
3050 781 3162 820 nos.
3214 764 3444 821 Necesse

1872 860 1953 905 est
1980 867 2076 905 nos
2104 852 2334 921 aliquam
2368 861 2569 921 partem
2600 854 2714 922 ejus
2751 855 3044 924 rependere
3086 857 3350 921 charitati,
3388 867 3444 911 ut

1871 956 1967 1008 pro
1994 939 2108 1010 ejus
2130 957 2356 1010 corpore
2386 958 2449 1010 pa
2481 944 2769 1013 iamur,qui
2795 947 2927 999 mori
2955 960 3051 1014 pro
3073 954 3249 1000 nostra
3270 958 3443 1000 morte

1870 1034 2115 1102 dignatus
2142 1043 2244 1087 est.
2277 1033 2581 1088 ludicantes
2607 1035 2724 1088 hoc.
2756 1037 3157 1107 Recogitantes,
3177 1038 3289 1092 sive
3309 1039 3443 1092 arbi-

1873 1132 2092 1178 trantes.
2125 1125 2380 1191 Quoniam
2408 1125 2455 1177 si
2480 1141 2609 1178 unus
2650 1143 2742 1195 pro
2791 1128 3019 1181 omnibus
3068 1138 3298 1181 mortuus
3348 1141 3441 1191 est,

1871 1230 1990 1283 ergo
2016 1230 2187 1268 omnes
2211 1216 2399 1268 mortui
2424 1224 2560 1268 sunt.
2609 1214 2674 1268 Et
2700 1233 2790 1283 pro
2839 1219 3069 1272 omnibus
3120 1228 3347 1273 mortuus
3369 1230 3443 1273 est

1871 1305 2121 1361 Christus.
2150 1306 2306 1361 Solus
2337 1309 2582 1361 inventus
2609 1319 2709 1373 eSI,
2741 1308 2828 1377 qui
2880 1320 2937 1363 ut
2966 1310 3301 1364 immaculata
3344 1311 3443 1363 ho-

1871 1398 1971 1453 stia
1996 1412 2091 1465 pro
2116 1398 2363 1452 omnibus
2394 1407 2712 1464 moreretur,
2732 1414 2827 1466 pro
2855 1401 2934 1453 eis
2960 1401 3048 1470 qui
3074 1412 3224 1455 erant
3249 1404 3440 1456 mortui

1872 1489 1923 1542 in
1943 1489 2192 1556 peccatis.
2227 1488 2295 1544 Ut
2333 1500 2379 1543 et
2408 1490 2494 1556 qui
2523 1491 2715 1545 vivunt.
2756 1491 2815 1545 Ei
2856 1491 3109 1547 debemus
3146 1494 3305 1547 vitam
3345 1508 3444 1547 no-

1870 1590 2059 1646 stram,
2088 1581 2178 1649 qui
2200 1596 2316 1635 eam
2348 1582 2400 1635 in
2429 1582 2580 1636 nobis
2605 1597 2699 1636 sua
2732 1592 2904 1638 morte
2935 1584 3316 1638 reddidit.Jam
3344 1602 3444 1639 non

1870 1674 1966 1727 sibi
1993 1675 2181 1743 vivant,
2210 1674 2299 1727 sed
2321 1674 2370 1727 ei
2395 1675 2479 1741 qui
2506 1690 2599 1742 pro
2627 1676 2753 1743 ipsis
2792 1686 3019 1730 mortuus
3086 1687 3179 1730 est.
3231 1676 3283 1731 Si
3326 1677 3444 1743 quis

1874 1779 1996 1819 suas
2032 1764 2352 1829 voluntates,
2370 1773 2423 1819 et
2449 1779 2555 1819 non
2574 1765 2668 1819 Dei
2687 1764 2830 1829 facit,
2853 1766 2951 1821 sibi
2968 1767 3131 1831 vivit;
3174 1767 3313 1820 unde
3338 1766 3440 1819 Do.

200 1847 348 1904 fecti.
376 1848 562 1903 Omnes
585 1849 719 1903 enim
746 1862 836 1901 nos
866 1846 1182 1914 manifestari
1200 1853 1395 1914 oportet
1410 1854 1529 1898 ante
1549 1843 1773 1899 tribunal
1807 1840 1850 1899 Β
1879 1856 2054 1909 minus
2083 1871 2097 1908 ε
2127 1855 2184 1910 Si
2205 1854 2326 1924 quis
2355 1854 2487 1919 vult,
2522 1852 2713 1923 inquit,
2739 1862 2860 1923 post
2881 1868 2966 1910 me
2987 1856 3190 1921 venire,
3219 1857 3445 1923 abneget.

196 1941 410 1995 Christi.
434 1939 537 1995 Pro
557 1937 921 2009 magnitudine
949 1937 1226 2005 potestatis
1245 1944 1301 1991 et
1322 1935 1537 2007 judicis,
1561 1934 1767 2006 magni-

197 2031 332 2085 tudo
358 2031 636 2085 tribunalis
658 2039 712 2084 et
722 2028 913 2099 judicii
933 2026 1242 2083 aestimanda
1260 2035 1347 2082 est
1369 2043 1383 2080 :
1411 2034 1608 2097 quanto
1628 2026 1768 2082 enim

200 2123 376 2190 major
408 2130 642 2190 potestas
665 2121 884 2191 judicis,
912 2127 1061 2175 tanto
1085 2119 1256 2188 major
1278 2128 1450 2175 terror
1466 2118 1652 2189 judicii
1679 2121 1768 2183 sit,

198 2224 424 2266 necesse
444 2219 543 2265 est.
577 2208 645 2265 Ut
665 2214 852 2280 referat
876 2210 1239 2279 unusquisque.
1265 2209 1526 2278 Recipiat.
1550 2209 1770 2280 Propria

191 2303 450 2372 corporis,
485 2310 633 2373 prout
657 2303 829 2373 gessit.
861 2301 997 2366 Quid
1024 2309 1109 2356 est
1131 2301 1422 2357 secundum
1444 2316 1505 2357 ea
1527 2316 1646 2371 qua:
1677 2316 1771 2370 per

191 2405 394 2459 corpus
415 2392 611 2459 gessit,
658 2391 759 2445 nisi
786 2390 1077 2445 secundum
1107 2404 1169 2444 ea
1196 2404 1317 2460 qua:
1350 2393 1518 2460 gessit
1539 2404 1605 2446 eo
1629 2398 1768 2445 tem-

185 2496 329 2549 ,j‘ore
386 2495 490 2551 quo
537 2481 590 2534 in
627 2494 853 2549 corpore
899 2479 1040 2536 fuit?
1076 2479 1208 2547 Quia
1260 2480 1329 2535 de
1372 2480 1771 2536 resurrectione

193 2580 417 2637 tractat,
444 2571 558 2626 vult
582 2570 866 2627 ostendere
896 2570 951 2626 in
981 2571 1229 2627 omnibus
1252 2573 1483 2627 animam
1519 2587 1614 2641 per
1644 2586 1766 2627 cor-

192 2679 296 2733 pus
322 2672 596 2733 operatam
646 2678 803 2729 esse,
844 2664 1077 2733 quandiu
1104 2664 1158 2719 in
1195 2678 1421 2735 corpore
1448 2666 1600 2720 vixit.
1636 2665 1767 2721 Nam

193 2755 373 2810 anima
414 2756 537 2810 sine
580 2770 809 2824 corpore
837 2764 1051 2826 peccat,
1081 2770 1277 2826 corpus
1303 2757 1420 2812 sine
1453 2757 1627 2812 anima
1660 2773 1767 2813 non

189 2853 391 2915 potest.
424 2846 543 2902 Sive
564 2847 777 2914 malum,
797 2847 902 2902 sive
928 2848 1133 2902 bonum.
1163 2847 1432 2903 Discedite
1450 2862 1480 2904 a
1511 2862 1628 2916 me,
1656 2862 1770 2902 ma-

188 2937 406 3004 ledicti;
430 2939 632 3005 venite,
660 2939 925 2995 benedicti
954 2940 1124 2995 Patris
1147 2941 1271 2996 mei.
1297 2940 1596 2996 Notandum
1646 2942 1766 3011 quia

184 3042 350 3098 paena
388 3029 508 3083 mali
541 3028 735 3084 malum
766 3029 982 3084 dicitur.
1010 3029 1239 3084 Scientes
1268 3045 1384 3100 ergo
1406 3031 1634 3084 timorem
1657 3030 1765 3084 Do-

183 3118 318 3171 mini
346 3118 632 3172 hominibus
653 3118 948 3183 suademus,
972 3117 1080 3171 Deo
1100 3128 1268 3171 autem
1291 3121 1544 3188 manifesti
1563 3136 1759 3173 sumus.

1871 1947 2141 2018 seipsum,
2176 1955 2230 2000 et
2259 1946 2479 2015 reliqua.
2516 1944 2582 1997 Et
2635 1947 2932 1998 resurrexit.
2984 1946 3208 2015 Semper
3287 1948 3442 2000 morti

1872 2037 2316 2093 resurrectionem
2341 2036 2771 2106 jungit,proptcr
2789 2036 3124 2089 caltim:.iam.
3156 2035 3337 2103 Itaque
3351 2052 3443 2088 nos

1872 2128 2049 2183 exltoc
2074 2128 2324 2181 neminem
2364 2127 2595 2180 novimus
2631 2126 2907 2180 secundum
2942 2141 3167 2178 carnem.
3213 2125 3343 2191 Quia
3367 2124 3444 2177 illi

1873 2226 2107 2273 veterum
2120 2218 2361 2285 exempla
2377 2215 2667 2270 Corinthiis
2680 2215 3066 2285 proponebant,
3076 2216 3341 2270 neminem
3356 2230 3443 2267 no-

1871 2307 2042 2362 vimus
2066 2308 2349 2362 carnaliter
2372 2306 2741 2361 circumcisum
2764 2349 2777 2374 ,
2809 2306 3144 2360 etcarnalem
3157 2306 3441 2359 sabbatum

1869 2398 2269 2463 observantem,
2298 2398 2496 2452 nullius
2512 2397 2711 2451 veteris
2732 2395 3004 2466 sequimur
3022 2396 3350 2465 exemplum.
3376 2397 3444 2448 Et

1870 2487 1914 2540 si
1930 2486 2255 2557 cognovimus
2274 2485 2552 2539 secundum
2565 2500 2765 2539 carnem
2784 2482 3069 2538 Christum.
3092 2484 3310 2539 Etiamsi
3324 2484 3440 2551 ipse

1869 2577 2116 2633 Christus
2142 2577 2429 2631 carnaliter
2448 2575 2794 2631 circumcisus
2829 2585 2930 2642 est,
2977 2583 3032 2630 et
3078 2591 3199 2631 cum
3242 2574 3443 2632 Judmis

1869 2670 2049 2724 omnia
2075 2668 2383 2723 celebravit.
2415 2667 2520 2721 Sed
2549 2678 2668 2734 post
2695 2668 3146 2722 resurrectionem
3188 2666 3303 2735 ejus
3331 2666 3440 2720 Nn-

1868 2776 1993 2815 vum
2009 2770 2091 2817 est
2104 2760 2522 2827 Testamentum.
2542 2758 2647 2813 Sed
2666 2774 2796 2812 nunc
2804 2762 2920 2831 jam
2936 2775 3034 2812 non
3051 2759 3299 2812 novimus.
3322 2758 3438 2813 iam

1878 2865 1983 2906 non
2011 2850 2252 2904 novimus
2279 2849 2501 2904 ulterius
2527 2863 2805 2917 passurum
2844 2849 3137 2913 Christum,
3164 2847 3254 2917 qui
3282 2850 3443 2917 spiri«

1870 2942 2046 2996 taliter
2073 2954 2197 2996 eum
2226 2949 2345 3007 post
2368 2940 2811 2993 resurrectionem
2838 2949 3002 2993 tutum
3032 2938 3195 2993 Deum
3224 2953 3345 2994 esse
3371 2940 3445 2992 in-

1870 3033 2169 3102 telligimus.
2203 3032 2265 3087 Si
2289 3047 2390 3101 qua
2413 3046 2535 3101 ergo
2560 3030 2612 3083 in
2638 3030 2837 3085 Christo
2859 3047 2987 3085 nova
3007 3041 3254 3096 creatura,
3277 3040 3443 3084 vetera

1871 3124 2200 3177 transierunt.
2236 3121 2292 3176 Si
2317 3122 2437 3191 quis
2458 3136 2628 3176 novus
2653 3132 2752 3187 est,
2781 3136 2918 3176 nova
2962 3123 3014 3175 in
3042 3122 3258 3176 Christo
3286 3136 3439 3174 crea-

188 3210 437 3266 Scientes
463 3226 603 3281 quan
632 3224 694 3264 us
743 3211 814 3265 sit
852 3218 1027 3266 metus
1058 3209 1243 3279 judicii
1281 3210 1373 3267 Dei
1400 3252 1415 3275 ,
1458 3211 1757 3265 hominibus
1783 3196 1831 3256 C
1868 3222 2006 3277 tura,
2028 3210 2287 3279 intelligat
2319 3209 2497 3263 omnia
2518 3218 2698 3263 vetera
2725 3221 2822 3262 suo
2840 3220 3078 3277 tempore
3098 3223 3217 3263 esse
3231 3208 3435 3275 disjun-

187 3302 499 3367 suademus,
522 3312 580 3357 ut
607 3310 833 3357 caveant
864 3302 915 3356 in
943 3317 1067 3358 eum
1090 3301 1347 3357 incidere.
1377 3302 1482 3356 Deo
1508 3318 1618 3357 rero
1644 3318 1760 3356 ma-

187 3393 365 3461 nifesti
419 3409 616 3447 sumus.
668 3392 724 3447 Si
782 3406 939 3462 quam
982 3392 1272 3457 docemus,
1334 3391 1492 3446 aliter
1532 3392 1757 3462 agimus.

184 3485 355 3555 Spero
386 3494 554 3537 autem
588 3491 635 3537 et
684 3484 735 3538 in
768 3484 1086 3539 conscientiis
1114 3483 1290 3538 vestris
1331 3484 1627 3554 manifestos
1672 3500 1761 3538 nos

186 3588 314 3627 esse.
368 3571 619 3639 Quamvis
648 3571 799 3627 vobis
844 3572 911 3627 de
958 3572 1113 3627 nobis
1142 3572 1280 3628 male
1309 3581 1616 3645 suggestum
1653 3574 1758 3641 sit,

186 3672 319 3731 puto
346 3668 520 3717 tamen
566 3662 706 3733 quod
738 3676 841 3717 nou
872 3661 1093 3731 recipiat
1121 3670 1298 3717 vestra
1324 3663 1649 3737 conscientia
1693 3663 1762 3719 de

185 3754 347 3809 nobis
366 3754 522 3809 a'iter
550 3754 805 3824 suspicari
860 3768 1016 3823 quam
1044 3754 1215 3820 novit,
1249 3769 1349 3809 nec
1392 3755 1565 3824 possit
1592 3757 1761 3826 magis

184 3847 308 3901 aliis
352 3845 511 3902 ﬁdem
562 3846 968 3902 accommodare
1031 3863 1187 3917 quam
1236 3847 1361 3903 sibi.
1417 3847 1537 3901 Non
1579 3848 1762 3903 iterum

185 3938 523 4007 nosmetipsos
597 3939 1007 4009 commendamu‘
1070 3939 1231 3993 vobis.
1307 3939 1441 4006 Quia
1516 3942 1763 4011 superius

186 4027 399 4083 dixerat
423 4043 480 4081 sc
506 4027 952 4088 commendatitiis
981 4043 1085 4083 non
1114 4042 1292 4097 egere.
1326 4029 1431 4083 Sed
1452 4031 1763 4085 occasionem

186 4117 375 4171 damus
420 4117 556 4171 vobis
612 4118 868 4188 gloriandi
920 4134 1016 4187 pro
1070 4119 1231 4173 nobis.
1291 4119 1488 4175 Contra
1536 4121 1761 4190 pseudo-

184 4196 496 4278 apostolos,
542 4210 630 4279 qui
678 4208 755 4265 eis
796 4208 968 4279 primo
1007 4224 1106 4278 per
1149 4208 1533 4265 detractionem
1582 4211 1761 4266 odium

183 4302 308 4371 ejus
350 4303 589 4357 inserere
622 4301 900 4368 volebant,
945 4310 1003 4356 ut
1029 4302 1107 4356 eis
1150 4302 1278 4357 lides
1306 4303 1511 4358 facilius
1541 4303 1765 4359 babere-

185 4401 296 4446 tur.
332 4392 399 4447 Ut
449 4392 671 4445 habeatis
717 4392 785 4444 ad
822 4408 927 4445 eos.
974 4391 1110 4457 Quid
1150 4393 1534 4460 respondeatis.
1572 4393 1674 4459 Qui
1712 4394 1763 4446 in

184 4482 325 4550 (acie
358 4481 667 4551 gloriantur,
709 4489 753 4533 et
797 4496 899 4533 non
937 4480 992 4533 in
1040 4480 1212 4535 corde.
1265 4482 1366 4545 Qui
1411 4496 1530 4536 cum
1578 4482 1643 4535 ad
1685 4482 1762 4536 ia-

1865 3311 1972 3364 cta,
2000 3308 2054 3354 et
2081 3300 2241 3354 modo
2271 3313 2409 3352 novo
2431 3313 2579 3354 more
2607 3298 2914 3354 vivendum.
2942 3298 3069 3352 Ecce
3113 3301 3252 3365 facta
3298 3309 3435 3353 sunt.

1868 3391 2167 3448 Secundum
2197 3389 2406 3444 lsaiam.
2435 3390 2620 3443 Omn'a
2646 3405 2795 3444 nova.
2817 3388 2949 3458 Quia
2987 3390 3145 3445 etiam
3178 3405 3438 3460 prrccepta

1867 3484 2114 3538 innovata
2143 3493 2288 3547 sunt,
2316 3483 2441 3537 dum
2480 3481 2768 3553 implentur
2818 3498 2911 3551 per
2956 3482 3178 3552 gratiam
3213 3480 3433 3536 Christi.

1870 3576 2053 3630 Omnia
2071 3586 2239 3630 autem
2267 3593 2331 3631 ex
2357 3576 2486 3631 Deo.
2512 3577 2579 3632 Et
2607 3590 2741 3631 nova
2771 3585 2827 3633 et
2871 3584 3051 3632 vetera
3096 3576 3164 3630 ab
3194 3591 3298 3630 uno
3330 3576 3439 3630 Deo

1868 3682 1964 3737 pro
1993 3667 2303 3723 diversitate
2324 3675 2624 3737 temporum
2644 3674 2769 3721 sunt
2787 3666 2994 3723 effecta.-
3016 3665 3121 3733 Qui
3134 3666 3436 3720 reconcilia-

1864 3763 1933 3817 vit
1975 3779 2085 3817 nos.
2102 3763 2232 3831 Quia
2249 3779 2345 3834 per
2370 3775 2584 3834 peccata
2607 3765 2676 3819 ab
2696 3777 2764 3820 eo
2793 3766 3063 3820 fueramus
3090 3765 3289 3819 aversi.
3325 3764 3438 3821 Sibi

1865 3870 1952 3924 per
1981 3853 2260 3910 Christum.
2291 3856 2393 3911 Per
2417 3855 2725 3927 sanguinem
2760 3864 2816 3910 et
2861 3855 3160 3924 exemplum
3193 3854 3389 3910 Christi
3419 3874 3433 3909 :

1864 3948 1987 4015 quia
2013 3956 2069 4002 et
2100 3947 2347 4017 redemit,
2376 3958 2429 4003 et
2454 3948 2653 4003 docuit.
2689 3946 2754 4001 Et
2776 3948 2911 4002 dedit
2937 3948 3082 4002 nobis
3103 3948 3434 4002 ministerium

1864 4038 2309 4093 reconciliationis.
2342 4037 2409 4093 Ut
2437 4047 2490 4093 et
2520 4051 2616 4092 nos
2645 4037 2779 4092 alios
2809 4037 3235 4093 reconciliemus.
3294 4038 3436 4102 Quo-

1866 4127 2004 4180 niam
2019 4128 2222 4194 quidem
2254 4125 2390 4179 Deus
2404 4135 2511 4180 erat
2535 4129 2589 4179 in
2614 4124 2814 4180 Christo
2840 4128 3085 4179 mundum
3106 4127 3438 4180 reconcilians

1873 4216 1988 4270 sibi.
2020 4215 2136 4270 Non
2164 4215 2338 4269 solum
2372 4214 2531 4268 homo
2556 4225 2672 4268 erat
2692 4213 2957 4276 Christus,
2985 4214 3076 4266 sed
3123 4222 3177 4266 et
3197 4213 3355 4273 DI'US,
3383 4214 3435 4265 id

1866 4314 1968 4369 est,
2002 4305 2144 4358 Deus
2176 4305 2335 4357 homo
2354 4303 2646 4358 secundum
2705 4301 3042 4370 praesentiam
3087 4302 3283 4368 ubique
3329 4311 3433 4366 est,

1868 4407 1975 4445 non
1992 4391 2283 4446 secundum
2302 4390 2578 4450 eti'ectum;
2608 4390 2661 4441 in
2681 4387 2892 4441 Christo
2917 4396 3093 4440 autem
3116 4388 3291 4441 omnis
3322 4388 3437 4454 ple-

1870 4480 2051 4535 nitudo
2079 4478 2374 4534 divinitatis
2399 4477 2677 4534 inhabitat.
2706 4477 2828 4531 Non
2856 4486 3092 4547 reputans
3127 4477 3230 4533 illis
3250 4478 3434 4532 delicta

184 4575 327 4626 ciem
358 4568 648 4639 gloriantur
681 4569 748 4623 de
770 4583 863 4623 sua
885 4567 1089 4638 justitia
1118 4579 1169 4622 et
1199 4579 1379 4625 nostra
1421 4571 1760 4637 inﬁrmitate,
1795 4572 1846 4631 D
1868 4568 2355 4639 ipsarumJlocest,
2374 4567 2654 4637 indulgens
2683 4584 2777 4636 per
2795 4566 2963 4622 solam
2996 4569 3438 4640 lidem,qu:cgra~

184 4659 372 4714 cordis
428 4658 508 4712 sui
550 4659 849 4713 testimonio
893 4660 1268 4728 revincuntur,
1317 4661 1431 4717 sive
1469 4663 1521 4716 in
1564 4677 1755 4717 carna-

189 4749 331 4804 libus
382 4748 632 4819 operibus
682 4749 833 4819 legis.
868 4748 987 4805 Sive
1042 4751 1177 4804 enim
1233 4762 1398 4807 mente
1448 4755 1758 4822 accedimus,

192 4840 302 4896 Deo
332 4858 350 4895 :
376 4842 478 4895 sive
502 4841 658 4895 sobrii
682 4858 880 4908 sumus,
910 4842 1072 4913 vobis.
1117 4843 1341 4910 Quidam
1390 4844 1601 4913 dicunt,
1649 4847 1762 4902 sive

188 4948 351 5003 super
378 4931 642 4986 hominem
667 4932 921 5001 sapimus,
941 4932 991 4987 id
1004 4941 1106 5000 est,
1122 4934 1175 4988 in
1188 4936 1382 4990 exstasi
1398 4952 1603 5006 sumus,
1618 4937 1757 4995 Deo:

188 5026 313 5095 quia
344 5023 463 5093 plus
493 5032 756 5090 estquam
786 5022 1071 5077 humanum
1101 5024 1241 5092 quod
1295 5026 1564 5094 loquimur
1596 5045 1610 5081 :
1644 5030 1760 5084 sive

192 5121 379 5167 nostro
401 5126 557 5166 sensu
578 5112 864 5181 loquimur,
894 5112 1059 5165 vobis.
1086 5112 1258 5168 Mente
1282 5117 1543 5171 excedere
1571 5118 1764 5173 dicitur

190 5207 399 5270 doctor,
428 5204 639 5273 quando
664 5204 769 5256 alta
792 5212 848 5257 et
870 5202 1128 5270 spiritalia
1150 5204 1385 5272 loquitur
1419 5221 1434 5257 :
1488 5216 1545 5259 ut
1571 5207 1760 5263 beatus

191 5301 426 5353 Joannes
459 5315 472 5350 :
499 5297 553 5350 In
584 5295 846 5365 principio
875 5305 987 5349 erat
1012 5295 1267 5362 Verbum,
1298 5305 1352 5351 et
1382 5298 1603 5366 reliqua.
1670 5298 1763 5354 So-

192 5390 307 5444 hrie
331 5388 663 5458 loquebatur,
691 5385 903 5456 quando
950 5400 1010 5441 se
1041 5386 1350 5440 humiliabat
1392 5387 1577 5441 dicens
1607 5388 1763 5442 :Ver-

192 5482 318 5535 butn
346 5493 471 5532 caro
502 5478 694 5532 factum
720 5485 829 5541 est;
854 5478 993 5541 quod
1021 5477 1180 5530 etiam
1197 5476 1567 5545 signiﬁcabant
1587 5480 1758 5547 angeli

194 5572 247 5626 in
279 5576 442 5637 scala,
459 5584 614 5636 quam
636 5566 959 5630 viditlacob,
974 5567 1327 5623 ascendentes
1345 5578 1400 5623 et
1425 5569 1758 5625 descenden-

197 5674 296 5724 tes,
323 5661 375 5716 id
396 5671 497 5727 est,
520 5662 787 5722 doctores,
811 5666 868 5713 ut
896 5661 1007 5728 ipse
1030 5660 1215 5713 beatus
1263 5659 1457 5714 Paulus
1509 5662 1766 5717 ascende-

196 5752 306 5818 bat,
339 5766 457 5806 cum
489 5749 698 5805 diccbat
728 5766 740 5803 :
768 5748 1093 5818 Sapientiam
1117 5747 1381 5817 quuimur
1405 5750 1544 5806 inter
1586 5752 1759 5822 peric-

1871 4663 1937 4717 tis
1952 4660 2144 4715 donata
2175 4667 2281 4715 est.
2310 4659 2374 4712 Et
2394 4660 2561 4729 posuit
2586 4659 2639 4713 in
2659 4660 2798 4713 nobis
2821 4662 3021 4713 verbum
3069 4662 3439 4716 reconciliatio-

1869 4754 1969 4808 nis.
1999 4752 2533 4818 Przedicationem,ut
2555 4767 2649 4821 pro
2671 4753 2883 4807 Christo
2904 4767 3001 4808 nos
3030 4754 3438 4809 reconciliemus

1869 4844 2113 4900 homines
2142 4843 2272 4898 Deo.
2313 4841 2419 4897 Pro
2448 4840 2655 4897 Christo
2701 4858 2822 4914 ergo
2873 4843 3122 4913 legatione
3152 4844 3433 4914 fungimur.

1868 4934 2033 5003 Cujus
2059 4934 2173 4988 vice
2198 4932 2353 5002 legati
2376 4947 2558 4986 sumus
2585 4932 2698 4988 Dei.
2730 4931 2995 5002 Tanquam
3017 4931 3124 4985 Deo
3142 4934 3440 4986 exhortante

1872 5042 1960 5095 per
1985 5041 2097 5079 nos.
2129 5025 2242 5079 Non
2264 5040 2329 5079 ex
2354 5023 2507 5078 nobis
2530 5024 2778 5088 dicimus,
2812 5025 2906 5079 sed
2950 5024 3090 5080 Deus
3112 5038 3206 5093 per
3229 5038 3325 5077 nos
3360 5026 3437 5075 lo-

1869 5118 2069 5186 quitur.
2102 5112 2456 5169 Obsecremus.
2481 5114 2536 5168 ld
2565 5124 2670 5179 est,
2689 5124 2936 5184 tanquam
2955 5128 3049 5169 vos
3070 5113 3313 5168 Christus
3338 5116 3433 5166 oh-

1869 5216 2061 5262 secret.
2081 5206 2219 5272 Quid
2256 5205 2583 5260 reconciliari
2616 5205 2759 5259 Deo?
2790 5205 2910 5275 quia
2950 5204 3150 5259 inimici
3180 5218 3394 5258 eramus
3422 5221 3434 5254 :

1869 5312 2027 5354 nemo
2053 5296 2196 5352 enim
2217 5295 2612 5362 reconciliatur,
2641 5295 2743 5350 nisi
2765 5310 2831 5349 ex
2851 5293 3164 5349 inimicitiis.
3187 5292 3437 5347 Inimicus

1866 5396 2042 5443 autem
2066 5401 2162 5442 nos
2192 5402 2298 5441 non
2330 5396 2538 5453 natura,
2569 5385 2661 5441 sed
2693 5396 2913 5456 peccata
2960 5384 3241 5441 fecerunt:
3293 5384 3434 5438 unde

1867 5480 2065 5536 inimici
2084 5480 2246 5547 illius,
2280 5480 2401 5536 inde
2415 5480 2555 5535 servi
2605 5479 2830 5548 peccati.
2850 5479 3130 5545 Quomodo
3145 5487 3323 5534 autem
3348 5495 3433 5534 τε-

1865 5570 2234 5637 conciliamur,
2260 5571 2366 5626 nisi
2400 5572 2635 5626 solvatur
2655 5570 2795 5639 quod
2816 5570 2953 5625 inter
2968 5578 3128 5626 noset
3151 5569 3323 5639 ipsum
3347 5585 3434 5625 se-

1868 5670 2040 5731 parat,
2071 5661 2172 5715 hoc
2191 5669 2293 5725 cst,
2316 5661 2629 5731 peccatu'n?
2658 5670 2708 5714 ct
2736 5659 2858 5715 ideo
2886 5660 3149 5716 mediator
3177 5661 3436 5716 Dominus

1871 5752 2134 5817 Christus,
2158 5752 2244 5822 qui
2270 5751 2435 5808 tactus
2467 5760 2545 5807 cst
2571 5752 2909 5817 sacriﬁcium,
2936 5766 3030 5822 pro
3060 5760 3275 5823 peccato
3304 5751 3441 5811 olle-1
