3982 6352
494 350 595 406 567

1610 347 1907 405 PRIMASII
1947 345 2402 404 ADRUMETANI
2444 346 2654 406 EPISC.

3669 357 3785 414 568

492 475 615 517 rens
644 461 901 533 seipsum.
937 461 1044 518 Pro
1069 461 1823 519 ChristoreconciliaminiDeo.
1845 461 1955 517 Hoc
1967 467 2072 526 est,
2109 469 2148 522 Α
2179 461 2387 517 dicatur
2413 477 2442 515 a
2469 459 2641 526 vobis,
2667 462 2872 520 Fauces
2899 464 3015 535 ejus
3041 464 3362 537 dulcedinis,
3380 476 3434 525 ct
3463 477 3605 526 totus
3628 470 3782 526 desi-

491 553 608 611 vice
644 557 843 613 Christi
869 572 1147 628 rogamus,
1188 565 1246 610 ut
1285 556 1672 612 convertamini
1712 567 1766 612 et
1812 556 2072 612 credatis.

494 648 630 703 Eum
654 652 744 722 qui
781 669 883 706 non
911 662 1112 706 noverat
1131 660 1414 720 peccatum.
1459 653 1600 706 Dens
1643 653 1823 726 Pater,
1872 653 2074 708 scilicet

494 739 715 796 Filium.
747 741 854 796 Pro
889 744 1030 797 nobis
1053 743 1169 811 fecit
1203 755 1485 812 peccatum.
1535 744 1588 799 ld
1619 754 1719 812 est,
1754 745 2072 801 sacriﬁcium

493 847 591 901 pro
615 843 829 900 peccato
855 849 947 902 pro
965 834 1119 888 nobis
1165 844 1439 904 peccatum
1464 835 1613 891 fecit.
1666 837 1851 891 Hostia
1895 837 2075 891 oblata

495 939 592 992 pro
611 937 842 992 peccato,
875 936 1154 994 peccatum
1187 926 1467 981 dicebatur
1491 927 1542 982 in
1590 929 1740 997 lege,
1772 943 1894 983 cum
1940 928 2072 983 nihil

495 1024 760 1084 peccaret,
784 1017 920 1072 sicut
951 1019 1204 1089 scriptmn
1237 1031 1355 1076 est:
1390 1021 1451 1074 Et
1475 1021 1714 1088 imponet
1743 1034 1930 1075 manus
1986 1035 2072 1076 su-

497 1125 592 1178 per
618 1119 773 1177 caput
806 1110 1008 1179 peccati
1038 1111 1143 1166 sui.
1177 1111 1280 1166 Per
1303 1126 1530 1180 quorum
1581 1112 1892 1181 sanguinem
1954 1127 2079 1166 san-

496 1201 614 1268 guis
654 1201 746 1255 ille
771 1202 858 1270 qui
889 1217 988 1272 pro
1032 1201 1186 1257 nobis
1228 1203 1429 1257 etfusus
1479 1211 1565 1257 est
1617 1203 2074 1273 prtefigurabatur.

497 1291 571 1342 Ita
603 1299 657 1344 et
686 1289 934 1347 Christus
965 1308 1060 1362 pro
1081 1293 1314 1363 peccatis
1343 1292 1543 1347 nostris
1591 1293 1822 1359 oblatus,
1877 1293 2078 1362 peccati

501 1398 698 1437 nomen
726 1386 955 1455 accepit.
977 1387 1042 1441 Ut
1066 1403 1158 1441 nos
1179 1389 1700 1458 e/ﬁrcremurjustitia
1721 1388 1837 1443 Dei.
1852 1389 1966 1445 Non
1984 1407 2079 1446 no-

497 1485 628 1529 stra.
649 1475 715 1529 In
746 1478 876 1547 ipso.
906 1478 1022 1532 Non
1051 1479 1101 1532 in
1133 1479 1311 1534 nobis.
1681 1551 1692 1560 κ

569 1573 699 1627 CAP.
725 1588 796 1627 vt.
813 1574 891 1626 Ad
885 1577 1122 1644 juvantes
1134 1584 1302 1629 autem
1316 1575 1645 1628 exhortamur
1657 1591 1761 1629 vos.
1782 1575 1953 1631 Verbo
1965 1575 2079 1630 Dei.

502 1661 587 1716 Ne
608 1663 658 1715 in
689 1678 907 1717 vacuum
937 1666 1151 1736 gratiam
1183 1663 1278 1719 Dei
1303 1665 1580 1735 recipiatis.
1613 1665 1670 1718 In
1715 1681 1939 1720 vacuum
1965 1681 2085 1736 gra~

505 1753 629 1805 tiam
656 1752 748 1807 Dei
781 1754 989 1823 recipit,
1023 1754 1115 1823 qui
1143 1770 1262 1809 cum
1287 1755 1380 1809 Dei
1404 1756 1573 1824 gratia
1597 1771 1701 1810 non
1742 1755 2085 1822 laborat,nec

2175 560 2406 615 derium.
2440 559 2504 613 In
2528 559 2731 629 Spiritu
2751 569 2947 614 sancto.
2980 559 3033 615 ld
3063 571 3165 625 est,
3198 561 3269 615 ita
3298 575 3395 617 nos
3441 563 3560 632 ejus
3616 563 3774 617 dono

2178 665 2459 719 possumus
2473 651 2809 715 exhibere,si
2833 665 2930 704 nos
2954 650 3072 720 ejus
3101 651 3242 706 dono
3279 653 3471 722 dignos
3502 670 3780 724 praepare-

2179 756 2314 806 mus,
2333 751 2386 795 et
2399 742 2648 811 templum
2664 756 2839 806 suum,
2857 742 2994 811 qttod
3011 742 3279 797 mandavit
3293 744 3344 797 in
3359 745 3646 813 baptismo,
3668 761 3778 800 non

2178 833 2458 887 violemus.
2474 833 2540 886 In
2563 833 2812 886 charitate
2835 849 2934 885 non
2952 833 3093 900 ﬁcta.
3111 832 3355 888 Charitas
3375 848 3504 887 sane
3521 849 3629 888 non
3651 834 3775 889 ficta

2177 922 2280 992 est,
2307 925 2350 981 si
2371 926 2545 979 omnia
2569 941 2688 995 qua:
2718 926 2873 979 nobis
2899 925 3012 980 fieri
3043 927 3306 991 volumus,
3339 926 3460 980 aliis
3481 927 3769 992 faciamus,

2177 1018 2318 1072 sicut
2345 1018 2420 1072 ait
2448 1027 2664 1073 sanctus
2701 1018 2935 1072 Joannes
2965 1033 2978 1069 :
3013 1018 3125 1071 Non
3151 1017 3432 1086 diligamus
3487 1018 3663 1074 verbo
3717 1029 3774 1072 et

2180 1111 2380 1180 lingua,
2408 1110 2504 1166 sed
2534 1126 2698 1179 opere
2725 1121 2778 1165 et
2799 1110 3048 1165 veritate.
3076 1110 3130 1164 ln
3162 1111 3263 1165 hoc
3284 1126 3495 1181 quoque
3557 1127 3668 1166 non
3701 1112 3765 1165 ti-

2180 1212 2259 1255 cta
2286 1211 2368 1256 est
2387 1202 2644 1269 charitas,
2675 1203 2719 1256 si
2752 1201 2941 1257 delicta
2974 1211 3025 1256 et
3045 1204 3232 1270 culpas
3278 1204 3511 1272 benigno
3571 1203 3770 1259 aﬂ'ectu

2180 1293 2234 1350 in
2268 1293 2520 1348 fratribus
2561 1294 2903 1362 castigemus.
2950 1292 3018 1346 In
3057 1294 3206 1346 verbo
3240 1294 3484 1348 veritatis.
3533 1294 3769 1348 Verbum

2181 1387 2421 1441 veritatis
2456 1386 2679 1441 verbum
2702 1396 2784 1441 est
2809 1385 3028 1449 Cbrisﬁ,
3055 1387 3194 1456 quod
3234 1401 3298 1442 ex
3323 1387 3616 1456 Scripturis
3639 1388 3770 1456 pro:

2183 1476 2447 1544 fertur,si
2479 1487 2654 1531 tamen
2701 1487 2824 1545 apte
2864 1477 3160 1546 proferatur
3202 1487 3301 1532 :et
3359 1478 3652 1534 verendum
3700 1493 3768 1533 ne

2186 1571 2324 1624 forte
2376 1570 2630 1624 faciamus
2671 1569 2738 1624 de
2785 1570 3011 1625 veritate
3059 1569 3419 1637 mendacium,
3471 1572 3556 1625 vel
3595 1569 3761 1624 illud:

2183 1659 2357 1715 Nolite
2379 1659 2591 1714 mentiri
2621 1659 2870 1714 invicem.
2906 1657 2972 1712 In
2995 1662 3175 1714 uirtute
3226 1659 3322 1714 Dei
3350 1677 3442 1729 per
3488 1678 3634 1714 arma
3677 1662 3767 1730 ju-

2184 1751 2354 1805 stitite.
2380 1749 2436 1804 ln
2463 1750 2658 1812 virtute
2683 1749 2881 1804 Christi
2916 1764 3009 1819 per
3055 1765 3202 1804 arma
3241 1749 3462 1819 justitiae
3507 1752 3766 1807 adversm

505 1842 748 1910 adiungit
773 1845 1008 1899 studium
1034 1860 1208 1911 suum,
1241 1853 1297 1899 ut
1337 1845 1509 1916 possit
1540 1846 1631 1900 Dei
1674 1855 1942 1916 przecepta
1965 1846 2080 1915 ipso
2113 1858 2161 1918 Β
2189 1842 2457 1898 diabolum
2479 1841 2798 1897 dimicamus
2825 1860 2837 1894 :
2864 1841 2977 1897 sive
3032 1844 3087 1898 in
3143 1844 3341 1899 virtute
3379 1842 3496 1910 Dei,
3542 1843 3633 1913 qni
3675 1860 3767 1913 per

503 1931 750 2002 adjutore
779 1935 1001 2004 implere
1031 1953 1045 1990 :
1073 1935 1160 2006 qni
1193 1951 1298 1990 non
1342 1950 1512 1991 novus
1541 1947 1619 1992 est
1647 1937 1698 1991 in
1725 1936 1878 1992 Novo
1902 1936 2084 1992 TeSIa-

504 2038 716 2092 mento,
745 2037 800 2082 et
831 2044 1023 2083 novam
1050 2030 1210 2082 vitam
1257 2039 1512 2098 sectatur,
1573 2031 1657 2085 cui
1687 2030 1816 2084 nihil
1873 2030 2085 2100 proiicit

501 2119 670 2186 gratia
701 2120 811 2172 Dei.
844 2121 976 2174 Nam
1009 2121 1074 2176 ad
1103 2121 1316 2177 Galatas
1348 2121 1487 2176 idem
1547 2123 1672 2178 dicit
1703 2141 1714 2177 :
1744 2123 1860 2178 Non
1893 2122 2083 2193 abjicio

500 2207 726 2275 gratiam
752 2209 869 2266 Dei.
896 2213 981 2264 Ait
1004 2213 1160 2267 enim.
1198 2214 1337 2267 Deus
1384 2229 1477 2281 per
1507 2213 1820 2283 prophetam
1870 2213 2085 2268 Isaiam.

501 2299 752 2369 Tempore
772 2310 978 2371 accepto
1006 2303 1243 2358 exaudiui
1269 2312 1336 2370 te,
1353 2313 1399 2358 et
1431 2305 1482 2356 in
1507 2305 1590 2358 die
1609 2305 1789 2358 salutis
1813 2303 1985 2374 adjuvi
2015 2313 2080 2357 te.

501 2389 631 2446 Mihi
657 2390 723 2444 ad
743 2391 1131 2446 exaudiendum
1158 2402 1684 2462 tempusacceptum,
1741 2402 1796 2449 et
1845 2393 1961 2449 dies
2001 2408 2087 2448 sa-

502 2478 652 2542 lutis,
678 2480 730 2533 in
754 2478 853 2534 bac
877 2481 981 2534 vita
1005 2491 1108 2547 est,
1157 2483 1297 2536 sicut
1340 2486 1414 2537 ait
1454 2483 1698 2538 Salvator
1744 2501 1757 2537 :
1806 2484 2087 2539 Ambulale

504 2571 631 2622 dum
664 2569 836 2624 lucem
861 2569 1094 2638 habetis,
1124 2586 1192 2626 ne
1222 2587 1317 2628 vos
1347 2573 1582 2628 tenebrce
1608 2574 2084 2643 comprehendant.

503 2657 641 2714 Ecce
661 2676 794 2714 nunc
820 2671 1014 2730 tempus
1037 2664 1366 2732 acceptabile.
1401 2665 1552 2720 Sicut
1598 2665 1723 2720 alibi
1755 2683 1768 2719 :
1803 2666 1945 2737 Ergo
1960 2666 2084 2721 dum

506 2761 716 2821 tempus
748 2753 1027 2821 habemus,
1059 2770 1346 2826 operemur
1377 2757 1594 2813 bonum.
1644 2759 1769 2815 Dies
1801 2769 1980 2816 autem
2008 2761 2090 2816 di-

504 2847 642 2903 citur
669 2850 776 2904 vita
807 2851 941 2916 haec,
976 2852 1102 2921 quia
1127 2862 1248 2922 apta
1270 2861 1349 2908 est
1373 2852 1439 2909 ad
1485 2854 1837 2924 operandum,
1863 2864 1919 2910 et
1961 2869 2090 2910 con-

505 2937 739 2992 cluditur
767 2940 1144 3009 not-tejudicii,
1179 2943 1358 3012 inqua
1406 2957 1564 2998 nemo
1610 2945 1806 3014 poterit
1853 2946 2088 3013 operari.

506 3028 635 3082 llaec
660 3028 765 3083 vita
805 3040 860 3084 et
906 3042 1066 3086 testas
1095 3031 1329 3101 dicitur,
1385 3034 1436 3088 in
1495 3034 1650 3105 cujus
1692 3038 2091 3107 comparatione

508 3119 747 3176 formica;
773 3121 1023 3178 dicuntur
1060 3108 1290 3180 hiemem
1333 3141 1555 3197 sperare
1609 3137 1911 3183 venturam.
1956 3128 2092 3185 Ecce

2185 1949 2335 1989 arma
2361 1933 2491 2005 legis
2517 1932 2785 1987 diabolum
2822 1935 3115 2001 superavit.
3162 1935 3208 1988 Α
3243 1935 3435 1987 dextris
3475 1942 3524 1987 et
3567 1951 3600 1987 a
3641 1937 3765 1988 sini-

2185 2026 2323 2079 stris.
2347 2022 2533 2093 Neque
2552 2023 2824 2093 prosperis
2851 2023 3151 2090 elevemur,
3186 2039 3286 2079 nec
3333 2023 3645 2093 frangamur
3671 2024 3766 2078 ad-

2186 2117 2373 2172 versis.
2409 2115 2513 2169 Per
2538 2116 2754 2185 gloriam
2785 2125 2831 2169 et
2854 2115 3241 2183 ignobilitatem.
3271 2114 3460 2170 Gloria
3485 2116 3762 2184 virtutum,

2186 2209 2515 2280 ignobilitate
2541 2224 2836 2263 carcerum.
2859 2208 2960 2262 Per
2979 2208 3243 2278 infamiam
3264 2215 3312 2262 et
3341 2207 3526 2261 bonam
3553 2210 3765 2278 famam.

2187 2302 2375 2357 Omnia
2408 2302 2523 2356 htec
2551 2317 2646 2372 per
2676 2301 2988 2371 patientiam
3030 2300 3308 2369 aequaliter
3345 2299 3632 2365 ducamus,
3673 2313 3766 2354 nec

2188 2396 2453 2452 extollant
2473 2410 2569 2450 nos
2596 2394 2899 2459 laudantes,
2940 2406 3044 2447 nec
3094 2390 3347 2461 dejiciant
3387 2390 3765 2446 detrahentes:

2187 2489 2310 2559 quia
2336 2502 2554 2543 necesse
2581 2496 2664 2542 est
2695 2499 3078 2554 nonnunquam
3126 2491 3379 2552 utrosque
3408 2483 3643 2540 mentiri.
3665 2479 3769 2536 Nos

2189 2595 2320 2635 vero
2343 2579 2408 2634 ad
2433 2578 2814 2633 conscientiam
2838 2575 3210 2645 respicientes,
3235 2588 3341 2628 non
3362 2571 3626 2628 debemus
3653 2572 3769 2627 aliis

2189 2674 2309 2744 plus
2348 2674 2414 2729 de
2435 2673 2588 2727 nobis
2614 2671 2772 2726 fidem
2785 2667 3190 2725 accommodare
3213 2681 3372 2736 quam
3397 2665 3575 2722 nobis.
3609 2663 3673 2719 Ut
3693 2679 3770 2718 se»

2190 2766 2443 2829 ductores,
2474 2774 2520 2817 et
2546 2777 2768 2816 veraces.
2794 2761 3049 2830 Exposuit
3088 2757 3358 2814 infamiam
3383 2768 3436 2812 et
3465 2757 3658 2812 bonam
3693 2756 3769 2810 fa-

2190 2872 2355 2924 mam,
2378 2857 2502 2927 quia
2529 2858 2596 2910 ab
2617 2854 2734 2910 aliis
2755 2853 3064 2910 seductores
3081 2892 3097 2918 ,
3120 2851 3191 2906 ab
3205 2849 3325 2905 aliis
3355 2866 3460 2906 non
3481 2850 3655 2905 solum
3681 2863 3771 2903 ve-

2190 2967 2362 3020 races,
2390 2951 2481 3007 sed
2504 2959 2559 3006 et
2586 2950 2660 3005 dii
2691 2948 2949 3005 nominati
2979 2956 3120 3003 sunt.
3151 2946 3269 3002 Non
3299 2961 3422 3016 ergo
3465 2945 3687 3009 mirum,
3722 2943 3770 2998 si

2191 3043 2418 3114 apostoli
2450 3041 2762 3098 seductores
2792 3041 3130 3106 dicebantur,
3152 3039 3453 3107 cumipsum
3477 3036 3774 3090 Dominum

2191 3134 2361 3191 Μιόεί
2391 3135 2469 3190 sic
2498 3133 2752 3189 dixerint.
2787 3131 2933 3188 Sicut
2959 3132 3044 3202 qui
3086 3132 3269 3199 ignoti.
3304 3128 3386 3184 Ab
3439 3126 3772 3182 inﬁdelibus.

508 3225 645 3263 nunc
666 3211 776 3265 dies
801 3213 1004 3269 salutis.
1030 3213 1127 3268 Hic
1165 3215 1339 3270 solum
1369 3216 1618 3283 salutem,
1669 3218 1779 3275 Deo
1831 3219 2085 3290 donante,
2116 3242 2162 3304 ο
2199 3224 2262 3280 Et
2288 3226 2494 3295 cogniti.
2527 3225 2572 3278 Α
2613 3222 2976 3278 credentibus.
3035 3220 3200 3285 Quasi
3247 3219 3529 3283 morientes,
3575 3227 3626 3270 et
3663 3232 3774 3270 ecce

508 3316 794 3370 possumus
823 3306 1078 3362 invenire.
1108 3307 1319 3363 Nemini
1340 3309 1518 3365 dantes
1541 3310 1703 3364 ullam
1729 3310 2099 3377 offensionem,-

510 3401 694 3448 utnon
729 3398 1039 3466 vituperetur
1059 3400 1390 3454 ministerium
1416 3411 1666 3456 nostrum.
1712 3403 1879 3458 Nemo
1901 3418 2090 3458 exem-

511 3483 600 3552 plo
622 3494 806 3542 nostro
830 3488 1150 3554 oﬂ'endatur,
1175 3505 1242 3544 ne
1267 3506 1373 3545 non
1398 3500 1503 3545 tam
1526 3499 1768 3546 nostrum
1789 3491 1972 3546 vitium
1999 3508 2092 3559 pu-

513 3583 655 3628 tctur
679 3591 820 3643 che,
844 3593 1004 3646 quam
1033 3579 1340 3634 ministerii.
1369 3579 1474 3635 Sed
1502 3581 1556 3634 in
1599 3581 1852 3636 omnibus.
1902 3581 2018 3636 Non
2040 3583 2092 3635 in

513 3666 801 3735 aliquibus.
833 3667 1178 3724 Exhibeamus
1200 3673 1555 3742 nosmetipsos.
1609 3673 1745 3729 llinc
1772 3675 2093 3739 ostenditur,

513 3758 780 3822 reparatis
812 3759 964 3812 nobis
983 3773 1076 3828 per
1094 3765 1322 3829 gratiam
1346 3762 1462 3829 Dei,
1510 3777 1670 3833 posse
1707 3780 1830 3820 cum
1885 3765 1977 3821 Dei
2003 3766 2099 3820 ad-

513 3843 716 3913 jutorio
743 3846 999 3903 exhibere
1022 3864 1119 3904 nos
1144 3850 1416 3906 ministros
1445 3852 1556 3907 Deo
1578 3852 1634 3907 in
1685 3855 1966 3925 descriptis
1993 3856 2099 3910 vir-

519 3935 740 3991 tutibus.
773 3936 923 3993 Sicut
948 3938 1041 3993 Dei
1066 3941 1348 3998 ministros.
1384 3941 1477 3999 Dei
1519 3943 1751 3999 ministri
1797 3945 1966 4000 Deum
2013 3946 2101 4001 de-

517 4026 650 4081 bent
677 4027 731 4082 in
760 4028 1011 4084 omnibus
1053 4032 1342 4096 imitari,et
1361 4049 1426 4089 ex
1451 4034 1558 4090 vita
1600 4045 1655 4091 et
1676 4045 1799 4092 actu
1848 4037 2100 4108 cognosci

521 4121 638 4175 veri
671 4121 766 4177 Dei
791 4123 1048 4193 cultores,
1082 4124 1220 4180 sicut
1269 4126 1358 4183 ille
1405 4141 1466 4183 se
1506 4131 1706 4200 patitur
1742 4130 1810 4185 ab
1854 4131 2105 4187 omnibus

520 4209 905 4282 blasphemari,
931 4214 1063 4270 etin
1091 4219 1344 4286 praesenti
1385 4219 1489 4272 vita
1537 4221 1697 4275 etiam
1742 4220 1964 4290 ingratis
2010 4235 2104 4276 sua

524 4321 633 4361 non
664 4317 824 4378 negat
847 4308 1127 4364 beneficia.
1153 4309 1219 4362 In
1242 4311 1403 4364 multa
1425 4312 1690 4379 patientia.
1723 4311 1838 4365 Non
1873 4311 2106 4367 modica.

525 4399 682 4453 Modo
711 4399 977 4469 patientia:
1002 4401 1241 4457 membra
1255 4401 1533 4457 describit.
1566 4399 1633 4454 In
1672 4402 2104 4459 tribulationibus.

523 4491 710 4544 Omnis
734 4492 882 4546 laesio
913 4491 1186 4547 tribulatio
1233 4503 1336 4548 est.
1362 4491 1430 4546 In
1471 4494 1881 4548 necessitatibus.
1937 4495 2110 4549 Omne

526 4579 669 4645 quod
697 4593 915 4633 necesse
945 4588 1048 4647 est,
1076 4581 1154 4636 sic
1179 4582 1430 4648 feramus,
1455 4593 1513 4637 ut
1545 4600 1766 4641 necesse
1792 4596 1899 4641 est.
1929 4584 1994 4640 In
2017 4604 2111 4641 an-

527 4669 731 4739 gustiis.
759 4670 1013 4737 Angustia
1041 4681 1123 4724 est
1150 4674 1324 4726 omnis
1346 4673 1543 4743 inopia.
1589 4674 1657 4727 In
1698 4675 1885 4745 plagis,
1920 4679 1971 4730 in
1995 4694 2104 4730 car-

528 4762 742 4825 scribus,
769 4761 824 4814 in
848 4761 1196 4816 seditionibus.
1221 4765 1264 4817 A
1283 4764 1610 4833 principibus
1641 4765 1904 4821 locorum.
1935 4767 2001 4821 In
2030 4769 2109 4822 la-

529 4855 757 4920 boribus,
778 4855 830 4909 in
858 4856 1136 4927 vigiliian
1151 4855 1424 4912 laboribus
1459 4857 1818 4926 discursuum,
1851 4863 1962 4917 sive
1983 4879 2112 4932 ope-

527 4948 821 5017 rationum,
854 4963 973 5020 quae
1004 4949 1200 5004 mentis
1230 4949 1426 5005 debent
1473 4965 1592 5007 csse
1616 4955 1785 5024 magis
1813 4971 1969 5024 quam
1994 4972 2112 5011 cor-

526 5041 695 5110 poris.
727 5041 859 5096 Nam
902 5043 1100 5111 vigilite
1144 5042 1442 5098 honestatis
1494 5054 1767 5100 macerant
1805 5061 2014 5102 carnes.
2047 5046 2113 5101 In

525 5134 756 5202 iejuniis.
783 5134 1082 5190 Notandum
1109 5134 1310 5205 jejunia
1343 5151 1462 5191 cum
1507 5141 1794 5194 virtutibus
1821 5141 2111 5194 numerari.

529 5223 599 5278 In
621 5227 872 5280 castitate.
908 5227 1001 5282 Illa
1025 5235 1108 5282 est
1143 5242 1268 5282 vera
1315 5230 1558 5294 castitas,
1600 5245 1720 5297 qua:
1763 5239 1817 5284 et
1853 5230 2015 5284 corde
2061 5239 2115 5284 et

529 5333 755 5392 corpore
775 5330 1144 5377 conservatur.
1179 5320 1245 5377 In
1267 5324 1497 5377 scientia.
1523 5322 1756 5376 Scientia
1778 5323 1988 5389 species
2011 5321 2116 5376 vir-

529 5423 708 5469 tutum
737 5423 846 5481 cst,
864 5416 910 5470 si
941 5431 1006 5471 ex
1051 5431 1115 5470 ea
1154 5417 1275 5487 quis
1303 5417 1597 5480 erudiatur,
1632 5430 1737 5469 non
1787 5415 2021 5470 infletur.
2050 5413 2116 5468 1n

530 5505 936 5574 longanimitate.
961 5506 1361 5577 Longanimitas
1389 5521 1514 5561 vera
1539 5514 1622 5559 est
1650 5505 1966 5560 sustinentia
1991 5505 2115 5560 diu-

531 5605 712 5650 turna.
737 5597 805 5651 In
829 5599 1550 5656 suauitate.Suavitasautem
1581 5605 1684 5662 est,
1718 5599 1761 5651 si
1785 5599 1915 5652 nulli
1936 5597 2118 5654 verbis

531 5688 733 5743 nostris
761 5691 1179 5746 amaritudinem
1205 5702 1548 5761 generemus,
1600 5695 1656 5742 et
1699 5688 1829 5743 illud
1876 5690 2114 5758 ejusdem

535 5778 778 5848 Apostoli
811 5780 1128 5852 impleamus
1184 5797 1196 5832 :
1250 5777 1438 5836 Omnis
1465 5777 1784 5845 amaritudo,
1812 5788 1863 5833 et
1889 5781 2112 5851 clamor,

535 5883 590 5929 et
622 5871 952 5942 blasphemia
983 5873 1197 5929 tollatur
1227 5888 1258 5928 a
1287 5872 1438 5929 vobis
1465 5887 1584 5928 cum
1609 5874 1754 5928 omni
1802 5874 2033 5943 malitia;
2060 5885 2113 5931 et

2144 4637 2192 4696 D

2191 3317 2430 3372 vivimus.
2460 3315 2573 3369 Hoc
2600 3323 2702 3378 est,
2732 3328 2902 3383 usque
2933 3311 2998 3366 ad
3027 3312 3454 3380 desperationem
3500 3309 3628 3364 vita
3657 3325 3774 3379 per»

2194 3413 2470 3466 venientes
2499 3426 2513 3464 :
2545 3410 2683 3464 sicut
2708 3407 2920 3478 quando
2962 3405 3224 3476 lapidatus
3277 3404 3566 3472 putabatur
3631 3417 3774 3457 mor-

2198 3514 2339 3573 tuus,
2367 3505 2455 3559 ille
2476 3518 2603 3559 vero
2640 3501 2892 3566 surrexit,
2926 3508 2981 3554 et
3008 3499 3236 3553 docebat
3259 3497 3310 3551 in
3335 3495 3548 3551 Listris.
3588 3496 3774 3553 Simul.

2196 3617 2302 3672 que
2349 3597 2640 3654 notandum
2680 3593 2820 3664 quod
2874 3593 3094 3648 adversa
3154 3599 3208 3646 et
3254 3587 3578 3659 temporaria
3631 3587 3774 3654 quasi

2201 3693 2494 3746 habeantur
2518 3686 2680 3742 veluti
2719 3686 2762 3739 si
2803 3684 3000 3753 aliquis
3036 3683 3300 3738 somnium
3343 3681 3541 3736 referat
3572 3696 3588 3732 :
3626 3679 3778 3733 Vide-

2200 3785 2296 3839 bar
2315 3782 2441 3837 mihi
2470 3780 2620 3848 quasi
2650 3793 2823 3833 essem
2857 3778 2957 3841 ibi;
2991 3792 3113 3830 nam
3154 3775 3374 3845 praemia
3420 3785 3626 3829 (eterna
3679 3788 3780 3826 non

2201 3876 2397 3931 habent
2423 3874 2595 3943 quasi.
2630 3873 2697 3926 Ut
2726 3871 2981 3941 castigati,
3012 3879 3059 3922 et
3102 3884 3205 3921 non
3246 3866 3561 3935 mortificati.
3620 3863 3786 3918 Casti-

2202 3981 2334 4038 gans
2359 3965 2639 4034 castigavit
2683 3978 2769 4018 me
2795 3962 3056 4028 Deus,-‘et
3094 3960 3252 4013 morti
3283 3975 3386 4013 non
3437 3955 3656 4012 tradidit
3683 3971 3786 4012 me.

2207 4059 2368 4122 Quasi
2391 4058 2575 4119 tristes,
2600 4069 2796 4124 semper
2817 4061 2984 4105 autem
3017 4051 3312 4120 gaudentes.
3344 4049 3550 4103 Tristes
3593 4046 3790 4102 severi-

2206 4156 2315 4202 tate
2339 4147 2541 4210 vultus,
2594 4143 2757 4197 corde
2779 4157 2905 4198 vero
2926 4143 3085 4197 etiam
3119 4143 3169 4194 in
3190 4139 3530 4195 tribulatione
3559 4137 3794 4207 gauden-

2209 4247 2288 4294 tes
2317 4239 2369 4292 in
2401 4252 2514 4306 spe.
2544 4235 2691 4290 Sicut
2717 4244 2946 4307 egentes,
2996 4235 3185 4286 multos
3207 4240 3375 4284 autem
3407 4229 3793 4299 locupletontes.

2210 4330 2265 4383 In
2293 4329 2394 4383 hoc
2417 4327 2532 4394 ipso
2554 4339 2660 4395 quo
2680 4338 2899 4394 egemus
2928 4321 3102 4386 nobis,
3133 4320 3250 4374 aliis
3271 4319 3630 4384 abundamus,
3661 4316 3784 4371 dum

2210 4436 2307 4490 per
2337 4434 2436 4474 nos
2465 4418 2824 4488 eleemosynaa
2844 4415 2978 4469 fiunt
2999 4429 3016 4471 :
3040 4411 3395 4467 siveterrenis
3410 4408 3795 4479 egentes,alios

2216 4513 2443 4566 facimus
2469 4509 2782 4576 locupletes,
2799 4506 2949 4576 quasi
2970 4505 3224 4559 talionem
3241 4501 3445 4571 praemii
3466 4497 3798 4568 sempiterni.

2217 4602 2488 4669 Tanquam
2514 4597 2640 4652 nihil
2664 4597 2904 4649 habentes
2927 4605 2971 4649 et
2995 4596 3165 4648 omnia
3187 4593 3519 4665 possidentes.
3550 4590 3704 4645 Sicut
3726 4589 3802 4645 di-

2221 4695 2294 4747 cit
2313 4691 2562 4746 Salomon
2589 4706 2602 4742 :
2634 4689 2694 4742 Ei
2734 4687 2824 4756 qui
2851 4687 3021 4741 fidelis
3043 4695 3145 4750 est,
3172 4694 3320 4738 totus
3334 4683 3566 4736 mundus
3595 4681 3802 4735 divitia-

2221 4799 2339 4838 rum
2372 4791 2472 4846 est,
2501 4790 2723 4849 excepto
2741 4797 2856 4848 qua:
2877 4779 3054 4834 omnia
3081 4776 3288 4831 Domini
3319 4784 3483 4830 sunt:
3508 4787 3666 4829 nemo
3689 4773 3806 4842 plus

2225 4873 2383 4927 habet
2413 4887 2572 4941 quam
2620 4873 2708 4940 qui
2745 4871 2888 4924 nullo
2914 4870 3134 4938 indiget.
3160 4867 3254 4922 llle
3283 4865 3432 4920 nullo
3463 4865 3687 4935 indiget,
3720 4862 3805 4933 qui

2223 4974 2416 5032 prmter
2438 4961 2736 5017 necessaria
2762 4962 2891 5015 nihil
2926 4961 3167 5029 requirit.
3220 4959 3290 5011 0s
3321 4967 3554 5011 nostrum
3575 4965 3716 5028 patet
3746 4955 3808 5008 ad

2221 5070 2329 5106 vos.
2362 5054 2433 5105 Ita
2463 5054 2734 5121 provocati
2763 5067 2946 5105 sumus
2998 5049 3239 5118 profectu
3266 5057 3470 5112 vestro,
3529 5055 3588 5100 ut
3633 5054 3809 5100 tacere

2226 5161 2326 5199 non
2362 5148 2625 5213 possimus
2661 5161 2671 5196 :
2708 5145 2976 5213 prolectus
3005 5141 3146 5196 enim
3178 5139 3423 5210 discipuli
3448 5137 3621 5207 aperit
3648 5153 3733 5203 os,
3762 5144 3810 5192 et

2223 5249 2316 5288 cor
2332 5235 2521 5289 dilatat
2543 5245 2702 5303 atque
2721 5235 3045 5304 magnifical.
3077 5231 3120 5286 0
3145 5229 3420 5296 Corinthii,
3443 5246 3534 5283 cor
3558 5237 3809 5283 nostrum.

2229 5326 2296 5381 llt
2321 5327 2576 5394 scriptum
2608 5336 2690 5381 est
2721 5343 2732 5377 :
2761 5325 2892 5393 Quia
2917 5324 3062 5379 dedit
3089 5325 3228 5377 Deus
3258 5323 3535 5377 Salomoni
3568 5318 3810 5374 latitudi-

2229 5435 2348 5473 nem
2378 5419 2576 5482 cordis,
2594 5429 2647 5472 et
2674 5417 2824 5473 vobis
2844 5417 3026 5472 donet.
3054 5415 3344 5470 Dilatatum
3367 5421 3461 5468 est.
3482 5412 3748 5468 Sensibus
3760 5418 3810 5464 et

2227 5508 2503 5564 doctrinis.
2548 5507 2670 5563 Non
2696 5507 3064 5579 angustiamini
3108 5506 3162 5558 in
3184 5504 3347 5558 nobis.
3393 5502 3510 5557 Non
3549 5515 3615 5557 ex
3656 5498 3811 5555 nobis

2223 5607 2305 5654 est
2334 5599 2598 5653 sermonis
2625 5599 2892 5669 angustia.
2923 5595 3298 5666 Angustiamini
3328 5601 3498 5647 autem
3521 5592 3574 5645 in
3603 5589 3811 5644 visceri-

2221 5689 2313 5742 bus
2341 5689 2538 5742 vestris.
2560 5689 2635 5741 Ex
2657 5689 2808 5743 vobis
2828 5701 2988 5741 causa
3012 5681 3806 5756 proceditangustite.Eamdem

2219 5793 2387 5835 autem
2413 5783 2649 5836 habentes
2667 5779 3145 5835 remunerationem.
3163 5774 3420 5830 Eamdem
3436 5773 3608 5828 haben
3618 5783 3698 5827 tes
3721 5785 3804 5824 re-

2221 5873 2669 5945 tnuncrationetn,
2703 5873 2746 5929 si
2777 5871 3024 5930 eumdem
3045 5867 3348 5942 adjutorem
3397 5868 3563 5927 Deum
3603 5866 3806 5926 habue~
