3982 6352
260 358 367 417 569

1036 356 1106 417 ut
1144 358 1535 418 EPISTOLttM
1575 356 1621 413 ιι
1660 354 1763 412 AD
1800 353 2206 415 CORINTHIOS
2242 318 2763 419 continuum.

3426 366 3534 427 570

258 473 377 529 ritis
399 483 451 529 et
477 486 691 529 cursum
726 490 740 528 ε
772 482 863 528 aut
892 473 1122 539 certe,si
1153 482 1409 542 quantum
1427 473 1705 537 docemus,
1729 471 1841 525 Deo
1873 476 1911 527 Λ
1946 474 2095 541 quasi
2128 474 2259 529 tales
2285 474 2444 530 sitis:
2475 492 2579 531 non
2608 478 2752 533 enim
2784 492 2999 548 possum
3032 478 3104 535 ita
3132 480 3200 538 de
3232 483 3381 539 vobis
3409 499 3533 541 sen-

257 565 559 635 inspirante
595 564 804 634 capitis.
838 563 1103 637 Tanquam
1123 564 1247 632 ﬁliis
1274 566 1410 631 dico,
1458 562 1749 617 dilatamini
1797 572 1844 615 et

258 672 368 710 vos.
383 656 545 723 Quasi
570 656 662 711 ﬁlii
691 658 943 727 exemplo
957 671 1096 723 meo,
1116 656 1453 726 implorando
1471 656 1698 727 gratiam
1729 655 1842 722 Dei,

258 746 540 803 intellectu
570 747 889 815 dilatamini,
914 757 971 803 ut
1002 747 1202 817 majora
1235 747 1403 817 ipsius
1424 748 1565 803 dono
1602 747 1843 816 capiatis.

256 838 388 894 Sive
416 838 724 894 sacerdotes
754 841 908 896 docet
938 841 1187 908 exemplo
1216 840 1461 905 dilatare,
1502 841 1583 893 vel
1617 840 1668 893 in
1722 839 1843 894 lati-

256 930 442 986 tudine
471 929 744 985 charitatis
768 932 1044 1000 proﬁcere.
1082 929 1259 985 Nolite
1288 932 1476 1002 jugum
1528 930 1711 984 ducere
1731 946 1846 984 cum

255 1023 574 1090 inﬁdelibus.
602 1023 773 1079 Nolite
795 1023 1044 1092 eonjungi
1078 1023 1204 1088 illis,
1251 1022 1331 1076 vel
1384 1022 1585 1089 mquari
1622 1022 1844 1091 ;jugum

255 1117 402 1172 enim
428 1117 586 1171 simul
618 1132 771 1186 pares
793 1118 1031 1171 trahunt.
1061 1116 1189 1181 Quae
1214 1116 1350 1169 enim
1396 1116 1719 1188 participatio
1748 1118 1844 1187 ju-

255 1208 411 1261 stitia:
435 1225 547 1261 cum
564 1208 869 1278 iniquitate?
890 1207 1137 1262 Ostendit
1167 1209 1433 1260 neminem
1468 1222 1624 1276 posse
1644 1208 1842 1276 justum

258 1312 381 1353 esse
411 1298 606 1367 pariter
633 1308 687 1353 et
715 1298 991 1368 injustum,
1038 1298 1306 1352 contraria
1360 1298 1605 1365 exempla
1651 1313 1845 1367 propo-

255 1404 412 1445 nens.
438 1390 537 1443 Aut
563 1406 674 1460 qua:
692 1392 906 1445 societas
937 1390 1043 1445 luci
1064 1392 1132 1445 ad
1160 1392 1434 1446 tenebras?
1460 1392 1617 1447 Nulla
1658 1411 1673 1447 :
1704 1395 1844 1447 sicut

256 1496 358 1537 nec
386 1481 516 1536 lucis
538 1498 656 1537 cum
688 1484 941 1538 tenebris.
977 1484 1105 1549 Qua:
1124 1495 1295 1538 autem
1337 1489 1600 1539 comentio
1653 1483 1845 1540 Christi

255 1574 328 1625 ad
349 1571 553 1629 Belial?
597 1582 687 1628 aut
736 1592 849 1644 qua:
887 1592 1007 1644 pars
1057 1576 1197 1642 ﬁdeli
1244 1591 1358 1629 cum
1417 1576 1663 1643 inﬁdeli?
1728 1576 1840 1631 Non

255 1663 364 1719 illis
388 1673 560 1734 potest
583 1666 894 1729 convenire.
938 1665 1101 1719 Belial
1154 1665 1424 1720 diabolum
1456 1662 1539 1719 vel
1571 1666 1845 1721 Antichri-

256 1765 395 1812 stum
426 1756 573 1811 dicit.
606 1758 707 1824 Qui
730 1768 897 1812 autem
920 1773 1195 1811 consensus
1225 1758 1416 1823 templo
1446 1756 1541 1819 Dei
1589 1774 1706 1811 cum
1732 1760 1843 1813 ido-

1950 564 2070 630 tire,
2097 580 2229 635 quos
2253 576 2455 622 tantum
2486 570 2667 640 diligo,
2700 571 2963 627 sicutdisi
2993 573 3238 643 superius
3268 591 3285 631 :
3311 575 3431 631 sive
3455 577 3535 632 di-

1946 654 2105 710 lectio
2133 669 2309 711 vestra
2330 667 2528 713 tantam
2555 676 2639 715 me
2682 661 2807 717 facit
2840 660 3033 718 habere
3064 664 3328 720 ﬁduciam.
3364 666 3535 720 Multa

1946 745 2071 798 milii
2101 746 2293 814 ﬁducia
2313 760 2387 803 est
2417 753 2559 810 apud
2583 766 2689 806 vos.
2742 750 2957 807 Multam
3003 754 3132 808 mihi
3182 753 3423 809 ﬁduciam
3454 756 3536 810 lo-

1918 836 2139 911 quendi
2163 838 2404 905 dedistis,
2436 842 2558 911 quia
2585 842 2636 895 in
2664 843 2907 899 omnibus
2936 844 3193 900 obedistis
3218 862 3231 900 :
3258 845 3373 901 sive
3409 847 3531 915 quia

1946 931 2168 984 multum
2198 946 2284 985 me
2309 947 2339 985 a
2367 933 2517 987 vobis
2546 934 2691 1004 diligi
2719 951 2822 989 non
2857 935 3061 1005 ignoro.
3089 935 3258 991 Multa
3276 937 3401 991 mihi
3420 936 3535 1007 glo-

1946 1023 2094 1077 riatio
2115 1040 2208 1094 pro
2230 1024 2388 1077 vobis.
2419 1026 2571 1094 Apud
2600 1042 2788 1083 omnes
2814 1029 3079 1084 Eeclesias
3109 1039 3284 1085 vestra
3334 1032 3533 1101 glorior

1946 1112 2339 1169 emendatione.
2376 1114 2615 1182 Repletus
2642 1133 2755 1170 sum
2782 1120 3145 1174 consolatione.
3195 1120 3323 1175 Post
3368 1119 3533 1175 tristi-

1948 1206 2095 1271 tiam,
2124 1222 2279 1276 quam
2306 1222 2400 1275 pro
2424 1209 2574 1262 vobis
2619 1208 2876 1265 habebam
2912 1230 2924 1265 :
2958 1212 3073 1267 sive
3126 1213 3360 1268 abundat
3401 1213 3533 1269 mihi

1947 1312 2126 1353 sermo
2153 1299 2556 1364 censolationis,
2588 1312 2912 1368 provocante
2942 1311 3120 1358 vestro
3144 1305 3401 1373 profectu.
3428 1304 3534 1360 Su-

1948 1391 2237 1459 perabundo
2261 1392 2449 1460 gaudio
2488 1393 2541 1444 in
2590 1393 2728 1446 omni
2780 1393 3104 1449 tribulatione
3148 1406 3361 1450 nostra:
3412 1412 3534 1450 nam

1946 1491 1993 1534 et
2022 1497 2135 1534 cum
2161 1484 2466 1536 venissemus
2494 1483 2873 1548 Macedoniam,
2927 1485 3122 1538 nullam
3166 1488 3391 1553 requiem
3440 1487 3535 1540 Ita-

1948 1573 2052 1626 buit
2080 1589 2201 1627 caro
2228 1584 2424 1627 nostra.
2449 1576 2675 1629 Tantum
2710 1586 2792 1631 est
2821 1576 3071 1646 gaudium
3100 1591 3299 1644 meum,
3322 1586 3379 1631 ut
3398 1578 3534 1632 ohli-

1946 1663 2124 1717 viscar
2151 1665 2385 1718 omnium
2418 1680 2809 1733 pressurarum.
2851 1666 3096 1721 OStendit
3115 1682 3271 1737 quam
3287 1682 3532 1735 magnam

1948 1772 2250 1825 pressuram
2276 1758 2583 1828 magnitudo
2608 1759 2783 1828 gaudii
2826 1769 3125 1829 superaret.
3178 1760 3286 1816 Sed
3332 1776 3534 1814 omnem

257 1854 589 1910 listolum
637 1856 767 1910 dicit
814 1856 959 1925 ipsos
1009 1854 1253 1909 homines
1297 1854 1385 1923 qui
1440 1853 1581 1908 idola
1635 1855 1836 1909 colum.
1873 1843 1919 1901 B
1948 1848 2326 1903 tribulationem
2354 1852 2489 1919 passi
2507 1868 2703 1904 sumus.
2755 1851 2964 1905 Nullum
2982 1868 3151 1922 genus
3176 1853 3533 1908 tribulationis

264 1945 369 2001 Vos
392 1948 527 2001 enim
552 1947 673 2003 estis
695 1948 936 2018 templum
966 1946 1060 2000 Dei
1088 1946 1206 2011 viui,
1231 1947 1360 2000 sicut
1404 1946 1527 1999 dicit
1554 1945 1715 2000 Deus.
1760 1946 1842 2001 llli

255 2044 439 2092 autem
466 2038 722 2107 templum
745 2048 867 2092 sunt
889 2037 1149 2091 idolorum
1170 2049 1501 2091 mortuorum
1528 2077 1544 2101 ,
1575 2053 1709 2108 quos
1731 2038 1842 2093 dte-

257 2140 449 2181 mones
474 2126 771 2196 possident.
802 2127 933 2182 Cum
973 2127 1114 2183 Deus
1140 2126 1339 2197 ubique
1367 2128 1458 2193 sit,
1485 2138 1661 2183 tamen
1693 2129 1745 2183 in
1778 2128 1843 2183 il-

256 2214 325 2270 lis
351 2217 634 2281 inhabitat,
660 2217 748 2286 qui
769 2216 886 2286 ejus
907 2216 1148 2272 sentiunt
1174 2218 1512 2281 beneﬁcium,
1536 2226 1592 2271 et
1617 2218 1843 2272 credunt

252 2300 423 2371 ipsius
452 2305 651 2358 donum
680 2319 821 2373 esse,
850 2305 895 2359 si
919 2304 1119 2374 aliquid
1144 2315 1290 2360 sunt.
1346 2306 1603 2372 Quoniam
1643 2308 1842 2360 inhabi-

254 2392 374 2447 tabo
399 2393 452 2447 in
470 2395 596 2451 illis.
622 2393 732 2449 Hoc
750 2395 921 2465 ipsum
953 2396 1146 2465 probat
1182 2396 1508 2463 testimonio,
1541 2398 1679 2466 quod
1710 2407 1843 2452 tem-

256 2484 406 2553 plum
430 2484 597 2540 simus
648 2501 745 2541 nos
793 2486 909 2557 Dei,
950 2487 1151 2543 docens
1196 2487 1337 2559 quod
1393 2488 1648 2543 mundum
1694 2490 1743 2544 ei
1785 2491 1838 2544 in

250 2576 418 2633 corde
441 2585 624 2632 nostro
654 2578 897 2647 praebere
925 2579 1217 2636 debeamus
1248 2582 1363 2650 ipso
1392 2580 1638 2650 adjutore
1663 2583 1839 2652 hospi.

248 2668 402 2723 tium.
418 2666 487 2721 Et
501 2669 825 2724 inambulabo
837 2671 967 2726 inter
986 2688 1092 2727 eos.
1112 2674 1308 2728 Omnes
1320 2688 1503 2728 eorum
1524 2688 1715 2732 sensus
1737 2676 1837 2730 ob-

248 2764 458 2832 tinebo,
491 2765 573 2819 vel
596 2781 926 2836 percurram.
953 2767 1018 2821 Et
1046 2784 1129 2823 ero
1150 2770 1360 2825 illorum
1382 2770 1542 2826 Deus.
1565 2772 1704 2827 Deus
1737 2787 1835 2827 na-

258 2868 383 2915 tura
413 2861 650 2916 omnium
679 2872 782 2929 est,
804 2864 1076 2919 voluntate
1093 2879 1381 2933 paucorum
1404 2883 1418 2920 :
1443 2882 1546 2921 non
1582 2871 1725 2922 enim
1755 2876 1840 2922 est

245 2950 392 3009 Deus
422 2964 774 3018 mortuorum.
798 2957 892 3011 sed
918 2957 1177 3013 vivorum.
1198 2958 1267 3013 Et
1293 2962 1399 3030 ipse
1414 2962 1508 3015 erit
1530 2962 1655 3015 mihi
1675 2979 1839 3033 popu-

247 3042 354 3098 lus.
385 3042 482 3111 Qui
504 3046 802 3101 voluntarie
828 3048 969 3102 servi
998 3057 1142 3116 sunt,
1174 3066 1281 3104 non
1308 3051 1496 3105 inviti:
1520 3052 1574 3106 id
1605 3062 1688 3107 est
1731 3053 1833 3107 ﬁde

240 3142 301 3188 et
328 3134 652 3204 obedientia,
671 3152 776 3192 non
819 3146 1022 3194 tantum
1054 3148 1265 3195 natura.
1293 3139 1513 3213 Propter
1540 3145 1676 3212 quod
1702 3146 1836 3199 exile

1948 1959 2052 1996 non
2083 1958 2266 1997 sumus
2289 1944 2513 2011 experti.
2548 1941 2702 1996 Foris
2730 1960 2931 2013 pugnae.
2985 1946 3179 2015 Pugna:
3218 1956 3406 2001 contra
3452 1948 3535 2002 in—

1944 2033 2133 2089 ﬁdeles
2166 2042 2252 2089 :et
2276 2048 2306 2086 a
2334 2033 2478 2088 l'alsis
2511 2033 2760 2087 fratribus
2792 2034 2949 2088 timor
2976 2051 2988 2086 ε
3020 2036 3134 2090 sive
3159 2050 3227 2091 ne
3250 2036 3533 2092 credentes

1943 2125 2252 2181 scandalum
2284 2134 2615 2193 paterentur,
2640 2126 2861 2181 omnino
2892 2126 3227 2182 verebamur.
3276 2127 3425 2182 Intus
3465 2130 3533 2181 ti-

1945 2235 2127 2273 mores.
2150 2219 2227 2273 Ne
2254 2218 2553 2273 exacerbati
2574 2218 2784 2273 essetis.
2842 2217 2948 2273 Sed
2991 2218 3082 2288 qui
3122 2219 3409 2272 consolatur
3436 2219 3534 2272 hu-

1943 2312 2105 2374 miles,
2139 2312 2430 2363 consolatus
2477 2319 2549 2362 est
2578 2326 2671 2363 nos
2700 2308 2861 2365 Deus.
2892 2310 3311 2364 Contribulatos.
3343 2307 3411 2363 In
3437 2311 3535 2364 ad-

1941 2412 2091 2455 ventu
2123 2401 2242 2455 Titi.
2275 2401 2397 2456 Non
2418 2401 2582 2455 solum
2594 2411 2764 2454 autem
2791 2402 2845 2453 in
2866 2400 3083 2455 aduentu
3105 2402 3239 2471 ejus,
3264 2402 3354 2455 sed
3378 2402 3531 2455 etiam

1940 2494 1994 2546 in
2019 2491 2223 2546 solutio.
2250 2491 2366 2546 Non
2388 2491 2717 2563 solumquia
2759 2491 3094 2547 desideratus
3149 2492 3387 2559 advenit,
3432 2492 3530 2548 sed

1940 2584 2099 2637 etiam
2115 2584 2237 2653 quia
2267 2583 2356 2636 illa
2386 2583 2673 2652 nuntiavit,
2706 2591 2924 2652 propter
2956 2598 3077 2653 qur.
3106 2583 3223 2652 ejus
3252 2583 3532 2653 spectaba-

1942 2691 2060 2731 ntus
2080 2676 2391 2730 advmitum.
2425 2676 2536 2741 Quo
2563 2676 2855 2730 consolatus
2889 2686 2962 2731 est
3004 2677 3056 2730 in
3103 2676 3262 2744 robis,
3305 2677 3529 2746 referens

1941 2769 2085 2821 nobis
2132 2777 2350 2821 restium
2378 2766 2703 2834 desiderium.
2721 2766 3040 2821 Consolatus
3059 2776 3138 2821 est
3171 2767 3528 2835 postluctum,

1940 2874 2097 2928 quem
2125 2859 2395 2912 vobiscum
2427 2873 2522 2927 pro
2539 2856 2690 2911 vobis
2743 2856 2993 2914 habebat.
3052 2857 3281 2912 Vestrum
3324 2861 3525 2929 ﬂetum,

1918 2962 2150 3025 uestram
2172 2951 2550 3005 tantulationem
2569 2967 2661 3021 pro
2672 2965 2771 3004 me.
2786 2950 2891 3005 Pro
2913 2951 3320 3007 contristatione
3342 2962 3524 3007 nostra

1940 3052 1994 3097 ct
2032 3058 2130 3111 pro
2168 3042 2518 3111 quorumdam
2553 3044 2803 3109 peccatis.
2837 3042 2922 3096 Ita
2964 3053 3018 3097 ut
3049 3046 3210 3114 magis
3229 3046 3523 3113 gauderem.

1939 3135 2072 3202 Quia
2095 3151 2198 3189 non
2211 3137 2383 3189 solum
2396 3134 2729 3201 correxistis,
2748 3134 2842 3190 sed
2864 3138 3023 3191 etiam
3048 3138 3276 3204 amplius
3289 3135 3522 3203 proieci-

240 3224 311 3279 de
329 3226 494 3281 medio
522 3241 720 3295 eorum,
747 3237 795 3282 et
814 3230 1148 3298 separamini,
1172 3232 1296 3284 dicit
1321 3231 1594 3287 Dominus.
1621 3234 1755 3288 Actu
1779 3245 1833 3291 et
1860 3217 1903 3275 (ἶ
1936 3228 2316 3294 Stis.Quoniam
2327 3231 2427 3283 etsi
2440 3230 2732 3283 contristavi
2746 3243 2830 3281 nos
2844 3228 2895 3280 in
2909 3226 3146 3297 epistola,
3169 3224 3526 3292 nonmepani-

240 3317 677 3383 conversatione,
710 3319 793 3373 vel
823 3319 1207 3389 familiaritate,
1226 3337 1331 3376 non
1359 3324 1496 3378 loco.
1525 3322 1589 3378 Et
1613 3324 1834 3378 immun-

239 3406 392 3464 dum.
418 3407 603 3463 Omnis
630 3409 719 3479 qui
759 3418 967 3479 peccat,
1017 3412 1323 3468 immundus
1369 3423 1456 3469 est
1485 3432 1497 3467 :
1530 3414 1833 3470 immundus

244 3498 392 3553 enim
422 3500 561 3567 apud
592 3499 760 3555 Deum
792 3501 969 3557 omnis
1000 3502 1237 3572 iniquus.
1271 3502 1352 3558 Ne
1405 3504 1698 3575 tetigeritis.
1753 3505 1831 3561 Ne

244 3589 532 3659 tetigeritis
558 3590 959 3661 conjunctione,
1008 3593 1091 3648 vel
1121 3594 1417 3660 consortio,
1456 3609 1551 3649 seu
1604 3610 1829 3650 consen-

239 3679 419 3747 sione,
450 3692 540 3735 aut
570 3681 871 3739 imitatione
916 3693 1131 3739 actuum
1165 3685 1485 3755 iniquorum.
1517 3684 1584 3739 Et
1630 3704 1723 3757 ego
1749 3704 1831 3741 ro-

238 3773 435 3841 cipiam
459 3790 566 3828 vos.
593 3775 650 3831 Si
678 3791 774 3831 vos
799 3776 1076 3845 ejecerint.
1129 3776 1195 3830 Et
1252 3794 1337 3831 ero
1365 3779 1501 3832 nobis
1527 3779 1583 3831 in
1607 3788 1828 3849 patrem,

241 3874 294 3919 et
318 3881 404 3920 vos
424 3866 571 3921 eritis
589 3867 714 3921 milii
741 3869 799 3921 in
843 3867 979 3935 ﬁlios
1000 3878 1049 3922 et
1075 3868 1233 3937 ﬁlias.
1253 3867 1489 3925 Dicenda
1517 3887 1530 3922 :
1551 3869 1606 3926 Si
1630 3884 1721 3924 vos
1735 3886 1831 3941 pa-

238 3964 423 4013 rentes
460 3958 823 4015 sbdieaverint
873 3961 1139 4029 inﬁdeles,
1180 3977 1265 4015 me
1312 3972 1518 4031 patrem
1568 3962 1829 4018 habebitis

237 4051 649 4117 sempiternum.
681 4051 817 4105 Dicit
841 4050 1093 4107 Dominus
1118 4054 1457 4124 omnipotens.
1482 4053 1828 4109 Addiditom-

238 4143 513 4212 nipotens,
545 4159 615 4200 ne
635 4143 805 4212 dicas,
837 4143 1108 4215 quomodo
1148 4152 1374 4215 possunt
1409 4143 1656 4201 homines
1710 4145 1826 4200 ﬁeri

239 4232 334 4288 lilii
364 4232 495 4290 Dei?

303 4323 436 4382 CAP.
460 4341 555 4382 vn.
616 4326 728 4381 Has
747 4328 907 4398 igitur
926 4328 1544 4396 habentes‘promissiones
1565 4370 1579 4394 ,
1622 4327 1821 4382 charis-

235 4416 375 4481 simi,
399 4416 705 4469 mandemus
733 4431 846 4471 nos.
899 4416 1098 4470 Tantas
1145 4425 1200 4471 et
1248 4418 1382 4471 tales
1432 4417 1819 4486 promissiones

237 4506 575 4572 habentibus,
600 4518 802 4575 quanto
825 4508 1003 4562 studio
1028 4507 1333 4562 mundanda
1348 4518 1431 4563 est
1446 4508 1639 4564 domus
1665 4508 1820 4564 talem

1938 3328 2040 3371 tet:
2052 3318 2145 3371 etsi
2168 3319 2447 3385 paeniteret,
2471 3319 2644 3373 videns
2660 3318 2795 3388 quod
2809 3317 3022 3386 epistola
3041 3316 3134 3370 illa
3144 3316 3236 3369 etsi
3255 3317 3324 3368 ad
3343 3314 3525 3369 lteram

1935 3424 2023 3463 vos
2054 3409 2398 3476 contristavit,
2455 3425 2593 3463 nunc
2638 3408 2859 3479 gaudeo,
2917 3423 3022 3461 non
3067 3406 3191 3476 quia
3237 3405 3525 3460 contristati

1935 3502 2054 3554 eatis
2076 3538 2091 3563 ,
2135 3500 2226 3553 scd
2277 3502 2397 3571 quia
2437 3500 2721 3555 contristati
2768 3501 2886 3554 estis
2912 3499 2978 3551 ad
3009 3497 3375 3567 panitentiam.
3409 3495 3523 3551 Etsi

1934 3592 2244 3662 paeniteret,
2266 3608 2333 3647 eo
2359 3592 2502 3661 quod
2531 3606 2627 3646 vos
2649 3592 2867 3646 nimium
2907 3592 3289 3658 increpassem,
3346 3597 3521 3642 tamen

1934 3693 2112 3739 vester
2138 3699 2224 3738 me
2249 3683 2376 3738 facit
2417 3698 2521 3738 non
2570 3685 2832 3753 poenitere
2882 3682 3171 3751 prolectus.
3224 3679 3523 3733 Contristati

1932 3776 2066 3829 enim
2090 3778 2208 3830 estis
2258 3777 2536 3831 secundum
2557 3777 2741 3832 Deum.
2774 3776 2890 3830 Non
2916 3776 3209 3832 secundum
3245 3772 3519 3837 saxulum,

1932 3881 2031 3921 nec
2051 3865 2346 3922 diabolum.
2379 3866 2445 3921 Ut
2482 3868 2537 3921 in
2557 3869 2700 3921 nullo
2742 3868 3101 3922 detrimentum
3155 3862 3423 3933 patiamini
3461 3877 3526 3916 ea:

1931 3958 2096 4011 nobis.
2130 3957 2257 4020 Ome
2274 3959 2411 4012 enim
2431 3962 2713 4013 secundum
2739 3958 2902 4013 Deum
2919 3959 3122 4013 tristitia
3142 3967 3237 4012 est.
3276 3956 3383 4011 Aut
3426 3967 3527 4009 no-

1929 4064 2037 4105 stra
2064 4050 2403 4120 negligentia,
2452 4061 2545 4106 aut
2599 4067 2667 4108 ne
2723 4054 2997 4107 venientes
3045 4052 3277 4121 aliquem
3304 4050 3527 4105 damna-

1929 4156 2133 4197 remus.
2164 4141 2526 4197 Paenitentiam
2551 4144 2605 4198 in
2631 4146 2872 4200 salutem.
2901 4145 2999 4199 Est
3028 4144 3168 4198 enim
3213 4143 3523 4212 poenitentia

1929 4242 2112 4287 contra
2137 4234 2382 4288 salutem.
2423 4234 2693 4290 Stabitem.
2728 4236 3180 4305 lmpmnitibilem.
3242 4234 3520 4302 Operatur.

1929 4321 2368 4375 Perseverantem
2400 4323 2767 4391 paenitentiam
2800 4341 2812 4374 ε
2847 4322 2915 4376 de
2969 4321 3347 4389 propitiatione
3376 4322 3522 4373 enim

1930 4420 2267 4480 peccatorum
2282 4427 2385 4466 non
2407 4414 2665 4467 debemus
2686 4426 2806 4467 esse
2833 4412 2950 4467 sine
2968 4418 3134 4475 metu,
3159 4418 3351 4466 etcum
3378 4409 3520 4464 Deus

1931 4515 2036 4554 non
2063 4511 2413 4567 memoretur,
2434 4515 2534 4557 nos
2561 4515 2865 4556 memorare
2899 4500 3159 4556 debemus
3191 4497 3519 4569 paenitendo.

235 4595 503 4666 hospitem
534 4600 841 4667 receptura!
868 4608 923 4654 et
951 4599 1043 4654 Dei
1074 4599 1169 4654 lilii
1191 4602 1460 4670 quomodo
1488 4606 1692 4670 patrem
1720 4600 1815 4657 de.
1848 4586 1904 4648 D
1929 4591 2125 4649 Surculi
2147 4599 2317 4645 autem
2338 4593 2545 4647 tristitia
2569 4602 2783 4648 mortem
2809 4600 3071 4661 operatur.
3093 4589 3282 4647 δείξουιί
3310 4590 3521 4646 tristitia

231 4684 363 4743 bent
390 4686 443 4742 in
463 4690 712 4744 omnibus
737 4690 976 4745 imitari?
1024 4691 1101 4745 Ab
1121 4691 1261 4746 omni
1307 4692 1690 4761 inquinamento
1713 4708 1828 4746 car-

229 4778 316 4834 nis
344 4786 395 4834 et
421 4781 654 4851 spiritus,
698 4782 1014 4854 perﬁcientes
1064 4784 1538 4852 sanctiﬁcationem.
1578 4782 1829 4849 inquina-

237 4875 475 4926 mentum
502 4870 679 4925 carnis
699 4881 802 4937 est,
848 4873 989 4944 quod
1038 4888 1135 4942 per
1179 4889 1397 4928 carnem
1448 4874 1824 4943 committitur,

233 4962 453 5034 spiritus
480 4981 632 5033 vero,
670 4966 813 5037 quod
842 4968 956 5022 sola
1002 4968 1323 5037 cogitatione
1365 4979 1636 5037 peccatur.
1676 4969 1827 5024 Tunc

237 5063 361 5128 ergo
380 5058 721 5128 perﬁcientes
748 5059 1245 5124 sanctiﬁcatiouem,
1294 5060 1341 5114 si
1371 5069 1595 5129 utraque
1621 5062 1824 5117 munda

260 5162 526 5205 ervemus.
557 5147 626 5202 In
654 5150 833 5204 timore
864 5149 982 5205 Dei.
1013 5150 1127 5204 Non
1150 5150 1204 5203 in
1234 5149 1390 5205 laude
1441 5152 1715 5206 hominum
1736 5152 1821 5207 vel

254 5241 443 5298 iniure.
468 5242 646 5314 Capite
684 5258 778 5297 nos
802 5258 822 5299 :
841 5244 1092 5299 neminem
1138 5244 1381 5299 tissimus.
1411 5245 1652 5315 Accipite
1680 5246 1821 5317 quod

231 5334 474 5399 dicimus,
505 5333 619 5390 sive
643 5346 884 5389 nostrum
904 5334 1212 5405 exemplum
1233 5335 1459 5405 accipite
1482 5337 1539 5391 in
1570 5337 1654 5391 his
1703 5352 1821 5393 om-

230 5423 385 5479 nibus
410 5425 721 5481 imitandum
780 5442 795 5479 :
844 5427 929 5481 vel
974 5426 1311 5482 considerate
1357 5442 1476 5481 nos.
1542 5426 1820 5482 Neminem

233 5516 550 5583 corrupimus
576 5530 596 5571 :
623 5516 872 5571 neminem
891 5518 1334 5572 circumvenimus.
1363 5516 1502 5572 Mala
1552 5517 1815 5572 doctrina.

236 5603 351 5659 Non
390 5608 459 5660 ad
505 5609 976 5664 condemnationem
1026 5619 1244 5665 vestram
1288 5611 1404 5664 dico
1433 5626 1453 5665 :
1485 5610 1818 5680 prtediximus

232 5698 361 5754 .nim
380 5700 583 5769 quodin
612 5701 849 5755 cordibus
880 5703 1069 5755 nos'ris
1097 5702 1219 5756 estis
1263 5701 1331 5754 ad
1384 5700 1818 5755 commoriendum

227 5801 274 5847 et
296 5792 366 5845 ad
390 5794 773 5848 connivendum.
801 5793 914 5852 Non
938 5809 1023 5851 me
1035 5793 1363 5864 excusando,
1383 5810 1477 5852 vos
1489 5793 1814 5865 condemno,

1929 4695 2030 4751 est,
2062 4693 2121 4738 ut
2151 4684 2218 4739 de
2245 4685 2457 4741 amissis
2478 4685 2638 4740 rebus
2691 4682 3066 4754 praesentibus,
3109 4692 3199 4738 aut
3226 4684 3293 4739 de
3330 4683 3521 4739 alienis

1929 4789 2038 4831 non
2060 4775 2278 4841 invasis,
2320 4786 2411 4831 aut
2440 4776 2509 4831 de
2538 4776 2711 4830 aliena
2737 4775 2993 4831 felicitate
3021 4774 3277 4843 torqueri.
3311 4773 3519 4830 Secun-

1928 4867 2055 4923 dum
2083 4868 2252 4923 Deum
2280 4883 2407 4924 vero
2432 4870 2643 4924 tristitia
2674 4878 2775 4934 est,
2805 4878 2899 4924 aut
2925 4882 3043 4932 sua,
3064 4876 3159 4921 aut
3192 4866 3365 4923 aliena
3389 4883 3516 4937 pec-

1928 4968 2046 5017 cata
2068 4960 2270 5031 lugere.
2300 4959 2434 5015 Ecce
2486 4962 2621 5016 enim
2645 4961 2741 5016 hoc
2782 4962 2973 5030 ipsum,
3027 4960 3308 5013 secundum
3353 4958 3518 5012 Deum

1928 5053 2222 5106 contristari
2240 5068 2349 5119 vos,
2374 5062 2622 5122 quantum
2650 5053 2702 5107 in
2729 5053 2868 5107 vobis
2897 5058 3159 5119 operatur.
3183 5048 3294 5102 Hoc
3339 5048 3514 5116 ipsum

1927 5142 2068 5215 quod
2096 5143 2257 5198 modo
2281 5142 2476 5198 factum
2499 5151 2599 5209 est,
2631 5152 2806 5213 potest
2827 5157 2923 5197 vos
2947 5141 3165 5205 docere,
3192 5138 3317 5210 quid
3346 5139 3417 5193 sit
3434 5138 3515 5193 in-

1930 5240 2010 5289 ter
2036 5236 2213 5291 smculi
2239 5244 2293 5290 et
2323 5236 2416 5291 Dei
2446 5237 2737 5291 tristitiam.
2769 5235 3206 5290 Sollicitudinem.
3237 5232 3372 5299 Quia
3418 5245 3518 5285 no-

1926 5339 2035 5384 stra
2067 5328 2373 5385 sollicitudo
2394 5329 2540 5385 illius
2563 5328 2842 5399 inspiratio
2867 5336 2953 5383 est
2985 5345 2998 5380 :
3024 5337 3078 5383 et
3122 5324 3211 5380 ubi
3265 5331 3350 5380 est
3369 5323 3516 5378 solli-

1925 5421 2127 5490 citudo,
2157 5436 2264 5478 non
2312 5431 2396 5478 est
2440 5420 2653 5487 inertia,
2688 5420 2771 5477 vel
2804 5417 3197 5484 ‘somnolentia,
3234 5423 3328 5470 aut
3361 5428 3517 5469 secu-

1926 5514 2081 5568 ritas.
2161 5514 2267 5570 Sed
2346 5513 2715 5584 defensionem.
2777 5511 3152 5567 Deiensionem
3209 5509 3295 5565 vel
3353 5506 3517 5562 disci-

1926 5607 2118 5677 plinae,
2180 5606 2264 5663 vel
2331 5606 2477 5664 ﬁdei.
2556 5606 2664 5663 Sed
2709 5606 3130 5677 indignationem.
3183 5602 3283 5658 Vel
3326 5606 3512 5656 contra

1925 5706 2210 5770 peccantes
2276 5700 2659 5770 indignamur,
2728 5698 2813 5752 vel
2885 5699 3121 5768 gentium
3183 5698 3514 5767 indignatio-

1925 5806 2023 5849 nes
2086 5789 2404 5848 suﬁ‘erimus.
2478 5790 2586 5846 Sed
2650 5789 2899 5844 timorem.
2972 5788 3087 5846 Non
3166 5790 3509 5847 securitatem
