3982 6352
488 289 584 341 δτι
1589 283 1888 347 PRIMASll
1926 274 2369 337 scaenarum
2409 278 2596 333 stnsc

3647 286 3773 339 572

489 411 673 457 contra
725 410 1030 471 peccantes.
1082 403 1185 457 Sed
1230 404 1272 457 si
1324 405 1441 472 quis
1486 404 1914 467 ‘scandalizatur,
1961 415 2061 470 ego
2089 400 2133 458 Α
2167 406 2276 452 tum
2308 408 2479 467 potest
2503 402 2648 469 facit,
2680 408 2849 458 totum
2873 403 3036 463 facit:
3066 403 3341 474 aequaliter
3359 403 3510 457 dives
3534 414 3587 458 et
3618 418 3769 471 pau-

491 509 639 549 uror.
679 493 783 549 Sed
834 493 1157 562 desiderium,
1190 495 1277 548 sed
1304 495 1701 548 mntulationem.
1729 493 2057 548 Desiderium

494 595 756 651 nostrum,
786 605 830 639 uc
854 601 889 640 n
917 587 1206 640 fastidium.
1234 585 1359 641 Sed.
1394 585 1618 651 Quidam
1646 585 1827 639 dicunt
1858 584 1957 637 hoc
1982 583 2061 636 lo-

493 691 560 731 co
607 677 693 731 sed
744 677 1169 747 propositionem
1210 691 1332 731 esse
1372 676 1692 745 superﬂuam
1732 678 1783 729 in
1829 675 2056 729 Latino:

495 766 633 834 apud
661 767 872 821 Grmcos
893 782 1017 820 vero
1041 776 1359 821 structuram
1388 767 1584 821 habere
1613 767 1895 821 sermonis.
1937 764 2063 819 Vin-

496 860 703 914 dictam.
731 859 845 914 Non
875 858 1065 912 malam
1096 860 1343 914 veniam:
1378 859 1567 913 melius
1598 867 1679 912 est
1722 858 1862 927 juste
1892 856 2063 910 vindi-

496 964 639 1015 care,
667 964 819 1019 quam
850 949 987 1004 male
1036 949 1349 1018 indulgere;
1379 964 1502 1002 nam
1538 950 1624 1016 qui
1670 948 1824 1002 malis
1853 948 2058 1015 parcit,

497 1043 717 1111 perdere
741 1042 904 1096 bonos
928 1041 1091 1109 cupit.
1126 1040 1186 1094 In
1209 1040 1437 1094 omnibus
1459 1039 1755 1093 exhibuistis
1782 1054 1866 1093 vos
1885 1039 2067 1091 incon-

499 1134 771 1187 taminatos
790 1145 916 1187 esse.
944 1131 1186 1187 Probatis
1209 1147 1302 1186 vos
1328 1148 1355 1185 a
1381 1134 1534 1201 culpa
1565 1132 1845 1185 immunes.
1871 1130 2065 1184 Conta-

497 1225 724 1277 minatus
754 1224 897 1277 enim
939 1224 1309 1277 auctoritatem
1361 1237 1462 1275 non
1496 1224 1649 1274 habet
1681 1222 1732 1274 in
1764 1219 1868 1273 alio
1894 1218 2066 1273 vindi-

497 1315 673 1369 candi.
723 1313 959 1385 Negotia.
1011 1316 1081 1368 De
1137 1331 1241 1383 quo
1287 1315 1480 1384 agitur.
1531 1312 1701 1383 Igitur
1746 1314 1838 1368 etsi
1884 1313 2067 1382 scripsi

498 1405 658 1475 vobis,
707 1422 808 1459 non
839 1415 1041 1478 propter
1070 1422 1182 1460 eum
1212 1408 1299 1478 qui
1354 1407 1490 1475 fecit.
1524 1406 1649 1461 Sive
1700 1423 1803 1461 non
1850 1415 2066 1476 propter

500 1512 620 1552 eum
647 1498 737 1566 qui
772 1497 896 1552 fecit
924 1499 1058 1565 patri
1083 1498 1349 1567 iujuriam,
1376 1509 1430 1554 et
1454 1501 1938 1556 excommunicatus
1962 1510 2063 1566 est,

503 1602 675 1655 neque
699 1597 914 1656 propter
936 1602 1057 1642 eum
1088 1589 1173 1654 qui
1202 1603 1388 1657 passus
1409 1600 1511 1654 est,
1536 1592 1681 1659 quasi
1713 1590 1825 1645 hanc
1846 1591 1960 1645 sola
1982 1606 2066 1645 me

501 1677 878 1730 delectassent.
913 1677 1187 1748 lnjuriam.
1223 1677 1387 1732 Patri.
1441 1678 1549 1733 Nec
1594 1689 1801 1749 propter
1829 1697 1941 1734 eum
1979 1683 2067 1747 qui

2162 506 2278 558 per,
2299 494 2535 559 quamvis
2551 493 2700 549 dives
2731 496 2956 564 amplius
2981 497 3108 551 dare
3132 496 3393 550 videatur.
3414 492 3549 559 Quia
3569 514 3769 551 secun-

2161 581 2282 634 dum
2320 583 2555 637 virtutem
2597 575 2939 641 testimonium
2968 586 3072 641 illis
3100 588 3357 642 reddo:et
3396 604 3553 657 supra
3585 590 3766 640 v'rta-

2162 688 2260 733 tem
2282 677 2555 731 voluntarii
2575 677 2801 745 fuerunt.
2821 677 3231 745 Prmposteravit
3253 680 3449 733 verba:
3472 693 3594 732 nam
3623 694 3761 730 sen-

2162 781 2253 821 sus
2276 767 2358 837 hic
2377 774 2460 820 est
2484 784 2497 818 :
2526 766 2911 820 TeStimonium
2934 767 3032 822 illis
3053 765 3240 833 reddo,
3266 767 3408 838 quod
3441 770 3762 823 secundum

2164 863 2411 915 virtutem
2447 859 2703 924 fecerunt,
2741 869 2795 914 et
2826 874 2983 926 supra
3010 862 3260 915 virtutem
3290 860 3574 915 voluntarii
3626 860 3757 913 lue-

2164 958 2305 1003 runt.
2330 947 2455 1001 Cum
2476 948 2634 999 ntulta
2656 946 2998 1002 exhortatione
3018 949 3336 1003 obsecrantes
3359 966 3449 1003 nos
3460 961 3691 1021 gratiam
3710 959 3765 1003 et

2165 1038 2668 1092 communicationem
2690 1039 2979 1106 ministerii,
2996 1041 3136 1110 quod
3150 1042 3204 1109 ﬁt
3218 1041 3270 1093 in
3282 1053 3505 1095 sanctos.
3525 1042 3759 1095 Multum

2169 1144 2263 1185 nos
2290 1129 2573 1184 suadentes
2598 1140 2938 1200 rogaverunt,
2969 1142 3025 1185 ut
3047 1140 3321 1201 gratanter
3350 1133 3763 1202 suscipercmus

2168 1235 2350 1275 eorum
2392 1221 2933 1275 communicationem
2985 1223 3036 1276 in
3067 1222 3369 1279 ministerio
3412 1237 3756 1280 sanctorum.

2172 1309 2235 1365 Et
2264 1328 2364 1366 non
2395 1313 2522 1365 sicut
2562 1314 2892 1380 speravimus.
2925 1313 3027 1369 Sed
3062 1315 3175 1383 plus
3202 1330 3359 1384 quam
3382 1318 3756 1384 speravimus.

2170 1398 2277 1453 Sed
2291 1400 2581 1468 semctipsos
2603 1399 2852 1453 dederunt
2875 1402 3092 1471 primum
3118 1402 3355 1469 Domino,
3376 1405 3563 1457 deinde
3582 1407 3757 1459 nobis.

2169 1487 2283 1541 Non
2306 1490 2477 1543 solum
2507 1503 2599 1543 sua
2629 1490 2830 1554 omnia,
2858 1492 2951 1545 sed
2974 1501 3027 1545 et
3056 1507 3115 1546 se
3141 1494 3363 1561 primum
3391 1495 3619 1551 Domino
3646 1506 3759 1551 tra-

2178 1580 2430 1635 diderunt
2456 1582 2507 1636 in
2541 1582 2643 1636 hoc
2688 1596 2883 1653 opere,
2915 1582 3107 1639 deinde
3150 1585 3332 1650 nobis;
3368 1587 3418 1639 id
3462 1596 3576 1653 est,
3611 1588 3759 1642 Deus

2172 1669 2500 1725 voluntatem
2532 1686 2716 1725 eorum
2748 1671 2900 1736 vidit,
2949 1687 3047 1727 nos
3076 1673 3345 1728 eli'cctum.
3383 1675 3485 1730 Per
3516 1678 3756 1731 volunta-

500 1782 679 1836 passus
708 1775 801 1820 est.
835 1766 1178 1832 Subauditur,
1219 1776 1444 1822 tantum.
1493 1769 1597 1824 Sed
1637 1770 1706 1823 ad
1733 1772 2066 1841 manifestan-

2176 1770 2272 1812 tem
2316 1759 2431 1814 Dei.
2468 1760 2583 1815 Non
2614 1770 2671 1815 ut
2699 1761 2853 1816 nobis
2880 1763 3153 1831 placerent
3196 1775 3380 1819 contra
3419 1767 3631 1822 Domini
3662 1786 3758 1823 vo-

503 1856 621 1910 dam
650 1857 1039 1911 sollicitudinem
1075 1866 1320 1926 nostram,
1346 1876 1499 1929 quam
1532 1877 1625 1932 pro
1651 1862 1787 1914 vobis
1831 1861 2071 1916 habemus

504 1961 677 1998 coram
702 1944 827 2000 Deo.
855 1946 933 2001 Ne
963 1949 1158 2016 putetis
1189 1963 1286 2002 nos
1315 1948 1513 2018 aliquid
1562 1964 1718 2019 posse
1764 1953 1930 2006 latere
1977 1968 2073 2022 per

503 2036 911 2092 sollicitudinem
964 2048 1222 2093 nostram.
1272 2038 1403 2093 Ideo
1457 2041 1704 2095 consolati
1754 2058 1949 2096 sumus.
1996 2042 2075 2097 Eo

503 2126 644 2194 quod
674 2141 767 2180 vos
793 2127 1146 2195 probaveritis
1191 2136 1367 2184 castos
1398 2144 1517 2185 esse
1548 2133 1777 2202 negotio.
1809 2130 1875 2185 In
1898 2148 2078 2187 conso-

502 2215 690 2269 latione
716 2224 883 2270 autem
926 2219 1297 2293 nostra.quia
1343 2220 1411 2275 de
1456 2221 1610 2276 vobis
1655 2224 2075 2278 consolationem

502 2306 812 2373 accipimus.
844 2306 1196 2362 Abundantius
1224 2310 1386 2379 magis
1407 2311 1565 2381 gavisi
1584 2328 1754 2365 sumus
1782 2330 1935 2383 super
1952 2331 2080 2385 gau-

505 2398 591 2451 dio
621 2396 742 2461 Titi,
760 2399 881 2466 quia
901 2403 1117 2467 refectus
1138 2408 1211 2454 est
1229 2401 1436 2472 spiritus
1454 2404 1566 2473 ejus
1588 2403 1650 2456 ab
1671 2406 1899 2460 omnibus
1918 2408 2074 2461 vobis.

508 2488 641 2541 Illud
673 2488 845 2542 adhuc
888 2490 1112 2559 ampfius
1142 2493 1307 2561 gavisi
1340 2507 1546 2560 sumus,
1587 2496 1728 2564 quod
1771 2498 1843 2551 ita
1868 2513 1895 2551 a
1926 2498 2076 2553 vobis

511 2576 617 2632 Titi
647 2587 729 2633 est
750 2580 967 2649 spiritus
1008 2580 1257 2646 refectus,
1287 2593 1342 2636 ut
1372 2600 1639 2655 nunquam
1669 2587 1737 2641 de
1759 2588 1874 2657 ejus
1903 2600 2080 2646 mente

511 2668 777 2722 recedatis
804 2685 817 2721 :
850 2669 1122 2738 profectus
1147 2672 1289 2727 enim
1322 2672 1702 2743 discipulorum
1733 2677 1952 2732 refectio
1973 2680 2079 2749 spi-

510 2756 643 2811 ritus
668 2767 750 2813 est
778 2761 1036 2829 magistri.
1070 2760 1133 2815 Et
1162 2762 1206 2815 si
1232 2763 1354 2833 quid
1383 2765 1522 2834 apud
1549 2764 1700 2819 illum
1729 2768 1792 2822 de
1808 2769 1946 2823 vobis
1966 2770 2080 2841 glo-

509 2849 667 2904 riotus
705 2865 852 2918 sum,
900 2869 1002 2907 non
1052 2870 1164 2908 sum
1218 2859 1482 2928 confusus.
1514 2856 1769 2915 Gloriatio
1813 2863 2082 2932 prolectus

510 2942 877 2998 confusionem
918 2960 1023 2999 non
1073 2946 1255 3014 habet,
1307 2948 1446 3003 sicut
1495 2950 1738 3017 gloriatio
1786 2954 2078 3009 saecularis.

510 3030 616 3088 Sed
640 3032 773 3087 sicut
818 3036 990 3113 omnia
1031 3036 1171 3091 vobis
1197 3039 1251 3091 in
1280 3040 1487 3096 veritate
1515 3043 1671 3097 locuti
1699 3061 1891 3113 sumus,
1921 3048 1995 3101 ita
2034 3057 2081 3102 et

2174 1852 2458 1918 luntatem;
2482 1853 2574 1908 sed
2607 1864 2663 1907 ut
2689 1853 2766 1908 illi
2788 1855 2890 1910 hoc
2912 1855 3167 1920 facerent,
3191 1858 3482 1911 voluntatis
3507 1860 3599 1914 Dei
3626 1861 3751 1924 fuit,

2173 1944 2261 2011 qui
2292 1941 2398 1997 illis
2430 1944 2528 1997 hoc
2560 1952 2615 1998 ut
2645 1943 2668 1997 t'
2699 1956 2905 2009 cerenl,
2933 1946 3235 2014 inspiravit.
3265 1944 3351 2001 Ita
3379 1957 3435 2000 ut
3456 1965 3757 2019 rogaremus

2178 2037 2367 2107 Titum,
2395 2050 2451 2092 ut
2473 2040 2897 2108 quemadmodum
2927 2042 3095 2109 coepit,
3122 2042 3192 2094 ita
3213 2050 3261 2095 et
3282 2043 3515 2110 perﬁciat
3540 2044 3593 2097 in
3613 2046 3754 2098 vobis

2175 2135 2323 2184 etiam
2351 2133 2567 2201 gratiam
2599 2133 2773 2185 istam.
2804 2133 3015 2187 Illorum
3046 2134 3293 2204 exemplo
3323 2136 3535 2189 accensi
3567 2151 3757 2191 sumus

2177 2221 2387 2275 mittere
2414 2222 2479 2274 ad
2516 2237 2613 2275 vos
2658 2223 2858 2287 Titum,
2892 2234 2948 2278 ut
2992 2225 3354 2295 doctrinajvel
3401 2228 3755 2296 dispositione

2177 2326 2268 2364 sua
2309 2312 2466 2366 etiam
2510 2312 2610 2367 hoc
2661 2314 2711 2367 in
2757 2314 2908 2369 vobis
2951 2314 3063 2370 Deo
3104 2317 3349 2386 adiutore
3385 2316 3650 2386 perﬁciat,
3689 2335 3755 2373 ne

2178 2402 2302 2470 quid
2334 2404 2509 2457 minus
2558 2403 2768 2458 cmteris
2818 2405 3075 2460 habeatis.
3110 2406 3217 2460 Sed
3261 2410 3390 2460 sicut
3432 2409 3485 2461 in
3526 2398 3756 2462 omnibus

2158 2492 2451 2545 'abundatis
2478 2491 2600 2558 ﬁde,
2633 2502 2679 2546 et
2714 2508 2962 2557 sermone,
2989 2502 3035 2545 et
3062 2494 3292 2560 scientia,
3321 2505 3366 2549 et
3395 2497 3540 2548 omni
3566 2498 3757 2551 801ῗὶίί-

2180 2583 2375 2647 tudine,
2398 2591 2446 2636 et
2464 2583 2713 2637 charitate
2739 2595 2903 2637 vestra
2926 2585 2977 2638 in
3006 2600 3116 2638 nos.
3140 2585 3252 2640 Non
3279 2594 3483 2640 tantum
3504 2602 3627 2642 cum
3655 2590 3757 2642 lide

2180 2686 2481 2726 sermonem
2512 2682 2566 2727 et
2595 2673 2871 2727 scientiam
2902 2676 3133 2743 c0pulat.
3189 2674 3255 2729 Ut
3283 2686 3330 2730 et
3371 2678 3424 2730 in
3453 2678 3550 2731 hac
3591 2682 3758 2747 gratia

2181 2763 2471 2819 abundetis.
2502 2764 2578 2819 Ne
2615 2779 2735 2819 cum
2771 2766 2821 2819 in
2853 2766 2971 2820 aliis
3013 2776 3240 2821 caeteros
3286 2769 3541 2833 vincatis,
3573 2770 3625 2822 in
3658 2771 3761 2824 hoc

2184 2854 2462 2909 inferiores
2487 2855 2849 2910 inveniamini.
2878 2856 2931 2910 Ν
2936 2874 3000 2910 ou
3032 2859 3176 2926 quasi
3204 2859 3458 2923 imperans
3482 2860 3601 2913 dico
3623 2878 3644 2917 :
3667 2864 3759 2915 sed

2185 2960 2274 3013 per
2301 2947 2518 2999 aliorum
2538 2946 2933 3001 sollicitudinem
2954 2949 3105 3000 etiam
3129 2956 3309 3001 vestra:
3332 2948 3584 3001 castitatis
3604 2953 3762 3018 inge-

2184 3038 2321 3089 nium
2350 3035 2533 3089 bonum
2561 3036 2915 3105 comprobaus.
2942 3034 3057 3089 Non
3080 3036 3305 3104 impero,
3337 3050 3427 3090 nec
3447 3039 3627 3105 exigo,
3654 3040 3759 3092 sed

508 3120 748 3191 gloriatio
771 3112 965 3194 nostra,
1009 3141 1124 3197 quo:
1152 3129 1250 3199 fuit
1288 3131 1358 3183 ad
1404 3132 1595 3206 Titum,
1621 3135 1804 3193 veritas
1827 3138 1963 3211 facta
1984 3147 2076 3197 est.
2108 3146 2152 3211 ο
2185 3129 2462 3183 consilium
2487 3127 2590 3181 do:
2614 3135 2672 3180 ut
2698 3126 2835 3181 sicut
2865 3127 2915 3180 in
2939 3127 3207 3191 omnibus,
3232 3129 3301 3181 ita
3334 3139 3385 3181 et
3410 3128 3497 3181 hic
3527 3128 3759 3182 formam

509 3213 612 3281 Qui
634 3215 686 3271 in
716 3217 875 3274 rebus
898 3217 1057 3290 justis
1084 3220 1368 3294 gloriatur,
1398 3228 1452 3282 in
1478 3228 1701 3285 veritate
1729 3232 2005 3303 gloriatur,
2030 3245 2084 3290 et

508 3306 561 3360 in
592 3308 724 3376 Deo,
753 3311 904 3381 cujus
928 3314 1123 3370 donum
1156 3326 1255 3373 est.
1290 3317 1359 3372 Et
1381 3321 1573 3375 viscera
1601 3325 1709 3393 ejus
1741 3324 2084 3383 abundantius

508 3397 563 3456 in
589 3400 725 3456 vobis
754 3412 901 3469 sunt,
923 3407 1288 3463 reminiscentis
1330 3412 1559 3465 omnium
1598 3423 1812 3467 vestrum
1849 3417 2084 3471 obedien-

509 3493 655 3549 tiam.
684 3495 871 3550 Omnia
900 3513 993 3552 vos
1036 3500 1152 3568 ejus
1197 3502 1436 3556 membra
1465 3503 1806 3571 desiderant,
1842 3516 1899 3560 ut
1943 3508 2081 3564 oculi

510 3585 847 3650 prtesentiam
870 3596 1120 3653 vestram,
1136 3605 1292 3644 aures
1304 3604 1631 3661 sermonem,
1653 3608 1714 3648 os
1735 3595 2080 3664 colloquium,

506 3678 567 3725 et
593 3682 806 3727 caetera.
841 3674 1109 3740 Quomodo
1137 3693 1253 3732 cum
1274 3679 1453 3735 timore
1474 3690 1524 3734 et
1550 3689 1768 3737 tremore
1791 3688 2081 3754 suscepistis

507 3775 647 3815 eum.
670 3760 978 3817 Obedientia
1004 3764 1120 3820 sine
1148 3766 1338 3823 timore
1361 3784 1481 3825 esse
1502 3784 1609 3826 non
1637 3774 1817 3841 novit;
1845 3790 1967 3829 nam
1989 3778 2079 3847 qui

508 3871 576 3911 ex
602 3856 860 3913 charitate
888 3860 1096 3927 obedit,
1145 3879 1302 3933 quem
1354 3865 1557 3937 diligit,
1587 3866 1738 3923 timet
1788 3868 2074 3926 oﬁ'endere.

510 3948 751 4018 Gaudeo,
778 3951 913 4021 quod
941 3952 994 4006 in
1021 3954 1253 4008 omnibus
1273 3955 1478 4023 conﬁdo
1506 3957 1562 4010 in
1590 3958 1747 4012 vobis.
1780 3958 1846 4014 Ut
1877 3961 2079 4029 peritus

507 4040 809 4102 archiatrus
849 4044 914 4098 ad
947 4044 1055 4115 jam
1103 4060 1267 4115 prope
1295 4058 1541 4102 sanatum
1566 4048 1763 4104 vulnus
1789 4049 2081 4107 lenissimis

506 4133 912 4191 medicamentis
934 4137 1118 4203 utitur,
1148 4145 1204 4192 ut
1224 4139 1478 4194 cauteriis
1500 4148 1681 4195 ustura
1709 4148 1945 4196 sanetur.
1979 4140 2083 4197 Fe-

502 4225 653 4280 cistis
672 4241 757 4282 me
780 4228 1032 4299 gaudere,
1051 4230 1171 4299 quia
1196 4230 1262 4285 de
1279 4239 1455 4285 vestra
1481 4230 1783 4286 Obedientia
1808 4246 2077 4301 nunquam

504 4315 710 4372 diltldo.

572 4408 702 4464 CAP.
733 4424 849 4465 vm.
883 4409 1072 4465 Notam
1098 4419 1269 4466 autem
1297 4412 1433 4465 vobis
1461 4412 1702 4482 facimus,
1730 4412 1935 4481 fratres,
1961 4428 2082 4482 gra-

2184 3220 2301 3279 aliis
2332 3217 2654 3292 praebeatis:
2682 3231 2804 3276 cum
2833 3218 2992 3276 etiam
3022 3218 3257 3275 sciamus
3301 3218 3668 3277 obedientiam
3708 3230 3759 3278 et

2185 3314 2613 3371 misericordiam
2642 3328 2739 3369 vos
2780 3322 2979 3369 tantam
3031 3313 3248 3381 habere,
3288 3322 3346 3367 ut
3371 3330 3476 3369 non
3508 3314 3760 3370 didicisse

2184 3422 2301 3461 eam
2334 3405 2640 3470 videamini,
2663 3404 2755 3459 sed
2779 3403 3096 3459 naturaliter
3117 3404 3413 3473 possidere.
3440 3404 3602 3460 Scitis
3624 3409 3755 3459 enim

2184 3501 2398 3571 gratiam
2428 3498 2638 3553 Domini
2666 3498 2823 3551 nostri
2844 3495 2970 3551 Iesu
2989 3494 3199 3551 Christi.
3222 3496 3336 3552 Non
3366 3497 3512 3552 enim
3546 3500 3755 3567 ignora-

2185 3592 2251 3644 tis
2274 3592 2418 3645 illum
2448 3597 2663 3659 propter
2682 3600 2777 3642 vos
2799 3601 3084 3658 pauperem
3107 3586 3299 3641 factum
3317 3628 3334 3655 ,
3364 3586 3455 3656 qui
3480 3587 3760 3641 universo-

2183 3696 2301 3735 rum
2331 3689 2448 3734 erat
2490 3680 2659 3734 factor
2713 3688 2767 3733 et
2814 3678 3103 3733 Dominus:
3136 3684 3196 3732 ut
3223 3674 3341 3747 ejus
3386 3677 3561 3746 gratia
3612 3677 3757 3731 bonis

2182 3771 2493 3826 omlestibus
2519 3769 2846 3825 ditaremini.
2870 3768 2924 3822 Si
2948 3782 3076 3838 ergo
3100 3768 3189 3823 ille
3219 3776 3443 3837 propter
3462 3780 3564 3821 vos
3586 3767 3759 3821 omnia

2183 3876 2281 3918 sua
2318 3861 2660 3929 contempsit,
2691 3867 2894 3930 quanto
2934 3858 3103 3927 magis
3137 3872 3231 3913 vos
3258 3865 3484 3927 propter
3508 3871 3609 3910 vos
3637 3855 3759 3909 dare

2182 3952 2390 4008 debetis
2413 3964 2592 4020 parva,
2624 3965 2728 4004 non
2754 3958 2956 4016 vestra,
2986 3948 3094 4001 imo
3109 3961 3203 4003 sua
3225 3947 3273 4001 ei
3297 3945 3622 4001 restituere!
3650 3945 3751 4013 Ipsi

2182 4046 2324 4101 enim
2353 4042 2531 4107 datur,
2556 4039 2807 4109 quidquid
2834 4036 2949 4108 ejus
2971 4052 3129 4093 causa
3159 4036 3468 4108 porrigitur.
3501 4036 3758 4101 Quoniam

2183 4143 2391 4205 propter
2413 4148 2499 4186 vos
2519 4146 2705 4200 egenus
2727 4131 2893 4197 factus
2924 4138 3016 4183 est.
3042 4128 3116 4183 De
3144 4129 3252 4183 Deo
3274 4130 3454 4182 homo.
3480 4127 3612 4182 Cum
3634 4134 3759 4181 esset

2183 4227 2354 4279 dives:
2383 4233 2436 4276 ut
2463 4222 2603 4276 illius
2632 4223 2805 4291 inopia
2842 4236 2929 4275 vos
2959 4222 3136 4274 divites
3158 4224 3349 4274 essetis.
3393 4220 3458 4273 Et
3487 4221 3757 4274 comitium

2180 4317 2235 4370 in
2266 4317 2361 4369 hoc
2388 4316 2473 4369 do.
2510 4313 2625 4367 Hoc
2639 4314 2771 4367 enim
2800 4313 2938 4365 vobis
2964 4310 3087 4365 utile
3116 4319 3209 4365 est.
3240 4310 3437 4366 Contra
3470 4310 3754 4365 Photinum

2182 4408 2341 4464 etiam
2372 4406 2472 4460 hoc
2516 4405 2661 4470 facit,
2695 4403 2816 4474 quia
2857 4412 2974 4457 erat
3020 4402 3171 4457 dives
3201 4402 3346 4471 prius
3368 4442 3384 4467 ,
3413 4417 3574 4470 quam
3607 4403 3757 4457 ﬁeret

504 4500 628 4555 tiam
647 4498 889 4568 Dei,qute
907 4502 1027 4555 data
1039 4503 1177 4555 estin
1191 4502 1435 4556 Ecclesiis
1453 4502 1793 4557 Macedonia.
1820 4504 2074 4573 Exemplo
2105 4515 2156 4573 1)
2184 4513 2407 4567 pauper.
2434 4498 2539 4564 Qui
2568 4513 2668 4550 non
2696 4497 2862 4550 solum
2891 4500 3079 4564 facere,
3109 4496 3198 4549 sed
3221 4505 3268 4549 et
3293 4496 3419 4550 velle
3443 4497 3667 4566 cwpistis
3697 4497 3757 4548 ab

501 4589 849 4643 ecclesiarum
877 4590 1195 4645 Macedonia:
1222 4607 1315 4646 eos
1341 4593 1407 4645 ad
1437 4593 1858 4648 misericordiam
1881 4607 2073 4661 provoo

503 4684 587 4731 cat
608 4693 623 4729 :
646 4685 704 4730 ut
730 4692 836 4731 non
865 4687 1050 4746 putent
1070 4695 1253 4747 grave,
1279 4679 1419 4748 quod
1446 4680 1677 4733 viderint
1705 4679 2074 4749 Philippenses

503 4764 584 4818 vel
612 4764 744 4819 alios
761 4766 869 4834 jam
892 4765 1099 4821 fecisse.
1124 4766 1191 4820 Et
1211 4769 1349 4837 quod
1368 4770 1420 4822 in
1434 4769 1595 4823 multo
1612 4772 1951 4838 experimento
1981 4773 2074 4825 tri-

503 4855 778 4911 bulationis
815 4856 1131 4912 abundantia
1162 4858 1336 4930 gaudii
1364 4860 1592 4929 ipsorum
1632 4862 1752 4931 fuit.
1782 4861 1931 4916 Tunc
1958 4878 2071 4917 ma-

503 4946 647 5001 xime
672 4946 921 5017 gaudent,
950 4949 1161 5015 quando
1182 4948 1403 5004 multum
1422 4949 1619 5005 iuerint
1643 4950 1903 5021 tribuisti,
1933 4953 2072 5007 sicut

504 5039 733 5108 apostoli
762 5038 909 5096 ibant
937 5041 1252 5110 gaudentes,
1283 5043 1408 5113 quia
1444 5041 1595 5113 digni
1624 5041 1791 5098 habiti
1820 5054 1944 5099 sunt
1971 5059 2071 5114 pro

504 5130 723 5185 nomine
759 5129 886 5186 Jesu
914 5131 1113 5188 Christi
1154 5133 1530 5189 contumeliam
1567 5136 1696 5205 pati.
1731 5133 1799 5188 Et
1823 5135 2071 5190 altissima

505 5236 778 5296 paupertas
799 5242 973 5283 eorum
1000 5228 1275 5282 abundavit
1303 5230 1355 5282 in
1380 5226 1585 5283 divitias
1612 5228 1954 5299 simplicitatis
1980 5243 2069 5282 eo-

504 5331 641 5373 rum.
671 5318 796 5373 Scio
838 5328 1199 5388 paupertatem
1228 5332 1402 5388 tuam,
1432 5330 1488 5375 et
1516 5319 1908 5374 tribulationem
1929 5362 1945 5385 ,
1974 5319 2068 5373 sed

503 5408 653 5464 dives
690 5424 790 5465 es:
821 5413 1042 5467 multum
1070 5411 1285 5482 quidem
1339 5424 1600 5481 pauperes
1628 5411 1683 5465 in
1722 5409 1944 5479 opibus,
1974 5409 2069 5464 sed

506 5497 735 5566 amplius
761 5500 813 5555 in
836 5500 1179 5569 simplicitate
1221 5511 1345 5557 sunt
1379 5502 1596 5567 divites,
1624 5507 1681 5556 et
1710 5500 1828 5569 plus
1853 5499 2071 5569 cupiunt

507 5587 636 5643 dare
657 5604 814 5659 quam
840 5591 1065 5649 habent:
1091 5603 1145 5649 et
1166 5594 1285 5649 ideo
1314 5591 1481 5660 magis
1509 5591 1743 5645 animum
1783 5591 1923 5644 Deus
1950 5604 2072 5660 pro-

511 5678 618 5747 bat,
651 5696 805 5754 quam
834 5684 974 5757 quod
1000 5685 1214 5743 dextera
1245 5682 1543 5754 porrigebat
1570 5697 1585 5737 :
1615 5680 1704 5750 qui
1734 5681 1874 5736 enim
1905 5697 2071 5752 quau-

2176 4606 2313 4643 anno
2338 4590 2533 4662 priore.
2566 4586 2833 4654 Quosdam
2856 4586 3093 4641 ostendit
3119 4601 3276 4655 posse
3318 4586 3497 4642 facere
3523 4603 3633 4642 non
3660 4604 3757 4642 vo-

2178 4680 2403 4743 luntate,
2425 4693 2545 4733 cum
2566 4687 2658 4732 aut
2682 4677 3055 4747 importunitas
3076 4676 3325 4745 petentis,
3350 4689 3442 4732 aut
3465 4680 3756 4733 auctoritas

2176 4769 2533 4841 praecipientis
2559 4768 2814 4837 exegerit.
2848 4766 3003 4821 Nunc
3028 4781 3145 4820 vero
3169 4774 3217 4820 et
3242 4767 3382 4831 [acto
3408 4767 3663 4836 perﬁcite,
3702 4776 3755 4820 ut

2176 4858 2601 4930 quemadmodum
2642 4865 2906 4931 promptus
2936 4866 3011 4912 est
3051 4859 3254 4912 animus
3278 4857 3574 4912 voluntatis.
3602 4858 3752 4924 Quod

2179 4952 2449 5005 voluntate
2501 4950 2677 5004 facere
2726 4949 2988 5017 coepistis,
3038 4946 3229 5002 cli'ectu
3274 4948 3517 5017 implete.
3562 4950 3753 5003 Omnis

2178 5039 2338 5094 etiam
2364 5039 2443 5094 rei
2472 5038 2595 5095 linis
2619 5047 2701 5093 est
2725 5039 3073 5107 expetendus.
3096 5036 3245 5092 Sicut
3268 5037 3411 5092 enim
3440 5037 3644 5093 factum
3674 5039 3755 5092 in-

2177 5131 2270 5188 viti
2299 5140 2574 5202 acceptum
2603 5146 2709 5186 non
2752 5141 2855 5196 est,
2895 5132 2966 5184 ita
2995 5140 3049 5185 et
3072 5129 3316 5186 voluntas
3353 5131 3596 5186 renitens
3636 5131 3750 5186 sine

2179 5224 2353 5278 fructu
2383 5234 2487 5278 est.
2519 5220 2605 5276 Ita
2632 5223 2697 5276 sit
2718 5231 2767 5276 et
2792 5219 3092 5291 perﬁciendi
3116 5236 3179 5274 ea:
3201 5235 3261 5274 eo
3284 5220 3424 5289 quod
3454 5221 3671 5275 habetis.
3696 5222 3747 5275 ln

2177 5312 2335 5368 linem
2364 5328 2551 5383 usque.
2576 5313 2637 5369 Si
2661 5313 2797 5367 enim
2825 5310 3055 5365 voluntas
3091 5320 3328 5383 prompta
3363 5320 3437 5364 est
3470 5314 3748 5366 secundum

2178 5404 2233 5457 id
2259 5404 2397 5474 quod
2427 5403 2595 5469 habet,
2624 5410 2830 5470 accepta
2853 5409 2945 5455 est.
2974 5399 3050 5455 Ne
3078 5401 3272 5469 putetis
3300 5414 3389 5455 me
3414 5400 3647 5470 aliquem
3670 5418 3747 5455 su-

2182 5512 2276 5566 pra
2299 5498 2442 5551 vires
2471 5496 2715 5566 exigere,
2746 5504 2833 5548 aut
2866 5502 3069 5547 tantum
3096 5507 3126 5545 a
3146 5505 3390 5571 paupere
3440 5502 3695 5560 quantum
3716 5508 3743 5545 a

2177 5588 2340 5645 divite
2385 5594 2700 5656 exspectare
2745 5603 2759 5640 :
2800 5598 2985 5639 omnes
3013 5584 3156 5639 enim
3199 5581 3474 5651 aequaliter
3506 5581 3672 5650 dant,
3700 5583 3742 5636 si

2178 5679 2538 5751 unusquisque
2575 5676 2645 5732 de
2674 5684 2819 5731 tanto
2870 5673 2960 5730 det
2998 5681 3252 5743 quantum
3303 5669 3482 5726 habet.
3519 5670 3639 5727 Non
3664 5689 3739 5727 sc-
