3982 6352
182 350 293 408 573

959 349 1026 406 IN
1064 349 1448 410 EPISTOLAM
1489 348 1529 402 ll
1568 346 1656 401 AD
1693 344 2093 403 COﬂlN'l’IllOS
2129 348 2645 407 COMMENTARIA.

3323 360 3425 413 574

184 470 408 522 eundum
438 468 493 521 id
518 479 650 538 quod
695 483 798 520 non
847 464 1014 521 habet.
1047 465 1195 521 Sicut
1244 464 1517 527 habueris,
1553 462 1644 523 ﬁli,
1676 463 1751 514 sic
1784 461 1829 519 A
1858 460 1931 514 Ne
1953 463 2071 529 quis
2093 467 2252 530 (“381,
2280 466 2546 534 quomodo
2566 466 2809 521 Christus
2833 467 2999 537 legem
3021 468 3279 540 implevit,
3304 490 3424 529 cum

184 560 270 615 fac
290 561 702 630 eleemosynam.
732 558 849 612 Non
872 558 1000 611 enim
1023 565 1077 610 ut
1106 557 1222 609 aliis
1247 556 1313 610 sit
1335 554 1584 608 remissio.
1614 552 1757 619 Qua-

183 653 269 706 les
290 660 464 717 erant,
488 658 545 705 ut
565 651 666 705 hoc
686 649 791 704 illis
814 663 1035 704 necesse
1054 656 1199 702 esset
1225 646 1325 700 dici
1352 662 1364 698 :
1385 643 1500 699 Non
1526 650 1584 698 ut
1605 643 1757 698 vobis

183 745 325 800 nihil
354 741 604 807 servetis;
625 741 718 796 sed
748 749 803 794 ut
831 747 884 795 et
910 739 1016 794 illis
1042 737 1290 801 sufﬁciat,
1313 744 1368 791 et
1386 734 1568 789 vobis!
1602 733 1759 788 Vobis

180 847 357 890 autem
378 834 654 887 tribulatio.
680 831 893 900 inOpite.
918 830 1021 883 Sed
1042 845 1108 883 ex
1120 828 1432 897 mqualitate,‘
1453 828 1503 879 in
1522 825 1758 897 praesenti

183 939 431 995 tempore.
456 924 639 980 Sancti
668 931 721 978 et
744 922 885 977 servi
924 920 1017 975 Dei
1048 920 1100 974 in
1146 920 1246 973 hoc
1274 918 1470 971 saeculo
1493 916 1755 984 peregrini

184 1028 245 1074 et
271 1031 532 1088 pauperes
559 1023 705 1080 sunt,
723 1014 777 1069 in
800 1013 903 1067 vita
925 1025 1055 1067 vero
1082 1019 1277 1065 aeterna
1300 1008 1533 1079 patriam
1562 1007 1760 1061 habent

186 1118 354 1179 atque
382 1107 594 1163 divitias
619 1123 631 1158 :
655 1104 773 1160 laici
804 1117 933 1158 vero
978 1101 1064 1156 vel
1098 1101 1185 1169 qui
1215 1098 1553 1154 facultatibus
1584 1098 1758 1152 abun-

180 1200 337 1265 dant,
362 1196 449 1252 hic
475 1197 623 1266 quasi
653 1193 877 1264 patriam
919 1191 1116 1245 habere
1142 1190 1406 1253 videntur,
1438 1189 1481 1242 si
1508 1202 1749 1242 commu-

183 1290 367 1347 nicant
395 1288 589 1341 sanctis
615 1302 627 1337 :
649 1283 824 1340 hicilli
845 1282 922 1337 eis
950 1283 1255 1345 restituunt,
1274 1289 1330 1333 ut
1350 1280 1404 1332 in
1438 1293 1531 1332 sua
1564 1279 1755 1347 patria,

184 1380 280 1435 ubi
311 1393 430 1435 esse
458 1379 647 1433 divites
673 1376 1101 1445 comprobantur.
1136 1372 1318 1427 Vestra
1345 1371 1659 1425 abundantia
1688 1371 1752 1425 it-

182 1474 355 1527 lorum
378 1472 602 1536 inopiam
626 1469 895 1539 suppleat:
916 1477 971 1520 ut
986 1476 1033 1521 et
1052 1467 1258 1520 illorum
1277 1464 1613 1519 abundantia.
1630 1463 1761 1518 Date

188 1561 299 1617 illis
342 1560 600 1624 carnalia,
632 1568 691 1613 ut
719 1567 773 1612 et
802 1556 876 1611 illi
922 1565 1173 1611 vacantes
1202 1554 1309 1611 Deo
1361 1554 1569 1624 possint
1611 1554 1762 1608 vobis

186 1652 418 1709 reddere
439 1650 727 1721 spiritalia:
747 1648 837 1703 isti
860 1649 1002 1703 enim
1026 1648 1130 1703 duo
1153 1647 1349 1715 gradus
1371 1649 1486 1702 sine
1504 1647 1763 1700 alterutro

185 1753 332 1798 stare
355 1758 461 1797 non
488 1747 729 1810 possunt.
762 1739 892 1794 Tam
923 1738 1011 1794 ille
1038 1737 1308 1807 perfectus
1335 1752 1443 1791 non
1469 1737 1592 1801 erit,
1619 1737 1764 1807 cogi-

1862 552 2136 622 videamus
2178 556 2509 614 Christianos
2544 576 2642 614 nec
2693 572 2887 615 tantam
2918 563 3315 636 eleenmsyuam
3345 568 3427 621 fa-

1860 657 2000 707 cere,
2024 655 2272 713 quantam
2294 649 2410 702 ﬁeri
2437 650 2487 703 in
2513 650 2629 719 lege
2652 662 2970 722 praeceptum
2998 656 3103 710 est?
3123 656 3185 708 In
3212 658 3429 725 gloriam

1859 731 2088 788 Domini.
2133 737 2188 789 ln
2248 739 2468 807 gloriam
2521 741 2731 796 Domini
2784 746 2958 798 omnis
3008 748 3124 813 pius
3166 746 3432 815 gloriﬁcat

1863 822 2051 877 Deum.
2088 823 2425 883 Providemus
2454 833 2586 884 enim
2617 834 2767 887 bona.
2795 834 2931 888 Nihil
2961 837 3170 905 quidem
3214 848 3432 906 pr0pter

1861 914 2144 972 humanam
2186 919 2409 989 gloriam
2440 922 2693 978 facimus:
2724 925 2816 979 sed
2860 936 3033 983 tamen
3087 929 3334 983 nolumus
3376 939 3433 981 ut

1858 1020 1954 1076 per
1990 1023 2087 1062 nos
2109 1009 2297 1080 aliquis
2320 1013 2707 1070 scandalizetur
2724 1025 2789 1072 -et
2810 1028 3027 1089 pereat;
3053 1020 3143 1074 sed
3168 1028 3224 1075 ut
3245 1022 3431 1077 videns

1858 1114 2016 1169 opera
2048 1112 2227 1158 nostra
2255 1104 2393 1160 bona
2413 1146 2428 1172 ,
2463 1107 2765 1177 magniﬁcet
2793 1109 3003 1166 Patrem
3047 1121 3308 1178 nostrum,
3336 1115 3430 1182 qui

1860 1190 1913 1245 in
1942 1192 2092 1247 ccelis
2122 1203 2224 1250 est.
2243 1194 2363 1249 Non
2390 1197 2553 1250 solum
2589 1215 2762 1251 coram
2806 1199 2935 1264 Deo,
2962 1204 3051 1255 sed
3083 1205 3235 1255 etiam
3263 1220 3434 1256 coram

1859 1280 2173 1340 hominibus.
2207 1286 2544 1342 Conscientia
2576 1298 2758 1343 nostra
2803 1290 3000 1345 sufﬁcit
3026 1294 3180 1347 nobis
3216 1305 3433 1362 propter

1862 1388 1997 1428 nos:
2032 1374 2169 1430 fama
2211 1393 2357 1443 vero,
2389 1387 2605 1449 propter
2650 1382 2943 1449 proximos,
2988 1399 3103 1450 quae
3144 1400 3247 1437 non
3272 1385 3436 1439 debet

1863 1464 2045 1533 pollui,
2070 1468 2161 1521 scd
2187 1469 2559 1537 pollere.’Du:e
2582 1486 2667 1526 res
2689 1482 2833 1535 sunt,
2852 1474 3173 1528 conscientia
3198 1485 3251 1529 et
3270 1475 3432 1529 fama.

1862 1555 2203 1613 Conscientia
2251 1559 2368 1626 tibi,
2396 1560 2531 1615 fama
2575 1562 2710 1616 aliis.
2751 1563 2851 1629 Qui
2892 1563 3059 1619 ﬁdens
3089 1566 3435 1619 conscientia:

1868 1658 2001 1711 suae,
2036 1648 2256 1715 negligit
2283 1648 2476 1703 famam
2507 1666 2678 1714 suam,
2702 1653 2931 1707 crudelis
2961 1664 3061 1708 est.
3083 1654 3318 1707 Misimus
3343 1670 3437 1706 au-

1867 1747 1964 1790 tem
1991 1755 2105 1791 cum
2136 1741 2237 1792 illis
2264 1750 2310 1793 et
2343 1742 2553 1808 fratrem
2581 1752 2828 1798 nostrum.
2858 1744 3082 1811 Quidam
3125 1745 3306 1799 dicunt
3339 1744 3437 1798 hoc

186 1835 353 1888 tando
373 1833 440 1888 de
478 1831 799 1895 carnalibus,
825 1843 982 1900 quam
1027 1828 1112 1882 hic
1140 1828 1469 1893 misericors,
1500 1841 1621 1881 cum
1654 1843 1759 1883 non
1791 1815 1838 1875 B
1867 1824 1934 1879 de
1975 1828 2167 1896 Apollo
2197 1826 2435 1894 dictum;
2458 1830 2551 1884 sed
2581 1830 2840 1885 incertum
2874 1842 2972 1887 est.
3009 1833 3171 1899 Quem
3201 1833 3437 1902 probavi-

183 1920 349 1977 hahet
387 1921 471 1977 cui
522 1920 649 1975 dare
687 1919 772 1974 vel
819 1933 849 1972 a
896 1934 1002 1989 quo
1056 1918 1183 1973 dare
1240 1918 1515 1972 doceatur.
1567 1916 1765 1972 Vestrae

182 2013 377 2081 inapite
397 2014 460 2067 sit
482 2012 910 2081 supplementum,
938 2019 991 2063 ut
1022 2010 1112 2077 ﬁat
1138 2010 1421 2078 aequalitas.
1448 2009 1537 2064 Sic
1560 2019 1684 2063 sunt
1709 2009 1761 2065 in

186 2102 294 2156 hoc
322 2101 517 2156 saeculo
544 2100 757 2167 divites,
783 2100 1051 2169 quomodo
1081 2101 1258 2155 ulmus
1281 2100 1439 2155 vitem
1462 2100 1760 2155 sustinens:

191 2192 339 2247 illius
372 2192 694 2246 adminiculo
726 2190 845 2244 vitis
875 2189 1079 2245 fructus
1107 2190 1298 2245 uberes
1326 2190 1440 2256 dat,
1486 2200 1537 2244 et
1568 2205 1662 2259 per
1685 2189 1760 2244 le-

183 2281 512 2337 cunditatcm
539 2281 663 2334 vitis
684 2280 857 2333 ulmus
874 2280 1141 2333 fructuosa
1162 2279 1507 2348 conspicitur.
1529 2279 1617 2333 Sic
1637 2287 1764 2333 sunt

182 2374 326 2432 servi
353 2374 464 2439 Dei,
501 2384 552 2428 et
577 2372 767 2442 spiritu
799 2385 1079 2440 pauperes.
1109 2374 1249 2425 sicut
1285 2371 1444 2424 vitis:
1474 2372 1562 2439 qui
1594 2369 1761 2424 facul-

184 2467 381 2521 tatibus
398 2464 621 2519 divitum
645 2469 1035 2523 sustentantur,
1058 2460 1159 2514 sibi
1184 2460 1411 2514 invicem
1431 2458 1569 2529 quod
1594 2459 1761 2513 abun-

182 2558 334 2623 dant,
367 2555 787 2620 communicant,
820 2553 1032 2623 utrique
1056 2552 1195 2623 pleni
1220 2551 1285 2606 ad
1312 2552 1473 2606 vitam
1505 2561 1758 2606 aeternam

182 2648 518 2719 perveniunt.
541 2646 685 2701 Sicut
704 2646 949 2714 scriptum
974 2653 1066 2697 est.
1088 2643 1200 2698 Hoc
1221 2642 1288 2697 de
1315 2657 1508 2696 manna
1536 2642 1757 2709 dictum,

180 2741 339 2807 cujus
366 2737 613 2808 exemplo
661 2736 916 2791 docemur
944 2732 1085 2803 quod
1115 2731 1290 2788 omnis
1324 2730 1763 2800 superabundan-

182 2833 258 2887 tia
288 2838 506 2901 generet
530 2841 782 2883 vermes:
814 2824 975 2881 simul
1004 2834 1058 2880 et
1099 2824 1421 2887 ostenditur,
1461 2838 1579 2892 qua:
1622 2822 1761 2878 Deus

179 2924 297 2988 dat,
322 2919 568 2975 omnibus
592 2932 711 2972 esse
733 2915 931 2971 debere
960 2914 1263 2969 communia
1287 2913 1339 2967 in
1365 2914 1632 2982 przesenti.
1662 2911 1761 2977 Qui

178 3011 400 3066 multum
421 3023 522 3063 non
551 3005 849 3061 abundavit.
874 3003 985 3059 Hoc
1006 3004 1312 3059 testimonio
1328 3004 1437 3057 vult
1460 3017 1557 3057 nos
1581 3003 1759 3057 omnia

177 3099 543 3157 communiter
574 3094 872 3167 possidere,
900 3104 958 3149 ut
985 3103 1039 3149 et
1068 3094 1289 3163 perfecti
1318 3094 1618 3148 doctrinam
1654 3108 1759 3147 non

1866 1934 1978 1971 mus
2002 1919 2054 1972 in
2086 1919 2257 1973 multis
2285 1937 2420 1989 saepe
2466 1922 2745 1976 sollicitum
2775 1939 2900 1977 esse.
2926 1924 3312 1979 Testimonium
3358 1924 3437 1980 eis

1865 2009 2129 2075 perhibet,
2162 2020 2219 2065 ut
2252 2012 2418 2081 magis
2440 2012 2703 2067 audiatur.
2731 2012 2886 2067 Nunc
2911 2024 3080 2069 autem
3104 2016 3264 2070 multo
3293 2017 3437 2071 solli-

1864 2101 2113 2155 citiorem.
2158 2101 2290 2155 Eum
2341 2103 2657 2170 probamus,
2704 2102 3061 2169 conﬁdentrs,
3094 2104 3215 2174 quia
3259 2113 3435 2158 vestra

1864 2189 2175 2245 obedientia
2222 2202 2558 2259 provocetur.
2588 2191 2910 2257 Conﬁdentia
2942 2194 3103 2245 multa
3132 2193 3183 2245 in
3227 2207 3331 2246 vos.
3364 2192 3437 2245 Ita

1858 2280 1968 2351 jam
2000 2283 2168 2350 novit,
2200 2283 2505 2336 utconlidat
2536 2284 2586 2337 in
2618 2283 2791 2339 vobis.
2829 2284 2948 2339 Sive
2971 2301 3062 2353 pro
3089 2283 3228 2349 Tito,
3256 2285 3342 2354 qui
3367 2294 3439 2339 est

1860 2371 2027 2424 socius
2050 2386 2188 2424 meus
2218 2378 2263 2423 et
2294 2372 2345 2425 in
2368 2387 2452 2426 vos
2478 2373 2720 2438 adiutor;
2750 2373 2853 2427 sive
2884 2377 3069 2435 fratres
3093 2375 3275 2441 nostri,
3306 2392 3436 2443 apo-

1860 2456 1983 2511 stoli
2012 2458 2378 2525 Ecclesiarum,
2410 2462 2575 2531 gloria
2605 2461 2809 2517 Christi.
2845 2461 3048 2518 Sensus
3097 2465 3197 2519 hoc
3243 2464 3433 2533 habet,

1860 2548 1979 2603 sive
2001 2548 2122 2619 quia
2148 2549 2296 2604 Titus
2313 2551 2361 2605 ei
2382 2550 2449 2606 de
2471 2551 2621 2607 vobis
2642 2553 2792 2618 dixit,
2814 2554 2905 2623 qui
2926 2564 3158 2614 vestram
3180 2554 3435 2609 obedien-

1863 2638 1986 2692 tiam
2035 2640 2309 2709 probatam
2343 2640 2532 2709 habet,
2578 2642 2691 2698 sive
2719 2645 2844 2712 quia
2891 2644 3051 2699 etiam
3098 2645 3430 2714 singularum

1864 2729 2227 2786 Ecclesiarum
2259 2735 2485 2801 aposmli
2539 2735 2712 2791 eidem
2753 2738 3067 2794 nuntiarunt
3105 2739 3171 2793 ad
3212 2739 3436 2809 gloriam

1861 2819 2079 2875 Christi.
2112 2822 2462 2878 Ostensionem
2490 2840 2631 2896 ergo,
2655 2842 2769 2896 qua:
2784 2834 2857 2880 est
2885 2825 3144 2881 charitatis
3172 2837 3365 2893 vestrm,
3390 2839 3437 2883 et

1862 2918 2048 2963 nostra:
2066 2911 2243 2981 gloria:
2267 2929 2361 2982 pro
2388 2913 2548 2980 vobis,
2574 2914 2628 2967 in
2650 2913 2766 2968 illos
2793 2916 3036 2971 ostendite
3062 2919 3113 2970 in
3138 2917 3318 2987 faciem
3337 2917 3437 2971 Ec-

1861 3000 2130 3053 clesiarum
2162 3001 2276 3057 Dei.
2301 3002 2371 3057 Ut
2392 3018 2511 3058 cum
2537 3004 2766 3059 viderint
2784 3019 2965 3060 verum
2987 3021 3109 3062 esse
3130 3008 3268 3076 quod
3297 3007 3432 3061 dici-

1864 3096 1976 3153 tur,
2009 3090 2257 3145 omnibus
2290 3090 2389 3145 hoc
2432 3092 2681 3147 Ecclesiis
2729 3092 2975 3149 deferant
3021 3094 3430 3164 pervidendum.

175 3190 546 3249 abscondant:
577 3166 629 3244 et
656 3188 915 3242 habentes
942 3185 1319 3251 substantiam,
1350 3185 1427 3239 eis
1457 3199 1561 3239 non
1599 3185 1762 3239 dene-
1789 3166 1835 3227 C
1866 3179 1989 3235 Sive
2039 3182 2303 3235 ostendite
2352 3182 2668 3238 cbaritatem
2689 3224 2704 3250 ,
2742 3200 2899 3254 quam
2952 3185 3191 3252 habetis,
3223 3187 3289 3240 de
3330 3200 3432 3256 qua

176 3291 312 3355 gent
334 3281 557 3334 victum.
614 3277 814 3347 Dignus
844 3284 927 3329 est
967 3274 1109 3328 enim
1157 3273 1433 3342 operarius
1486 3272 1607 3327 cibo
1637 3287 1756 3327 suo.

177 3370 251 3425 Et
281 3370 365 3437 qui
385 3368 642 3422 Modicum
668 3381 768 3419 non
787 3363 1073 3417 minoravit.
1093 3360 1298 3416 Gratias
1315 3373 1484 3415 autem
1509 3378 1604 3431 ago
1629 3361 1757 3428 Deo,

177 3459 274 3530 qui
290 3457 429 3511 dedit
450 3458 676 3511 eamdem
696 3452 1092 3508 sollicitudinem
1119 3467 1212 3521 pro
1234 3451 1369 3505 vobis
1392 3452 1445 3505 in
1463 3454 1613 3506 corde
1636 3451 1755 3507 Titi.

177 3549 339 3606 Sicut
383 3549 450 3604 de
478 3562 700 3611 manna,
740 3546 787 3601 si
833 3543 1066 3599 studium
1097 3543 1183 3598 vel
1228 3543 1670 3610 sollicitudinem,
1702 3554 1760 3601 ut

175 3645 410 3716 quisque
438 3659 532 3714 pro
563 3643 681 3697 aliis
704 3641 915 3711 habeat,
944 3641 1085 3697 Deus
1107 3641 1216 3710 dat,
1249 3652 1307 3696 ut
1334 3657 1430 3712 pro
1459 3642 1636 3712 seipso
1664 3642 1758 3695 ha-

174 3738 331 3800 beat.
360 3736 477 3807 quis
505 3735 640 3791 alius
669 3742 753 3790 est
779 3734 1032 3789 daturus?
1053 3734 1184 3800 Qua:
1211 3749 1331 3788 eum
1362 3735 1430 3788 ita
1461 3734 1589 3801 sint,
1622 3734 1755 3789 nihil

174 3824 474 3894 Scripturis
501 3824 699 3879 sanctis
726 3822 927 3878 homini
960 3838 989 3878 a
1014 3823 1240 3878 Domino
1264 3824 1504 3893 jubetur,
1536 3834 1756 3895 propter

179 3914 516 3989 probandum
543 3916 766 3970 liberum
793 3913 1069 3969 arbitrium
1093 3956 1109 3982 ,
1140 3915 1282 3984 quod
1313 3931 1417 3969 non
1457 3914 1756 3972 inveniatur

178 4010 299 4066 dari
317 4009 382 4064 ab
406 4008 521 4079 ejus
540 4008 777 4063 bonitate
802 4024 815 4061 :
834 4022 933 4062 nec
954 4008 1170 4061 omnino
1194 4007 1380 4075 incipit
1406 4007 1505 4060 hoc
1527 4024 1591 4062 ex
1613 4009 1753 4064 man

182 4102 234 4154 in
264 4102 460 4155 bonum
494 4114 589 4168 per
618 4097 825 4152 initium
867 4096 990 4151 ﬁdei
1035 4096 1373 4161 commutari,
1407 4097 1508 4150 nisi
1550 4097 1652 4152 hoc
1699 4098 1752 4153 itt

182 4189 275 4244 illo
300 4198 419 4259 agat
445 4187 680 4251 indebita
719 4196 773 4241 et
798 4185 1022 4257 gratuita
1052 4184 1419 4239 misericordia
1454 4184 1547 4238 Dei
1584 4202 1597 4239 :
1628 4187 1753 4253 quia

182 4295 289 4335 non
319 4287 535 4342 nostrm,
558 4277 651 4332 sed
681 4276 915 4331 dextera:
938 4275 1144 4329 Excelsi
1172 4283 1255 4329 est
1274 4275 1591 4329 immutatio.
1617 4275 1755 4341 Quo.

182 4370 323 4422 niam
352 4367 747 4421 exhortationem
781 4365 981 4434 quidem
1009 4364 1227 4430 suscepit
1254 4377 1275 4417 :
1303 4367 1393 4415 sed
1426 4378 1539 4415 cum
1564 4363 1756 4415 sollici-

181 4461 282 4513 tior
308 4467 454 4521 esset,
487 4472 580 4509 sua
610 4455 867 4506 voluntate
895 4456 1149 4520 profectus
1176 4463 1246 4504 est
1273 4452 1339 4504 ad
1368 4466 1472 4504 vos.
1516 4451 1751 4505 Gratiam

1864 3286 1960 3340 pro
1989 3273 2137 3326 vobis
2165 3274 2456 3343 gloriamur
2475 3315 2491 3340 ,
2524 3275 2591 3330 ad
2633 3276 2943 3346 exemplum
2972 3279 3209 3335 omnium
3240 3277 3433 3335 Eccle~

1861 3377 2081 3418 starum.

1932 3454 2063 3513 CAP.
2095 3470 2170 3511 lx.
2202 3455 2339 3509 Nam
2369 3456 2431 3510 de
2462 3458 2736 3512 ministerio
2757 3458 2895 3529 quod
2917 3460 2975 3528 ﬁt
3004 3458 3057 3513 in
3075 3468 3295 3513 sanctos.
3318 3459 3434 3514 Mu-

1861 3552 1976 3600 tare
2006 3560 2221 3600 sensum
2254 3546 2485 3601 videtur.
2513 3548 2737 3614 Quidam
2787 3549 2992 3615 dicunt,
3039 3553 3285 3618 superius
3310 3564 3437 3605 eum

1859 3634 1927 3689 de
1967 3636 2166 3690 sanctis
2197 3636 2345 3691 laicis
2374 3637 2612 3694 dixisse:
2647 3639 2732 3694 hic
2760 3640 3001 3695 vero'de
3040 3640 3429 3696 sacerdotibus.

1858 3724 1962 3780 Alii
1992 3742 2120 3782 vero
2166 3728 2316 3782 aiunt
2347 3744 2467 3783 eum
2506 3739 2630 3785 ante
2676 3731 2742 3785 de
2773 3731 3110 3802 elecmosyna
3142 3743 3428 3802 tractasse,

1862 3817 2019 3872 modo
2045 3816 2111 3872 de
2136 3818 2282 3873 verbi
2308 3820 2605 3874 ministerio
2629 3835 2991 3885 commonere,
3021 3822 3160 3891 quod
3192 3822 3426 3877 sanctiﬁa

1858 3909 1992 3963 catis
2024 3922 2117 3977 per
2138 3908 2459 3979 baptismum
2489 3912 2787 3967 exhibetur.
2822 3912 2881 3967 Hi
2912 3913 3019 3968 duo
3045 3928 3233 3968 sensus
3261 3929 3421 3984 usque

1859 3998 1925 4052 ad
1959 3999 2119 4053 ﬁnem
2149 4015 2323 4056 causa:
2344 4001 2624 4072 diligenter
2645 4014 2769 4059 sunt
2798 4004 3137 4059 observandi.
3168 4006 3251 4060 Ex
3271 4008 3419 4061 abun-

1858 4092 2036 4146 dantia
2066 4100 2137 4145 est
2169 4093 2293 4144 mihi
2319 4091 2537 4146 scribere
2566 4095 2726 4147 vobis.
2772 4095 2849 4148 Ex
2880 4096 3149 4175 superﬂuo
3191 4110 3419 4150 comma

1857 4198 1982 4249 neo,
2012 4183 2133 4250 quia
2156 4181 2296 4237 ultro
2322 4183 2403 4237 vel
2422 4184 2649 4252 docetis,
2672 4185 2754 4239 vel
2779 4185 3146 4239 sacerdotibus
3169 4187 3423 4240 ministra
3504 4242 3513 4248 ,

1858 4272 1944 4336 tis,
1978 4273 2068 4341 qui
2110 4274 2270 4326 etiam
2326 4274 2537 4327 caeteris
2577 4275 3005 4329 misericordiam
3055 4293 3160 4330 non
3203 4279 3427 4345 negatis.

1858 4364 1980 4418 Scio
2013 4366 2145 4416 enim
2173 4375 2465 4433 promptum
2505 4366 2731 4417 animum
2758 4374 2999 4418 vestrum.
3033 4366 3087 4419 In
3123 4365 3223 4419 hoc
3246 4381 3423 4434 opere.

1859 4453 1965 4507 Pro
1979 4471 2075 4523 quo
2098 4453 2162 4507 de
2182 4455 2316 4508 vobis
2336 4455 2527 4524 glorior
2544 4457 2685 4523 apud
2706 4454 3039 4510 Macedonas.
3063 4455 3274 4511 Animo.
3298 4455 3427 4523 ριιος

182 4544 397 4613 quidem
427 4538 812 4595 exhortationis
841 4540 1066 4609 accepit,
1097 4539 1191 4593 sed
1231 4549 1284 4593 et
1324 4539 1534 4608 propria
1561 4539 1755 4594 volun-
1788 4524 1835 4585 D
1860 4545 1997 4597 niam
2024 4553 2070 4598 et
2120 4544 2313 4598 Achaia
2339 4554 2521 4614 parata
2552 4554 2623 4599 est
2650 4545 2713 4598 ab
2756 4562 2891 4600 anno
2924 4547 3199 4614 praeterito.
3230 4546 3430 4601 Achaia

182 4644 294 4688 tate
343 4632 644 4698 festinavit,
679 4638 736 4685 ut
771 4632 1070 4686 mercedem
1107 4631 1325 4685 haberet
1366 4646 1471 4685 non
1520 4632 1749 4701 invitus,

178 4727 333 4795 quasi
364 4725 411 4780 ei
441 4724 511 4779 sit
552 4722 753 4778 credita
782 4723 1133 4792 dispensatio.
1167 4723 1401 4778 Misimus
1443 4725 1594 4778 etiam
1636 4740 1751 4779 cum

178 4818 270 4873 illo
320 4820 532 4888 fratrem
559 4824 818 4883 nostrum,
846 4818 993 4887 cujus
1032 4816 1144 4870 laus
1170 4827 1242 4871 est
1270 4817 1322 4870 in
1363 4814 1640 4887 Evangelia
1664 4833 1753 4885 per

180 4924 350 4962 omnes
374 4905 652 4961 Ecclesias.
678 4906 790 4961 Hoc
810 4906 876 4961 de
897 4906 1039 4961 Luca
1068 4906 1399 4973 intelligitur,
1423 4910 1513 4977 qui
1537 4907 1748 4962 laudem

181 5017 231 5055 In
258 4998 548 5070 Evangelia
586 5008 694 5067 prie
719 4996 927 5052 caeteris
947 4996 1128 5063 habet,
1165 4997 1285 5066 quia
1315 5006 1369 5050 et
1405 4998 1747 5067 Evangelium

181 5099 232 5145 et
256 5090 417 5145 Actus
447 5088 811 5160 apqstolorum
834 5087 1067 5156 scripsit.
1101 5086 1223 5141 Non
1244 5088 1411 5141 solum
1439 5098 1633 5154 autem,
1659 5090 1748 5144 sed

183 5192 222 5236 rt
250 5183 510 5237 ordinatus
538 5183 602 5235 ab
631 5180 873 5236 Ecclesiis
898 5198 1063 5235 comes
1097 5182 1518 5253 peregrinationis
1541 5192 1744 5239 nostrw.

184 5271 247 5329 Ut
274 5290 394 5331 eum
426 5273 676 5329 idoneum
703 5286 824 5328 esse
852 5271 1205 5327 demonstret.
1231 5269 1297 5324 In
1331 5271 1463 5325 hanc
1492 5273 1710 5342 gratiam
1730 5314 1747 5341 ,

177 5382 287 5433 qua
314 5366 628 5420 ministratur
654 5383 683 5417 a
710 5365 853 5419 nobis
870 5366 937 5418 ad
964 5363 1167 5418 Domini
1182 5364 1421 5435 gloriam.
1448 5363 1574 5421 Sive
1593 5367 1747 5421 mini-

177 5468 283 5517 Ster
308 5470 638 5523 sanctorum,
669 5460 781 5513 sive
807 5459 1064 5513 doctrina:
1089 5475 1102 5512 :
1127 5458 1250 5528 quia
1274 5459 1449 5514 omnia
1472 5459 1538 5513 ad
1568 5460 1744 5514 Domi-

178 5550 227 5605 ni
254 5552 475 5621 gloriam
509 5552 663 5606 ﬁunt.
699 5551 764 5605 Et
809 5551 1113 5605 destinatam
1162 5551 1469 5604 voluntatem
1497 5560 1742 5605 nostram.

178 5637 503 5711 Propositum
529 5643 644 5697 sive
673 5650 933 5713 paratam.
966 5640 1258 5696 Devitantes
1284 5642 1399 5707 hoc,
1427 5659 1488 5695 ne
1507 5642 1621 5711 quis
1654 5659 1745 5697 nos

180 5734 418 5805 vituperet
444 5736 496 5790 in
527 5734 621 5789 hac
665 5735 1007 5806 plenitudine,
1038 5751 1149 5806 qua:
1176 5735 1491 5789 ministratur
1515 5750 1546 5788 α
1575 5734 1735 5789 nobis.

1859 4644 1967 4689 tota
1999 4650 2097 4704 per
2122 4649 2238 4699 vos,
2271 4634 2361 4705 qui
2389 4634 2507 4703 ejus
2538 4645 2697 4704 caput
2742 4636 2891 4699 estis,
2923 4636 2988 4690 ad
3026 4636 3129 4692 hoc
3157 4647 3240 4691 est
3274 4636 3433 4691 mini-

1854 4726 2076 4780 sterium
2111 4732 2421 4795 provocata.
2449 4721 2518 4779 Et
2538 4734 2701 4779 vestra
2730 4725 2986 4779 wniulatio
3012 4728 3294 4793 provocavit
3321 4726 3432 4796 plu-

1854 4816 2030 4869 rimos.
2084 4816 2176 4871 llic
2205 4816 2476 4871 aemulatio
2502 4830 2600 4886 pro
2640 4816 2959 4872 imitatione.
2992 4816 3230 4872 Misimus
3260 4829 3431 4872 autem

1854 4908 2059 4977 fratres.
2084 4906 2229 4973 Quos
2257 4908 2502 4976 superius
2533 4906 2843 4961 nominavit.
2879 4908 2946 4961 Ut
2977 4924 3036 4961 ne
3078 4910 3214 4977 quod
3240 4911 3431 4979 gloria-

1855 5012 1970 5049 mur
2004 4995 2069 5049 de
2096 4996 2269 5061 vobis,
2301 5004 2588 5050 evacuetur.
2628 4996 2727 5064 Qui
2764 5012 2860 5051 vos
2892 4996 2973 5050 vel
3005 5007 3305 5066 praeparent
3345 4999 3427 5053 vel

1853 5094 2248 5143 commoneant.
2284 5084 2353 5140 In
2400 5086 2495 5139 hac
2531 5094 2697 5155 parte,
2743 5094 2798 5140 ut
2830 5088 3258 5157 quemadmodum
3285 5088 3424 5157 dixi,

1852 5183 2023 5257 parati
2048 5180 2158 5233 sitis
2180 5194 2200 5233 .'
2224 5195 2287 5231 ne
2318 5193 2431 5231 cum
2459 5180 2684 5233 venerint
2711 5194 2902 5233 mecum
2935 5178 3255 5245 Macedones,
3278 5190 3326 5233 et
3349 5181 3429 5232 in-

1852 5274 2077 5329 venerint
2098 5288 2185 5326 vos
2213 5273 2514 5341 imparatos.
2539 5271 2615 5328 Ne
2640 5272 2798 5326 aliter
2826 5271 3112 5333 inveniam.
3144 5287 3301 5341 quam
3331 5288 3429 5337 pu-

1854 5366 2049 5419 tabam.
2076 5365 2133 5419 ln
2160 5374 2333 5435 parte,
2359 5364 2471 5419 sive
2500 5362 2803 5429 ministerii,
2836 5364 2951 5418 sive
2980 5350 3255 5417 doc'trinie.
3282 5363 3425 5416 Eru-

1851 5455 2115 5510 bascamus
2160 5471 2273 5509 nos.
2304 5453 2362 5509 Si
2409 5468 2507 5509 nos
2537 5453 2910 5509 eruhuerimus
2931 5494 2947 5519 ,
2978 5454 3131 5524 quasi
3161 5454 3293 5508 falso
3328 5470 3424 5523 pro

1853 5548 2005 5602 vobis
2025 5545 2330 5616 gloriantes,
2363 5553 2565 5616 quanto
2590 5545 2759 5617 magis
2786 5560 2905 5610 vos,
2926 5555 2981 5599 et
3010 5559 3107 5613 pro
3124 5554 3303 5620 vestra
3332 5562 3423 5599 ue-

1850 5644 2125 5714 gligentia,
2170 5650 2226 5698 et
2257 5657 2353 5714 pro
2380 5650 2565 5698 nostro
2592 5641 2823 5696 rubore!
2863 5640 3021 5694 Multa
3051 5639 3290 5695 confusio
3315 5648 3419 5705 est,

1852 5735 1892 5789 si
1924 5748 2019 5804 pro
2050 5743 2124 5803 te,
2163 5734 2253 5804 qui
2294 5742 2347 5791 te
2376 5731 2572 5803 diligit,
2603 5730 2902 5787 erubescat.
2954 5728 3021 5787 Ut
3064 5747 3160 5785 non
3192 5730 3421 5787 dicamus
