3982 6352
528 327 634 381 575

1620 320 1919 377 PBIMASll
1954 315 2402 374 ADRUMETANI
2447 319 2664 381 EPISC.

3687 326 3801 380 576

531 453 619 491 uos
647 437 700 491 in
731 436 825 491 hac
849 436 1150 491 substant'a.
1187 435 1537 491 Necessarium
1563 451 1685 505 ergo
1710 434 1989 489 existimavi
2016 450 2099 487 ro-
2127 439 2167 491 Α
2207 434 2349 487 mino
2379 434 2563 503 gratia:
2585 434 2904 501 referuntur,
2936 435 3025 506 qui
3065 451 3158 491 vos
3183 445 3325 490 tanta
3352 437 3615 505 sapientia
3650 453 3798 490 con-

530 544 652 599 gare
671 527 877 596 fratres,
900 537 953 580 ut
978 528 1284 598 praeveniunt
1308 526 1377 579 ad
1394 542 1497 578 vos.
1521 525 1671 592 Quod
1689 526 1934 595 superius
1950 523 2105 580 dixe-

532 631 632 687 rat,
668 619 720 675 in
759 620 859 674 hac
892 629 1066 688 parte.
1110 618 1178 672 Et
1213 626 1500 688 prmparent
1527 618 1904 686 repromissum.
1933 612 2101 684 Quam

531 711 614 765 eis
640 710 707 766 de
728 712 882 765 vobis
910 704 1267 777 promisimus.
1290 705 1717 761 Benedictionem.
1741 708 1867 762 Sive
1887 722 1916 760 a
1944 707 2104 760 bene-

535 802 785 867 dicendo,
816 803 927 856 sive
949 802 1070 868 quia
1102 815 1198 869 per
1241 800 1639 868 eleemosynam
1682 799 1981 854 benedictio
2011 813 2106 852 na-

537 894 702 948 scitur
726 893 819 947 Dei
857 894 924 947 ab
967 892 1295 946 hominibus.
1352 891 1500 944 Hanc
1530 900 1762 961 paratam
1792 908 1916 944 esse.
1946 890 2107 944 Sufﬁ-

538 984 767 1038 cientem
796 980 1243 1036 benediCtionem.
1278 981 1367 1036 Sic
1391 981 1537 1050 quasi
1564 981 1976 1045 benedictionem,
2007 996 2107 1032 non

539 1074 685 1137 quasi
708 1071 995 1125 avaritiam.
1022 1071 1327 1125 Benedictio
1348 1070 1470 1134 erit,
1488 1069 1534 1126 si
1558 1079 1707 1137 grato
1728 1072 1905 1123 animo
1920 1071 2104 1126 detur:

541 1164 770 1217 Hilarem
814 1164 955 1216 enim
986 1161 1222 1215 datorem
1271 1160 1443 1230 diligit
1485 1160 1659 1225 Deus,
1687 1174 1883 1213 avarus
1930 1169 2104 1214 autem

540 1252 816 1307 abundans
844 1266 965 1306 esse
994 1266 1099 1305 non
1132 1258 1328 1319 potest.
1375 1250 1432 1303 ln
1460 1249 1679 1303 scientia
1710 1259 1884 1304 autem
1917 1265 2108 1304 avarus

542 1351 645 1407 est,
684 1342 772 1411 qui
802 1355 1013 1396 sensum
1033 1381 1046 1405 ,
1075 1355 1232 1410 quem
1275 1340 1517 1408 coeperit,
1548 1339 1724 1393 dill‘ert
1768 1340 1991 1408 implere
2025 1340 2109 1393 vel

542 1435 784 1500 exsequi,
817 1430 955 1485 unde
987 1439 1041 1485 et
1071 1430 1325 1484 Dominus
1353 1429 1512 1495 dicit,
1542 1428 1817 1483 Neminem
1844 1429 2109 1483 salutave-

544 1523 663 1577 ritis
692 1525 740 1576 in
765 1524 867 1586 via,
898 1523 998 1575 hoc
1037 1529 1120 1575 est
1149 1520 1347 1576 nemini
1383 1520 1603 1575 verbum
1645 1520 1827 1573 salutis
1869 1520 2111 1573 transito-

546 1614 625 1668 rie
654 1612 1077 1681 prazdicaveritis.
1109 1612 1225 1665 Hoc
1247 1618 1415 1665 autem
1435 1611 1568 1675 dico,
1593 1611 1681 1678 qui
1701 1626 1851 1678 parce
1872 1612 2107 1678 seminat,

547 1718 699 1772 parce
719 1711 765 1755 et
788 1711 956 1756 metet.
987 1702 1306 1767 Notandum,
1334 1702 1456 1770 quia
1486 1702 1645 1756 etiam
1669 1702 1753 1756 hic
1772 1703 1969 1771 gradus
1991 1716 2111 1759 esse

2206 525 2356 578 divit.
2381 525 2595 596 Supplet
2618 542 2678 579 ea
2698 542 2813 597 qua:
2832 529 3014 581 desunt
3034 530 3246 583 sanctis.
3268 528 3495 583 Tantum
3520 528 3795 593 tribuitis,

2205 616 2346 684 quod
2377 630 2480 670 non
2524 616 2694 671 solum
2731 617 2979 686 suppleat
3007 619 3379 674 necessitatem
3427 629 3748 672 sanctorum
3776 661 3793 685 ,

2206 706 2299 760 sed
2330 707 2489 761 etiam
2512 718 2781 760 remaneat
2809 708 2949 761 unde
2990 708 3109 762 aliis
3138 719 3468 777 erogaretur.
3501 708 3607 763 Sed
3631 711 3793 760 etiam

2206 800 2432 852 abundat
2462 814 2549 866 per
2577 798 2763 851 multas
2783 799 3063 870 gratiarum
3086 801 3309 854 actiones
3331 803 3384 855 in
3414 800 3656 853 Domino.
3690 802 3795 854 Duo

2208 891 2398 960 plicem
2430 893 2651 959 potestis
2679 890 2876 945 habere
2906 891 3227 952 mercedem,
3251 899 3306 943 et
3327 889 3639 943 refer-tionis
3665 903 3793 940 san-

2209 992 2442 1048 ctorum,
2476 992 2528 1035 et
2555 982 2839 1050 gratiarum
2866 996 2896 1034 a
2927 980 3152 1033 Domino
3182 979 3431 1033 actionis.
3469 978 3573 1032 Per
3598 979 3789 1045 proba-

2208 1072 2395 1125 tionem
2419 1072 2683 1124 ministerii
2710 1072 2882 1142 hujus.
2903 1070 3002 1124 Per
3028 1071 3129 1123 hoc
3151 1070 3500 1123 ministerium
3524 1084 3647 1123 es~c
3673 1085 3789 1135 pro-

2210 1162 2405 1217 bamini
2429 1160 2737 1216 Christiani.
2766 1162 2894 1227 Quia
2928 1160 3159 1229 perfecte
3184 1161 3387 1215 docetis
3435 1170 3490 1213 et
3508 1161 3788 1214 ostendtis

2210 1250 2447 1304 divinum
2476 1266 2619 1313 esse,
2652 1251 2705 1304 in
2737 1266 2842 1319 quo
2873 1265 2966 1317 per
2990 1249 3349 1304 obedientiam
3390 1249 3560 1304 Deum
3589 1250 3787 1319 magni-

2210 1340 2397 1395 ﬁcatis.
2439 1339 2794 1408 Gloriﬁcantes
2842 1339 3001 1392 Deum
3039 1339 3091 1392 in
3122 1339 3409 1391 obedientia
3454 1341 3788 1408 confessionis

2210 1438 2387 1483 vestrm
2426 1431 2480 1483 in
2508 1429 2783 1499 Evangelio
2842 1426 3055 1485 Christi.
3101 1429 3438 1497 Magniﬁcam
3478 1428 3669 1495 Deum,
3702 1433 3785 1494 qui

2213 1537 2307 1591 per
2327 1520 2683 1577 obedientiam
2704 1520 3025 1574 conﬁtentur
3044 1521 3226 1582 Deum,
3250 1520 3391 1573 sicut
3407 1519 3622 1587 quidam
3644 1521 3787 1575 factis

2214 1618 2428 1678 negant.
2464 1607 2524 1661 Et
2565 1608 2889 1676 simplicitate
2917 1609 3389 1661 communicationis
3436 1619 3630 1662 vestrm.
3670 1610 3786 1665 Sve

2213 1697 2527 1766 simpliciter
2548 1697 2823 1761 docentes,
2866 1698 2977 1752 sive
3006 1698 3320 1764 simpliciter
3370 1698 3691 1753 tribuentes.
3724 1700 3782 1754 ιι

550 1801 894 1846 monstratur.
927 1791 995 1845 Et
1020 1794 1105 1862 qui
1138 1794 1347 1846 seminat
1374 1794 1428 1845 in
1467 1792 1909 1859 benedictionibus,
1936 1793 2000 1847 de
2027 1795 2111 1847 be-
2147 1790 2186 1848 Β
2218 1787 2335 1839 ίίιοε
2360 1796 2404 1839 ει
2447 1786 2499 1840 in
2531 1803 2720 1839 0mm’8-
2751 1787 2882 1853 Quia
2927 1795 2981 1841 ει
3021 1788 3073 1841 in
3105 1787 3223 1842 ίίιοε
3253 1797 3306 1841 ει
3346 1788 3397 1841 in
3425 1803 3615 1844 omnes
3640 1804 3781 1843 Com-

548 1882 914 1935 nedictionibus
937 1890 983 1934 et
1010 1888 1176 1935 metet.
1200 1880 1381 1935 Potest
1407 1891 1459 1936 et
1484 1882 1785 1937 econtrario
1806 1882 1895 1953 qui
1928 1884 1978 1937 in
2005 1898 2115 1936 ma-

548 1971 831 2025 ledictione
852 1970 1095 2033 seminat,
1120 1968 1257 2023 idem
1279 1979 1332 2023 et
1354 1980 1576 2025 metere.
1599 1968 1951 2041 Unusquisque
1966 1982 2115 2040 prout

549 2059 811 2112 destinavit
842 2060 892 2111 in
921 2060 1069 2112 corde
1092 2074 1203 2112 suo.
1228 2058 1339 2114 Non
1366 2058 1519 2128 quasi
1541 2068 1772 2126 coactus,
1802 2061 1895 2116 sed
1928 2062 2115 2116 volun-

547 2150 733 2206 larius.
765 2150 883 2205 Non
910 2166 972 2205 ea:
1016 2152 1242 2215 tristitia,
1269 2160 1358 2205 aut
1396 2168 1459 2206 ea;
1496 2154 1811 2208 necessitate.
1843 2153 1898 2209 Si
1930 2154 2115 2210 volens

545 2241 648 2296 hoc
674 2256 792 2311 ago,
820 2241 1123 2297 mercedem
1150 2241 1322 2298 habeo
1345 2259 1357 2295 :
1383 2243 1431 2297 si
1453 2252 1629 2298 autem
1660 2244 1873 2309 invitus,
1901 2244 2115 2314 dispen-

547 2331 684 2384 satio
710 2331 840 2384 mibi
880 2329 1077 2384 credita
1107 2338 1209 2393 est,
1240 2338 1295 2385 et
1325 2344 1481 2398 quam
1511 2330 1627 2385 sine
1664 2330 2000 2387 simulatione
2029 2333 2113 2387 di-

548 2419 679 2485 dici,
711 2428 765 2473 et
793 2419 907 2473 sine
952 2419 1147 2472 invidia
1188 2420 1543 2474 communico.
1577 2419 1689 2474 Hoc
1731 2430 1894 2475 totum
1921 2422 1986 2476 ad
2016 2423 2116 2477 mi-

548 2508 827 2563 nisterium
854 2507 1025 2563 verbi.
1048 2506 1179 2562 Nam
1206 2510 1249 2563 si
1272 2508 1339 2563 de
1358 2509 1730 2580 eleemosynis,
1756 2513 2114 2581 unusquisque

548 2607 706 2668 prout
727 2598 903 2653 habet.
919 2597 1153 2653 Hilarem
1177 2601 1310 2653 enim
1326 2601 1552 2653 datorem
1569 2602 1737 2670 diligit
1758 2600 1915 2656 Deus.
1944 2603 2114 2658 Econ-

548 2690 717 2743 trario
747 2691 951 2743 tristem
974 2690 1089 2744 sine
1113 2689 1271 2743 dubio
1296 2690 1426 2745 odit.
1447 2689 1637 2744 Potens
1661 2699 1732 2744 est
1753 2701 1922 2745 autem
1949 2691 2109 2749 Deus.

546 2778 625 2833 Ne
651 2776 837 2831 timeas
863 2777 1113 2847 inopiam.
1150 2779 1358 2833 Omnem
1398 2779 1634 2851 graium.
1670 2779 1874 2835 Donum
1906 2784 2111 2852 gratim,

548 2869 600 2923 id
626 2876 708 2922 est
734 2869 939 2937 c0piam
970 2867 1267 2924 fructuum:
1293 2870 1410 2938 quia
1428 2870 1626 2925 exinde
1645 2872 1894 2939 operibus
1922 2877 2112 2928 vestrLs

546 2957 731 3028 gratias
772 2944 1078 3011 referuntur
1108 2974 1122 3010 :
1150 2960 1263 3013 sive
1290 2962 1509 3028 gratiam
1539 2960 1796 3014 scientia}.
1832 2960 1939 3017 Sed
1978 2961 2113 3017 bene

547 3049 803 3118 accipitur
826 3048 993 3117 gratia
1021 3048 1239 3113 donum,
1279 3048 1402 3117 quia
1441 3048 1606 3117 gratis
1635 3048 1881 3116 donatur,
1910 3050 2031 3120 quia
2060 3061 2112 3106 et

2220 1876 2500 1932 municatis
2543 1877 2721 1946 potius
2766 1892 2922 1947 quam
2950 1877 3183 1946 donatis,
3207 1879 3348 1947 quod
3377 1882 3508 1933 certi
3539 1884 3671 1936 estis
3697 1898 3785 1938 vos

2217 1983 2337 2023 cum
2366 1966 2644 2037 multiplici
2668 1967 2849 2023 fenore
2872 1977 3197 2037 recepturos.
3232 1968 3299 2024 Et
3323 1970 3374 2023 in
3401 1972 3630 2040 ipsorum
3652 1975 3784 2026 obse-

2216 2058 2437 2112 cratione
2465 2075 2561 2129 pro
2580 2058 2736 2112 vobis.
2769 2059 2936 2112 Etiam
2962 2059 3014 2112 in
3042 2059 3142 2113 hoc
3167 2059 3418 2126 abundat,
3470 2063 3588 2117 haec
3612 2066 3780 2118 omnia

2215 2158 2465 2217 operatur
2516 2149 2904 2204 administratio
2955 2149 3112 2218 hujus
3154 2151 3336 2206 ofﬁcii.
3374 2153 3783 2209 Desiderantintat

2214 2256 2321 2293 vos.
2352 2240 2481 2304 Quis
2497 2238 2639 2293 enim
2670 2254 2774 2292 non
2801 2237 3069 2294 desideret
3090 2240 3271 2296 videre
3299 2241 3786 2310 hujusmodi?Pro-

2216 2340 2325 2403 pter
2350 2331 2647 2384 eminentem
2678 2330 2896 2400 gratiam
2933 2329 3026 2384 Dei
3074 2332 3126 2384 in
3153 2332 3312 2386 vobis.
3352 2333 3477 2388 Sive
3523 2335 3780 2403 scientia,

2215 2420 2328 2475 sive
2351 2418 2749 2474 misericordiae.
2776 2417 2979 2473 Gratias
3001 2417 3108 2474 Deo
3129 2437 3283 2492 super
3303 2422 3636 2477 inenarrabili
3655 2425 3783 2479 dono

2214 2511 2347 2580 ejus.
2393 2509 2733 2573 Subauditur,
2781 2509 3073 2565 referentes
3098 2526 3113 2565 :
3142 2512 3230 2578 qui
3263 2521 3460 2566 tantam
3491 2515 3641 2569 vobis
3667 2531 3783 2585 gra-

2217 2603 2342 2653 t’am
2398 2614 2549 2654 suam
2600 2598 2947 2668 inspiratione
3002 2599 3241 2654 donavit.
3298 2600 3601 2656 Notandum
3649 2605 3782 2674 quod

2216 2690 2469 2761 quidquid
2501 2688 2623 2743 boni
2652 2690 2732 2743 vel
2763 2688 3004 2758 facimus,
3028 2692 3111 2745 vel
3134 2690 3412 2757 habemus,
3443 2692 3644 2749 donum
3669 2709 3783 2750 esse

2217 2781 2380 2850 ipsius
2401 2794 2518 2832 com
2527 2778 2797 2848 probetur.

2283 2873 2411 2925 CAP.
2454 2885 2508 2924 ι.
2550 2870 2671 2941 Ipse
2713 2879 2881 2925 autent
2922 2887 3013 2942 ego
3062 2871 3260 2926 Paulus
3316 2873 3517 2928 obsecro
3566 2892 3654 2929 nos
3699 2893 3786 2945 per

2214 2963 2651 3017 mansuetudinem
2677 2973 2725 3016 et
2756 2964 3047 3019 modestiam
3079 2963 3290 3019 Christi.
3326 2967 3393 3021 Ea
3419 2982 3509 3021 vos
3536 2982 3790 3024 mansue-

2216 3055 2399 3111 tudine
2427 3070 2555 3126 rogo
2584 3070 2686 3126 qua
2734 3055 2975 3111 Christus
2995 3097 3011 3123 ,
3041 3071 3160 3111 cum
3192 3072 3251 3111 se
3287 3068 3457 3127 posset
3478 3058 3786 3124 vindicare.

546 3141 648 3196 hoc
676 3139 869 3195 donum
904 3139 998 3194 Dei
1027 3148 1128 3202 est,
1161 3148 1217 3193 ut
1238 3154 1334 3194 nos
1362 3140 1492 3208 largi
1515 3141 1698 3195 simus.
1732 3141 2003 3196 Abundare
2030 3146 2109 3213 fa-
2134 3148 2178 3208 C
2212 3145 2495 3214 injuriosos
2550 3144 2834 3211 sustinuit,
2898 3156 2957 3198 ut
3011 3146 3321 3215 corrigeret.
3377 3146 3475 3212 Qui
3542 3148 3601 3199 in
3658 3151 3787 3219 {acie

545 3250 661 3289 cere
701 3238 755 3290 in
793 3237 951 3290 vobis.
1000 3237 1047 3292 A
1102 3237 1269 3290 fructu
1310 3236 1575 3301 frumenti,
1628 3235 1735 3291 vini
1773 3245 1831 3292 et
1879 3238 1983 3293 olei
2029 3238 2112 3293 sui

545 3326 877 3397 multiplicati
908 3336 1051 3381 sunt.
1086 3318 1152 3381 Ut
1172 3328 1225 3381 in
1253 3326 1485 3381 omnibus
1512 3343 1729 3395 semper.
1761 3328 1884 3384 Sive
1914 3330 1967 3382 in
1994 3344 2117 3397 spe-

544 3416 749 3482 ciebus,
781 3419 896 3475 sive
920 3418 1139 3486 gratiis,
1171 3419 1257 3473 vel
1300 3418 1572 3473 doctrinis.
1612 3416 1823 3472 Omnem
1859 3420 2113 3487 sufﬁcien-

542 3506 665 3559 tiam
696 3508 953 3575 habentes,
975 3508 1241 3563 abundetis
1262 3510 1315 3562 in
1340 3525 1485 3564 omne
1507 3526 1631 3581 opus
1657 3510 1860 3566 bonum.
1891 3511 2112 3567 Omnem

543 3594 919 3651 sufﬁcientiam
941 3606 1047 3652 tam
1068 3598 1393 3667 spiritalium
1424 3615 1581 3667 quam
1611 3602 1768 3655 etiam
1798 3602 2111 3668 carnalium,

545 3690 602 3736 ut
627 3685 844 3751 possitis
872 3699 1031 3740 omne
1054 3699 1188 3766 Opus
1210 3686 1403 3740 bonum
1435 3687 1679 3757 implere.
1703 3689 1848 3745 Sicut
1874 3691 2114 3763 scriptum

545 3784 661 3827 est:
694 3773 964 3843 Dispersit,
996 3776 1133 3829 dedit
1164 3778 1491 3847 pauperibus,
1505 3781 1712 3851 justitia
1736 3784 1846 3853 ejus
1871 3794 2038 3837 manet
2061 3786 2113 3837 in

543 3872 809 3919 teternum.
838 3866 916 3921 De
942 3867 1099 3922 rebus
1122 3870 1497 3939 temporalibus
1521 3880 1715 3927 interna
1738 3872 1938 3943 iustitia
1969 3889 2116 3929 com-

547 3956 912 4026 paraturzqui
959 3968 1141 4027 erogat
1170 3960 1455 4028 praesentia
1497 3960 1717 4033 recipiet
1762 3973 1980 4017 acterna.
2016 3965 2116 4029 Qui

545 4054 716 4099 autem
734 4048 1053 4102 administrat
1088 4066 1256 4105 semen
1284 4053 1574 4118 seminanti,
1602 4062 1650 4107 et
1676 4072 1853 4125 panem
1875 4056 1943 4109 ad
1971 4072 2117 4110 man-

543 4134 838 4192 ducandum
863 4141 1137 4210 prmstabit.
1171 4142 1282 4199 Hoc
1311 4144 1477 4212 magis
1505 4144 1569 4199 ad
1598 4146 1743 4199 verbi
1776 4146 2003 4213 pertinet
2029 4160 2115 4201 se-

543 4237 666 4279 men
690 4242 703 4277 :
727 4227 815 4295 qui
844 4228 986 4284 dedit
1012 4229 1241 4287 ofﬁcium
1266 4231 1512 4297 docendi,
1538 4247 1713 4287 escam
1746 4248 1954 4302 quoque
1975 4250 2114 4305 prae-

544 4314 705 4371 stabit
731 4333 744 4370 :
775 4318 820 4373 si
866 4319 1024 4375 modo
1048 4323 1248 4377 vacetis
1276 4321 1342 4376 ad
1381 4323 1711 4379 doctrinam:
1744 4325 1856 4380 sive
1900 4326 1990 4394 qui
2022 4327 2112 4381 tibi

542 4403 692 4460 dedit
729 4408 871 4476 quod
920 4410 1217 4479 dispenses,
1244 4413 1473 4467 esuriem
1502 4414 1718 4469 minime
1760 4415 2010 4484 patietur.
2047 4417 2114 4472 Et

2213 3237 2418 3309 quidem
2447 3235 2654 3289 humilis
2674 3251 2787 3288 sum
2816 3236 2945 3289 inter
2968 3252 3075 3303 vos,
3110 3236 3289 3289 absens
3315 3247 3484 3289 autem
3506 3238 3710 3307 conﬁdo
3735 3242 3783 3293 iit

2211 3327 2369 3380 vobis.
2415 3324 2573 3392 Quasi
2602 3324 2691 3395 qui
2719 3323 2848 3377 nihil
2890 3324 3143 3378 virtutum
3187 3323 3445 3379 habeam:
3471 3327 3615 3381 sicut
3642 3328 3783 3396 alibi,

2214 3416 2379 3481 Quasi
2417 3416 2593 3470 nutrix
2638 3428 2873 3483 semper.
2905 3413 3203 3469 Praesentia
3234 3425 3541 3470 sanctorum
3574 3432 3669 3486 per
3710 3420 3783 3472 nio

2215 3506 2374 3559 miam
2406 3504 2757 3559 humilitatem
2789 3511 2962 3574 potest
2991 3519 3117 3561 esse
3147 3508 3476 3575 contemptui
3506 3509 3782 3563 :absentes

2214 3611 2346 3651 vero
2391 3596 2437 3649 si
2476 3610 2696 3649 necesse
2746 3595 2923 3661 fuerit,
2973 3596 3305 3652 conﬁdenter
3348 3613 3503 3652 suam
3554 3600 3782 3655 indicant

2216 3680 2553 3757 potestatem.
2589 3686 2730 3755 Rogo
2759 3695 2927 3738 autem
2967 3701 3072 3751 vos,
3095 3702 3157 3739 ne
3183 3702 3403 3757 prasens
3430 3688 3677 3755 audeam,
3704 3706 3784 3761 per

2214 3794 2326 3832 eam
2354 3776 2738 3840 confidentiam.
2789 3776 2863 3830 Ita
2906 3776 3046 3845 agite
3084 3791 3151 3830 ne
3188 3791 3424 3845 pra:sens
3453 3792 3631 3835 meam
3662 3781 3785 3835 inci-

2216 3870 2357 3940 piam
2382 3867 2699 3922 vindicando
2727 3866 3070 3921 manifestare
3093 3867 3367 3923 virtutem.
3392 3869 3511 3934 Qua
3532 3872 3788 3925 existimor

2214 3957 2425 4028 audere,
2454 3959 2509 4011 in
2534 3958 2802 4030 quosdam.
2836 3956 2951 4012 Non
2975 3958 3147 4012 omnis
3172 3959 3499 4016 existimatio
3530 3960 3667 4016 falsa
3688 3970 3787 4029 est,

2216 4051 2353 4104 sicut
2375 4066 2391 4105 :
2416 4050 2550 4105 Puto
2579 4050 2721 4118 quod
2768 4059 2822 4104 et
2864 4066 2962 4120 ego
2993 4050 3254 4119 Spiritum
3283 4053 3375 4107 Dei
3408 4054 3659 4109 habeam.
3693 4055 3789 4122 Qui

2216 4140 2529 4193 arbitrantur
2547 4155 2640 4194 nos
2659 4152 2900 4210 tanquam
2928 4141 3204 4195 secundum
3223 4157 3425 4196 carnem
3452 4145 3786 4199 ambulemus.

2216 4233 2319 4297 Qui
2346 4243 2533 4302 putant
2561 4249 2658 4288 nos
2681 4236 2810 4289 nihil
2833 4250 2994 4305 super
3016 4240 3298 4291 humanam
3324 4245 3570 4292 naturam
3595 4238 3786 4293 habere

2218 4326 2449 4381 virtutis.
2481 4324 2548 4381 In
2573 4343 2724 4382 carne
2745 4328 2877 4381 enim
2907 4329 3245 4405 ambulantes.
3272 4330 3340 4385 Ut
3365 4330 3636 4386 homines.
3668 4330 3787 4384 Non

2217 4420 2494 4471 secundum
2540 4435 2740 4473 carnem
2786 4421 3085 4475 militamus.
3135 4420 3205 4476 Ut
3231 4421 3423 4476 Christi
3454 4424 3708 4490 ministri,
3739 4433 3790 4478 et

542 4496 897 4565 multiplicabit
925 4514 1092 4553 semen
1110 4512 1348 4555 uestrum.
1374 4501 1500 4557 Sive
1520 4505 1801 4569 sermonis,
1828 4506 1941 4561 sive
1964 4506 2116 4575 justi-
2148 4513 2194 4572 ι)
2220 4508 2294 4562 sic
2342 4508 2563 4578 intelligi
2597 4517 2797 4576 potest,
2828 4521 2883 4564 ut
2914 4510 2967 4564 hi
2999 4512 3229 4567 militare
3258 4514 3309 4567 in
3337 4529 3498 4568 carne
3523 4513 3787 4577 dicantur,

540 4583 646 4637 tim.
676 4584 741 4637 Et
766 4586 963 4654 augebit
979 4589 1284 4645 incrementa
1302 4596 1507 4663 frugum
1522 4595 1744 4664 justitia:
1763 4604 1959 4660 vestrm,
1981 4606 2034 4649 ut
2056 4598 2109 4650 in

540 4672 772 4727 omnibus
793 4674 1102 4744 locupletati.
1132 4678 1359 4749 Frugum
1378 4681 1616 4751 justitiaa,
1640 4670 1819 4739 sermo
1842 4685 1955 4739 Dei.
1976 4685 2110 4741 Fru-

539 4777 634 4831 ges
671 4761 897 4833 iustitiae
940 4777 1081 4831 sunt,
1110 4777 1165 4824 et
1194 4771 1491 4838 facultates,
1523 4787 1642 4826 cum
1673 4773 1740 4829 de
1783 4775 1863 4830 eis
1903 4776 2106 4844 justitia

537 4851 599 4907 ﬁt
621 4867 635 4905 :
661 4868 780 4908 cum
810 4869 940 4911 vero
967 4864 1060 4911 aut
1088 4857 1266 4928 inique
1293 4872 1703 4933 congregantur,
1725 4874 1816 4919 aut
1842 4866 2020 4938 inique
2041 4870 2105 4924 ad

536 4943 839 5011 superbiam
882 4953 973 5001 aut
1000 4947 1067 5003 ad
1110 4950 1386 5006 avaritiam
1415 4952 1725 5026 abutuntur,
1773 4957 1953 5029 fruges
1981 4973 2109 5016 sunt

536 5033 855 5103 iniquitatis.
900 5036 1079 5094 Pretio
1107 5040 1248 5096 enim
1291 5057 1519 5112 gravaris
1563 5046 1797 5102 triticum
1827 5049 1881 5105 in
1912 5052 2109 5121 populo

537 5126 871 5183 maledictus.
902 5129 1025 5186 Sive
1050 5130 1142 5201 qui
1171 5147 1266 5202 per
1292 5136 1529 5204 pecuniae
1554 5139 1903 5196 ambitionem
1937 5149 2109 5197 tume-

534 5225 708 5271 scunt.
738 5218 1015 5274 Abundetis
1044 5223 1097 5277 in
1125 5240 1323 5279 omnem
1349 5229 1745 5298 simplicitatem.
1771 5232 1838 5288 Ut
1864 5234 1977 5289 sine
1996 5234 2107 5289 dis-

532 5306 772 5363 cretione
807 5311 1054 5377 omnibus
1082 5314 1392 5385 simpliciter
1409 5319 1669 5389 tribuatis,
1687 5338 1791 5377 non
1811 5334 2109 5394 quazrentes

531 5395 618 5451 cui
641 5396 797 5463 detis.
816 5399 910 5456 Sed
934 5411 1150 5472 propter
1168 5406 1294 5474 quid
1312 5409 1470 5463 detis.
1496 5409 1623 5476 Quae
1643 5420 1885 5480 operatur
1904 5430 1993 5486 per
2016 5430 2108 5467 nos

531 5490 811 5556 gratiarum
855 5493 1099 5549 actionem
1128 5495 1256 5553 Deo.
1287 5498 1415 5565 Qua:
1455 5501 1766 5571 simplicitas
1794 5504 1955 5560 dandi
2001 5516 2105 5560 est.

536 5576 791 5642 Quoniam
815 5585 1151 5641 ministerium
1193 5587 1347 5657 hujus
1376 5590 1545 5659 officii.
1595 5593 2103 5650 AdministratiOnis.

531 5663 653 5722 Non
677 5669 866 5725 solum.
892 5673 1006 5732 Non
1029 5677 1198 5734 solum
1226 5676 1394 5735 inlicit
1431 5690 1667 5754 sanctos,
1695 5684 1787 5741 sed
1819 5685 1977 5741 etiam
2002 5686 2103 5743 Do-

2215 4598 2309 4668 qui
2350 4598 2516 4654 Vetus
2563 4598 2962 4655 Testamentum
3013 4602 3283 4657 humiliter
3330 4604 3673 4669 edisseruut;
3700 4607 3787 4674 qui

2217 4704 2343 4743 vero
2358 4698 2650 4759 sequuntur
2670 4691 3068 4760 intelligentiam
3091 4694 3405 4761 Spiritalem,
3434 4697 3544 4749 sint
3569 4695 3785 4763 quidem

2217 4780 2269 4833 in
2291 4794 2472 4844 carne,
2494 4782 2617 4849 quia
2640 4782 2883 4836 eamdem
2906 4782 3134 4838 habeant
3158 4784 3384 4838 litteram
3409 4798 3567 4853 quam
3594 4784 3791 4848 Judaei,

2215 4868 2311 4924 sed
2341 4885 2445 4924 non
2471 4870 2627 4938 juxta
2673 4886 2888 4927 carnem
2917 4873 3165 4940 militent,
3198 4888 3230 4927 a
3258 4888 3419 4929 carne
3444 4874 3512 4929 ad
3540 4875 3785 4944 spiritum

2218 4960 2670 5016 transcendentes.
2703 4960 2844 5016 Nam
2868 4980 3011 5018 arma
3035 4964 3234 5018 militia:
3258 4974 3443 5020 nostri:
3473 4982 3574 5020 non
3602 4982 3787 5020 cama-

2211 5048 2281 5103 lia
2305 5057 2442 5117 sunt,
2471 5048 2563 5103 sed
2589 5051 2817 5118 potentia
2843 5049 2971 5104 Deo.
3016 5050 3176 5105 Arma
3208 5063 3387 5106 nostra
3422 5068 3526 5107 non
3555 5066 3639 5109 est
3664 5069 3785 5109 scu-

2215 5150 2323 5193 tum
2352 5140 2432 5193 vel
2460 5139 2683 5209 gladius,
2717 5140 2811 5195 sed
2843 5142 3077 5208 potentia
3107 5142 3202 5198 Dei
3232 5160 3338 5213 qua
3365 5140 3486 5215 plus
3531 5146 3784 5201 faciemus

2215 5230 2379 5284 verbo
2406 5245 2560 5299 quam
2590 5230 2676 5284 alii
2709 5232 2873 5285 armis
2901 5232 3220 5287 carnalibus.
3254 5234 3319 5289 Et
3346 5236 3467 5305 quia
3498 5237 3651 5292 nobis
3678 5254 3784 5293 non

2211 5328 2293 5373 est
2334 5320 2638 5376 colluctatio
2687 5322 2940 5377 adversus
2985 5338 3199 5381 carnem
3230 5334 3283 5380 et
3315 5330 3651 5397 sanguinem.
3706 5330 3781 5383 Ad

2208 5411 2598 5464 destructionem
2627 5412 2987 5478 munitionum,
3034 5415 3268 5480 consilia.
3298 5418 3632 5475 destruentes.
3669 5420 3781 5474 blu-

2212 5501 2361 5555 niunt
2390 5502 2530 5556 enim
2564 5510 2619 5556 et
2654 5504 2987 5559 circumdant
3014 5507 3176 5561 etiam
3205 5509 3639 5579 pseudoapostoli
3669 5513 3768 5566 do-

2211 5593 2434 5648 ctrinam
2458 5609 2607 5647 suam
2635 5594 2823 5651 astulis
2849 5597 3086 5651 consili;s
3112 5608 3165 5654 et
3184 5598 3395 5656 callidis
3421 5603 3768 5671 argumentis.

2209 5702 2328 5758 quae
2362 5687 2504 5744 aries
2533 5687 2853 5760 apostolicus
2898 5690 3123 5748 destruit
3169 5690 3365 5748 virtute
3393 5694 3577 5765 gratia
3609 5693 3765 5765 spiri-
