3982 6352
205 299 305 352 δῖ’]

965 301 1041 356 ·1Ν
1081 301 1462 360 EPISTOLAM
1502 301 1546 356 ιι
1584 301 1675 355 AD
1715 299 2124 359 CORINTHIOS
2160 300 2350 358 COMM
2366 302 2688 359 ENTARIA.

3349 307 3451 363 578

209 411 346 477 ralis,
374 409 508 464 sicut
555 410 701 464 illum
754 426 1002 482 magnum
1046 415 1288 484 Magum,
1318 429 1476 484 quem
1523 414 1637 468 vias
1688 413 1776 467 Dei
1811 416 1854 470 A
1887 414 2021 467 vobis
2065 416 2411 483 magniﬁcari.
2451 417 2596 481 Quos
2626 429 2723 470 nos
2748 415 3019 472 docemus.
3054 417 3344 474 Secundum
3372 437 3452 474 re-

209 503 652 574 .lisputationibus
717 504 1118 562 subvertentem
1181 507 1345 562 verbo
1409 506 1647 561 caecavit.
1710 503 1778 557 Et

207 611 408 650 onmem
445 595 767 650 altitudinem
795 596 1120 651 extollentem
1144 614 1198 651 se
1239 597 1481 651 adversus
1519 597 1783 650 scientiam

210 684 326 738 Dei.
376 686 514 750 Quid
556 686 698 740 enim
741 688 1023 756 superbius
1070 703 1228 757 quam
1281 688 1473 741 divinis
1517 688 1783 742 contraire

208 775 499 830 doctrinis?
533 774 596 828 Et
622 777 674 829 in
703 779 1047 845 captivitatem
1086 779 1366 850 redigentes
1403 795 1599 832 omnem
1627 777 1780 831 intel-

210 866 394 920 lectum
417 865 470 917 in
493 865 785 935 obsequium
816 866 1027 923 Christi.
1081 867 1414 922 Destruimus
1457 868 1785 936 pseudoapo-

210 957 403 1021 stolos,
436 957 526 1026 qui
567 955 668 1011 sub
711 958 929 1012 nomine
957 957 1152 1012 Christi
1186 959 1423 1012 omnium
1454 957 1783 1013 intellectum

210 1046 313 1100 sibi
337 1046 559 1114 cupiunt
577 1047 868 1116 captivare,
889 1056 943 1102 et
969 1063 1080 1102 sua:
1100 1046 1357 1102 doctrina:
1379 1047 1624 1112 subdere,
1644 1047 1784 1114 quod

212 1135 449 1191 haeretici
499 1137 671 1191 facere
717 1150 1001 1191 conantur.
1051 1137 1117 1190 Et
1155 1139 1209 1190 in
1258 1147 1499 1207 promptu
1547 1136 1785 1190 habentes

213 1226 391 1279 ulcisci
419 1243 612 1280 onmem
638 1228 1050 1295 inobedientiam,
1075 1245 1188 1281 cum
1212 1227 1419 1297 impleta
1446 1229 1600 1298 fuerit
1622 1237 1786 1282 vestra

213 1318 516 1371 obedientia.
561 1319 689 1374 Cum
717 1319 825 1388 jam
859 1336 986 1375 vero
1031 1321 1334 1375 obedientia
1367 1337 1461 1391 per
1502 1336 1599 1376 nos
1630 1321 1787 1376 fuerit

214 1407 453 1475 impleta,
485 1409 557 1463 illi
590 1411 632 1463 si
665 1424 767 1464 non
809 1411 1112 1476 audientur,
1147 1420 1460 1478 potestatem
1510 1426 1568 1465 se
1613 1412 1786 1465 vindi-

216 1501 370 1553 candi
402 1501 667 1568 accepisse
689 1516 717 1554 a
738 1502 960 1556 Domino
986 1500 1329 1556 mentiuntur.
1359 1501 1485 1564 Qua:
1509 1503 1787 1554 secundum

217 1590 398 1658 faciem
419 1600 554 1654 sunt,
582 1591 759 1644 uidete.
813 1590 1088 1644 Manifesta
1118 1600 1198 1644 est
1226 1590 1301 1645 rei
1333 1590 1590 1658 probatio,
1626 1599 1682 1644 et
1707 1591 1786 1645 fa-

217 1682 335 1736 cilis
365 1683 684 1736 intellectus.
730 1682 789 1737 Si
835 1683 946 1750 quis
989 1682 1200 1750 conﬁdit
1229 1681 1326 1735 sibi
1355 1680 1544 1734 Christi
1576 1697 1629 1736 se
1658 1698 1785 1748 esse,

1886 507 2057 570 gulam
2073 514 2316 557 nostram.
2334 505 2446 559 Non
2464 507 2713 560 alienam.
2733 506 2795 559 In
2817 507 3203 574 abundantiam,
3225 511 3377 563 etiam
3399 512 3453 565 in

1885 590 1980 641 illa
1997 607 2110 659 quae
2138 592 2276 644 ultra
2305 608 2393 646 vos
2419 603 2536 647 sunt
2567 595 2928 663 evangelisare.
2959 595 3072 650 Non
3105 596 3245 651 enim
3281 613 3450 666 usque

1886 679 1951 734 ad
1975 697 2070 734 vos
2094 681 2292 736 sufﬁcit
2313 686 2640 751 pervenisse,
2657 684 2749 738 sed
2776 700 2893 740 cum
2919 695 3097 740 vestra
3118 687 3247 741 ﬁdes
3270 702 3455 743 creve-

1887 770 1977 836 rit,
2001 771 2126 824 alibi
2153 773 2491 840 transiemus,
2521 777 2679 828 etiam
2703 775 2767 828 ad
2799 775 2917 829 illas
2944 786 3126 843 gentes
3157 793 3274 844 qua:
3307 786 3452 833 trans

1887 878 1980 916 vos
2006 873 2149 928 sunt,
2182 866 2523 932 Evangelium
2569 869 2880 936 prtedicare.
2930 869 3050 924 Non
3086 873 3138 923 in
3179 870 3348 923 aliena
3375 887 3456 923 re-

1887 952 2027 1022 gula.
2061 951 2221 1010 Loca.
2248 954 2315 1007 In
2341 955 2420 1010 his
2447 973 2562 1027 qtae
2603 968 2893 1030 praeparata
2924 971 3038 1014 sunt
3067 961 3298 1030 gloriari.
3328 962 3452 1015 Sive

1888 1043 1959 1098 illi
1990 1044 2042 1098 in
2075 1054 2424 1114 prteparatam
2472 1049 2672 1103 intrant
2719 1052 2940 1118 gloriam
2970 1052 3120 1107 :sive
3151 1068 3248 1108 nos
3278 1053 3331 1107 in
3369 1055 3453 1108 bis

1887 1135 1978 1204 qui
2003 1135 2111 1204 jam
2137 1139 2417 1206 prreparati
2451 1154 2655 1205 sumus,
2681 1143 2744 1195 ad
2771 1143 2994 1211 gloriam
3025 1144 3233 1198 Domini
3262 1158 3452 1213 perge-

1888 1239 2025 1279 mus.
2062 1225 2160 1290 Qui
2183 1237 2350 1282 autem
2371 1231 2639 1298 gloriatur,
2662 1231 2716 1284 in
2751 1230 2966 1286 Domino
2992 1234 3259 1304 glorietur.
3284 1235 3454 1289 Etiam

1887 1316 1979 1384 qui
2025 1317 2303 1386 gloriatur,
2339 1321 2392 1373 in
2446 1320 2690 1385 Domino,
2726 1323 2877 1389 cujus
2931 1324 3128 1378 donum
3178 1336 3281 1392 est,
3314 1325 3454 1394 quod

1889 1421 2096 1472 sumus,
2126 1417 2180 1462 et
2202 1408 2353 1478 cujus
2390 1410 2442 1463 in
2481 1411 2634 1464 nobis
2662 1412 2887 1466 virtutes
2915 1427 3146 1482 operata:
3175 1422 3316 1476 sunt,
3343 1417 3458 1483 glo-

1889 1496 2076 1551 rietur.
2110 1498 2220 1552 Hoc
2249 1508 2436 1554 contra
2463 1500 2792 1570 Pelagianos.
2824 1501 2945 1554 Non
2972 1503 3105 1556 enim
3131 1504 3218 1570 qui
3237 1504 3457 1572 seipsum

1888 1590 2226 1642 commendat.
2277 1589 2594 1645 Praedicatio
2644 1592 2784 1645 enim
2837 1602 3049 1656 nostra,
3101 1593 3203 1645 nisi
3251 1592 3460 1647 Domini

1891 1677 2180 1732 virtutibus
2206 1678 2572 1745 conﬁrmetur,
2598 1681 2664 1733 ab
2690 1680 2994 1734 inﬁdelibus
3023 1695 3124 1733 n0n
3151 1681 3459 1748 suscipitur,

219 1771 312 1825 hoc
340 1773 519 1844 cogitet
547 1773 726 1825 iterum
755 1772 891 1841 apud
917 1787 1004 1835 se,
1033 1771 1154 1839 quia
1191 1773 1318 1824 sicut
1345 1771 1452 1839 ipse
1480 1770 1667 1825 Christi
1696 1781 1788 1838 est,
1821 1775 1869 1834 Β
1896 1776 1952 1820 ut
1973 1766 2206 1821 sciamus
2235 1769 2358 1836 quia
2389 1780 2442 1822 et
2473 1769 2602 1822 lides
2633 1784 2697 1823 ex
2728 1771 2859 1832 Deo,
2899 1773 2986 1839 qui
3017 1771 3103 1824 dat
3145 1772 3366 1825 virtutes
3405 1781 3464 1827 ut

218 1863 292 1914 ita
317 1872 361 1915 et
392 1878 505 1916 nos.
553 1861 721 1915 Nemo
755 1870 861 1915 tam
887 1861 1081 1915 stultus
1110 1868 1192 1915 est
1226 1875 1385 1929 quam
1416 1860 1505 1930 qui
1533 1875 1592 1916 se
1620 1861 1792 1915 solum

218 1950 417 2005 Christi
445 1965 562 2004 esse
593 1951 870 2020 gloriatur.
901 1949 1041 2004 Nam
1066 1959 1113 2003 et
1140 1951 1184 2003 si
1205 1951 1428 2019 amplius
1458 1951 1655 2018 aliquid
1683 1951 1795 2020 glo-

219 2043 379 2096 riatus
407 2044 549 2112 fuero
587 2043 649 2095 de
685 2052 929 2111 potestate
956 2052 1156 2108 nostra,
1176 2059 1330 2112 quam
1375 2043 1512 2097 dedit
1544 2042 1795 2099 Dominus

225 2133 275 2184 in
305 2133 711 2202 aediﬁcationem,
737 2145 784 2187 et
811 2151 914 2188 non
938 2136 990 2188 in
1014 2136 1404 2188 destructionem
1432 2143 1671 2202 vestram,
1694 2153 1795 2189 non

225 2224 531 2278 erubescam.
555 2222 685 2278 Nam
708 2232 761 2279 et
789 2225 831 2278 si
861 2227 1030 2295 magis
1060 2240 1146 2279 me
1177 2235 1493 2294 potestatem
1523 2241 1552 2278 a
1583 2226 1796 2282 Christo

223 2312 498 2380 accepisse
545 2314 753 2376 dixero,
780 2324 834 2368 ut
883 2330 1064 2370 verum
1112 2315 1437 2384 apostolum,
1471 2303 1793 2383 vindicandi,

223 2415 329 2454 non
356 2402 669 2457 erubescam
699 2421 714 2458 :
740 2405 862 2473 quia
883 2414 938 2459 et
962 2420 1151 2460 verum
1182 2406 1378 2471 dicam,
1409 2417 1462 2461 et
1491 2421 1595 2460 non
1625 2409 1795 2476 gloria

223 2493 419 2560 elatus,
465 2493 560 2547 sed
608 2505 797 2549 vestra:
850 2495 1224 2550 aediﬁcationis
1271 2511 1433 2550 causa
1489 2498 1798 2566 compulsus

223 2583 325 2638 hoc
349 2582 559 2638 iaciam.
608 2584 687 2639 illi
714 2601 840 2655 ergo
867 2594 921 2640 et
948 2597 1254 2656 usurpatam
1275 2628 1287 2651 ,
1315 2596 1370 2642 et
1397 2590 1446 2642 in
1474 2588 1800 2644 destructio-

221 2687 346 2728 nem
376 2684 609 2730 vestram
639 2677 822 2732 volunt
862 2693 1122 2733 exercere
1154 2687 1500 2748 poteStatem.
1544 2680 1610 2736 Ut
1631 2692 1800 2736 autem

220 2781 326 2819 non
353 2767 604 2821 existimer
638 2777 876 2837 tanquam
907 2779 1090 2824 terrere
1133 2788 1218 2826 vos
1265 2790 1352 2842 per
1381 2775 1620 2844 epistolas
1643 2790 1803 2845 :quo-

225 2855 368 2908 niam
397 2856 599 2925 quidem
643 2858 886 2926 epistolas,
919 2859 1171 2929 inquiunt,
1198 2877 1376 2931 graves
1399 2871 1516 2916 sunt
1539 2874 1585 2916 et
1616 2865 1802 2933 fortis;

224 2951 496 3016 praesentia
527 2960 694 3004 autent
728 2952 954 3019 corporis
981 2953 1204 3020 inﬁrma,
1240 2955 1286 3007 el
1311 2970 1476 3008 sermo
1507 2956 1802 3026 contempti-

223 3038 364 3093 bilis.
399 3040 506 3094 lloc
536 3040 655 3095 ideo
681 3041 822 3106 dico,
854 3058 920 3098 ne
963 3045 1082 3114 quis
1113 3060 1199 3100 me
1231 3054 1378 3115 putet
1424 3047 1552 3101 illud
1585 3048 1803 3102 commi-

1895 1859 2044 1929 signa
2085 1860 2232 1926 ﬁant,
2266 1876 2359 1929 per
2385 1876 2503 1929 qua:
2532 1861 2751 1914 credant
2794 1863 3056 1916 inﬁdeles.
3087 1862 3187 1917 Ille
3215 1868 3454 1935 probatus

1897 1959 1988 2004 est.
2035 1949 2346 2005 Laudando.
2388 1949 2494 2004 Sed
2546 1966 2695 2020 queat
2743 1950 2877 2005 Deus
2915 1954 3250 2008 commendat.
3301 1956 3460 2025 Signa

1897 2040 2264 2096 monstrando.

1970 2133 2099 2188 Cn.
2135 2148 2210 2187 χι.
2246 2132 2453 2187 Utinam
2478 2133 2810 2186 sustineretis.
2846 2132 3116 2189 Sustinete
3147 2150 3232 2189 me
3260 2151 3466 2202 parum,

1900 2225 2020 2293 quia
2047 2226 2179 2280 alios
2196 2227 2418 2279 multum
2434 2225 2726 2279 sustinetis.
2754 2224 2811 2277 Μ
2815 2227 3148 2294 odieumquid
3166 2228 3467 2298 insipientia:

1899 2331 2056 2380 mete,
2079 2317 2167 2370 sed
2192 2325 2237 2370 et
2265 2325 2562 2386 supportate
2587 2333 2683 2369 me.
2713 2316 3051 2385 lnsipieutem
3081 2332 3137 2371 se
3166 2319 3313 2383 dicit,
3343 2321 3467 2387 quia

1900 2406 1977 2460 illi
2007 2419 2228 2460 necesse
2251 2415 2366 2459 erat
2387 2406 2561 2473 aliqua
2585 2405 2652 2461 de
2673 2419 2730 2459 se
2754 2405 2934 2460 dicere
2960 2422 3101 2472 vera,
3135 2418 3191 2461 ut
3218 2410 3466 2463 ostendat

1904 2497 2074 2551 multo
2120 2498 2286 2566 magis
2334 2497 2681 2563 insipientes,
2705 2499 2792 2564 qui
2825 2497 2958 2552 falso
2985 2508 3037 2552 et
3067 2500 3206 2552 nulla
3237 2502 3469 2554 necessi-

1904 2598 2012 2644 tate
2040 2598 2264 2660 cogente
2292 2605 2352 2645 se
2380 2589 2614 2644 laudant.
2650 2587 2895 2641 zEmulor
2922 2592 3052 2642 enim
3087 2607 3170 2643 vos
3203 2590 3296 2644 Dei
3315 2607 3476 2645 temu-

1905 2682 2110 2735 latione.
2143 2681 2408 2751 Despondi
2452 2683 2582 2735 enim
2610 2696 2694 2735 vos
2733 2685 2823 2736 uni
2862 2685 2966 2736 viro
3006 2685 3245 2754 virginem
3284 2694 3472 2736 castam

1904 2773 2134 2826 exhibere
2162 2771 2381 2827 Christo.
2429 2773 2544 2828 Non
2583 2774 2798 2828 stimulo
2839 2774 3021 2829 livoris
3047 2776 3345 2829 inflammor
3377 2776 3475 2829 hu-

1906 2865 2074 2931 mani,
2120 2866 2214 2921 sed
2263 2881 2358 2920 vos
2407 2876 2654 2936 tanquam
2703 2876 2852 2935 pater
2899 2868 3239 2922 :emulatione
3285 2867 3463 2921 divina

1905 2958 2172 3024 custodio,
2197 2967 2253 3012 ut
2283 2959 2548 3027 possimus
2570 2973 2666 3014 vos
2699 2959 3068 3013 immaculatos
3093 2958 3309 3013 Christo
3335 2975 3468 3013 con-

1904 3050 2146 3120 jungere,
2195 3060 2340 3105 tanto
2393 3050 2582 3119 majori
2633 3049 2812 3104 studio
2853 3066 2881 3104 c
2921 3060 3219 3114 nservatos,
3271 3060 3470 3119 quanto

223 3131 365 3194 nari,
391 3130 528 3198 quod
574 3131 798 3198 implere
839 3148 943 3186 non
993 3148 1232 3202 pos~um,
1264 3136 1401 3190 sicut
1425 3136 1491 3190 de
1520 3152 1605 3189 me
1636 3138 1799 3192 vestri
1828 3145 1870 3203 C
1907 3141 2114 3194 meliori
2144 3142 2272 3195 estis
2301 3155 2500 3209 sponso
2529 3140 2829 3208 copulandi.
2855 3140 3029 3192 Timeo
3051 3151 3220 3193 autem
3241 3156 3322 3205 ne,
3346 3141 3477 3191 sicut

216 3217 468 3288 jactitant
507 3221 839 3291 deceptores.
893 3223 1008 3276 Hoc
1053 3226 1235 3294 cogitet
1274 3227 1360 3294 qui
1405 3227 1660 3294 ejusmodi
1703 3237 1796 3293 est,

223 3313 350 3382 quia
378 3312 553 3380 quales
588 3329 765 3367 sumus
791 3313 948 3367 .verbo
992 3330 1080 3385 per
1114 3316 1348 3384 epistolas
1389 3318 1647 3383 absentes,
1679 3318 1803 3371 tales

224 3410 276 3453 et
315 3413 586 3469 prwsenles
624 3403 676 3455 in
707 3403 862 3472 facto.
890 3407 989 3472 Qui
1021 3405 1122 3460 hoc
1149 3415 1326 3474 putat,
1354 3407 1488 3462 sciat
1515 3423 1601 3463 me
1628 3409 1804 3463 omnia

223 3511 387 3565 posse
423 3498 618 3563 facere,
651 3514 744 3568 per
772 3515 894 3554 cum
921 3503 1010 3570 qui
1051 3510 1228 3556 manet
1275 3502 1327 3556 in
1371 3518 1478 3568 me,
1512 3504 1556 3558 si
1585 3517 1806 3559 necesse

225 3589 408 3656 fuerit,
440 3606 558 3660 quze
590 3592 863 3660 promitto.
915 3593 1047 3647 Nam
1077 3603 1132 3648 et
1159 3594 1535 3650 obedientibus
1567 3611 1662 3665 per
1708 3597 1808 3651 bu-

226 3683 534 3749 militatem,
563 3685 826 3752 inﬁrmus,
853 3695 906 3741 et
939 3687 1300 3754 peccantibus,
1338 3703 1432 3756 per
1461 3689 1803 3743 severitatem

233 3775 388 3829 fortis
418 3776 678 3831 invenior.
710 3777 827 3831 Non
859 3779 988 3832 enim
1017 3781 1262 3832 audemus
1286 3779 1506 3834 inserere
1547 3791 1637 3833 aut
1668 3797 1808 3834 cont-

219 3881 417 3935 parare
457 3883 546 3919 nos
589 3867 913 3936 quibusdam,
948 3870 1043 3938 .qui
1089 3869 1383 3940 semetipsos
1414 3870 1803 3925 commendant.

230 3958 348 4014 Non
382 3959 518 4014 enim
551 3974 828 4029 possumus
859 3961 925 4015 de
954 3963 1106 4017 nobis
1150 3962 1350 4030 majora
1394 3960 1600 4029 jactare
1647 3975 1807 4030 quam

232 4051 403 4105 simus
427 4066 440 4103 :
465 4065 568 4104 non
597 4051 854 4106 audemus
878 4052 949 4105 ita
979 4053 1142 4106 Deum
1173 4067 1541 4117 contemnere,
1569 4062 1627 4106 ut
1656 4053 1808 4106 simi-

235 4143 314 4195 les
339 4143 504 4196 simus
527 4144 862 4212 quibusdam,
887 4146 972 4213 qui
1002 4145 1115 4199 suis
1138 4144 1343 4198 malunt
1374 4145 1620 4198 laudibus
1644 4161 1802 4213 quam

242 4233 336 4288 Dei
363 4235 530 4305 gratia
559 4237 941 4291 commendari.
977 4235 1083 4291 Sed
1107 4239 1202 4307 ipsi
1231 4239 1280 4290 in
1302 4237 1445 4290 nobis
1476 4237 1806 4307 nosmetipsos

237 4324 514 4378 metientes.
539 4323 652 4378 Non
674 4325 982 4379 excedimus
1005 4339 1271 4379 mensura:
1295 4334 1492 4378 nostra:
1524 4325 1799 4378 terminos.

236 4411 305 4466 Et
337 4425 687 4479 comparantes
714 4416 1042 4483 nosmetipsos
1075 4416 1238 4468 nobis.
1265 4415 1376 4468 Non
1408 4415 1722 4482 majoribus,
1749 4426 1806 4469 ut

238 4509 316 4565 illi
357 4509 466 4575 qui,
507 4523 625 4560 cum
681 4523 710 4559 u
737 4507 807 4561 hil
855 4508 989 4570 siut,
1023 4523 1128 4560 non
1177 4507 1336 4561 modo
1367 4521 1422 4561 se
1454 4517 1684 4576 aequant,
1713 4508 1804 4562 sed
1839 4490 1885 4549 D

239 4598 397 4652 etiam
417 4606 760 4665 anteponunt.
778 4597 889 4651 Nos
903 4607 1069 4651 autem
1092 4615 1190 4652 non
1211 4602 1266 4651 in
1291 4599 1589 4652 immensum
1610 4600 1807 4667 gloria-

240 4689 424 4755 bimur,
456 4688 544 4743 sed
590 4689 863 4746 secundum
905 4705 1194 4746 mensuram
1236 4687 1428 4763 regqu
1467 4706 1565 4763 qua
1605 4707 1809 4748 mensus

241 4789 314 4835 est
347 4782 490 4834 nobis
522 4781 676 4846 Deus,
707 4800 993 4838 mensuram
1032 4787 1349 4855 pertingendi
1393 4803 1551 4857 usque
1589 4787 1656 4839 ad
1683 4803 1806 4842 vos:

241 4893 342 4930 non
367 4879 501 4932 enim
529 4879 676 4948 quasi
702 4896 802 4934 non
842 4882 1175 4950 pertingentes
1210 4882 1278 4934 ad
1307 4898 1392 4935 vos
1430 4882 1805 4952 superex'endi-

239 4986 354 5022 mus
384 4985 492 5024 nos.
527 4969 670 5024 Nihil
701 4986 860 5040 super
891 4972 1156 5037 homines,
1185 4973 1277 5027 sed
1310 4973 1622 5041 inquantum
1657 4975 1808 5027 nobis

241 5061 384 5117 Deus
407 5063 606 5117 donare
633 5063 879 5132 dignatus
899 5077 1006 5130 εει,
1029 5065 1080 5118 id
1103 5075 1186 5118 cst
1210 5066 1540 5134 apostolatus
1565 5065 1809 5135 gratiam,

243 5168 335 5221 per
367 5169 522 5220 quam
562 5154 720 5208 etiam
759 5153 906 5208 vobis
950 5154 1248 5209 Corinthiis
1297 5156 1667 5223 praedicamus.
1696 5155 1810 5208 Non

242 5245 384 5297 enim
412 5243 511 5296 hoc
542 5245 882 5312 usurpatione
914 5244 1160 5312 faciams,
1191 5246 1282 5298 sed
1317 5255 1604 5312 praecepto.
1641 5244 1812 5314 Usque

242 5335 310 5389 ad
333 5352 417 5390 vos
443 5337 576 5389 enim
611 5340 928 5406 pervenimus
973 5339 1026 5390 in
1056 5336 1334 5409 Evangelia
1365 5337 1573 5391 Christi.
1615 5338 1726 5390 Non
1757 5337 1810 5390 in

244 5438 448 5481 nostro.
483 5427 599 5481 Non
624 5429 673 5480 in
703 5429 1005 5482 immensum
1035 5430 1308 5497 gloriattes
1334 5430 1386 5481 in
1415 5430 1597 5482 alienis
1624 5428 1812 5480 labori-

242 5518 356 5569 bus.
387 5517 704 5570 lmuwnsum
731 5527 814 5570 est
837 5517 886 5570 in
910 5517 1105 5572 alienis
1134 5518 1405 5571 laboribus
1425 5517 1666 5587 gloriari,
1689 5518 1810 5585 quia

243 5609 316 5662 illi
348 5620 560 5676 semper
588 5605 654 5660 ad
682 5606 864 5662 lideles
896 5609 1065 5676 ibant,
1092 5609 1182 5677 qui
1205 5610 1357 5678 signa
1387 5609 1608 5662 minime
1639 5608 1814 5675 requi-

242 5703 448 5759 rebant.
483 5702 638 5773 Spem
667 5714 829 5758 autem
857 5704 1093 5760 habentes
1119 5705 1384 5760 crescentis
1413 5703 1534 5772 ﬁdei
1553 5711 1729 5756 vestra:
1755 5703 1806 5754 in

1905 3247 2109 3300 serpens
2151 3230 2315 3283 anm
2345 3231 2546 3284 seduxit
2590 3232 2771 3283 astutia
2815 3246 2928 3294 sua,
2973 3232 3042 3282 ita
3087 3239 3477 3297 corrumpantur

1903 3339 2082 3376 sensus
2123 3324 2293 3377 vestri.
2342 3322 2573 3390 Serpens
2601 3324 2760 3376 Evam
2789 3322 3093 3375 mentiendo
3137 3321 3203 3374 de
3253 3323 3357 3376 Deo
3387 3337 3474 3376 se-

1906 3413 2083 3478 duxit,
2118 3415 2324 3478 dicens,
2357 3415 2473 3466 solo
2503 3424 2706 3467 terrore
2736 3414 2897 3467 Deum
2929 3413 3304 3465 comminatum
3329 3426 3468 3476 eSse,
3537 3401 3545 3408 ’

1909 3516 2134 3562 mortem
2176 3521 2280 3561 non
2323 3507 2626 3569 illaturum,
2657 3507 2700 3558 si
2744 3514 3086 3573 peccassent:
3115 3505 3184 3557 ita
3231 3513 3286 3559 et
3331 3520 3473 3559 nunc

1908 3597 2340 3668 pseudoapostoli
2401 3597 2647 3652 dicebant
2710 3595 2829 3651 ideo
2888 3594 3158 3665 Evangelii
3211 3604 3473 3664 prmeepta

1909 3690 2011 3760 legi
2047 3690 2248 3753 addita,
2283 3689 2367 3744 vel
2397 3699 2453 3742 ut
2483 3689 2560 3742 sic
2587 3685 2973 3750 custodiretur,
3006 3697 3060 3740 et
3097 3701 3157 3740 ea
3189 3686 3300 3740 sola
3330 3685 3475 3738 sufﬁ-

1908 3793 2056 3839 ceret
2084 3782 2368 3838 custod.ta.
2397 3780 2502 3836 Sed
2527 3788 2584 3836 et
2612 3795 2752 3835 nunc
2796 3794 3018 3850 serpens
3048 3778 3291 3834 similiter
3319 3778 3476 3832 sedu-

1908 3876 2010 3942 cit,
2055 3875 2354 3944 gehennam
2411 3882 2631 3943 propter
2690 3873 2860 3927 solum
2920 3884 3178 3926 terrorem
3229 3885 3474 3924 asserens

1908 3969 2210 4024 nominari:
2234 3983 2350 4022 eam
2382 3978 2561 4022 autem
2588 3975 2680 4020 aut
2701 3981 2803 4021 non
2833 3980 2951 4020 esse
2977 3967 3216 4029 omnino,
3247 3975 3339 4019 aut
3370 3980 3474 4018 non

1907 4069 2164 4112 aeternam
2195 4072 2314 4112 esse
2341 4056 2685 4110 conﬁrmans.
2720 4055 2785 4107 Et
2814 4055 3066 4110 excidant.
3100 4054 3145 4108 A
3173 4071 3297 4109 vera
3319 4057 3480 4109 casti-

1908 4159 2034 4204 tate.
2069 4151 2113 4202 A
2138 4149 2483 4219 simplicitate.
2531 4146 2721 4201 Castus
2750 4161 2942 4201 sensus
2971 4156 3080 4209 est,
3109 4147 3197 4214 qui
3230 4147 3319 4200 uni
3359 4146 3478 4198 viro

1909 4244 2120 4312 placere
2149 4242 2437 4303 desiderat,
2470 4249 2522 4294 et
2549 4241 2631 4293 cui
2672 4240 2788 4306 ejus
2817 4239 2981 4291 solius
3018 4238 3184 4289 sentcl
3215 4235 3475 4303 promissa

1909 4333 2194 4386 sufﬁciant.
2226 4332 2350 4394 Quae
2395 4341 2468 4383 est
2507 4329 2560 4380 in
2604 4328 2826 4380 Christo.
2863 4327 2995 4378 Esse
3046 4323 3138 4375 Dei
3172 4324 3326 4376 verba
3358 4338 3476 4376 cre—

1910 4420 2074 4476 denti.
2109 4418 2248 4473 Nam
2281 4419 2324 4470 si
2353 4419 2396 4470 is
2424 4418 2510 4482 qui
2545 4418 2698 4478 venit,
2743 4415 2903 4467 alium
2933 4412 3188 4466 Christum
3215 4412 3478 4478 praedicat,

1911 4527 2054 4582 quem
2084 4526 2186 4564 non
2219 4509 2604 4575 prtedicavimus
2623 4546 2638 4572 ,
2662 4513 2750 4558 aut
2782 4506 2942 4558 alium
2968 4501 3202 4570 spiritum
3229 4502 3478 4569 accipitis,

1913 4617 2056 4671 quem
2082 4617 2184 4654 non
2209 4598 2492 4667 accepistis,
2520 4606 2606 4648 aut
2642 4596 2784 4650 aliud
2819 4593 3173 4673 Evangelium,
3209 4606 3343 4672 quod
3379 4619 3479 4655 ηση

1914 4694 2188 4770 recepistis,
2233 4700 2364 4752 recte
2393 4698 2712 4766 pateremini.
2743 4696 2800 4752 Si
2831 4697 2980 4751 vobis
3023 4695 3220 4764 aliquid
3253 4696 3478 4762 amphus

1919 4798 2254 4859 prastarent,
2279 4803 2435 4857 quam
2467 4803 2562 4857 per
2587 4801 2682 4842 nos
2710 4787 3014 4855 accepistis,
3038 4797 3183 4840 recte
3204 4800 3298 4839 cos
3319 4786 3481 4838 adrui-

1913 4882 2102 4934 seratis
2147 4888 2331 4934 contra
2382 4893 2480 4932 nos
2525 4879 2799 4932 venientes
2836 4887 2889 4930 et
2931 4873 3083 4928 nobis
3113 4873 3476 4928 detr..hentes.

1920 4973 2170 5030 Existimo
2212 4974 2342 5027 enim
2380 4973 2508 5025 nihil
2557 4987 2636 5024 me
2683 4972 2848 5023 minus
2895 4969 3088 5036 fecisse.
3124 4967 3178 5020 In
3225 4967 3394 5019 vobis.
3438 4968 3480 5016 Λ

1916 5065 2112 5135 magnis
2143 5063 2400 5134 apostolis.
2430 5062 2486 5117 Si
2516 5076 2545 5116 a
2575 5062 2805 5131 magnis,
2840 5065 3037 5128 quanto
3069 5055 3236 5124 magis
3267 5056 3332 5108 ab
3363 5056 3480 5108 istis

1917 5157 2006 5226 qui
2049 5154 2181 5210 nihil
2216 5155 2370 5208 sunt!
2421 5153 2583 5217 Sive,
2610 5167 2677 5207 ne
2720 5153 2913 5221 putetis
2958 5166 3052 5205 vos
3099 5153 3275 5205 minus
3320 5162 3480 5216 quam

1919 5253 2128 5300 canem
2152 5244 2404 5299 Ecclesiae
2428 5243 2626 5311 aliquid
2656 5242 2946 5310 accepisse,
2976 5242 3167 5311 quibus
3213 5241 3401 5294 Petrus
3429 5251 3483 5292 et

1919 5336 2100 5392 caeleri
2130 5333 2503 5404 praedicarunt.
2539 5333 2675 5387 Nunt
2707 5334 2798 5386 etsi
2840 5333 3098 5403 imperitus
3125 5347 3371 5396 sermone,
3397 5332 3483 5385 sed

1917 5443 2018 5481 non
2059 5425 2290 5479 scientia.
2351 5422 2593 5478 Ostendit
2638 5423 2767 5477 istos
2812 5422 3032 5476 scientia
3082 5421 3381 5489 imperitos,
3429 5420 3480 5472 in

1915 5531 2166 5572 sermone
2202 5513 2410 5570 tumido
2439 5513 2678 5583 gloriari.
2716 5511 2783 5566 In
2819 5513 3050 5565 omnibus
3079 5522 3246 5565 autem
3276 5509 3485 5580 manife-

1916 5618 2025 5662 stus
2071 5623 2184 5660 sum
2229 5606 2388 5660 vobis.
2440 5603 2682 5660 Ostendit
2730 5616 2881 5656 suam
2931 5602 3322 5672 integritatem,
3359 5600 3482 5671 quia

1919 5699 2098 5756 omnia
2130 5697 2421 5755 secundum
2455 5695 2618 5750 Deum
2653 5693 2840 5750 fecerit
2869 5713 2880 5748 :
2907 5711 3023 5750 cum
3057 5711 3154 5751 nec
3182 5694 3482 5756 avaritiam,
