3982 6352
495 282 599 336 579

1607 274 1906 333 PRIMASII
1944 271 2386 331 ADRUMETANI
2425 268 2634 329 EPISC.

3674 275 3806 330 530

501 406 603 446 nec
628 389 827 459 gulam,
855 402 954 445 nec
988 387 1210 459 gloriam
1249 388 1315 443 ab
1357 387 1434 443 eis
1466 387 1747 456 aliquando
1782 387 2069 456 quaasierit.
2104 390 2145 446 Α
2175 384 2383 451 loquor,
2433 400 2533 437 non
2584 384 2764 451 loquor
2815 384 3093 438 secundum
3136 379 3321 447 Deum,
3377 384 3468 438 sed
3517 387 3691 455 quasi
3737 388 3806 440 in

499 482 601 535 Aut
640 482 866 550 nunquid
886 490 1141 551 peccatum
1164 480 1281 549 feci,
1310 479 1556 546 mcipsum
1581 477 1881 541 humilium,
1905 488 1958 530 ut
1985 493 2069 529 vos

500 572 829 627 cxaltemini?
856 571 913 626 Si
936 570 1068 625 forte
1101 572 1200 623 hoc
1225 568 1395 622 solum
1428 569 1669 635 peccavi,
1699 569 1820 635 quia
1852 576 2071 636 propter

501 666 778 719 utilitatem
810 674 1036 717 vestram
1067 661 1225 716 etiam
1261 661 1403 714 licita
1433 660 1608 713 omisi.
1661 659 1919 725 Quoniam
1949 675 2071 729 gra—

504 758 569 811 tis
589 756 923 827 Evangelium
965 753 1059 807 Dei
1096 752 1431 821 evangelieavi
1459 750 1618 812 vobis.
1644 752 1774 804 alias
1816 749 2071 803 Ecclesias

502 849 803 916 exspoliavi,
826 847 1077 914 accipiens
1098 844 1424 913 stipendium.
1448 843 1581 909 Quia
1606 857 1704 897 nec
1727 856 1915 911 panem
1942 855 2073 910 quo-

506 942 758 995 tidianum
791 954 819 992 a
851 938 1000 992 vobis
1030 937 1232 1005 accepi,
1271 950 1428 1005 quem
1476 933 1733 989 Dominus
1781 932 2070 988 ordinavit.

506 1031 586 1083 Ad
624 1030 956 1083 ministerium
980 1038 1221 1082 vestrum.
1255 1026 1387 1080 Cum
1416 1026 1567 1079 vobis
1601 1024 1946 1093 Evangelium
1975 1025 2074 1078 mi-

506 1122 806 1175 nistrarem.
837 1119 903 1175 Et
921 1134 1038 1173 cum
1064 1134 1221 1172 essent
1240 1120 1378 1187 apud
1405 1134 1510 1171 vos.
1533 1117 1665 1170 Cum
1697 1130 1871 1171 essem
1897 1114 2075 1169 vobis-

505 1228 644 1275 com,
669 1219 724 1265 et
755 1226 783 1264 a
810 1211 961 1266 vobis
987 1226 1092 1265 non
1122 1210 1442 1278 acceperim,
1466 1224 1497 1262 a
1520 1208 1894 1262 Macedonibus
1918 1208 2074 1276 longe

507 1303 691 1368 positis
737 1303 936 1370 accepi,
972 1315 1038 1355 ne
1084 1300 1376 1355 crederetis
1406 1315 1490 1353 me
1524 1298 1653 1353 lucri
1682 1299 1883 1353 terreni
1915 1314 2071 1353 causa

508 1392 849 1459 Evangelium
908 1390 1220 1459 praedicare.
1274 1389 1339 1442 Et
1386 1405 1619 1458 egerem,
1664 1388 1793 1442 nulli
1833 1404 2075 1443 onerosus

508 1482 603 1550 fui.
634 1482 744 1536 Hoc
768 1482 996 1548 amplius
1016 1487 1119 1543 est,
1138 1488 1195 1533 ut
1222 1495 1343 1533 cum
1370 1493 1604 1546 egerem,
1623 1480 1784 1532 nolim
1811 1478 2072 1546 accipere.

508 1570 650 1624 Nam
671 1570 804 1639 quod
836 1570 960 1623 mihi
990 1570 1183 1633 deerat,
1213 1572 1571 1638 suppleverunt
1602 1570 1784 1638 fratres
1809 1570 1895 1638 qui
1923 1584 2075 1623 vene-

507 1672 627 1714 runt
665 1679 697 1713 a
736 1660 1059 1714 Macedonia.
1112 1658 1264 1727 Quod
1297 1659 1545 1715 manibus
1575 1658 1796 1712 minime
1828 1672 2077 1713 occurre-

2170 474 2481 543 insipientia.
2508 475 2560 527 Si
2586 474 2871 543 Apostolus
2897 475 3215 531 necessitate
3231 478 3539 545 compulsus
3573 480 3792 548 populi

2174 565 2264 619 Dei
2308 573 2468 634 negat
2507 566 2797 621 secundum
2831 568 2994 620 Deum
3023 580 3143 622 esse
3170 568 3531 637 gloriandum,
3568 570 3684 624 sed
3716 571 3801 625 de

2172 657 2503 725 insipientia,
2543 658 2667 727 quid
2712 659 2779 713 de
2821 658 2924 713 illis
2974 658 3253 715 dicendum
3284 662 3375 726 sit,
3409 661 3793 717 manifestum

2172 755 2275 801 est.
2306 744 2371 800 In
2409 748 2505 801 hac
2530 747 2810 801 substantia
2849 749 3043 820 glorite.
3084 749 3181 803 Est
3204 752 3345 804 enim
3375 751 3480 804 alia
3508 750 3795 806 subsuta-

2176 836 2247 889 tia
2275 852 2416 892 verte
2456 838 2661 907 gloriae.
2697 838 2949 904 Quoniam
2974 839 3125 893 multi
3153 838 3443 909 gloriantur
3475 841 3790 894 secundum

2173 943 2397 992 carnem,
2423 936 2470 981 et
2500 944 2591 998 ego
2618 928 2894 998 gloriabor.
2935 928 3194 997 Quoniam
3247 933 3297 985 in
3341 932 3640 989 nobilitate
3682 950 3789 1004 ge-

2176 1022 2319 1077 neris
2342 1021 2554 1091 gloriari
2582 1022 2795 1077 carnale
2822 1028 2924 1077 est.
2958 1021 3194 1077 Libenter
3218 1024 3349 1078 enim
3371 1024 3611 1093 su/fertis
3642 1028 3787 1081 insi-

2174 1115 2387 1183 pientes,
2419 1129 2533 1166 cum
2561 1114 2672 1167 sitis
2693 1115 2788 1185 ipsi
2818 1116 3086 1185 sapientes.
3117 1115 3281 1170 Video
3309 1117 3453 1171 enim
3484 1131 3613 1183 vos,
3652 1133 3780 1171 cum

2175 1206 2350 1261 edocti
2394 1206 2512 1260 sitis
2558 1207 2657 1260 ista
2705 1207 2902 1262 nullius
2945 1204 3202 1262 momenti
3246 1224 3387 1275 esse,
3441 1217 3555 1263 tam
3613 1210 3781 1266 facile

2177 1295 2548 1366 insipientibus
2578 1300 2934 1355 consensisse.
2973 1299 3249 1355 Sustinetis
3275 1302 3411 1355 enim
3436 1302 3485 1356 si
3518 1304 3647 1370 quis
3690 1320 3778 1358 cos

2175 1390 2229 1443 in
2270 1391 2557 1444 servitutem
2584 1392 2787 1463 redigit.
2818 1390 2874 1445 in
2918 1393 3229 1448 servitutem
3263 1392 3421 1462 legis,
3451 1395 3539 1449 vel
3585 1410 3778 1450 sarcr-

2175 1478 2384 1546 dotum,
2407 1480 2496 1549 qui
2526 1480 2852 1535 dominatum
2872 1482 2922 1535 in
2951 1482 3143 1551 populo
3170 1484 3518 1538 exercebant.
3554 1482 3628 1538 Si
3657 1486 3771 1552 quis

2178 1573 2403 1638 devorat,
2435 1573 2479 1625 si
2521 1572 2633 1640 quis
2679 1574 2884 1640 accipit.
2917 1574 2975 1630 Si
3004 1574 3121 1644 quis
3146 1577 3393 1641 devorat,
3427 1578 3484 1631 id
3515 1588 3606 1633 est
3636 1579 3769 1632 sub-

2178 1664 2401 1717 stantias
2444 1673 2649 1719 vestras
2695 1666 3003 1735 accipiendo
3039 1668 3120 1723 vel
3166 1670 3422 1739 rapiendo
3461 1673 3765 1726 consumit.

510 1752 651 1805 bam.
687 1749 752 1803 Et
783 1752 833 1805 in
864 1751 1093 1804 omnibus
1122 1764 1199 1802 me
1235 1750 1340 1803 sine
1379 1764 1529 1803 onere
1568 1749 1705 1802 vobis
1733 1748 1942 1803 servavi.
1974 1747 2073 1814 Qui
2105 1753 2151 1814 Β
2180 1753 2240 1808 Si
2260 1755 2369 1822 quis
2397 1754 2675 1809 extollitur.
2711 1756 2957 1823 Pecunia,
2990 1758 3206 1814 Iudaica
3248 1760 3521 1829 superbia,
3556 1764 3646 1815 vel
3677 1779 3767 1831 ge-

512 1841 986 1911 pseudoapostolos
1017 1856 1121 1896 non
1150 1840 1436 1905 habebant,
1468 1854 1567 1895 nec
1588 1846 1742 1894 crant
1771 1839 1986 1892 inlirmi.
2011 1837 2077 1892 Et

509 1936 737 1989 strvabo.
768 1935 899 2001 Quia
946 1934 1119 1989 adhuc
1164 1934 1296 1988 tales
1342 1932 1572 1999 habetis,
1607 1946 1673 1986 ne
1718 1931 1793 1986 illi
1838 1946 1935 2001 per
1980 1945 2078 1985 nos

511 2028 843 2079 occasionem
875 2024 1165 2077 inveniant.
1195 2022 1287 2077 Est
1307 2024 1490 2077 veritas
1513 2021 1702 2076 Christi
1725 2023 1778 2074 in
1799 2036 1896 2075 me.
1929 2021 2079 2078 Sicut

511 2115 754 2171 Christus
803 2114 944 2183 quod
985 2114 1155 2169 semel
1199 2114 1404 2178 statuit,
1436 2128 1542 2168 non
1586 2112 1830 2177 mutavit,
1859 2126 1958 2166 nec
1998 2119 2080 2165 est

509 2205 797 2277 aliquando
844 2206 1119 2260 mentitus.
1170 2204 1427 2269 Quoniam
1455 2205 1561 2259 hare
1601 2204 1840 2274 gloriatio
1869 2220 1968 2257 non
1995 2203 2081 2256 in-

512 2298 781 2366 fringetur.
835 2297 1012 2353 Gloria
1043 2305 1159 2361 est,
1192 2306 1411 2366 propter
1438 2297 1606 2352 Deum
1635 2296 1799 2351 etiam
1827 2309 2081 2351 concessa

512 2390 1150 2446 contemnerezmaxime
1192 2388 1236 2441 si
1277 2387 1511 2455 inepiam
1551 2387 1839 2456 patiantur.
1897 2384 1961 2439 In
2004 2400 2084 2438 me

514 2481 569 2533 in
608 2480 899 2551 regionibus
929 2479 1153 2532 Achaia.
1204 2476 1303 2533 Ubi
1334 2477 1413 2531 illi
1445 2485 1571 2531 sunt
1594 2494 1607 2529 :
1630 2477 1753 2531 alibi
1780 2490 1907 2545 ergo
1932 2490 2083 2529 accc-

516 2575 612 2639 pit.
647 2572 815 2638 Quare
833 2573 855 2611 9
876 2571 994 2642 quia
1021 2586 1122 2623 non
1151 2570 1311 2639 diligo
1338 2569 1466 2623 vos?
1486 2568 1625 2621 Deus
1650 2568 1762 2623 scit.
1793 2567 1931 2623 Dens
1961 2567 2081 2633 seit,

516 2675 694 2721 utrum
750 2680 842 2719 vos
889 2664 1103 2730 diligam
1148 2662 1491 2718 necne:imo
1533 2660 1653 2716 ideo
1700 2675 1806 2714 non
1858 2659 2080 2727 accipio,

515 2760 638 2827 quia
669 2759 851 2828 diligo.
887 2756 1035 2823 Quod
1065 2766 1232 2811 autem
1274 2757 1410 2827 facio
1437 2765 1484 2808 et
1513 2755 1718 2825 faciam,
1750 2763 1802 2808 ut
1825 2762 2086 2823 amputem

517 2850 828 2902 occasionem
857 2862 1032 2901 eorum
1060 2847 1148 2917 qui
1192 2846 1361 2900 volunt
1392 2846 1725 2899 occasionem.
1767 2845 1860 2899 ilic
1914 2844 2090 2899 reddit

516 2957 753 3004 causam,
778 2956 941 3010 quare
970 2950 1023 2995 et
1051 2940 1165 3008 ipse
1213 2953 1318 2993 non
1349 2939 1596 3006 accipiat.
1651 2936 2083 3006 Pseudoapostoli

518 3032 778 3088 docebant
804 3032 1003 3086 scilicet
1032 3030 1209 3100 gulam
1231 3070 1246 3095 ,
1276 3029 1361 3085 vel
1392 3029 1666 3083 avaritiam
1708 3039 1997 3093 sectantes,
2027 3036 2081 3081 ct

2182 1844 2346 1907 neris,
2374 1843 2457 1897 vel
2487 1844 2744 1898 scientize.
2797 1846 2858 1899 Si
2904 1848 3017 1915 quis
3055 1848 3107 1900 in
3139 1849 3321 1915 faciem
3365 1866 3454 1904 vos
3508 1852 3685 1904 credit.
3714 1856 3765 1907 Si

2182 1934 2300 2002 quis
2320 1949 2416 1988 vos
2438 1936 2595 1990 etiam
2625 1947 2916 2006 pnesentes
2942 1940 3209 2012 objurgat,
3229 1944 3309 1998 vel
3338 1945 3605 1999 conviciis
3638 1946 3761 2016 agit.

2183 2022 2475 2078 Secundum
2496 2025 2859 2095 ignobilitatem
2884 2029 3020 2083 dico.
3054 2030 3358 2100 lgnobilitas
3389 2034 3633 2087 maxima
3661 2047 3761 2100 est,

2183 2113 2230 2167 si
2275 2113 2367 2168 lilii
2410 2114 2503 2169 Dei
2544 2116 2816 2172 nobilitate
2847 2125 3053 2174 terrena
3100 2135 3158 2174 se
3202 2122 3423 2189 jactent.
3469 2123 3643 2189 Quasi
3680 2142 3765 2178 nos

2182 2204 2376 2282 inﬁrmi
2411 2206 2657 2274 fuerimus
2688 2208 2739 2260 in
2768 2210 2863 2261 hac
2885 2220 3043 2278 parte.
3076 2211 3234 2279 Quasi
3267 2229 3362 2267 nos
3393 2213 3445 2267 in
3481 2214 3583 2267 hac
3619 2224 3767 2282 parte

2184 2273 2381 2352 abillis
2412 2299 2588 2353 minus
2616 2298 2812 2368 aliquid
2844 2273 3152 2369 habeamus,
3181 2313 3235 2359 et
3264 2320 3370 2359 non
3411 2308 3585 2375 magis
3616 2273 3764 2361 vobis

2186 2403 2313 2443 vera
2352 2399 2403 2443 et
2448 2389 2603 2444 fortia
2652 2391 3016 2459 praedicemus.
3068 2391 3133 2447 In
3178 2411 3277 2465 quo
3324 2396 3439 2464 quis
3480 2397 3680 2461 audet,
3716 2400 3765 2451 in

2185 2478 2475 2549 insipientia
2503 2480 2640 2547 dico,
2667 2483 2829 2535 audeo
2859 2493 2904 2535 et
2922 2499 3035 2553 ego.
3061 2483 3279 2539 Possum
3311 2485 3514 2541 audere
3546 2488 3590 2539 si
3623 2489 3762 2541 volo.

2189 2568 2397 2624 Hebrwi
2440 2581 2579 2635 sunt,
2611 2582 2658 2626 et
2696 2588 2812 2645 ego.
2852 2571 3105 2630 Israelita:
3148 2587 3297 2640 sunt,
3325 2586 3371 2631 et
3410 2593 3526 2646 ego.
3580 2577 3766 2633 Semen

2188 2661 2406 2714 Abrahae
2442 2669 2579 2726 sunt,
2608 2672 2653 2716 et
2682 2679 2797 2733 ego.
2853 2664 2909 2720 Si
2950 2665 3006 2719 in
3036 2665 3135 2720 hoc
3161 2667 3470 2736 gloriantur,
3510 2670 3636 2737 quia
3667 2669 3768 2724 He-

2190 2748 2319 2805 hrzei
2345 2760 2489 2818 sunt,
2508 2761 2560 2807 et
2585 2768 2684 2823 ego
2713 2754 2871 2825 huius
2899 2770 3017 2811 sum
3046 2758 3278 2828 generis.
3314 2756 3546 2812 Ministri
3573 2759 3768 2813 Christi

2188 2851 2329 2907 sunt,
2361 2851 2409 2894 et
2437 2857 2547 2910 ego.
2584 2842 2651 2898 Ut
2688 2846 2855 2897 minus
2883 2848 3084 2914 sapiens
3112 2848 3245 2901 dico.
3281 2847 3573 2903 Notandum
3607 2849 3763 2918 quia,

2189 2934 2234 2988 si
2261 2933 2377 3002 quis
2407 2934 2566 2987 etiam
2603 2934 2669 2989 de
2694 2935 2891 2992 Christi
2935 2939 3230 2994 ministerio
3260 2939 3526 3009 glorietur,
3561 2956 3768 2993 carna-

2189 3022 2312 3077 liter
2336 3023 2612 3092 gloriatnr.
2644 3024 2773 3080 Plus
2803 3041 2915 3099 ego.
2948 3029 3113 3096 Quam
3147 3029 3235 3084 illi.
3268 3028 3333 3082 In
3359 3030 3605 3083 laboribus
3636 3029 3767 3099 ptu-

517 3121 762 3190 gloriam,
794 3130 1092 3191 quaerentes
1122 3121 1479 3186 occasionem,
1506 3118 1632 3173 utsi
1660 3119 1750 3174 ille
1783 3134 1969 3188 panem
1997 3134 2085 3172 ac-
2117 3102 2163 3162 C
2192 3113 2335 3173 vinis
2359 3115 2452 3170 :in
2504 3118 2791 3171 carceribus
2840 3117 3180 3175 abundantius
3221 3137 3241 3175 :
3276 3123 3328 3175 in
3381 3123 3547 3193 plagis
3606 3138 3765 3189 supra

517 3214 769 3280 cepisset,
799 3213 875 3267 illi
926 3213 1205 3281 exigerent
1247 3226 1437 3266 aurum
1471 3228 1484 3264 :
1520 3219 1575 3265 ut
1605 3211 1650 3265 si
1683 3220 1897 3279 propter
1927 3212 2090 3264 Deum

519 3304 835 3374 praedicant,
864 3304 1001 3358 sicut
1039 3303 1252 3368 dicunt,
1286 3303 1466 3357 statim
1518 3312 1810 3372 appareat:
1840 3302 2020 3371 utique
2048 3302 2093 3356 si

521 3413 628 3452 non
669 3397 952 3466 accipiant,
978 3411 1077 3451 nec
1116 3396 1406 3451 docebunt.
1458 3394 1527 3449 Ut
1555 3395 1609 3447 in
1642 3410 1743 3464 quo
1781 3395 2093 3466 gloriantur,

521 3489 840 3543 inveniantur
864 3489 991 3541 sicut
1017 3497 1065 3540 et
1089 3502 1201 3541 nos.
1232 3485 1409 3541 Tales.
1439 3483 1578 3538 Nam
1603 3484 1856 3555 ejusmodi
1880 3483 2092 3553 pseudo-

522 3583 763 3649 apostoli.
810 3580 1082 3643 Dicentes,
1115 3578 1243 3632 “me
1270 3576 1399 3631 dicit
1449 3574 1727 3640 Dominus,
1760 3584 1813 3629 et
1842 3574 2096 3629 Dominus

524 3688 630 3725 non
676 3672 818 3725 misit
864 3684 990 3733 eos,
1016 3677 1068 3721 et
1108 3668 1344 3721 visiones
1375 3683 1403 3720 a
1430 3665 1594 3721 corde
1642 3681 1740 3720 suo
1789 3666 2091 3736 loquentes.

526 3764 662 3819 Sunt
691 3762 911 3829 operarii
939 3760 1162 3825 subdoli,
1194 3760 1620 3829 transﬁgurantes
1662 3775 1716 3813 se
1754 3760 1806 3812 in
1836 3761 2094 3828 apostolos

523 3854 735 3921 Christi,
764 3864 811 3908 et
841 3870 941 3908 non
962 3853 1169 3906 mirum.
1189 3852 1457 3909 Subdolus
1476 3854 1750 3921 cperarius
1775 3852 1918 3907 aliud
1942 3853 2093 3924 fugit.

525 3945 667 3998 aliud
712 3946 839 4015 agit,
874 3955 925 4000 et
956 3945 1138 3999 habitu
1187 3944 1416 4013 simplici
1461 3944 1856 4013 prmdicationis
1895 3945 2091 4001 Christi

523 4037 785 4102 rapacitas
831 4038 1068 4092 belluina
1114 4039 1613 4113 contegiturztales
1658 4049 1714 4092 ut
1746 4040 2012 4108 placeant,
2040 4050 2093 4093 et

524 4128 782 4196 plicendo
810 4129 1090 4199 accipiant,
1124 4143 1343 4184 necesse
1387 4138 1470 4185 est
1511 4129 1825 4197 adulantur,
1865 4136 1931 4189 etl
1959 4130 2091 4183 adu-

522 4218 682 4275 lando
704 4220 992 4290 decipiant,
1037 4219 1131 4274 illa
1157 4219 1393 4275 dicentes
1420 4236 1537 4288 quin
1559 4220 1821 4289 placeant,
1841 4236 1944 4275 non
1976 4236 2094 4290 qua:

519 4313 806 4382 expediant
835 4313 1089 4369 audienti.
1119 4311 1240 4383 Ipse
1256 4314 1393 4368 enim
1421 4314 1646 4368 Satanas
1686 4314 2015 4383 transﬁgurat
2043 4331 2095 4367 se

518 4409 573 4461 in
612 4408 843 4477 angelum
873 4406 1023 4460 lucis.
1055 4406 1169 4460 Non
1214 4416 1297 4460 est
1327 4416 1433 4459 tam
1464 4406 1615 4460 facile
1652 4405 1876 4459 somniis
1915 4413 1969 4459 et
1998 4406 2093 4459 sli—

2193 3208 2427 3267 modlm.
2468 3206 2585 3264 Non
2632 3209 2784 3277 dixit,
2820 3213 2978 3266 tantis
3020 3213 3326 3282 priedicavi,
3350 3215 3446 3269 sed
3492 3217 3763 3269 dimittens

2194 3299 2373 3352 omnia
2404 3298 2667 3366 praelata
2706 3299 2940 3356 facinora
2969 3318 3087 3369 sua,
3119 3320 3237 3372 qua:
3268 3306 3517 3359 toleravit
3544 3322 3762 3361 enmue~

2192 3396 2294 3442 rat.
2326 3386 2394 3441 In
2422 3389 2664 3443 mortibus
2701 3394 3005 3460 frequenter.
3042 3394 3085 3445 Α
3111 3393 3315 3449 Judais
3341 3397 3624 3467 quinquies
3642 3414 3763 3466 qua-

2194 3478 2446 3549 dragenas
2491 3495 2593 3532 una
2622 3481 2789 3534 minus
2815 3484 3003 3551 accepi.
3038 3484 3092 3537 In
3136 3485 3354 3539 Actibus
3401 3488 3758 3557 apostolorum

2194 3571 2357 3623 semel
2409 3570 2596 3635 habet,
2632 3573 2865 3643 quinque
2911 3574 3112 3630 vicibus
3161 3576 3394 3632 tricenas
3423 3588 3472 3633 et
3509 3593 3755 3644 novenos,

2194 3662 2343 3730 quasi
2403 3669 2763 3732 transgressor
2813 3665 2942 3737 legis
2992 3668 3220 3737 accepit.
3275 3668 3371 3723 Ter
3414 3672 3575 3742 virgis
3608 3688 3756 3725 avsus

2192 3766 2337 3817 sum;
2363 3755 2515 3805 semel
2543 3754 2802 3822 lapidatus
2827 3772 2959 3812 sum.
2993 3757 3117 3814 llaec
3146 3760 3196 3813 in
3228 3759 3448 3815 Actibus
3496 3765 3759 3830 apostolo-

2178 3857 2312 3896 crum
2360 3859 2464 3897 nou
2503 3846 2677 3898 omnia
2724 3847 3081 3916 reperiuntur,
3110 3850 3233 3918 quia
3262 3865 3358 3904 nec
3406 3852 3458 3905 in
3514 3853 3757 3922 Epistolis

2195 3933 2369 3987 omnia
2396 3948 2513 4002 quae
2538 3936 2607 3989 ibi
2637 3944 2761 3991 sunt
2780 3939 3137 3993 continentur.
3170 3938 3267 3993 Ter
3289 3943 3620 4013 naufragium
3650 3945 3757 4013 feci.

2195 4023 2271 4077 lbi
2312 4024 2473 4077 semel
2505 4023 2684 4079 habet.
2718 4024 2887 4081 Nocte
2917 4038 2963 4081 et
3002 4029 3085 4082 die
3112 4029 3165 4081 in
3193 4030 3453 4099 profundo
3482 4034 3642 4085 maris
3671 4033 3752 4100 fui.

2196 4111 2251 4166 In
2286 4113 2468 4167 ultimo
2498 4115 2754 4182 periculo,
2782 4130 2903 4170 cum
2933 4131 3119 4173 navem
3150 4118 3201 4171 in
3231 4117 3552 4187 profundum
3597 4122 3752 4175 dedu-

2195 4215 2333 4259 ctam
2362 4207 2528 4261 molcs
2558 4206 2808 4262 fluctuum
2830 4210 3041 4278 operire
3065 4220 3390 4279 putaremus.
3412 4212 3479 4267 In
3507 4214 3753 4268 itineribus

2193 4319 2327 4373 sirpe
2351 4318 2371 4359 :
2392 4306 2632 4373 periculis
2652 4308 2945 4377 ﬂuminum,
2966 4311 3208 4378 periculis
3231 4314 3505 4382 latronum,
3531 4316 3749 4384 prricslis

2197 4418 2261 4457 ex
2289 4421 2486 4475 genere,
2517 4407 2755 4477 periculis
2795 4424 2858 4461 ea:
2898 4410 3146 4480 gentibus.
3181 4411 3256 4467 De
3300 4427 3497 4481 genere
3522 4423 3577 4467 et
3611 4423 3750 4484 gente

521 4475 714 4564 quibus
743 4496 1041 4551 visionibus
1073 4496 1225 4565 quasi
1260 4496 1513 4566 angelicis
1553 4495 1684 4551 ﬁdes
1719 4496 1960 4551 habenda
1986 4514 1998 4548 :
2025 4510 2091 4550 ne
2122 4475 2175 4534 Ῑ)
2197 4492 2501 4548 Judzeorum
2519 4475 2675 4549 dicit.
2710 4475 2961 4551 Periculis
3002 4498 3054 4551 in
3088 4475 3327 4566 civitate:
3342 4502 3585 4571 periculis
3612 4475 3659 4557 in
3683 4519 3751 4557 se.

522 4583 662 4638 forte
693 4585 1030 4652 transﬁguret
1054 4601 1112 4641 se
1139 4586 1364 4640 Satanas
1396 4586 1446 4639 in
1476 4587 1717 4655 angelum
1748 4587 1901 4651 lucis,
1920 4596 1972 4640 et
1998 4586 2091 4641 de-

520 4675 684 4742 cipiat
732 4689 792 4728 ac
836 4674 981 4727 fallat
1022 4674 1282 4730 incautos.
1332 4674 1453 4728 Non
1490 4686 1560 4728 est
1596 4690 1717 4745 ergo
1761 4691 2023 4746 magnum,
2049 4680 2094 4731 si

525 4768 744 4820 ministri
784 4768 895 4836 ejus
951 4766 1378 4837 traitsﬁgurentur
1422 4767 1555 4819 velut
1597 4766 1816 4820 ministri
1850 4768 2091 4838 justitiar.

523 4859 637 4914 Non
680 4859 889 4923 mirum,
921 4859 965 4913 si
994 4856 1223 4912 ministri
1254 4855 1487 4910 avaritia:
1528 4855 1728 4926 fingant
1751 4871 1809 4911 se
1832 4857 2091 4927 justitiam

520 4951 830 5020 praedicare.
859 4952 1085 5019 Quorum
1109 4950 1225 5020 finis
1247 4950 1342 5003 erit
1374 4950 1647 5003 secundum
1670 4966 1824 5018 opera
1843 4952 2087 5021 ipsorum.

520 5042 651 5096 Mala
700 5058 859 5112 opera
904 5043 1074 5097 malus
1118 5040 1235 5095 finis
1280 5049 1573 5109 exspectat.
1622 5039 1821 5095 Iterum
1866 5042 1997 5107 dico,
2031 5059 2093 5095 ne

517 5138 629 5200 quis
654 5152 732 5189 me
755 5146 890 5203 putet
921 5136 1261 5206 insipientem.
1286 5135 1401 5191 Jam
1425 5137 1563 5191 enim
1593 5136 1832 5206 superius
1861 5137 2088 5202 dixerat,

518 5228 790 5281 Sustinele
835 5227 1097 5281 modicum
1145 5228 1267 5297 quid
1307 5229 1620 5296 insipientia:
1651 5243 1803 5293 metu,
1831 5235 1888 5282 et
1915 5227 2093 5282 reddi-

518 5317 672 5370 derat
712 5315 973 5371 rationem
997 5332 1011 5371 ε
1035 5316 1168 5383 Quia
1198 5316 1315 5370 zelo
1346 5317 1438 5371 Dei
1468 5331 1560 5371 eos
1588 5316 1804 5380 zelaret,
1841 5328 1944 5368 non
1976 5314 2089 5384 glo-

518 5405 610 5458 ria:
656 5404 922 5460 desiderio
950 5412 1096 5460 esset
1124 5404 1191 5459 de
1217 5420 1276 5461 se
1319 5406 1493 5475 aliqua
1526 5414 1834 5460 narraturus
1859 5422 1873 5457 :
1900 5419 1966 5458 ne
1990 5404 2094 5457 sci-

520 5497 645 5551 licet
665 5497 716 5552 in
740 5495 854 5566 ejus
877 5498 1057 5555 odium
1084 5498 1222 5553 versi
1248 5497 1410 5552 falsos
1433 5499 1701 5565 apostolos
1721 5502 2089 5567 sequerentur.

519 5588 756 5656 Alioquin
786 5587 919 5641 velut
960 5588 1275 5659 insipientem
1311 5588 1524 5656 accipite
1561 5604 1660 5653 me,
1694 5597 1748 5641 ut
1787 5596 1837 5643 et
1872 5605 1961 5658 ego
1991 5604 2099 5642 mo-

521 5676 691 5728 dicunt
712 5677 833 5745 quid
854 5677 1057 5747 glorier.
1078 5678 1357 5744 Quomodo
1382 5678 1541 5735 vultis
1563 5681 1788 5750 accipite
1812 5694 1918 5735 me.
1946 5680 2095 5744 Quod

2199 4584 2433 4653 litudine,
2467 4588 2704 4657 periculis
2744 4590 2797 4641 in
2843 4591 2991 4646 mari.
3036 4590 3258 4657 Quando
3286 4595 3593 4663 navigantes
3622 4596 3745 4664 peri-

2200 4677 2549 4746 clitabantur,
2592 4688 2648 4734 et
2690 4680 3023 4750 impegerunt
3069 4697 3258 4740 navem
3309 4683 3375 4738 ad
3422 4685 3589 4752 littus,
3639 4687 3744 4753 quia

2202 4785 2354 4839 prora
2387 4772 2486 4824 lixa
2520 4772 2767 4826 manebat
2805 4772 3120 4837 immobilis,
3153 4775 3341 4844 puppis
3372 4790 3501 4830 vero
3530 4776 3748 4831 solveba-

2202 4869 2287 4915 tur
2310 4875 2338 4913 a
2370 4861 2419 4914 vi
2450 4861 2632 4916 maris.
2679 4861 2933 4917 Periculis
2960 4865 3011 4917 in
3041 4865 3185 4932 falsis
3227 4865 3491 4933 fratribus.
3520 4865 3614 4932 Qui
3640 4867 3749 4920 sub-

2200 4951 2522 5006 iutroierunt
2548 4968 2609 5007 es
2619 4952 2829 5021 plorare
2859 4953 3157 5009 libertatem
3190 4963 3453 5011 nostram.
3480 4954 3548 5009 In
3575 4956 3743 5010 labore.

2200 5041 2470 5097 Mannum.
2504 5040 2571 5095 Et
2612 5059 2862 5097 aerumna.
2889 5044 3118 5099 Miseria.
3168 5044 3236 5098 In
3268 5047 3458 5116 vigiliis
3499 5047 3682 5109 multis,
3700 5049 3745 5099 in

2201 5134 2338 5202 fame
2365 5140 2411 5185 et
2452 5134 2557 5199 siti,
2579 5134 2631 5186 in
2659 5135 2876 5205 jejuniis
2918 5134 3113 5200 multis,
3143 5135 3195 5187 in
3225 5136 3419 5205 frigore
3444 5144 3493 5189 et
3520 5136 3744 5189 nuditate.

2202 5220 2391 5276 Fames
2418 5223 2745 5278 necessitatis
2774 5230 2889 5291 est,
2918 5223 3177 5293 jejunium
3222 5226 3533 5283 voluntatis.
3577 5224 3749 5279 Prater

2198 5309 2293 5365 illa
2320 5326 2434 5381 qua:
2456 5313 2760 5366 extrinsecus
2784 5322 2921 5380 sunt,
2955 5314 3197 5367 instantia
3216 5330 3329 5368 mea
3353 5315 3662 5383 quotidiana.
3683 5316 3747 5369 Ac

2195 5401 2241 5454 si
2270 5400 2492 5468 diceret,
2534 5413 2725 5469 praeter
2767 5404 2855 5458 illa
2884 5419 3001 5474 qua:
3027 5404 3137 5473 jam
3167 5406 3361 5460 usitata
3405 5414 3552 5473 sunt,
3577 5416 3628 5462 et
3650 5406 3744 5475 ipa

2196 5494 2580 5549 consuetudine
2623 5495 2821 5549 leviora
2870 5502 3143 5565 putantur.
3193 5496 3505 5551 Sollicitudo
3544 5499 3745 5551 omnium

2198 5590 2568 5647 Ecclesiarum.
2613 5593 2861 5649 Ostendit
2900 5611 3018 5665 qua:
3045 5598 3114 5650 sit
3141 5595 3249 5651 illa.
3304 5596 3430 5661 Quis
3453 5596 3742 5665 inﬁrmatur.

2196 5685 2329 5742 Cum
2363 5686 2751 5744 infirmantibus
2793 5688 3194 5762 infirmor,eum
3224 5690 3574 5762 pereuntibus
3594 5691 3743 5761 perire
