3982 6352
177 241 278 294 581

954 237 1019 295 IN
1062 233 1444 295 EPISTOLAM
1486 233 1526 287 ll
1568 233 1657 288 AD
1696 233 2101 293 CORINTIIIOS
2138 234 2657 293 COMMENTARIA.

3321 233 3424 288 58%

177 365 268 406 mc
291 349 474 405 credo.
509 348 575 402 Et
600 366 691 420 ego
714 366 812 404 non
836 350 1110 419 inﬁrmor?
1140 351 1195 405 lu
1226 351 1348 406 ﬁde.
1385 349 1512 416 Quis
1540 349 1751 403 scanda-
1779 349 1829 410 Α
1856 350 1952 406 sed
1985 353 2153 421 magis
2173 352 2492 407 credendum
2516 361 2597 406 est
2621 350 2772 421 juges
2800 348 3182 406 tribulationes.
3213 350 3428 422 Propter

179 443 387 507 lisatur,
417 449 462 494 et
485 457 576 509 ego
605 457 704 495 non
730 443 889 496 uror?
919 441 1180 496 Tristitia.
1211 441 1272 497 Si
1292 441 1509 512 gloriari
1536 447 1751 509 oportet.

181 531 236 584 ln
267 531 350 586 his
383 531 427 584 si
456 531 641 585 volunt
664 531 913 600 gloriari,
945 533 999 587 in
1050 533 1132 587 his
1161 533 1456 602 glorientur
1483 532 1536 586 in
1563 531 1756 601 quibus

177 638 304 691 ego,
337 623 461 677 licet
489 631 734 688 coactus;
762 623 857 678 sed
881 624 1004 693 quia
1031 624 1143 678 haec
1170 639 1274 678 non
1301 622 1518 690 habent,
1545 624 1664 677 ideo
1689 622 1756 677 de

177 711 484 766 carnalibus
534 712 850 780 gloriantur.
899 713 1023 777 Quae
1076 713 1386 782 inﬁrmitatis
1439 727 1562 766 mea:
1614 721 1752 780 sunt,

177 802 459 870 gloriabor.
514 801 710 856 Omnes
759 802 1061 870 superiores
1113 803 1389 870 passiones
1435 801 1758 856 inﬁrmitatis

180 890 400 945 nomine
445 889 774 959 designavit,
816 890 956 959 quod
1019 891 1265 946 humana:
1315 891 1613 944 inﬁrmitati
1657 891 1756 946 ista

182 980 524 1046 prmvaleant.
558 979 695 1033 Deus
725 986 771 1032 et
802 979 960 1034 Pater
993 979 1198 1034 Domini
1228 982 1389 1035 nostri
1413 981 1538 1035 Jesu
1567 980 1759 1034 Christi

180 1071 298 1134 scit,
323 1071 410 1137 qui
451 1078 522 1123 est
550 1068 841 1122 benedictus
870 1070 923 1122 in
953 1069 1162 1135 swcula,
1197 1071 1333 1133 quod
1378 1085 1478 1123 non
1524 1069 1757 1124 mentior.

182 1158 320 1212 Rem
365 1157 516 1226 quasi
559 1155 831 1213 diflicilem
876 1157 1135 1225 dicturus,
1163 1158 1304 1228 quod
1356 1158 1524 1214 Judaei
1572 1167 1759 1214 contra

183 1261 307 1302 eum
350 1247 509 1301 etiam
561 1246 795 1316 gentium
843 1247 1115 1316 principes
1158 1255 1588 1312 concertassent,
1638 1257 1761 1302 ante

183 1339 281 1393 Dei
327 1339 686 1393 testimonium
736 1338 1006 1408 implorat,
1038 1356 1106 1394 ne
1152 1355 1291 1395 verae
1345 1339 1444 1394 hoc
1491 1339 1764 1408 iactantia:

186 1436 482 1495 putaretur,
508 1428 648 1497 quod
677 1428 962 1483 adversum
984 1444 1106 1483 eum
1131 1431 1292 1484 etiam
1322 1443 1480 1499 regna
1511 1443 1762 1483 surrexe-

186 1518 323 1581 rint,
356 1524 412 1570 et
441 1515 569 1569 nihil
613 1518 883 1584 potuerint
910 1516 1238 1586 praevalere;
1267 1517 1388 1571 ideo
1431 1525 1607 1572 autem
1649 1519 1762 1572 haec

186 1617 484 1673 enumerat,
505 1617 562 1662 ut
582 1609 829 1662 ostendat
854 1610 979 1678 quid
1004 1610 1216 1664 intersit
1243 1613 1379 1665 inter
1405 1627 1559 1666 veros
1580 1619 1634 1666 ct
1663 1611 1759 1666 fal-

1856 443 1994 512 quod
2018 451 2089 496 ter
2114 443 2381 497 Dominum
2409 443 2604 511 rogavi,
2640 454 2695 496 ut
2735 442 3005 496 discederet
3039 458 3069 495 a
3094 458 3194 499 me.
3227 443 3430 499 Intelli-

1856 531 2029 600 gimus
2071 535 2232 586 etiam
2262 544 2474 588 sanctos
2503 533 2768 587 contraria
2795 532 2968 601 aliqua
2990 533 3324 602 postulasse;
3357 533 3430 586 si-

1858 621 1967 675 mul
1987 630 2041 676 et
2058 622 2309 677 discimus
2327 623 2466 693 quod
2488 625 2781 693 importuna
2806 623 2990 693 petitio
3009 623 3092 676 vel
3113 637 3425 692 responsum

1860 721 2152 778 mereatur,
2173 713 2215 767 si
2239 729 2344 767 non
2366 723 2600 768 meretur
2621 714 2888 769 effectum.
2909 713 3039 766 Nam
3059 712 3269 780 quando
3287 713 3428 780 quod

1863 818 1970 857 non
1996 803 2233 870 expedit.
2267 819 2371 858 non
2403 806 2493 858 dat
2543 807 2701 872 Deus,
2750 813 2873 860 tunc
2905 803 3073 874 magis
3101 803 3334 858 exaudit.
3365 804 3429 856 Et

1859 893 1986 946 dixit
2004 893 2158 947 mihi:
2177 892 2374 964 Suﬂicit
2405 896 2492 948 tibi
2515 898 2681 966 gratia
2706 912 2818 949 mea
2836 911 2855 950 :
2880 911 2998 948 nam
3020 895 3178 948 virtus
3213 896 3267 948 in
3286 896 3431 954 inﬁr-

1859 987 2030 1040 mitate
2059 986 2340 1055 per/icitur.
2365 986 2530 1052 Quam
2575 988 2736 1042 habes
2758 1031 2771 1056 ,
2806 989 2919 1043 sive
2964 1003 3083 1056 quae
3121 996 3170 1041 te
3201 988 3392 1042 liberat
3413 1003 3428 1018 °

1860 1092 1976 1146 quae
1991 1077 2157 1131 virtus
2183 1079 2283 1132 nisi
2306 1077 2370 1132 ad
2397 1094 2552 1147 quam
2576 1081 2827 1148 pertinet,
2847 1095 2950 1133 non
2972 1079 3194 1133 extollit.
3223 1078 3289 1131 Et
3313 1080 3430 1147 quis

1860 1167 2062 1222 dubitat
2083 1167 2183 1222 hoc
2203 1168 2267 1222 ad
2289 1169 2549 1237 justitiam
2581 1173 2878 1236 pertinere?
2905 1173 3039 1227 hanc
3055 1174 3428 1243 perfectionem

1858 1257 2069 1311 virtutis
2096 1259 2277 1327 utique
2305 1259 2538 1313 nondum
2574 1259 2800 1315 habebat
2841 1263 3155 1331 Apostolus,
3198 1265 3428 1318 nondum

1860 1357 1976 1402 erat
2003 1349 2226 1417 aequalis
2257 1349 2458 1419 angelis
2484 1349 2574 1404 Dei
2604 1368 2615 1402 :
2647 1350 2739 1404 sed
2770 1350 2842 1404 ini
2860 1361 2941 1406 rat
2965 1354 3038 1406 illi
3063 1354 3348 1409 extollendi
3372 1369 3430 1408 se

1862 1438 2177 1505 inﬁrmitas,
2209 1453 2327 1508 quae
2379 1455 2474 1508 per
2502 1441 2747 1510 angelum
2789 1442 2949 1496 etiam
3001 1443 3210 1499 Satanae
3259 1445 3430 1500 fuerat

1863 1529 2300 1598 comprimenda,
2334 1546 2402 1585 ne
2451 1531 2836 1587 revelationum
2875 1535 3236 1602 magnitudine
3262 1539 3432 1589 extol-

1862 1617 2082 1673 leretur.
2114 1621 2293 1684 Quare
2322 1635 2417 1689 per
2436 1621 2682 1690 angelum
2705 1623 2949 1676 Satanae?
2975 1623 3106 1688 Quia
3130 1623 3431 1693 frequenter

186 1713 275 1752 sos
303 1699 594 1768 apostolos.
623 1697 866 1752 Damasci
895 1701 1198 1770 ρνωροεὶιιιδ
1219 1704 1384 1770 gentis
1407 1700 1607 1756 Arethw
1630 1703 1762 1774 regis
1792 1707 1838 1766 Β
1863 1718 1918 1763 et
1940 1709 2236 1764 antidotum
2263 1711 2424 1765 etiam
2448 1713 2514 1765 de
2537 1713 2870 1780 serpentibus
2898 1723 3080 1768 contra
3097 1728 3298 1768 venena
3325 1727 3432 1768 ser-

187 1790 504 1844 custodiebat
527 1791 798 1844 civitatem.
828 1791 1296 1847 Damascenorum.
1333 1792 1398 1846 Ut
1430 1810 1507 1846 me
1536 1811 1763 1865 compre-

189 1881 452 1948 henderet,
480 1889 528 1933 et
559 1896 647 1946 per
670 1882 941 1950 fenestram
985 1883 1038 1936 in
1065 1891 1238 1950 sporta
1263 1883 1506 1938 demissus
1533 1902 1646 1940 sum
1676 1901 1764 1955 per

188 1986 414 2034 murum,
443 1978 487 2023 et
536 1971 608 2023 sic
655 1971 811 2041 e/fugi
842 1988 1024 2025 manus
1063 1975 1194 2042 ejus.
1240 1973 1565 2044 Pra’positus
1592 1978 1765 2046 gentis

192 2060 499 2138 illiuserat,
531 2062 616 2114 cui
647 2063 905 2130 regnabat
928 2063 1152 2117 Aretba.

261 2167 388 2244 Car.
421 2184 514 2223 xu.
567 2169 627 2225 Si
668 2171 881 2240 gloriari
925 2181 1152 2241 oportet,
1181 2189 1282 2227 non
1311 2175 1512 2242 expedit
1540 2175 1762 2245 quidem.

189 2259 296 2314 Nec
318 2261 445 2314 mihi
470 2261 702 2329 expedit,
723 2264 846 2332 quia
871 2266 1188 2320 necessitate
1207 2267 1519 2335 compellor.
1553 2267 1765 2322 Veniant

187 2358 352 2401 autem
375 2350 444 2402 ad
471 2351 687 2404 visiones
711 2360 756 2404 et
775 2352 1101 2407 revelationes
1124 2354 1352 2409 Domini.
1381 2357 1457 2409 Ac
1477 2357 1518 2410 si
1540 2357 1759 2423 diceret,

181 2437 535 2494 inﬁrmitates
563 2453 694 2493 meae
717 2448 862 2506 sunt,
892 2442 1126 2508 visiones
1152 2453 1328 2498 autem
1358 2460 1462 2498 non
1494 2462 1646 2512 meai,
1669 2447 1764 2501 sed

192 2527 421 2581 Domini.
443 2527 565 2582 Scio
587 2528 837 2584 hominem
865 2531 917 2584 in
944 2530 1168 2587 Christo.
1193 2533 1316 2589 Sive
1339 2534 1404 2589 de
1430 2549 1487 2590 se
1515 2536 1678 2602 dicat,
1714 2545 1766 2590 et

188 2633 349 2673 causa
375 2616 866 2692 ltumilitatis'quasi
893 2623 960 2677 de
990 2623 1095 2678 alio
1127 2625 1390 2694 loquatur,
1416 2629 1525 2680 sive
1551 2642 1676 2681 vere
1699 2628 1766 2682 de

188 2715 314 2778 alio,
334 2720 619 2784 utrumque
642 2725 785 2771 stare
809 2726 1002 2786 potest.
1034 2720 1161 2772 Ante
1179 2736 1340 2772 annos
1363 2723 1764 2788 quatuordecim,

187 2803 288 2854 sive
315 2805 368 2855 in
397 2819 628 2872 corpore,
660 2807 854 2870 nescio,
887 2807 990 2860 sive
1030 2816 1172 2861 extra
1201 2824 1385 2876 corpus
1409 2811 1597 2874 nescio,
1631 2810 1765 2864 Deus

187 2895 303 2958 scit,
337 2903 543 2962 raptum
587 2895 884 2967 hujusmodi
922 2913 1078 2966 usque
1116 2898 1181 2950 ad
1218 2900 1421 2950 tertium
1449 2902 1650 2952 caelum.
1681 2898 1768 2953 In-

187 2993 341 3040 tuere
383 2997 577 3054 quanta
626 2987 916 3042 necessitas
946 2989 994 3042 ei
1027 2989 1298 3044 incumbat
1341 3001 1398 3045 ut
1445 2992 1583 3061 quod
1630 3008 1765 3061 qua-

1861 1808 2076 1870 pentum
2106 1801 2410 1855 conﬁcitur.
2438 1800 2575 1866 Quid
2600 1809 2681 1855 est
2708 1816 2832 1871 ergo
2864 1819 2876 1853 :
2909 1803 3113 1858 Sufﬁcit
3143 1803 3233 1855 tibi
3265 1804 3431 1870 gratia

1862 1906 1977 1946 mea
1997 1932 2011 1958 ,
2042 1892 2174 1959 nisi,
2207 1908 2274 1947 ne
2303 1893 2598 1949 deﬁciendo
2627 1898 2940 1949 succumbas
2969 1899 3067 1950 sub
3094 1897 3318 1966 colapho
3340 1913 3432 1952 an-

1863 1985 1967 2054 geli
1990 1985 2233 2040 Satanas‘?
2263 1987 2329 2042 Et
2356 1987 2482 2056 quid
2512 1998 2624 2043 est:
2656 1989 2836 2043 Virtus
2858 1990 2906 2041 in
2935 1991 3244 2044 inﬁrmitate
3270 1995 3432 2061 perﬁ-

1864 2076 2029 2140 citur,
2063 2077 2162 2130 nisi
2208 2078 2331 2147 quia
2379 2080 2430 2132 in
2483 2079 2586 2133 isto
2640 2078 2757 2133 loco
2808 2080 3128 2135 inﬁrmitatis
3174 2081 3430 2136 hactenus

1866 2165 2120 2234 perfectio
2170 2175 2344 2235 potest
2393 2183 2512 2223 esse
2558 2167 2800 2235 virtutis,
2849 2181 2908 2224 ut
2951 2171 3063 2239 ipsa
3114 2171 3430 2226 llﬁrmitate

1865 2267 2128 2325 praesente
2157 2259 2314 2314 elatio
2339 2260 2692 2327 reprimatur,
2720 2269 2777 2314 ut
2818 2262 2885 2316 ad
2911 2261 3028 2332 ejus
3050 2263 3428 2331 perfectionem

1866 2350 2158 2416 pertineat,
2191 2352 2353 2404 etiam
2399 2350 2565 2419 ipsius
2595 2352 3009 2421 imperfectionis
3041 2363 3094 2408 et
3125 2354 3176 2407 in
3207 2355 3432 2408 veritate

1864 2439 2098 2508 cognitio
2119 2479 2134 2505 ,
2165 2447 2219 2494 et
2246 2439 2300 2494 in
2349 2440 2649 2496 humilitate
2689 2442 2998 2497 confessio?
3021 2443 3254 2498 Libenter
3278 2448 3433 2515 igitur

1865 2527 2124 2599 gloriabor
2151 2530 2535 2598 inﬁrmitatibus
2569 2533 2716 2584 meis.
2747 2531 3035 2600 Postquam
3064 2535 3285 2601 cognovi
3314 2551 3435 2604 pro-

1870 2623 2025 2678 desse
2060 2624 2198 2692 quod
2249 2638 2440 2678 nocere
2481 2625 2750 2691 putabam.
2787 2623 2853 2679 Ut
2890 2625 3132 2679 inhabitet
3158 2629 3208 2680 in
3235 2645 3310 2681 me
3336 2630 3437 2681 vir-

1867 2722 1946 2767 tus
1969 2714 2185 2768 Christi.
2211 2713 2324 2768 Non
2361 2714 2412 2768 in
2439 2719 2691 2782 potentia.
2724 2713 2938 2786 Pr0pter
2958 2718 3092 2782 quod
3115 2719 3291 2787 placeo
3312 2722 3437 2773 mihi

1866 2805 1920 2857 in
1946 2805 2323 2872 inﬁrmitatibus
2340 2848 2353 2870 ,
2376 2807 2430 2859 in
2452 2807 2793 2860 contumeliis.
2819 2807 2931 2861 Non
2955 2809 3006 2862 in
3037 2810 3344 2865 honoribus.
3370 2811 3436 2865 In

1868 2896 2268 2950 necessitatibus.
2301 2896 2413 2951 Non
2445 2898 2499 2951 in
2531 2898 2660 2952 Otio.
2692 2896 2757 2951 In
2779 2900 3224 2965 persecuiionibus.
3248 2902 3361 2956 Non
3384 2903 3435 2956 in

1868 2986 2299 3041 salutationibus.
2356 2985 2422 3041 In
2469 2989 2739 3056 angustiis.
2790 2987 2904 3043 Non
2962 2990 3014 3044 in
3065 2991 3283 3045 divitiis.
3334 2991 3442 3046 Pro

187 3078 483 3132 tuordecim
515 3079 671 3133 annis
700 3080 1004 3148 celaverat,
1039 3082 1378 3149 postmodum
1423 3083 1648 3151 prodere
1674 3099 1765 3138 co-
1790 3067 1837 3129 C
1870 3074 2090 3131 Christo.
2135 3077 2248 3132 Non
2282 3093 2378 3146 pro
2423 3079 2643 3132 avaritia
2666 3118 2681 3138 .
2730 3078 2813 3132 vel
2843 3095 2941 3148 pro
2980 3081 3158 3148 aliquo
3186 3083 3440 3144 crimine.

182 3173 427 3234 geretur.
471 3166 539 3220 Et
583 3169 688 3222 scio
720 3170 1012 3240 hujusmodi
1043 3170 1297 3222 hominem
1324 3173 1426 3223 sive
1456 3172 1506 3223 in
1536 3188 1765 3240 corpore,

182 3256 292 3315 sive
320 3266 463 3308 extra
508 3272 723 3324 corpus,
749 3259 951 3323 nescio,
986 3257 1122 3312 Deus
1155 3259 1284 3323 scit;
1315 3260 1553 3328 quoniam
1593 3269 1769 3330 raptus

183 3347 343 3398 estin
372 3347 688 3415 paradisum.
739 3349 889 3413 Quod
933 3350 1124 3403 iterum
1157 3352 1370 3419 repetit,
1403 3351 1517 3406 sive
1556 3356 1608 3406 itt
1650 3367 1770 3407 cor-

184 3455 343 3507 pore,
389 3442 502 3495 sive
547 3449 698 3496 extra
745 3456 960 3510 corpus,
1011 3443 1222 3508 nescio,
1265 3443 1500 3497 ostendit
1548 3444 1765 3498 altersm

185 3528 356 3582 fuisse
387 3529 670 3585 visionem.
703 3530 769 3583 Et
792 3533 988 3585 audivit
1007 3549 1196 3586 arcana
1224 3533 1391 3586 verba.
1423 3535 1766 3588 Abscondita.

187 3619 324 3682 Qua:
355 3637 454 3673 non
500 3623 614 3674 licet
644 3623 833 3677 homini
862 3624 1023 3694 loqui.
1065 3625 1192 3680 Sive
1235 3641 1352 3694 qua:
1393 3626 1520 3680 nulli
1568 3628 1770 3682 homini

187 3710 276 3762 fas
306 3721 386 3763 est
414 3711 539 3778 diei,
573 3715 687 3768 sive
716 3731 834 3783 quae
865 3715 1192 3784 impossibile
1220 3726 1302 3771 est
1331 3718 1614 3773 humanam
1647 3735 1770 3774 nar-

188 3812 317 3854 rare
350 3809 611 3855 naturam.
647 3801 752 3857 Pro
786 3804 1038 3872 ejusmodi
1065 3805 1341 3874 gloriabor,
1373 3824 1463 3877 pro
1499 3824 1576 3862 me
1603 3819 1772 3863 autem

192 3893 331 3944 nihil
364 3895 637 3962 g'oriubor,
693 3896 791 3948 nisi
828 3896 881 3948 in
927 3897 1310 3964 inﬁrmitatibus
1343 3901 1486 3954 meis.
1517 3901 1643 3954 Sive
1672 3917 1766 3970 pro

189 3982 458 4050 I'jtlSlllOlii
489 3985 714 4048 visione,
746 3985 859 4039 sive
891 4001 986 4054 pro
1014 3987 1271 4054 ejusmodi
1302 3989 1532 4045 homine.
1561 3992 1660 4045 Pro
1684 4009 1769 4047 me

190 4086 373 4126 autem
403 4074 554 4141 nihil,
581 4074 696 4128 sive
719 4090 814 4143 pro
845 4090 960 4128 mca
986 4076 1202 4144 virtute,
1234 4079 1354 4147 quia
1388 4095 1492 4132 non
1522 4088 1606 4134 est
1632 4096 1770 4148 mea,

190 4167 292 4218 sed
328 4165 532 4219 Domini
559 4166 833 4221 revelatio.
867 4165 1008 4221 Nam
1036 4177 1081 4221 et
1108 4168 1151 4221 si
1175 4168 1380 4222 voluero
1410 4170 1638 4239 gloriari,
1672 4187 1771 4223 non

191 4271 284 4308 ero
329 4255 607 4320 insipiens,
655 4256 916 4309 veritatem
967 4258 1101 4309 enim
1143 4257 1330 4312 dicam.
1399 4259 1496 4312 llic
1561 4259 1771 4313 videtur

195 4346 517 4411 Ostendcre,
567 4348 706 4415 quod
755 4348 906 4412 quasi
955 4347 1022 4400 do
1081 4348 1188 4401 alio
1230 4349 1402 4412 dicat,
1446 4365 1565 4403 cum
1616 4352 1770 4414 dicit,

196 4440 362 4491 etiam
409 4452 468 4489 se
519 4438 714 4488 habere
770 4435 910 4488 unde
949 4435 1192 4503 gloriari,
1239 4438 1334 4491 sed
1386 4438 1551 4492 nolle.
1604 4439 1776 4493 Pareo

199 4536 392 4587 autem,
423 4542 484 4576 ne
529 4525 643 4594 quis
691 4541 768 4580 me
812 4527 1078 4580 existimet.
1127 4529 1262 4582 Sunt
1305 4538 1358 4583 et
1399 4530 1605 4584 occulta
1657 4547 1775 4600 quas

203 4615 404 4686 possim
437 4618 488 4670 in
520 4615 740 4670 veritate
775 4617 1044 4686 proferre,
1075 4618 1167 4673 sed
1218 4634 1407 4687 parco,
1457 4622 1508 4675 id
1557 4633 1639 4677 est
1669 4638 1771 4677 non

203 4710 362 4762 facio.
388 4708 560 4779 Supra
587 4708 639 4760 id
667 4710 800 4776 quod
820 4709 952 4762 videt
973 4711 1026 4762 in
1050 4727 1146 4766 me.
1171 4711 1451 4767 Sufﬁciunt
1473 4714 1774 4780 manifesta,

204 4801 414 4853 etiamsi
446 4799 683 4853 celentur
703 4799 929 4854 occulta.
955 4803 1055 4854 Aut
1080 4802 1223 4855 audit
1250 4819 1312 4856 ex
1336 4820 1413 4857 me
1457 4804 1674 4874 aliquid.
1704 4806 1777 4860 De

206 4892 288 4945 his
313 4907 395 4944 me
427 4900 628 4943 tantum
653 4892 877 4945 aestimet
903 4896 1264 4962 unusquisque
1291 4912 1409 4964 qua:
1431 4897 1646 4952 videtin
1671 4915 1778 4964 me,

205 4992 298 5035 aut
331 4982 475 5035 audit
511 4997 578 5035 ex
608 4997 711 5036 me.
746 4981 812 5035 Et
839 5000 899 5036 ne
921 4986 1214 5054 magnitudo
1234 4988 1598 5043 revelationum
1618 4994 1780 5045 extol-

209 5075 280 5127 lat
312 5091 404 5138 me,
447 5074 594 5126 datus
638 5082 709 5126 est
759 5075 884 5126 mihi
931 5076 1165 5129 stimulus
1193 5079 1360 5130 carnis
1403 5095 1524 5132 nteit
1570 5083 1779 5151 angelus

213 5167 440 5220 Sutanw.
467 5167 671 5229 Quanta
693 5173 817 5218 sunt
863 5180 982 5233 qua:
1009 5167 1158 5220 celo!
1187 5177 1242 5221 ut
1266 5169 1457 5222 merito
1489 5170 1614 5224 mihi
1636 5183 1779 5226 esset

216 5254 457 5307 Stimulus
485 5254 814 5307 necessarius
843 5254 932 5322 qui
979 5269 1064 5309 me
1095 5256 1360 5310 hominem
1399 5272 1518 5312 esse
1545 5275 1779 5315 commc-

214 5352 402 5397 moret.
439 5340 504 5397 Ut
531 5359 610 5396 me
637 5344 939 5415 colaphizet.
972 5344 1350 5415 Colaphizabat
1379 5363 1498 5402 eum
1522 5348 1774 5418 Satanas,

211 5445 301 5489 aut
330 5435 697 5489 tribulationes
726 5437 1054 5503 suscitando,
1085 5445 1178 5491 aut
1209 5437 1491 5492 inferendo
1523 5440 1738 5496 dolores
1764 5460 1776 5496 :

213 5529 425 5597 quidam
451 5530 591 5582 enim
623 5529 806 5582 dicunt
831 5545 952 5584 eum
983 5530 1248 5601 frequenti
1272 5531 1455 5586 dolore
1484 5534 1675 5602 capitis
1707 5536 1780 5589 la-

216 5621 448 5673 borasse.
483 5619 582 5673 Alii
612 5620 793 5675 dicunt
842 5621 1144 5678 titillatione
1189 5623 1362 5679 carnis
1409 5624 1774 5692 stimulatum;

1870 3167 2005 3222 sicut
2030 3177 2083 3221 et
2105 3168 2350 3221 Salvator
2369 3167 2436 3219 ait
2456 3207 2473 3233 ,
2501 3177 2557 3220 ut
2588 3167 2700 3220 sola
2731 3168 3129 3237 causajustitim
3161 3170 3441 3236 patiamur.

1871 3255 1998 3308 Cum
2027 3256 2158 3309 enim
2192 3257 2443 3325 infirmor,
2467 3267 2588 3309 tunc
2611 3263 2786 3325 potens
2807 3272 2938 3309 sunt.
2966 3257 3189 3311 Maxima
3213 3259 3444 3326 potentia

1875 3356 1957 3400 est
1988 3345 2246 3399 inﬁrmari
2295 3361 2391 3415 pro
2430 3343 2663 3398 Chri-to.
2706 3341 2897 3398 Factus
2926 3361 3036 3398 sum
3066 3346 3330 3412 insipiens,
3359 3363 3447 3402 vos

1870 3452 1949 3489 me
1971 3437 2239 3504 coegistis:
2263 3451 2355 3505 ego
2381 3437 2512 3488 enim
2537 3435 2684 3488 debui
2713 3451 2744 3488 α
2771 3435 2908 3487 vobis
2931 3436 3292 3489 commendari.
3318 3435 3449 3491 Insi-

1872 3529 2066 3599 pientis
2092 3537 2178 3583 est
2204 3542 2332 3582 suos
2362 3542 2582 3583 narrare
2613 3528 2821 3582 labores
2841 3568 2854 3592 ,
2885 3539 2937 3582 et
2977 3528 3214 3598 proprias
3248 3531 3449 3596 jactare

1875 3623 2122 3675 virtutes.
2155 3618 2258 3674 Sed
2288 3619 2390 3672 hoc
2415 3633 2511 3672 vos
2540 3619 2821 3688 coegistis,
2847 3619 2933 3686 qui
2963 3633 3084 3672 cum
3115 3620 3230 3672 aliis
3257 3620 3323 3672 de
3366 3635 3451 3673 me

1870 3711 2181 3768 satisfacere
2228 3708 2582 3776 debuissetis,
2626 3710 2748 3778 quia
2803 3710 2935 3764 nihil
2982 3709 3158 3764 minus
3196 3709 3388 3764 fuerim
3419 3726 3450 3762 a

1872 3807 2079 3876 magnis
2127 3804 2421 3873 apostolis,
2472 3807 2631 3858 modo
2682 3805 2874 3859 iterum
2919 3819 3056 3874 opus
3107 3803 3345 3870 habetis,
3392 3816 3449 3859 ut

1872 3900 2024 3954 vobis
2047 3912 2146 3953 nos
2185 3898 2285 3967 ipsi
2315 3897 2774 3952 commendemus.
2807 3897 2958 3951 Nihil
2987 3899 3116 3951 enim
3146 3903 3312 3951 m'nus
3351 3899 3449 3967 feci

1875 3993 1936 4044 ab
1966 3990 2045 4044 his
2071 3991 2158 4059 qui
2187 3999 2300 4042 sunt
2337 4005 2490 4059 supra
2529 3990 2734 4042 modum
2766 3990 3004 4052 apostoli.
3037 3989 3245 4056 Quanto
3282 3992 3452 4059 magis

1877 4081 2024 4135 istis!
2055 4079 2280 4132 Tametsi
2307 4080 2439 4132 nihil
2460 4095 2600 4143 sum,
2641 4079 2788 4148 signa
2819 4089 2981 4130 tamen
3011 4082 3325 4143 apostolatus
3356 4080 3454 4131 mei

1877 4176 2015 4241 facta
2033 4180 2152 4224 sunt
2177 4186 2328 4238 super
2347 4185 2430 4221 vos
2456 4169 2508 4221 in
2531 4169 2666 4221 omni
2694 4169 2937 4234 patientia
2980 4169 3030 4218 in
3059 4169 3245 4237 signis,
3265 4178 3313 4220 et
3335 4184 3456 4234 pro-

1878 4261 2030 4330 digiis
2047 4299 2062 4323 ,
2085 4269 2131 4312 et
2155 4258 2441 4311 virtutibus.
2464 4258 2574 4325 Ego
2591 4256 2804 4324 quidem
2834 4255 2960 4307 nihil
2983 4271 3098 4307 sum
3123 4258 3246 4321 quia
3270 4256 3452 4320 homo,

1881 4351 1974 4403 sed
2007 4349 2340 4416 apostolatus
2373 4360 2466 4398 sua
2497 4346 2647 4412 signa
2675 4344 2906 4399 ostendit
2939 4349 2987 4396 in
3013 4343 3164 4396 vobis
3185 4384 3198 4408 ,
3231 4343 3329 4397 hoc
3351 4353 3456 4409 est,

1806 4420 1861 4480 Π
1888 4436 2176 4506 potentiam
2205 4434 2414 4488 virtutis
2437 4445 2596 4502 atque
2624 4432 2882 4501 prodigia.
2913 4432 3049 4498 Quid
3072 4445 3144 4486 est
3168 4434 3298 4485 enim
3319 4433 3456 4503 quod

1884 4529 2051 4583 minus
2079 4527 2320 4580 habuistis
2342 4541 2448 4596 pra:
2471 4527 2663 4578 ctcteris
2683 4524 2942 4577 Ecclesiis.
2962 4525 3162 4592 Quibus
3194 4525 3283 4578 alii
3323 4540 3455 4593 apo-

1885 4620 2004 4675 stoli
2028 4619 2470 4687 prtedicaverunt.
2496 4615 2544 4668 N
2551 4616 2759 4682 isiquod
2769 4633 2857 4685 ego
2877 4618 2984 4687 ipse
3010 4633 3107 4669 non
3125 4619 3325 4686 gravavi
3345 4619 3459 4672 vos?

1886 4714 2021 4777 Quia
2051 4709 2178 4763 nihil
2210 4724 2238 4761 a
2269 4709 2416 4762 vobis
2441 4708 2640 4776 accepi.
2669 4707 2866 4760 Donate
2888 4708 3010 4760 mihi
3035 4713 3165 4761 hanc
3185 4711 3454 4780 injuriam.

1888 4803 1942 4857 Si
1977 4802 2075 4855 hoc
2107 4800 2358 4870 injuriam
2407 4814 2527 4853 esse
2574 4798 2792 4866 putatis,
2826 4799 3101 4867 ignoscite.
3136 4796 3271 4852 Ecce
3310 4803 3456 4853 tertio

1887 4893 1982 4947 hoc
2008 4902 2219 4961 paratus
2245 4909 2360 4945 sum
2381 4893 2548 4944 venire
2574 4893 2639 4942 ad
2661 4907 2743 4943 vos
2762 4935 2775 4957 ,
2800 4901 2844 4943 et
2867 4906 2966 4943 non
2987 4905 3072 4943 ero
3095 4891 3260 4959 gravis
3285 4889 3425 4943 vobis
3446 4909 3463 4944 :

1885 5001 1986 5038 non
2031 4984 2163 5036 enim
2206 4999 2375 5052 quaero
2425 4998 2536 5050 qua:
2569 4991 2732 5035 vestra
2761 4993 2907 5046 sunt,
2937 4982 3024 5035 scd
3052 4997 3156 5037 vos.
3187 4981 3296 5034 Nec
3325 4985 3460 5034 enim

1884 5077 2061 5130 debent
2090 5075 2187 5143 ﬁlii
2233 5074 2524 5142 parentibus
2554 5076 2913 5128 thesaurizare.
2959 5073 3193 5128 Salutem
3225 5081 3456 5127 vestram

1886 5183 2104 5238 qumro,
2153 5183 2256 5222 non
2285 5183 2528 5222 munera.
2561 5167 2665 5220 Sed
2715 5175 2942 5234 parentes
2971 5165 3114 5232 filiis.
3149 5165 3260 5235 Ego
3291 5169 3462 5234 magis

1892 5259 2041 5314 vobis
2072 5259 2242 5312 debeo
2269 5259 2396 5312 dare
2426 5258 2566 5328 quod
2592 5257 2783 5311 habeo.
2815 5255 2924 5326 Ego
2946 5264 3112 5309 autem
3136 5254 3462 5309 libentissime

1887 5353 2194 5425 impendam.
2222 5353 2276 5407 Si
2305 5353 2429 5422 quid
2463 5351 2652 5406 habeo.
2682 5351 2745 5406 Et
2771 5351 3191 5422 superimpendar
3229 5353 3337 5422 ipse
3362 5367 3461 5422 pro

1888 5443 2152 5496 animabus
2171 5445 2364 5498 vestris.
2397 5442 2534 5497 Licet
2555 5444 2672 5510 plus
2696 5458 2781 5495 vos
2803 5443 3036 5510 diligens,
3065 5443 3228 5496 minus
3249 5444 3452 5514 diligor.

1889 5535 2040 5602 Quod
2066 5535 2234 5590 habeo
2263 5537 2445 5590 labore
2472 5537 2752 5606 impendo,
2783 5545 2837 5590 et
2883 5537 2993 5604 ipse
3022 5538 3456 5607 superimponitur

1893 5641 1985 5693 pro
2036 5630 2227 5681 vestris
2274 5630 2550 5683 animabus
2586 5654 2598 5688 :
2634 5634 2860 5704 perlecta
2911 5635 3051 5689 enim
3093 5634 3301 5687 dilectio
3357 5649 3458 5687 non
