3982 6352
516 249 618 304 383

1624 242 1924 300 PRIMASII
1961 237 2415 298 ADRUMETANI
2457 237 2668 296 EPISC.

3689 237 3814 292 581

511 369 686 424 solum
718 375 884 423 totum
925 368 1089 438 gratis
1133 363 1390 437 impendit
1415 363 1556 434 quod
1598 362 1778 426 habet,
1811 362 1904 416 sed
1929 361 2086 416 etiam
2117 367 2162 419 Α
2192 367 2296 423 est,
2320 356 2460 427 quod
2481 353 2920 422 vivit,suum.Ez
2941 354 3256 424 inﬁrmitate.
3277 355 3530 410 "uman
3551 365 3806 410 natura.

511 458 628 527 ipsa
661 458 890 512 libenter
921 457 1263 527 impenditur.
1295 455 1396 510 Ubi
1425 468 1648 509 necesse
1679 462 1782 508 est.
1814 453 1919 508 Sed
1953 463 2086 516 esto,

513 566 606 620 ego
621 567 704 604 res
717 567 813 606 non
828 551 1048 620 gravavi.
1058 548 1155 604 Per
1167 548 1343 602 omnia
1355 561 1414 600 se
1430 555 1618 613 purgat
1630 545 1864 612 ipsorum
1879 559 1988 598 sem
1998 558 2091 612 per

515 642 897 700 conscientiam
931 642 1292 705 interrogans,
1342 635 1502 688 simul
1529 644 1582 688 et
1607 633 1873 702 quomodo
1895 633 1961 686 ab
1985 633 2090 686 ill‘s

515 743 739 788 caveant
766 737 1086 786 monstrans.
1114 728 1220 783 Sed
1247 743 1360 781 cum
1405 743 1564 780 essent
1600 735 1795 780 astutus
1815 768 1829 791 ,
1858 726 1977 779 dolo
2006 742 2090 779 vos

513 825 643 894 cepi.
672 822 918 890 Nunquid
947 837 1034 891 per
1078 820 1298 888 aliquem
1353 835 1528 872 eorum
1556 833 1680 886 quos
1709 818 1824 869 misi
1864 817 1930 870 ad
1971 831 2087 881 vos,

507 915 818 970 circumveni
847 913 968 966 vos?
1009 911 1208 980 Rogavi
1261 909 1455 977 Titum,
1485 917 1534 962 et
1579 910 1694 962 misi
1721 924 1836 962 cum
1866 910 1954 961 illo
1986 909 2091 978 fra-

510 1017 658 1060 trem.
691 1004 870 1057 Forte.
901 998 1150 1068 Nunquid
1175 999 1318 1052 Titus
1341 1015 1426 1052 vos
1457 1000 1821 1052 circumvenit?
1847 998 1961 1053 Non
1989 998 2092 1052 uti-

517 1112 638 1167 que,
673 1110 797 1148 non.
828 1092 1010 1146 Nonne
1033 1093 1205 1146 eodem
1221 1092 1407 1158 spiritu
1431 1089 1828 1144 ambularimus?
1848 1088 2090 1156 Nunquid

518 1187 636 1240 tulit
671 1185 822 1238 vobis
852 1181 1053 1250 aliquid
1084 1180 1226 1250 quod
1257 1180 1386 1234 mihi
1416 1179 1656 1244 afferret,
1688 1190 1778 1233 aut
1812 1181 1967 1233 aliter
1992 1180 2089 1233 do-

515 1276 624 1332 cuit
651 1291 808 1346 quam
840 1290 924 1329 me
954 1275 1148 1328 docere
1178 1271 1400 1326 videtis?
1427 1270 1612 1324 Nonne
1633 1273 1811 1323 iisdem
1839 1271 2093 1341 vestigiis?

519 1367 654 1422 Olim
694 1367 880 1435 putatis
914 1365 1048 1433 quod
1096 1379 1388 1418 excusemus
1436 1379 1526 1416 nos
1555 1362 1692 1432 apud
1719 1379 1823 1416 vos.
1853 1362 1969 1417 Non
1990 1402 2004 1428 ,
2038 1373 2094 1417 ut

519 1460 766 1529 superius
792 1458 936 1522 dixi,
961 1466 1018 1510 ut
1044 1455 1196 1510 vobis
1221 1455 1542 1524 placeamus,
1569 1453 1682 1508 huic
1708 1454 1969 1508 dicimus:
1999 1453 2090 1508 sed

518 1568 588 1608 ne
633 1552 808 1618 nobis,
843 1567 963 1604 cum
994 1549 1296 1604 venerimus
1319 1588 1335 1614 ,
1369 1562 1587 1601 necesse
1615 1549 1680 1601 sit
1715 1547 1892 1601 acrius
1922 1547 2095 1601 vindi-

517 1661 662 1702 care.
693 1645 880 1697 Coram
927 1641 1032 1696 Deo
1073 1642 1124 1693 in
1167 1641 1366 1694 Christo
1397 1633 1670 1708 loquimur,
1703 1641 1872 1692 omnia
1899 1649 2088 1706 autent,

2194 449 2297 503 Sed
2320 449 2436 500 vivit
2466 463 2529 502 ex
2552 449 2733 501 virtute
2771 446 2867 499 Dei
2895 462 2914 498 :
2954 463 3072 499 nam
3101 455 3148 500 et
3176 463 3266 499 nos
3303 448 3493 516 inﬁrmi
3521 465 3715 500 sumus
3746 451 3808 499 ita

2189 539 2303 592 illo.
2337 538 2443 594 Sed
2471 548 2524 592 et
2568 553 2665 592 nos
2697 539 2747 591 in
2781 539 3025 606 praesenti
3054 537 3266 607 quidem
3305 540 3669 604 inﬁrmamur,
3701 540 3808 594 sed

2192 633 2245 686 in
2279 633 2452 686 futuro
2477 647 2598 686 cum
2631 632 2742 697 illo,
2773 646 2878 686 non
2913 632 2964 685 in
2991 641 3193 696 nostra,
3233 632 3325 686 sed
3359 632 3447 685 Dei
3475 633 3686 685 virtute
3723 633 3809 684 vi-

2190 736 2397 777 vemus.
2427 721 2532 776 Sed
2556 723 2774 774 vivemus
2798 737 2912 774 cum
2935 737 3015 787 eo,
3046 738 3112 774 ea:
3131 721 3312 774 virtute
3336 720 3429 774 Dei
3449 723 3501 775 in
3526 723 3710 776 nobis.
3742 722 3804 777 Si

2190 827 2288 867 nos
2316 813 2731 881 provocaveritis
2753 812 3015 877 inﬁrmos,
3040 813 3322 867 invenietis
3345 828 3440 867 nos
3457 815 3647 869 vivere
3668 829 3805 868 cum

2190 905 2405 960 Christo
2434 906 2486 959 in
2516 906 2711 958 virtute
2742 905 2869 970 Dei,
2901 919 3022 959 cum
3056 906 3108 959 in
3137 920 3232 960 vos
3257 905 3530 960 vindicare
3552 907 3802 976 casperi-

2191 1013 2327 1050 mus.
2360 996 2702 1064 Vosmetipsos
2733 1004 2937 1059 tentate,
2965 996 3009 1048 si
3031 996 3149 1049 estis
3180 996 3234 1048 in
3261 997 3401 1065 ﬁde:
3431 998 3530 1066 ipsi
3554 1013 3646 1050 vos
3673 1013 3805 1064 pro-

2193 1087 2326 1156 bate.
2354 1087 2410 1143 Si
2452 1089 2581 1142 estis
2610 1090 2664 1142 in
2695 1087 2819 1154 fide,
2851 1102 2916 1142 ex
2959 1087 3113 1142 vobis
3141 1101 3237 1141 nos
3275 1089 3615 1156 cognoscite,
3667 1087 3802 1141 date

2191 1181 2512 1234 sententiam
2544 1180 2597 1234 in
2621 1189 2904 1249 peccante,
2929 1189 2983 1236 et
3010 1179 3184 1236 videte
3212 1181 3256 1234 si
3287 1196 3388 1234 non
3416 1181 3596 1235 statim
3623 1181 3801 1237 verbo

2192 1271 2419 1326 vindicta
2447 1273 2703 1340 procedit.
2736 1274 2919 1326 Annon
2957 1273 3260 1341 cognoscitis
3287 1274 3642 1340 vosmetipsos,
3670 1276 3798 1341 quia

2191 1359 2423 1413 Christus
2449 1359 2601 1413 Jesus
2632 1361 2684 1413 in
2719 1361 2856 1413 vobis
2883 1369 2977 1425 est,
3009 1361 3107 1414 nisi
3133 1365 3264 1431 forte
3295 1361 3492 1431 reprobi
3524 1365 3675 1416 estis.
3714 1365 3796 1417 An

2196 1452 2415 1506 nescitis
2444 1452 2568 1520 quia
2600 1450 2843 1505 Christus
2888 1451 2979 1506 Dei
3017 1452 3183 1506 virtus
3213 1452 3265 1506 in
3295 1451 3445 1506 vobis
3474 1453 3592 1507 est?
3625 1455 3676 1507 si
3713 1467 3795 1507 ta-

2196 1557 2316 1596 men
2346 1557 2451 1594 nou
2480 1543 2608 1595 estis
2639 1542 2874 1610 reprobi,
2920 1541 3020 1597 hoc
3041 1551 3124 1597 est
3149 1545 3193 1597 si
3229 1557 3334 1597 non
3378 1542 3666 1613 dereliquit
3699 1559 3796 1612 per

2196 1633 2568 1702 negligentiam
2595 1641 2846 1686 vestram.
2880 1631 3046 1700 Spero
3087 1644 3256 1686 autem
3301 1635 3438 1705 quod
3472 1637 3792 1704 cognoscetis

520 1733 824 1792 charissimi,
841 1742 1043 1802 prapter
1066 1737 1278 1782 vestram
1301 1727 1886 1795 azdiftcutionem.Quam
1909 1728 2092 1782 fallere
2123 1731 2170 1788 B
2196 1727 2313 1794 quia
2339 1741 2431 1778 nos
2461 1741 2561 1777 non
2589 1741 2763 1778 sumus
2787 1726 3008 1795 reprobi.
3042 1726 3212 1792 Spero
3242 1742 3341 1781 nos
3366 1742 3619 1782 sensuros
3652 1745 3790 1798 quo-

520 1821 846 1893 impossibile
875 1827 977 1874 est.
1009 1819 1180 1872 Timeo
1211 1819 1345 1871 enim
1375 1834 1434 1870 ne
1465 1818 1593 1886 forte
1621 1834 1736 1870 cum
1757 1833 1967 1884 venero,
1994 1835 2095 1872 non

521 1914 696 1984 quales
719 1913 828 1965 volo
853 1910 1108 1964 inveniam
1127 1926 1210 1962 vos
1227 1949 1241 1974 ,
1266 1917 1313 1962 et
1335 1925 1426 1979 ego
1448 1909 1671 1961 inveniar
1691 1925 1721 1960 a
1743 1909 1878 1962 vobis
1897 1914 2097 1978 qualem

523 2019 624 2058 non
650 2003 823 2058 vultis.
857 2001 912 2056 Si
943 2016 1038 2055 vos
1067 2015 1173 2053 non
1198 1997 1668 2066 invenerojustos,
1692 2008 1746 2052 et
1767 2013 1866 2069 ego
1886 2015 1914 2051 a
1947 1999 2097 2055 vobis

525 2110 744 2154 severus
784 2094 1045 2149 inveniar.
1098 2091 1483 2147 Blandimentis
1532 2091 1750 2146 minime
1795 2092 1980 2145 utitur.
2016 2091 2098 2146 Ne

524 2191 654 2259 forte
677 2185 1042 2248 conlctiones,
1093 2184 1443 2238 a'ntulationes
1461 2223 1476 2248 ,
1507 2183 1878 2250 animositates,
1902 2183 2097 2237 dissen-

521 2280 710 2343 siones,
740 2277 1097 2339 detractiones,
1125 2279 1520 2339 susurrationes,
1552 2273 1870 2342 inflationes,
1893 2275 2099 2328 seditio-

525 2391 613 2428 nes
641 2374 741 2426 sint
770 2373 902 2424 inter
930 2385 1035 2422 vos.
1068 2367 1122 2422 Si
1154 2376 1369 2435 pr0pter
1396 2366 1511 2420 hazc
1539 2381 1598 2420 se
1627 2367 1837 2420 dicebat
1863 2366 2097 2421 severis-

523 2465 662 2520 sime
688 2463 981 2528 vindicare,
1036 2459 1163 2529 quid
1215 2458 1417 2513 faceret
1463 2459 1506 2512 si
1547 2460 1741 2512 nostris
1771 2458 2098 2528 temporibus

528 2553 884 2617 adinveniret,
916 2551 1108 2620 quibus
1151 2549 1218 2604 ad
1259 2549 1712 2618 comparationem
1739 2549 1962 2602 a'iorum
1995 2549 2101 2602 cri-

525 2645 726 2701 minum
760 2645 859 2699 ista
891 2658 987 2698 nec
1015 2651 1267 2714 putantur
1289 2655 1408 2695 esse
1438 2641 1687 2708 peccata?
1712 2639 1994 2695 Contentio
2017 2649 2099 2694 est

526 2737 617 2794 ubi
644 2752 748 2792 non
778 2735 983 2790 ratione
1019 2733 1242 2802 aliquid,
1273 2731 1368 2787 sed
1397 2730 1559 2785 animi
1590 2731 1882 2801 pertinacia
1909 2731 2098 2785 defen-

526 2831 689 2886 ditur.
721 2829 951 2886 Susurro
985 2835 1070 2881 est
1097 2826 1216 2895 quia
1249 2833 1565 2889 murmurat,
1597 2831 1650 2877 et
1697 2838 1801 2876 non
1848 2822 2005 2877 alicui
2045 2823 2095 2876 in

529 2922 685 2984 facie,
720 2919 812 2974 sed
843 2918 911 2972 de
934 2917 1050 2986 ipso
1075 2900 1194 2969 aliis
1227 2913 1364 2968 male
1393 2913 1644 2982 loquitur.
1677 2910 1745 2964 Et
1779 2913 1958 2964 iterum
1981 2927 2095 2964 cum

523 3027 723 3075 venero,
747 3008 976 3062 humiliet
998 3023 1076 3060 me
1105 3005 1242 3059 Deus
1271 3004 1412 3073 apud
1439 3019 1544 3057 vos.
1577 3002 1644 3056 Et
1673 3002 1775 3057 hoc
1818 3003 1998 3056 timeo.
2028 3001 2094 3054 Et

2201 1819 2360 1872 modo
2395 1833 2490 1873 vos
2514 1818 2671 1872 video
2698 1820 3025 1873 conversari.
3057 1819 3275 1874 Oramus
3303 1831 3473 1874 autem
3504 1821 3674 1874 Deum
3693 1865 3707 1884 ,
3741 1835 3792 1876 ut

2198 1911 2326 1963 nihil
2347 1910 2468 1962 mali
2495 1909 2717 1978 faciatis.
2742 1908 2796 1964 Si
2817 1909 2957 1963 enim
2986 1910 3178 1979 aliquid
3203 1911 3458 1979 feceritis,
3485 1927 3586 1968 nos
3612 1914 3789 1967 vindi-

2198 1999 2368 2055 cando
2398 2001 2604 2070 probati
2651 2001 2982 2069 parebimus;
3013 2002 3106 2057 sed
3136 2003 3396 2057 malumus
3427 2020 3526 2058 nos
3568 2007 3788 2075 reprobi

2199 2093 2394 2157 videri,
2430 2102 2632 2144 tantum
2666 2101 2722 2145 ut
2760 2107 2854 2145 vos
2883 2093 3024 2162 quod
3055 2095 3252 2148 bonum
3276 2103 3358 2148 est
3396 2093 3628 2150 faciatis.
3669 2097 3789 2151 Non

2198 2192 2253 2236 ut
2291 2199 2382 2235 nos
2421 2183 2620 2252 probati
2650 2199 2952 2252 pareamus,
2995 2186 3083 2237 sed
3126 2195 3181 2237 ut
3210 2200 3296 2239 vos
3325 2189 3459 2253 quod
3502 2187 3691 2240 bonum
3721 2200 3788 2242 est

2201 2277 2426 2345 faciatis.
2451 2275 2797 2343 Subauditur,
2820 2291 2939 2332 oro.
2972 2276 3084 2331 Nos
3113 2287 3284 2332 autem
3311 2289 3364 2331 ut
3385 2282 3588 2350 reprobi
3609 2283 3784 2336 simu.

2203 2368 2325 2421 Non
2353 2369 2486 2420 enim
2512 2385 2781 2436 possumus
2805 2368 3001 2439 aliquid
3019 2371 3261 2426 adversus
3284 2374 3567 2439 veritatem,
3593 2377 3679 2428 sed
3701 2392 3787 2441 pro

2200 2460 2429 2514 veritate.
2448 2459 2502 2514 In
2530 2460 2866 2516 innocentem
2889 2465 3030 2515 enim
3055 2478 3157 2517 non
3186 2465 3442 2531 praevalet
3465 2474 3646 2518 nostra
3670 2481 3789 2519 sen-

2201 2551 2384 2617 tentia,
2419 2551 2518 2605 nisi
2549 2551 2600 2605 in
2631 2567 2752 2605 eum
2790 2554 2877 2622 qui
2927 2553 3248 2622 peccaverit.
3305 2552 3609 2608 Gaudemus
3661 2557 3788 2610 enim

2202 2643 2406 2710 quando
2435 2659 2526 2696 nos
2557 2643 2747 2710 infirmi
2777 2660 2950 2696 sumus
2973 2683 2986 2709 ,
3027 2660 3110 2696 vos
3156 2654 3326 2697 autem
3375 2653 3609 2713 potentes
3650 2646 3789 2699 estis.

2203 2732 2508 2787 Gaudemus
2535 2734 2577 2786 si
2613 2749 2831 2788 necesse
2863 2749 2964 2788 non
3013 2745 3095 2788 est
3133 2744 3185 2788 ut
3223 2745 3400 2788 nostra
3429 2735 3598 2789 virtus
3626 2751 3790 2805 appa-

2207 2833 2358 2878 reat:
2401 2825 2539 2878 sicut
2567 2827 2812 2893 apparuit
2858 2827 2909 2880 iu
2943 2826 3140 2880 Anania
3168 2835 3225 2882 et
3256 2827 3492 2898 Saphyra
3525 2828 3667 2882 Petri
3692 2871 3707 2890 ,
3741 2839 3792 2882 ut

2202 2925 2388 2969 nostra
2419 2915 2469 2967 in
2498 2914 2670 2983 Mago.
2706 2915 2820 2968 Hoc
2860 2925 2908 2968 et
2957 2932 3191 2981 oramus,
3223 2925 3436 2968 vestram
3465 2933 3793 2970 consumma-

2206 3007 2414 3059 tionem.
2441 3003 2509 3059 Ut
2531 3019 2626 3059 vos
2651 3005 2865 3074 perfecti
2897 3006 3013 3060 sitis
3033 3017 3190 3076 atque
3218 3016 3468 3076 potentes.
3505 3006 3634 3060 Ideo
3673 3009 3795 3062 hac

525 3105 729 3174 lugeam
750 3101 935 3155 multos
962 3115 1024 3153 ex
1049 3098 1128 3151 his
1158 3097 1242 3166 qui
1264 3105 1379 3150 ante
1407 3103 1754 3165 peccaverunt,
1788 3103 1958 3147 etnon
1987 3110 2095 3165 ege-
2126 3097 2171 3159 Ο
2201 3098 2376 3152 absens
2405 3097 2598 3164 scribo,
2624 3109 2680 3150 ut
2735 3113 2836 3150 non
2871 3113 3092 3166 prtesens
3129 3099 3306 3151 durius
3335 3115 3477 3170 agant
3506 3101 3792 3152 secundum

523 3202 641 3247 runt
688 3192 1033 3265 paenitentiam
1089 3203 1240 3257 super
1284 3185 1610 3240 intmunditia
1657 3195 1703 3239 et
1743 3186 2099 3254 fornicatione.

522 3289 719 3345 Contra
765 3283 1084 3339 Novatianos
1131 3278 1452 3348 poenitentia:
1499 3288 1801 3346 negatores.
1855 3276 1912 3330 Si
1961 3277 2102 3344 luget

527 3377 888 3449 pmnitentiam
907 3391 1012 3430 non
1041 3381 1281 3443 agentes,
1299 3372 1483 3440 utique
1504 3370 1569 3424 de
1591 3369 1866 3438 agentibus
1881 3368 2095 3437 gaudet.

525 3469 594 3525 Et
640 3468 960 3540 impudicitia
1001 3479 1153 3533 quam
1199 3469 1480 3546 gesserunt.
1532 3457 1858 3526 Impudicitia
1888 3459 2101 3525 gravior

523 3570 642 3624 est,
670 3559 822 3629 quasi
849 3565 1184 3612 monstruosa
1233 3550 1534 3616 fornicatio,
1561 3549 1699 3602 sicut
1743 3547 1830 3601 ille
1855 3548 1980 3603 fecit
2010 3547 2098 3616 qui

526 3665 745 3706 uxorem
773 3649 938 3716 patris
961 3643 1185 3711 accepit.

593 3738 725 3792 Car.
748 3751 864 3790 xm.
899 3734 1027 3788 Ecce
1047 3733 1196 3785 tertio
1219 3731 1314 3785 hoc
1340 3730 1481 3784 venio
1509 3729 1575 3782 ad
1595 3744 1700 3782 vos.
1718 3727 1832 3782 Jam
1852 3729 1993 3783 enim
2015 3728 2098 3785 bis

527 3829 718 3884 fuerat.
740 3825 804 3879 In
831 3841 917 3879 ore
943 3828 1162 3878 duorunt
1178 3824 1254 3876 vel
1272 3825 1423 3876 trium
1442 3822 1646 3875 testium
1665 3821 1814 3875 stabit
1838 3837 1984 3874 omne
1997 3837 2100 3875 ver-

525 3921 664 3974 bum.
681 3917 980 3974 Secundum
996 3915 1186 3985 legem.
1202 3913 1433 3970 Prtedixi
1447 3913 1579 3968 enim
1592 3923 1637 3968 et
1654 3913 1898 3981 praedico,
1911 3921 1964 3965 ut
1977 3928 2100 3980 pra:-

527 4029 670 4076 scns,
707 4021 754 4064 et
800 4026 933 4064 nunc
985 4009 1186 4073 absens,
1242 4008 1321 4061 his
1368 4008 1456 4075 qui
1503 4013 1620 4059 ante
1649 4013 2000 4076 peccaverunt,
2050 4013 2097 4058 et

525 4102 716 4157 cteteris
738 4101 990 4165 omnibus,
1005 4100 1245 4172 quoniam
1261 4101 1304 4154 si
1327 4115 1504 4153 venero
1526 4099 1723 4164 iterum,
1751 4115 1851 4154 non
1871 4115 2095 4169 parcant.

527 4193 627 4260 Qui
666 4192 998 4264 postmodum
1041 4198 1394 4262 peccaverunt
1423 4205 1520 4245 nec
1550 4190 1678 4258 ipsis
1711 4205 1949 4258 parcam,
1975 4191 2097 4258 quia

525 4283 759 4353 priorum
786 4282 934 4336 ruina
962 4283 1092 4337 istos
1119 4281 1294 4338 facere
1323 4281 1507 4336 debuit
1531 4279 1815 4334 cautiores.
1841 4279 1921 4332 An
1947 4296 2099 4344 expe-

523 4377 793 4429 rimentum
829 4375 1050 4443 quaeritis
1084 4376 1198 4446 ejus
1227 4374 1312 4444 qui
1340 4376 1391 4428 in
1418 4390 1495 4428 me
1525 4373 1750 4444 loquitur
1774 4372 1997 4425 Christi?
2015 4370 2096 4429 An

2207 3200 2502 3257 potestatem
2525 3207 2680 3260 quam
2701 3190 2949 3245 Dominus
2972 3191 3108 3244 dedit
3132 3191 3275 3246 mihi.
3299 3193 3356 3248 Si
3378 3193 3516 3247 enim
3545 3208 3653 3248 non
3677 3209 3791 3249 cor-

2203 3283 2374 3353 rigitis
2395 3325 2409 3349 ,
2438 3283 2612 3338 adhuc
2640 3282 2824 3336 durius
2852 3297 3002 3352 agam
3029 3297 3186 3350 quam
3215 3283 3354 3338 dico.
3387 3283 3452 3337 In
3483 3284 3787 3354 wdificatio-

2203 3391 2333 3428 nem.
2367 3373 2437 3429 Ut
2474 3382 2527 3427 et
2556 3389 2650 3428 vos
2682 3373 3004 3437 emende:is,
3033 3385 3088 3428 et
3115 3374 3201 3426 alii
3235 3389 3454 3442 peccare
3479 3374 3782 3430 formident.

2203 3463 2270 3516 Et
2295 3481 2394 3517 non
2417 3465 2470 3518 in
2499 3464 2906 3518 destructionem.
2929 3464 3202 3518 Vestram:
3232 3468 3367 3520 sicut
3395 3467 3471 3520 illi
3503 3468 3607 3521 sibi
3633 3484 3785 3522 usur-

2205 3562 2347 3621 pant.
2381 3552 2456 3606 De
2497 3563 2699 3616 cwtero,
2726 3554 2931 3622 fratres,
2963 3556 3198 3624 gaudete,
3233 3557 3443 3624 perfecti
3472 3567 3653 3611 estote.
3689 3558 3785 3611 No-

2205 3644 2423 3696 tandum
2441 3650 2580 3711 quod
2608 3645 2749 3696 omni
2775 3643 3027 3698 Ecclesiae
3050 3645 3284 3699 scribens
3305 3646 3433 3700 dicit
3450 3662 3578 3701 esse
3599 3649 3785 3703 debere

2208 3731 2497 3802 perfectos,
2528 3741 2582 3787 et
2611 3733 2748 3801 quod
2782 3725 2944 3788 laicos
2971 3748 3029 3788 se
3051 3734 3203 3802 jubet
3232 3736 3457 3790 invicem
3491 3740 3785 3794 exhortari.

2199 3825 2338 3882 sicut
2368 3823 2496 3877 alibi
2527 3823 2691 3878 dicit:
2729 3824 2932 3881 Vellem
2985 3839 3174 3879 omnes
3213 3826 3458 3881 homines
3497 3843 3620 3882 csse
3661 3831 3784 3883 sicu'

2202 3915 2493 3982 tneipsum.
2532 3913 2637 3968 Sed
2674 3914 2794 3982 quin
2846 3914 2916 3968 ibi
2955 3917 3225 3984 sequitur:
3259 3915 3641 3985 Unusquisque
3675 3936 3772 3987 pro

2203 4005 2375 4074 prium
2400 4003 2596 4058 donum
2630 4004 2788 4058 habet
2817 4020 2845 4057 a
2873 4005 2979 4059 Deo
3011 4022 3022 4055 :
3053 4005 3102 4058 in
3131 4006 3396 4069 donantis,
3426 4023 3532 4059 non
3567 4010 3619 4062 in
3657 4012 3772 4063 acci

2201 4096 2392 4164 pientis
2441 4105 2523 4149 est
2575 4104 2834 4163 poteSIate
2885 4096 3156 4165 perfectio.
3209 4097 3604 4164 Exhortamini,
3656 4102 3786 4156 idem

2197 4189 2388 4257 sapite,
2427 4203 2600 4255 pacem
2623 4187 2821 4242 habete.
2850 4189 2962 4242 Hoc
2982 4198 3064 4244 est
3090 4206 3273 4244 unum.
3303 4189 3367 4242 Et
3401 4191 3540 4244 Deus
3573 4195 3717 4261 pacis
3746 4207 3787 4248 et

2199 4279 2484 4332 dilectionis
2503 4280 2598 4332 erit
2621 4281 2892 4334 vobiscum.
2918 4281 3006 4336 Sin
3030 4290 3204 4336 autem
3231 4293 3416 4336 auctor
3441 4285 3786 4339 dissensionis

2205 4379 2258 4424 et
2289 4370 2394 4425 odii
2426 4373 2528 4426 erit
2551 4371 2847 4435 vobiscum,
2876 4380 2929 4426 et
2959 4372 3107 4427 eritis
3137 4388 3257 4428 cum
3290 4374 3383 4428 illo
3414 4375 3468 4429 in
3499 4384 3781 4430 aeternum.

524 4466 578 4519 in
608 4480 693 4519 me
713 4466 978 4519 Christum
1003 4466 1215 4520 teutatis
1237 4465 1280 4519 si
1307 4465 1456 4519 vobis
1489 4465 1662 4518 valeat
1697 4463 2006 4518 vindicare?
2035 4463 2098 4517 Et
2133 4472 2177 4529 D
2209 4461 2446 4518 Salutate
2474 4463 2686 4516 invicem
2726 4464 2782 4516 in
2811 4463 2985 4517 osculo
3014 4475 3211 4519 sancto.
3236 4464 3349 4519 Non
3373 4465 3517 4520 ﬁcto.
3545 4468 3788 4522 Salutant

524 4551 816 4604 notandum
838 4553 976 4618 quod
997 4553 1235 4606 doctrina
1257 4553 1374 4621 ejus
1393 4569 1496 4606 non
1523 4555 1776 4618 humana,
1794 4553 1885 4607 scd
1900 4551 2096 4606 Christi

524 4657 646 4698 esse
673 4647 949 4711 probatur,
971 4659 1129 4711 quam
1159 4646 1244 4714 qui
1271 4647 1634 4715 reprehendit,
1663 4649 1779 4701 sine
1801 4647 1962 4701 dubio
1988 4647 2096 4700 Deo

524 4743 811 4788 contumax
835 4732 1124 4788 invenitur.
1157 4735 1255 4797 Qui
1283 4737 1336 4787 in
1369 4736 1506 4788 vobis
1537 4753 1636 4790 non
1666 4737 1972 4805 infirmatur.
1997 4736 2098 4791 Po-

527 4830 630 4876 test
655 4822 759 4876 dici
790 4837 912 4878 eum
953 4839 1056 4877 non
1087 4821 1376 4889 infirmum,
1408 4825 1499 4879 sed
1529 4834 1798 4893 potentem
1827 4840 1966 4892 esse,
1999 4841 2096 4880 nec

523 4917 627 4987 ipsi
656 4917 930 4984 ignoratis.
963 4916 1069 4971 Sed
1113 4927 1291 4985 potens
1319 4918 1371 4970 in
1397 4918 1560 4971 nobis.
1593 4917 1648 4974 Si
1677 4917 1836 4972 etiam
1864 4919 1917 4972 in
1946 4918 2095 4973 vobis

523 5015 713 5078 potens
739 5014 849 5074 est,
881 5017 1082 5077 quanto
1125 5007 1293 5076 magis
1323 5006 1375 5061 in
1408 5007 1559 5061 nobis
1588 5008 1952 5078 capacioribus
1979 5009 2096 5062 sui!

525 5097 663 5152 Nam
707 5099 798 5152 etsi
821 5099 1092 5166 cruciﬁxus
1118 5107 1208 5151 est.
1241 5097 1391 5164 Quod
1419 5098 1703 5153 crucifixus
1729 5108 1830 5164 est,
1857 5108 2098 5154 nostrum

523 5203 3722 5241 Μ*-

2204 4570 2290 4606 vos
2317 4554 2480 4611 sancti
2504 4570 2696 4608 omnes.
2729 4553 2844 4608 Non
2882 4554 3096 4610 divites.
3139 4553 3317 4610 Gratia
3365 4555 3576 4610 Domini
3627 4559 3788 4610 nostri

2202 4643 2328 4698 Iesu
2361 4639 2547 4699 Christi
2565 4688 2580 4712 ,
2611 4655 2657 4700 et
2695 4647 2918 4702 charitas
2948 4647 3076 4715 Dei,
3105 4657 3153 4702 et
3200 4651 3596 4703 communicatio
3625 4653 3788 4704 sancti

2207 4734 2457 4802 Spiritus.
2509 4738 2700 4792 Contra
2747 4739 3014 4807 Arianos,
3061 4741 3151 4810 qui
3201 4742 3598 4797 calumniantur
3643 4744 3786 4813 quod

2206 4829 2361 4884 Pater
2406 4831 2576 4898 major
2614 4831 2702 4895 sit,
2735 4833 2856 4902 quia
2906 4847 3119 4903 semper
3167 4835 3311 4902 prior
3339 4836 3668 4890 nominetur.
3707 4835 3787 4890 Sit

2203 4934 2318 4971 cum
2357 4919 2587 4972 omnibus
2614 4921 2769 4975 vobis.
2795 4923 2974 4976 Arnen.
3019 4924 3167 4978 Sicut
3209 4933 3292 4979 est
3329 4939 3451 4981 cum
3501 4924 3788 4995 aliquantis

2200 5007 2513 5078 iustioribus
2542 5011 2692 5067 vobis
2715 5054 2729 5080 ,
2773 5013 2841 5066 ita
2872 5013 2941 5068 sit
2971 5029 3090 5069 cum
3121 5015 3367 5070 omnibus
3401 5017 3571 5070 vobis.

963 5309 1452 5386 EPISTOLA
1527 5309 1612 5385 B.
1698 5311 1997 5389 PAULI
2071 5311 2568 5396 APOSTOLI
2641 5318 2772 5393 AD
2849 5317 3329 5399 GALATAS.
3396 5351 3406 5359 ·

1983 5469 2327 5487 -———“

1056 5546 1554 5604 ARGUMENTUM.

521 5632 720 5706 Galatas
760 5646 873 5688 sunt
921 5635 1088 5689 erci
1119 5653 1137 5690 :
1178 5639 1229 5691 hi
1259 5642 1462 5691 verbum
1503 5639 1726 5690 veritatis
1772 5639 1989 5706 printum
2037 5639 2093 5689 ab

595 5705 836 5774 Apostalo
867 5717 1183 5777 acceperunt,
1213 5709 1299 5762 sed
1321 5720 1430 5773 post
1462 5709 1734 5763 discessum
1775 5705 1890 5778 ejus
1919 5709 2094 5762 tentati

2271 5558 2387 5603 sunt
2408 5567 2438 5602 a
2469 5549 2613 5618 falsis
2643 5551 2903 5620 apostolis,
2929 5560 2982 5604 ut
3004 5555 3055 5605 in
3083 5553 3238 5622 legem
3265 5561 3312 5605 ct
3332 5555 3776 5610 circuntcisioncm

2298 5629 2667 5692 everterentur:
2700 5622 2790 5673 hos
2813 5623 3083 5692 Apostolus
3104 5635 3298 5692 revocat
3319 5626 3387 5676 ad
3414 5626 3567 5692 ﬁdem
3597 5631 3782 5680 verita.

2271 5691 2334 5742 tis
2356 5733 2370 5757 ,
2403 5691 2621 5777 scribens
2650 5693 2720 5745 eis
2746 5692 2806 5744 ab
2839 5691 3058 5762 Epheso.
3100 5691 3217 5746 Hoc
3267 5704 3320 5748 ut
3363 5707 3572 5766 apparet
3621 5714 3782 5769 argu-
