3982 6352
255 217 356 275 585

1112 219 1176 275 ΙΝ
1217 220 1594 276 EPISTOL.\.\l
1636 221 1726 275 AD
1763 217 2078 276 GALATAS
2115 216 2633 274 COMMENTARIA.

3399 212 3500 270 iiii",

323 343 524 396 mento,
571 330 773 387 Galam
838 344 982 388 erant
1031 348 1062 385 a
1111 335 1546 403 pseudoapostolis
1602 335 1828 401 persuasi
1860 344 1900 395 Α
1929 331 2040 385 det.
2076 330 2231 384 Modo
2268 332 2421 388 enim.
2455 330 2748 386 Oslcttdet'e
2774 330 2905 398 vull,
2935 345 2992 384 se
3024 330 3296 391 hominum
3323 332 3501 388 odium

322 414 475 474 atque
493 403 708 466 seducti,
727 405 862 472 quod
880 403 1129 467 Paulum,
1155 420 1242 473 per
1260 418 1405 472 quem
1419 420 1532 474 vero
1557 403 1830 470 Evangelia

325 473 666 537 crediderant,
697 490 799 526 non
827 491 932 528 esse
957 477 1245 542 apostolum
1274 473 1564 537 audiebant,
1598 474 1831 528 videlicet

324 546 446 666 Ἦιία
472 560 627 613 neque
657 544 720 597 de
748 545 1010 625 duodecim
1039 545 1207 598 electis
1221 561 1245 609 ,·
1269 559 1427 624 neque
1467 543 1744 611 Christum,
1775 554 1832 596 ut

377 623 512 666 etrns
536 624 581 666 et
604 623 770 666 centeri
801 617 1075 666 aliquando
1101 623 1298 666 secutus
1327 614 1499 666 fuisset
1522 630 1540 666 :
1565 631 1718 666 auom
1745 617 1832 666 de-

377 623 512 668 etrns
536 624 581 666 et
604 614 771 667 caeteri
801 617 1075 682 aliquando
1101 623 1298 666 secutus
1325 613 1499 681 fuisset
1522 630 1540 667 :
1565 631 1718 681 quam
1745 617 1832 675 de-

327 685 645 752 rogationem
663 699 864 737 necesse
889 686 1034 738 habet
1057 686 1186 738 veris
1211 685 1490 739 rationibus
1517 702 1579 737 ea:
1605 687 1832 737 auctori-

328 765 431 808 tate
458 757 621 824 sancti
653 753 884 821 Spiritus
909 756 1160 824 refutare,
1207 771 1293 822 per
1339 757 1567 807 ordinem
1594 755 1832 820 probans,

330 841 431 877 non
461 841 514 878 se
543 823 604 876 ab
639 823 970 887 hominibus,
997 843 1155 895 neque
1202 840 1289 894 per
1316 825 1565 878 hominem
1593 827 1834 879 missum:

329 895 420 948 sed
451 911 540 964 per
566 910 703 958 eum,
733 897 818 964 qui
850 897 1038 964 ipsum,
1070 909 1116 950 et
1139 909 1345 952 cancros
1367 897 1420 949 in
1455 895 1686 950 ordinem
1711 911 1836 964 apo-

329 967 541 1019 stolatus
561 965 729 1036 elegit.

332 1057 512 1113 CM‘II’I'
540 1075 754 1114 patuvu.
785 1058 984 1114 Paulus
1023 1060 1302 1130 apostolus.
1353 1059 1422 1115 Ut
1468 1073 1611 1129 saepe
1640 1060 1837 1115 dictum

261 1162 364 1218 est,
397 1153 651 1220 pusillus,
678 1155 744 1207 ab
768 1154 1081 1208 humilitate.
1108 1153 1231 1208 Non
1255 1153 1318 1208 ab
1345 1154 1654 1220 hominibus,
1681 1172 1840 1225 neque

263 1261 357 1309 per
377 1246 650 1309 hominem,
667 1245 754 1298 sed
779 1261 866 1312 per
885 1245 1061 1299 Iesum
1081 1243 1361 1298 Christum.
1385 1245 1502 1300 Non
1525 1245 1592 1303 ab
1611 1248 1839 1300 humana

267 1337 716 1405 praesumptione,
747 1353 920 1407 neque
947 1353 1044 1408 per
1091 1337 1384 1407 apostolos,
1437 1347 1494 1394 ut
1537 1339 1714 1394 Aaron
1749 1354 1843 1406 per

268 1429 513 1499 Moysen;
537 1429 630 1484 sed
655 1443 748 1497 per
768 1431 938 1497 ipsum
960 1431 1123 1484 Deum
1153 1429 1531 1494 etDominnm,
1557 1441 1612 1483 ut
1634 1430 1844 1500 Moyses

268 1531 324 1576 et
348 1523 573 1588 apostoli
595 1562 609 1584 ,
640 1531 695 1576 et
724 1524 1017 1590 prophetae.
1046 1522 1126 1577 Ab
1157 1521 1460 1576 hominibus
1491 1521 1731 1598 plerique
1759 1537 1846 1575 ore

270 1614 538 1679 dinantur,
582 1629 702 1667 cum
748 1613 925 1682 p0puli
973 1613 1170 1681 favore,
1207 1626 1312 1666 non
1341 1613 1504 1688 digni,
1535 1615 1845 1684 patientiam

1931 438 2036 474 nou
2079 421 2356 483 timentem
2406 422 2570 476 libere
2619 422 2912 491 prasdieare
2957 421 3154 477 debere
3204 423 3503 485 veritatem.

1929 509 2173 582 Nunquid
2203 523 2416 582 propter
2447 513 2691 566 homines
2725 527 2817 566 vos
2852 511 3086 566 suadeo.
3122 514 3258 566 sicut
3288 521 3502 581 propter

1930 605 2234 665 Judzcorum
2263 606 2576 659 traditiones
2597 613 2720 658 ante
2744 605 3034 663 faciebam?
3057 604 3108 660 Η
3115 604 3364 658 ominibus
3384 620 3503 658 sua-

1932 701 2047 755 deo.
2081 699 2383 754 Satisl’acio.
2415 702 2494 752 An
2526 698 2673 754 Deo?
2701 701 2803 756 Sed
2841 703 2965 756 Deo.
3006 702 3084 755 An
3129 717 3300 768 quer
3346 701 3500 755 homi-

1935 789 2079 842 nibus
2124 788 2338 858 placere.
2391 789 2701 857 Ubicunque
2750 792 2866 845 sine
2915 791 3278 846 additum-nlo
3327 791 3510 856 aliiuo

1939 877 2181 934 homines
2212 879 2575 941 nominantur.
2614 886 2840 936 maxime
2872 886 2923 935 in
2957 883 3149 936 malam
3182 891 3385 951 partem
3417 897 3508 936 ac—

1917 970 2149 1038 cipitur,
2180 980 2234 1022 ut
2255 969 2478 1022 estillud
2506 985 2520 1022 :
2553 970 2735 1024 Omnis
2769 973 2928 1025 homo
2958 971 3205 1036 mendax,
3240 981 3314 1039 et,
3341 976 3508 1038 Quem

1939 1075 2025 1113 me
2060 1061 2240 1113 dicunt
2270 1059 2512 1114 homines
2542 1062 2693 1115 esse?
2735 1070 2808 1133 et,
2832 1114 2834 1116 ,
2857 1063 3042 1126 Nonne
3072 1064 3315 1120 homines
3343 1063 3515 1117 estis?

1942 1151 2099 1220 igitur
2116 1151 2413 1221 quicunque
2440 1153 2632 1206 talibus
2657 1154 2866 1222 placere
2893 1159 3142 1220 voluerit,
3167 1171 3387 1212 necesse
3410 1167 3514 1219 est,

1943 1249 2003 1295 ιιι
2021 1258 2201 1295 eorum
2224 1245 2286 1294 lat
2307 1243 2381 1304 iat
2397 1245 2722 1298 voluntatem
2742 1262 2754 1296 :
2774 1248 2941 1301 saneti
2964 1254 3138 1301 autem
3175 1249 3279 1301 Deo
3311 1255 3514 1300 tantum

1944 1341 2000 1388 ct
2042 1334 2203 1390 Deum
2235 1335 2532 1388 amantibus
2564 1337 2799 1404 placent,
2834 1338 2922 1406 qui
2965 1336 3072 1406 jam
3098 1339 3325 1404 amplius
3357 1352 3518 1406 quam

1947 1429 2191 1485 homines
2214 1445 2332 1482 esse
2361 1429 2629 1483 dicuntur.
2653 1429 2712 1484 Si
2739 1429 2908 1483 adhuc
2931 1431 3218 1483 hominibus
3241 1433 3512 1500 placerem,

1948 1519 2132 1572 Christi
2150 1536 2320 1573 servus
2340 1536 2438 1572 non
2458 1537 2635 1574 essent.
2653 1521 2781 1574 Nam
2807 1538 2890 1575 me
2923 1521 3170 1587 oderunt,
3193 1523 3312 1590 quia
3331 1535 3518 1576 servus

1949 1626 2065 1664 sum
2097 1610 2312 1664 ChriSIi.
2359 1610 2554 1663 Notum
2585 1613 2718 1663 enim
2746 1613 2880 1665 vobis
2915 1612 3079 1680 facio,
3116 1615 3321 1682 fratres,
3352 1609 3521 1668 Evalu-

273 1709 478 1762 Domini
526 1715 962 1772 contemnentes;
993 1717 1048 1762 et
1095 1718 1152 1762 ut
1190 1707 1444 1776 majorem
1473 1712 1842 1764 auctoritatem
1881 1713 1918 1769 lt
1949 1703 2154 1772 gelium,
2189 1700 2321 1770 quod
2352 1699 2748 1771 evattgelizatum
2774 1712 2846 1754 est
2875 1721 2903 1754 a
2931 1720 3040 1767 me,
3071 1704 3191 1772 quia
3219 1718 3320 1755 non
3348 1711 3420 1754 est
3443 1717 3524 1754 se-

273 1814 420 1854 snam
445 1801 771 1866 ostenderet,
788 1799 981 1868 adjecit
994 1817 1008 1856 :
1021 1796 1305 1854 PerIesum
1323 1797 1606 1862 Christum;
1623 1811 1676 1855 et
1687 1799 1848 1854 Deum

276 1888 502 1953 Patrem,
525 1889 614 1959 qui
635 1878 892 1943 suscitavit
914 1905 1044 1943 eum.
1069 1889 1199 1956 Quia
1225 1898 1279 1944 et
1305 1889 1456 1954 Filii,
1477 1901 1529 1945 et
1554 1890 1721 1944 Patris
1747 1906 1850 1945 una

275 1989 357 2037 est
385 1981 663 2048 operatio:
696 1987 754 2035 et
795 1986 854 2033 ιιι
881 1981 1020 2035 scias
1048 1981 1170 2049 quia
1201 1982 1344 2035 Deus
1390 1992 1473 2036 est
1511 1981 1755 2036 Christus
1775 2025 1789 2046 ,
1821 1997 1850 2035 a

277 2087 382 2138 quo
410 2072 501 2125 ille
525 2079 606 2126 est
637 2070 804 2126 factus
833 2072 1124 2140 apostolus,
1155 2073 1440 2142 diligenter
1467 2073 1686 2138 adverte
1711 2075 1853 2142 quod

279 2169 401 2215 ante
423 2161 773 2215 nominaverit
800 2161 988 2214 Filium
1013 2177 1167 2232 quam
1202 2163 1434 2233 Patrem,
1451 2177 1635 2218 contra
1653 2166 1856 2219 caluni-
1881 2177 1884 2180 ‘

279 2250 394 2302 nias
424 2249 762 2304 Arianorum.
795 2251 832 2302 A
864 2253 1098 2304 mortuis.
1129 2253 1432 2316 Secundum
1465 2253 1566 2313 hoc
1593 2256 1731 2322 quod
1761 2271 1857 2324 po-

280 2341 382 2394 tuit
430 2342 598 2408 mori,
643 2356 805 2396 carne
851 2343 1073 2397 scilicet.
1107 2341 1174 2396 Et
1201 2349 1287 2411 qui
1317 2361 1510 2401 mecum
1539 2354 1654 2400 sunt
1685 2361 1858 2400 omnes

279 2431 481 2497 fratres,
503 2430 742 2485 Ecclesiis
761 2431 860 2486 Gal
875 2433 996 2486 ttitv.
1024 2431 1100 2488 Ne
1114 2434 1157 2488 si
1186 2435 1354 2503 solus,
1375 2434 1588 2501 indigne
1610 2437 1746 2490 lerre
1765 2451 1860 2505 pu-

281 2529 484 2576 taretur
509 2537 658 2578 suam
682 2524 979 2578 conculcari
1000 2524 1320 2580 doctrinam.
1351 2523 1530 2579 Gratia
1549 2527 1707 2580 vobis.
1725 2527 1859 2596 Quia

280 2613 394 2666 sola
431 2614 535 2668 ﬁde
565 2614 753 2668 salvati
775 2615 907 2670 estis
938 2630 1032 2684 per
1059 2617 1282 2685 gratiam
1309 2616 1424 2671 Dei.
1460 2615 1525 2669 Et
1556 2634 1660 2687 pati:
1692 2635 1724 2674 a
1752 2616 1862 2672 Deo

282 2701 444 2758 Patre
470 2712 516 2758 et
561 2703 783 2759 Domino
836 2717 1004 2760 nostro
1048 2705 1173 2760 Jesu
1203 2707 1421 2760 Christo.
1457 2707 1590 2774 Quia
1623 2709 1864 2763 remissis

283 2796 492 2852 delictis
515 2797 764 2852 omnibus
792 2799 1122 2852 reconciliati
1155 2799 1368 2855 fuerant
1406 2801 1536 2857 Deo.
1592 2802 1694 2869 Qui
1725 2804 1868 2856 dedit

284 2890 608 2958 semetipsum
649 2906 744 2960 pro
791 2893 1013 2958 peccatis
1053 2895 1270 2960 nostris,
1303 2903 1357 2947 ut
1386 2895 1596 2964 eriperet
1624 2911 1736 2954 nos.
1767 2899 1865 2951 05'.-

289 2979 956 3049 tenditbeneﬁciaCbristi,
971 2984 1159 3053 quibus
1177 2985 1366 3053 ingrati
1389 2985 1648 3052 existunt,
1676 2986 1863 3041 volen-

1951 1793 2173 1844 cundum
2201 1791 2472 1843 hominem.
2501 1791 2625 1844 Vult
2669 1807 2899 1861 purgare
2931 1796 3322 1862 usurpationes,
3346 1805 3400 1850 et
3429 1793 3526 1846 hu-

1954 1899 2122 1936 tuante
2148 1883 2444 1936 traditionis
2465 1881 2704 1946 infamia.
2733 1882 2912 1952 Neque
2934 1885 3066 1940 enim
3097 1901 3188 1956 ego
3214 1886 3275 1938 ab
3299 1877 3524 1944 homine.

1954 1971 2137 2044 Neque
2167 1988 2195 2026 a
2221 1989 2304 2025 me
2335 1971 2482 2034 ﬁnxi.
2517 1987 2690 2039 neque
2715 1971 2780 2028 ab
2807 1973 2911 2025 alio
2943 1975 3145 2041 accepi,
3176 1974 3314 2042 quod
3341 1981 3528 2042 gentes

1957 2065 2073 2119 sola
2099 2063 2200 2118 litle
2222 2063 2512 2123 salventur.
2535 2064 2702 2122 Simul
2727 2066 3017 2123 notandum
3035 2106 3049 2128 ,
3073 2065 3211 2133 quod
3262 2065 3345 2118 hic
3378 2064 3529 2120 Chri-

1957 2163 2096 2212 stum
2128 2157 2291 2214 Deum
2333 2158 2500 2221 dicat,
2532 2172 2560 2210 a
2589 2173 2692 2227 quo
2721 2158 2930 2226 acacpit
2955 2135 3316 2226 Evangeltum.
3350 2157 3533 2224 Accepi

1957 2247 2111 2313 illttd,
2134 2265 2293 2318 neque
2319 2250 2506 2314 didici,
2540 2250 2626 2301 sed
2656 2265 2745 2316 per
2771 2251 3124 2302 reuelationem
3166 2250 3291 2303 Jesu
3321 2249 3529 2306 Christi.

1961 2340 2107 2396 Inter
2135 2342 2377 2406 accipere
2403 2348 2458 2397 et
2483 2342 2722 2406 discere,
2753 2342 2854 2396 hoc
2888 2342 3139 2397 interest:
3163 2341 3303 2411 quod
3327 2343 3534 2411 accepit

1960 2435 2327 2503 Evangelium,
2351 2435 2436 2487 cui
2463 2435 2687 2503 primum
2722 2434 3041 2500 insinuatur,
3065 2445 3120 2488 ct
3138 2433 3204 2486 ad
3235 2430 3392 2490 ﬁdem
3413 2433 3534 2503 ejus

1960 2526 2264 2594 adducitur,
2289 2532 2348 2588 ut
2371 2526 2558 2585 credat
2588 2541 2706 2578 vera
2737 2539 2858 2580 esse
2885 2539 2999 2594 quae
3024 2523 3219 2593 scripta
3249 2531 3376 2578 sunt
3405 2540 3418 2576 :
3453 2523 3537 2578 di-

1961 2619 2064 2672 scit
2093 2618 2138 2672 is
2166 2618 2253 2685 qui
2286 2631 2346 2671 ea
2375 2633 2494 2686 qua».
2539 2618 2589 2679 in
2621 2616 2710 2670 illo
2743 2631 2838 2685 per
2864 2615 3143 2684 aenigmata
3170 2624 3226 2673 et
3254 2614 3537 2685 parabolas

1965 2709 2184 2786 ﬁgurata
2225 2720 2366 2772 sunt,
2397 2707 2676 2783 explanata
2704 2715 2757 2762 et
2785 2708 3014 2766 disserta
3056 2708 3349 2776 cognoscit.
3375 2706 3538 2758 Audi-

1963 2802 2051 2855 stis
2075 2800 2226 2855 enim.
2262 2799 2369 2856 Nec
2394 2815 2489 2854 vos
2514 2800 2658 2869 ipsos
2691 2799 2818 2852 latet
2849 2799 2986 2868 quod
3010 2797 3152 2856 dico.
3182 2797 3533 2858 Conversatios

1964 2911 2078 2948 nem
2101 2911 2259 2947 meam
2282 2894 2560 2971 aliquando
2580 2895 2633 2946 in
2653 2892 2945 2954 Judaismo.
2968 2877 3064 2948 llic
3083 2877 3359 2953 enumerat
3379 2909 3537 2963 quam

1967 2987 2191 3046 ﬁrmiter
2222 2987 2454 3040 tentterit
2499 2985 2859 3053 Judaismum,
2910 2996 2964 3040 et
2991 2986 3220 3056 qualiter
3249 3003 3346 3055 pro
3378 2986 3543 3043 tradi-.-

293 3088 372 3129 tes
401 3076 452 3128 in
482 3075 597 3146 lege
616 3075 824 3140 vivere.
858 3092 979 3144 qua:
1005 3080 1375 3145 peccatoribus
1400 3079 1521 3132 data
1548 3087 1648 3142 est,
1673 3080 1864 3154 quibus
1891 3072 1938 3147 (Σ
1971 3078 2201 3133 tionibus
2232 3080 2416 3147 patriis
2447 3079 2742 3138 Ecclesium
2774 3079 3178 3148 expugnaverit,
3208 3088 3266 3132 ut
3294 3081 3546 3136 ostendat.

290 3165 470 3220 omnia
511 3175 635 3220 sunt
678 3173 892 3235 peccata
921 3169 1160 3222 dimissa.
1193 3168 1268 3223 De
1297 3171 1533 3237 prtesenti
1561 3171 1746 3224 steculo
1774 3186 1866 3236 ne-

290 3273 465 3326 quam.
491 3258 565 3312 De
587 3258 766 3313 surculi
796 3259 1046 3328 oneribus
1074 3260 1260 3328 malis,
1291 3276 1409 3329 qua:
1436 3260 1486 3316 in
1511 3276 1578 3315 eo
1603 3263 1753 3319 ﬁunt.
1779 3259 1868 3320 Se-

293 3349 516 3401 cundum
534 3347 842 3404 voluntatem
874 3349 967 3404 Dei
990 3359 1038 3403 et
1061 3348 1229 3407 Patris
1256 3352 1436 3412 nostri,
1469 3351 1549 3404 cui
1579 3361 1654 3413 est
1678 3350 1866 3422 gloria.

295 3439 409 3494 Non
437 3441 729 3496 secundum
761 3443 947 3498 merita
979 3451 1178 3497 nostra.
1207 3445 1272 3498 In
1311 3445 1501 3498 stecula
1543 3445 1868 3500 swculorum.

297 3528 524 3585 lnllnitis
547 3531 839 3597 beneﬁciis,
854 3534 1057 3588 inﬁnita
1074 3535 1242 3604 gloria
1260 3535 1500 3591 debetur.
1516 3536 1695 3600 Amen.
1716 3535 1868 3611 Quod

301 3621 574 3692 prologum
631 3638 726 3678 suo
770 3627 962 3690 Amen,
1015 3626 1240 3680 Ilebra'o
1283 3642 1531 3682 sermone
1578 3627 1869 3683 concludit.

299 3717 469 3766 Amen
489 3710 831 3784 Septitaginta
863 3718 1249 3771 transtulerunt
1276 3720 1506 3785 Γένοιτο,
1539 3719 1660 3785 ﬁat;
1685 3719 1872 3794 Aquila

302 3806 698 3874 πεπείσθωμαιε
740 3821 839 3860 nos
885 3822 1014 3861 vero
1061 3824 1221 3873 vere,
1268 3809 1386 3863 sive
1434 3809 1698 3865 lideliter:
1733 3808 1872 3878 qvod

301 3894 464 3949 etiam
495 3897 548 3950 in
597 3899 884 3968 Evangelia
911 3915 940 3954 a
987 3900 1265 3956 Salvatore
1305 3917 1518 3970 semper
1563 3904 1870 3969 assumitur,

303 3999 398 4040 sua
424 4002 520 4055 per
540 3989 698 4043 Amen
720 3991 882 4045 verba
913 3992 1178 4048 ﬁrmante.
1214 3992 1378 4048 Miror
1401 3995 1536 4064 quod
1561 3996 1634 4048 sic
1654 4009 1753 4049 tam
1776 3998 1876 4049 cito

307 4080 673 4150 transferimint
697 4081 760 4135 ab
787 4097 844 4136 eo
873 4084 960 4152 qui
989 4099 1074 4137 vos
1102 4086 1315 4139 vocavit.
1347 4085 1686 4139 Enumeratis
1715 4085 1878 4140 bene-

308 4173 444 4227 ﬁciis
465 4213 480 4237 ,
510 4172 693 4226 mirari
714 4187 773 4227 se
793 4173 924 4228 dicit
947 4175 1087 4244 quod
1109 4175 1177 4228 ab
1207 4175 1295 4229 illo
1323 4177 1592 4244 potuerint
1613 4177 1740 4230 solis
1761 4191 1881 4230 vcr-

309 4263 392 4317 bis
413 4263 637 4326 retrahi,
659 4277 688 4316 a
711 4278 816 4329 quo
838 4264 997 4318 nullis
1019 4265 1300 4318 tormentis
1317 4267 1603 4319 debuerint
1623 4269 1877 4334 separari.

316 4351 376 4408 in
389 4356 607 4424 gratiam
623 4353 833 4414 Christi,
853 4355 906 4405 in
932 4353 1075 4405 aliud
1094 4352 1448 4430 Evangelium.
1465 4355 1578 4408 Non
1605 4358 1657 4409 in
1688 4357 1879 4422 legem.

1970 3185 2029 3224 se
2059 3185 2163 3222 non
2196 3170 2430 3238 potuisse
2459 3168 2582 3226 inde
2621 3170 2852 3230 humano
2897 3172 3152 3232 consilio,
3209 3170 3312 3226 nisi
3363 3170 3542 3228 divina

1971 3258 2294 3313 revelatione
2321 3267 2373 3311 et
2403 3257 2764 3315 misericordia
2806 3258 3068 3324 separari.
3103 3258 3352 3324 Quoniam
3386 3275 3545 3326 supra

1972 3352 2176 3407 modum
2193 3349 2519 3421 persequebar
2534 3347 2812 3403 Ecclesium
2831 3349 2924 3407 Dei
2945 3359 2992 3408 et
3009 3350 3358 3419 expugnabam
3374 3349 3539 3403 illam.

1970 3443 2134 3498 Suum
2164 3441 2467 3512 exemplum
2495 3443 2673 3512 ponit:
2701 3451 2756 3496 ut
2783 3443 2828 3507 si
2855 3457 2974 3511 ego,
2999 3443 3086 3512 qui
3117 3442 3334 3502 Judtcus
3361 3449 3540 3504 natus.

1971 3544 2024 3588 et
2046 3534 2114 3588 ibi
2131 3533 2391 3598 eruditus,
2411 3548 2516 3588 non
2541 3532 2672 3602 legis
2688 3533 3035 3590 caeremonias
3057 3547 3273 3601 sequor,
3300 3532 3426 3602 quid
3448 3549 3545 3591 vos

1974 3622 2150 3680 facere
2166 3625 2404 3686 debetis?
2425 3624 2486 3684 Et
2507 3623 2830 3698 proﬁciebam
2850 3626 2900 3678 in
2918 3623 2950 3683 1
2960 3623 3213 3683 udaismo.
3230 3624 3344 3679 Non
3364 3624 3414 3680 in
3433 3625 3548 3694 lege

1975 3717 2090 3782 Dei,
2116 3717 2208 3772 sed
2233 3716 2515 3778 traditione
2541 3726 2768 3786 patrum.
2785 3717 2956 3786 Supra
2981 3716 3168 3771 multos
3194 3726 3470 3774 cotztuneos
3494 3718 3550 3783 in

1974 3826 2155 3879 genere
2179 3825 2308 3862 meo.
2335 3807 2447 3861 Non
2470 3808 2604 3862 dixit
2624 3823 2782 3880 supra
2805 3823 3014 3872 omnes.
3035 3807 3383 3878 nejactantite
3400 3806 3549 3872 videe

1974 3912 2123 3958 retur
2142 3901 2370 3956 occasio.
2392 3901 2745 3965 Abundantius
2773 3904 3041 3962 wtnulator
3062 3903 3279 3956 existens
3308 3910 3552 3973 paternae

1976 4009 2090 4047 rum
2136 4009 2361 4048 mearum
2407 3994 2758 4047 traditionum.
2801 3992 3056 4050 [’aternas
3083 3993 3417 4062 traditiones,
3447 4007 3554 4056 non

1979 4081 2190 4136 Domini
2229 4081 2474 4138 mandata
2513 4091 2916 4141 commemorat.
2967 4081 3096 4142 Cum
3143 4093 3310 4139 autem
3363 4082 3558 4150 placuit

1980 4173 2025 4225 ei
2053 4172 2140 4242 qui
2167 4187 2243 4223 me
2281 4175 2561 4241 segregavit
2590 4171 2652 4246 de
2672 4181 2810 4228 utero
2837 4171 3011 4224 matris
3039 4187 3181 4226 mete.
3209 4172 3309 4236 Qui
3338 4188 3422 4224 me
3444 4173 3556 4238 jam

1984 4265 2035 4317 in
2069 4262 2346 4330 praesentia
2392 4262 2458 4315 ab
2490 4270 2644 4314 utero
2692 4271 3092 4330 segregaverat,
3125 4261 3338 4328 quando
3366 4263 3556 4327 voluit,

1987 4353 2112 4407 fecit
2147 4351 2287 4422 quod
2327 4349 2527 4402 sciebat
2561 4365 2682 4404 esse
2716 4349 2970 4409 futurum.
3002 4349 3194 4413 Uterus
3238 4355 3420 4411 matris
3449 4365 3560 4408 sua:

316 4445 463 4510 Quod
487 4459 588 4496 non
612 4450 684 4494 est
706 4441 872 4506 aliud,
896 4443 995 4494 nisi
1023 4452 1137 4494 sunt
1161 4429 1321 4511 aliqui
1340 4444 1429 4511 qui
1447 4461 1532 4500 vos
1556 4445 1876 4505 conturbant.
1909 4429 1962 4487 D
1988 4452 2162 4513 potest
2189 4451 2240 4495 et
2273 4440 2548 4514 Synagoga
2586 4439 2825 4511 intelligi.
2869 4438 2932 4492 Et
2975 4441 3167 4495 vocavit
3210 4458 3299 4511 per
3341 4445 3563 4513 gratiam

312 4532 445 4587 Nam
476 4530 821 4598 Evsngelium
868 4529 1011 4584 aliud
1055 4547 1178 4587 esse
1225 4548 1328 4586 non
1373 4541 1566 4602 poteSt.
1604 4531 1667 4586 Et
1709 4535 1882 4587 volunt

313 4629 597 4675 convertere
635 4619 964 4690 Evangelium
992 4622 1200 4682 Christi.
1226 4625 1486 4680 Perverso
1506 4625 1724 4691 ordine,
1753 4625 1880 4680 dum

314 4713 399 4767 lex
424 4710 490 4765 ad
533 4712 874 4779 Evangelium
925 4715 1239 4782 proﬁceret,
1286 4716 1364 4770 illi
1417 4717 1766 4785 Evangelium
1814 4717 1881 4779 ad

315 4805 482 4875 legem
509 4818 762 4859 revocare
783 4805 1042 4861 nituntur.
1074 4807 1177 4862 Sed
1207 4809 1321 4862 licet
1342 4825 1452 4873 nos,
1477 4818 1566 4862 aut
1593 4809 1800 4881 angelus
1821 4810 1883 4863 de

314 4903 437 4953 calo
465 4897 828 4965 evangeliseret
871 4897 1006 4952 vobis
1044 4909 1378 4970 praeterquam
1405 4901 1540 4968 quod
1572 4904 1886 4972 euangeliza-

313 4991 476 5043 simus
521 4987 680 5042 vobis.
739 4986 978 5042 Breviter
1019 4990 1162 5043 omni
1214 5005 1452 5060 persona:
1486 4991 1885 5062 prtcjudicavit,

316 5080 528 5148 quando
555 5093 653 5133 nec
671 5077 965 5146 apostolos.
990 5088 1173 5132 contra
1197 5079 1336 5147 quod
1370 5081 1535 5135 semel
1561 5066 1858 5149 phedicave
1875 5112 1887 5122 -

318 5178 425 5235 rat,
459 5184 556 5224 nec
578 5184 761 5223 vocem
785 5168 853 5224 de
875 5169 1016 5224 cmlo
1036 5170 1208 5236 angeli
1238 5170 1504 5238 loquentis
1527 5171 1768 5238 permisit
1793 5188 1888 5226 au-

318 5257 444 5312 diri.
471 5257 619 5314 Facit
659 5267 840 5314 autem
877 5259 980 5313 hoc
1004 5269 1188 5314 contra
1230 5273 1421 5314 omnes
1462 5259 1763 5327 haereticos,
1796 5263 1883 5336 qui

322 5350 637 5412 traditiones
676 5351 997 5420 apostolicos
1034 5361 1240 5406 mutare
1284 5361 1563 5406 conantur.
1600 5352 1884 5406 Anathema

322 5442 408 5498 sit.
438 5442 822 5499 Abominabilis
843 5445 914 5498 sit
934 5444 1104 5500 vobis.
1124 5446 1270 5500 Sicut
1293 5446 1645 5512 prtsdiaimus,
1679 5455 1730 5498 et
1756 5463 1888 5500 nunc

323 5533 506 5587 iterant
524 5534 639 5588 dico
661 5549 680 5590 :
701 5537 744 5589 si
763 5537 876 5601 quis
897 5536 1038 5592 vobis
1051 5538 1466 5609 evangelisaverit
1484 5550 1664 5608 printer
1683 5539 1738 5592 id
1757 5541 1893 5609 quod

323 5625 618 5689 accepistis,
641 5631 908 5682 anathema
934 5629 1020 5682 sit.
1049 5630 1260 5696 Repetit
1277 5672 1291 5695 ,
1325 5639 1381 5685 ιιι
1409 5629 1598 5684 fortius
1620 5645 1888 5685 commen-

575 5738 841 5806 l’srsot.
879 5739 1152 5811 LXVEll.

1985 4551 2148 4591 suam.
2182 4534 2296 4592 Non
2327 4532 2460 4593 meis
2489 4529 2716 4594 meritis.
2745 4532 2812 4592 Ut
2842 4531 3083 4593 revelat-et
3107 4531 3300 4596 Filium
3321 4550 3472 4599 suum
3508 4539 3561 4594 in

1987 4645 2092 4694 me,
2141 4637 2195 4682 ut
2225 4626 2621 4698 euangelizarent
2649 4625 2801 4687 illum
2828 4627 2880 4679 in
2912 4626 3161 4693 gentibus.
3197 4627 3296 4682 Per
3324 4641 3441 4695 me,
3473 4629 3562 4684 vel

1991 4723 2043 4784 in
2076 4738 2182 4776 me.
2216 4720 2496 4776 Revelavit
2517 4729 2693 4776 autem
2725 4734 2830 4773 non
2859 4719 3032 4776 solum
3065 4720 3115 4775 in
3145 4724 3250 4786 via,
3281 4721 3372 4776 sed
3399 4719 3561 4782 etiam

1990 4817 2042 4871 in
2072 4816 2282 4871 exteris
2304 4814 2457 4874 locis.
2487 4812 2738 4874 Continuo
2769 4829 2874 4866 non
2899 4813 3146 4881 acquievi.
3169 4811 3434 4868 Continuo
3457 4827 3561 4867 non

1994 4903 2064 4961 lui
2097 4906 2402 4966 incredulus
2431 4903 2638 4961 cmlesti
2663 4904 2871 4966 visioni,
2896 4905 3018 4969 quia
3044 4916 3147 4956 nou
3174 4902 3350 4958 carnis
3371 4911 3424 4956 et
3443 4916 3539 4962 san

1995 5000 2171 5071 guinis
2199 5014 2383 5054 vocem
2415 4997 2614 5060 audivi,
2665 4996 2760 5051 sed
2806 4995 3040 5060 Domini,
3091 5010 3190 5050 nec
3216 4994 3414 5052 contuli
3444 5009 3563 5049 cum

1994 5077 2156 5147 carne
2189 5101 2243 5146 et
2273 5092 2548 5160 sanguine.
2578 5089 2732 5153 Carni
2776 5098 2822 5144 et
2861 5089 3126 5158 sanguini,
3156 5087 3206 5146 id
3243 5096 3354 5152 est,
3383 5087 3564 5156 generi

1997 5177 2138 5239 meo.
2173 5182 2348 5250 Neque
2375 5184 2484 5236 veni
2519 5181 2927 5252 Hierosolymam
2968 5185 3035 5237 ad
3071 5191 3404 5236 antecessores
3433 5194 3566 5233 meos

1997 5276 2280 5346 apostolos,
2313 5274 2402 5334 sed
2430 5274 2531 5327 abii
2560 5275 2612 5328 in
2640 5275 2900 5336 Arabiam,
2922 5282 2966 5326 et
2996 5274 3176 5328 iterum
3205 5289 3428 5333 reversus
3456 5289 3566 5326 sum

2000 5361 2328 5427 Damascum.
2357 5364 2423 5419 Ut
2454 5363 2650 5432 aliquid
2678 5364 2745 5417 ab
2771 5363 2876 5417 illis
2913 5363 3204 5428 discerem;
3247 5363 3340 5418 sed
3372 5364 3438 5416 de
3469 5363 3552 5416 Dav

1999 5471 2178 5512 masco
2205 5455 2310 5511 abii
2349 5457 2398 5508 in
2433 5456 2704 5521 Arabiam,
2735 5463 2790 5512 ut
2813 5454 3059 5508 docerem
3087 5455 3224 5521 quod
3249 5455 3377 5510 mihi
3399 5454 3566 5510 luerat

2001 5546 2312 5600 revelatum.
2346 5545 2540 5599 Deinde
2568 5555 2678 5612 post
2703 5561 2862 5597 annos
2883 5555 2979 5598 tres
3005 5544 3412 5616 Hierosolymam
3440 5547 3550 5602 veni

2006 5633 2127 5696 ideo
2178 5641 2294 5717 post
2342 5649 2507 5687 annos
2551 5642 2688 5701 tres,
2741 5641 2797 5686 ιιι
2837 5633 3227 5703 intelligamus,
3269 5650 3376 5691 non
3423 5635 3575 5706 illum

3071 5747 3145 5816 l9
