3996 6488
441 355 542 408 Γὸτ

1547 355 1839 410 PRIllASll
1882 354 2330 410 ADRUMETANI
2375 353 2584 410 EPISC.

3593 353 3700 410 5"3

440 466 727 538 mdiguisse
767 467 1003 522 doctrina
1026 510 1040 534 ,
1074 467 1194 538 quia
1233 466 1399 521 tribus
1422 465 1529 536 jam
1556 469 1705 519 anuis
1737 469 2012 521 dot-uerat.
2048 472 2088 524 Α
2123 466 2227 519 Sed
2249 477 2448 532 contra,
2473 486 2585 520 cum
2609 468 2868 532 vidissent,
2894 469 3026 534 quod
3046 467 3292 522 creditum
3309 478 3380 522 est
3401 470 3526 521 m'hi
3545 470 3706 524 Evan-

443 560 598 615 Vadit
621 570 712 614 aut
739 561 921 614 videre
946 561 1184 627 Petrum,
1213 561 1424 629 quando
1452 562 1680 614 refertur
1708 571 1940 613 tentasse
1961 576 2019 615 se

439 653 664 722 iungere
710 651 1002 722 discipulis.
1059 652 1241 705 Videre
1286 651 1514 705 Petrum.
1553 651 1782 706 Videntli
1830 654 2016 720 gratia,

441 763 548 799 non
587 744 847 800 discendi.
881 743 948 797 Et
979 746 1147 797 mansi
1190 745 1330 811 apud
1359 761 1473 796 eum
1497 744 1678 796 diebus
1715 745 1797 796 15.
1828 745 2020 796 Susce-

443 847 591 904 ptum
622 851 681 892 se
704 837 771 889 ab
800 836 891 890 illo
931 844 1191 890 mODSIrtl
1218 835 1270 889 in
1296 835 1578 897 cliaritate,
1621 845 1676 888 et
1702 835 1850 887 brevi
1889 844 2022 886 tent-

445 945 575 997 porc
605 929 733 983 nihil
756 929 964 983 discere
991 928 1246 997 potuisse.
1275 929 1446 980 Alium
1475 939 1644 980 autent
1672 928 2022 996 apostolorun

445 1021 546 1072 vidi
579 1021 844 1073 nentinem.
879 1018 954 1073 Ne
1001 1019 1045 1073 si
1078 1036 1183 1073 nou
1231 1036 1257 1071 a
1292 1019 1474 1082 Petro,
1508 1021 1573 1071 ab
1602 1019 1722 1073 aliis
1771 1020 2024 1074 didicisse

447 1112 735 1167 videretur.
772 1111 890 1166 Nisi
918 1110 1164 1165 Iacobum
1204 1115 1421 1181 fratrem
1461 1113 1685 1165 Domini.
1725 1115 1798 1167 Fx
1830 1129 2023 1183 Cogna-

447 1203 592 1256 tione
616 1203 815 1257 Marias.
851 1202 978 1270 Quae
1008 1215 1180 1255 autem
1210 1204 1372 1256 srribo
1399 1205 1535 1256 vobis
1558 1220 1671 1258 ecce
1697 1221 1870 1256 coram
1896 1205 2023 1272 Deo,

444 1294 567 1362 quia
597 1311 696 1347 non
727 1295 962 1348 mentior.
995 1294 1188 1348 Deinde
1215 1296 1325 1346 veni
1359 1297 1407 1348 in
1437 1306 1610 1361 partes
1636 1295 1807 1365 Syria;-
1828 1308 1874 1349 et
1897 1296 2020 1350 Cili-

446 1385 558 1438 ciae.
587 1382 742 1437 Eram
780 1393 949 1437 autem
975 1385 1198 1454 ignotus.
1235 1385 1531 1438 Notandum
1566 1387 1684 1453 quia
1713 1397 1832 1454 post
1866 1389 2029 1441 trien-

448 1475 592 1528 nium
623 1475 750 1529 vidit
790 1475 1022 1542 ignotos.
1049 1473 1207 1529 Facie
1229 1474 1353 1528 Eccl
1384 1494 1406 1529 s
1433 1477 1474 1528 is
1499 1475 1718 1541 Judtea',
1749 1494 1862 1547 qnte
1883 1489 2029 1532 erant

447 1570 501 1622 in
530 1567 752 1624 Christo.
784 1568 1006 1623 Tantum
1030 1581 1202 1622 autem
1234 1571 1470 1622 auditum
1492 1569 1761 1631 habebant,
1787 1574 2031 1641 quoniam

448 1664 537 1728 qui
555 1663 942 1730 persequebatur
959 1679 1048 1717 nos
1069 1664 1367 1732 aliquando,
1386 1680 1516 1716 nunc
1529 1666 1839 1732 evangelisat
1854 1665 2028 1731 ﬁdem,

449 1770 602 1822 quam
617 1755 892 1822 aliquando
903 1754 1346 1822 expugnabat.Qui
1366 1765 1490 1808 tunc
1503 1771 1571 1808 εει
1583 1771 1741 1808 »τδυιη
1757 1772 1818 1808 ex
1835 1755 2031 1810 Judacis

2120 562 2304 628 gelium
2323 561 2710 630 pra-putii,sicut
2735 559 2884 612 Petro
2899 561 3313 614 rirrumcisionis.
3338 559 3397 615 Ut
3418 562 3707 631 pra-dicem

2119 653 2386 719 gentibus,
2410 652 2541 703 sicut
2561 651 2745 705 Petrus
2769 650 2987 705 .ludzcis.
3015 652 3116 714 Qui
3141 654 3272 704 enim
3297 665 3535 718 Oper-atus
3557 666 3630 706 est
3651 658 3707 708 in

2122 741 2466 808 apostolatum
2500 739 2652 793 Petro
2681 743 3100 806 circumcisionis,
3133 754 3367 807 operatus
3395 754 3468 797 est
3499 755 3544 797 et
3581 747 3708 799 mihi

2123 835 2254 886 inter
2285 844 2474 901 gentes.
2502 832 2614 885 Non
2641 834 2718 885 illi
2745 848 2859 886 sum
2888 832 3128 898 inferior,
3153 835 3272 900 quia
3298 836 3362 887 ab
3385 851 3492 888 uno
3517 853 3704 890 sumus

2125 925 2303 989 ambo,
2331 925 2382 976 iu
2409 940 2570 976 unum
2596 924 2945 976 tittnisterittm
2975 925 3232 977 ordinati.
3271 925 3334 977 Et
3360 943 3473 978 cum
3513 945 3708 996 cogno-

2125 1019 2306 1068 vis‘ent
2324 1020 2559 1083 gratiam,
2587 1031 2699 1084 qua:
2725 1017 2846 1067 data
2867 1026 2937 1069 est
2961 1016 3084 1068 mihi
3107 1033 3124 1068 .'
3147 1015 3397 1081 Jacolrus,
3419 1029 3466 1070 et
3491 1019 3710 1088 Cephas,

2127 1124 2169 1162 et
2194 1108 2439 1162 Joannes.
2469 1110 2564 1164 llic
2597 1109 2770 1162 reddit
2804 1125 3043 1176 causam,
3071 1118 3124 1163 et
3157 1111 3396 1175 nomina,
3429 1123 3479 1164 ct
3504 1119 3594 1181 qui
3624 1130 3709 1166 es-

2129 1215 2242 1256 sent
2269 1219 2399 1272 quos
2425 1219 2583 1274 supra
2615 1204 2842 1257 dixerat.
2864 1203 2965 1268 Qui
2987 1203 3280 1256 videbantur
3307 1206 3561 1257 colurnum
3579 1223 3709 1260 esse.

2132 1292 2544 1346 Firmamentum
2595 1292 2868 1352 Ecclesia},
2920 1305 2970 1345 et
3004 1293 3055 1345 in
3105 1294 3299 1362 quibus
3346 1295 3708 1350 incumbebat.

2134 1383 2355 1438 Distras
2383 1385 2634 1437 dederunt
2664 1385 2808 1435 mihi.
2834 1383 3256 1453 Consenserunt,
3292 1385 3361 1440 ita
3393 1402 3490 1439 nos
3511 1387 3712 1443 debere

2131 1476 2349 1529 docere.
2379 1474 2438 1528 Et
2464 1474 2714 1528 Barnabte
2729 1477 3005 1530 societatis.
3029 1478 3200 1530 Ambo
3217 1481 3357 1532 enim
3383 1479 3541 1533 simul
3563 1482 3712 1536 missi

2133 1584 2314 1622 sumus
2343 1568 2410 1620 ab
2435 1566 2635 1636 Spiritu
2661 1577 2846 1621 sancto
2871 1569 3126 1636 gentibus
3152 1569 3497 1639 Erangelium
3525 1575 3714 1638 prmdi-

2133 1677 2274 1714 rare.
2311 1661 2374 1714 Ut
2407 1677 2498 1711 nos
2529 1664 2576 1712 in
2608 1669 2798 1729 gentes,
2834 1661 2931 1729 ipsi
2967 1671 3133 1713 autent
3175 1662 3227 1714 in
3253 1663 3711 1717 circumcisionem.

2139 1755 2347 1816 Essent,
2400 1751 2735 1804 subauditur.
2769 1750 2989 1804 Tantum
3037 1761 3088 1803 ut
3141 1769 3423 1821 pauperum
3471 1771 3715 1808 mimores

448 1845 730 1899 credentes
751 1860 874 1899 suas
907 1844 1170 1899 Ecclesias
1210 1845 1498 1911 habebant,
1527 1861 1622 1900 nec
1649 1845 1730 1900 bis
1757 1846 1844 1916 qui
1879 1857 2032 1902 erant
2063 1851 2108 1909 Β
2134 1860 2376 1896 essemus.
2405 1844 2502 1907 Qui
2551 1857 2644 1895 sua
2679 1842 2969 1895 vendentes
3015 1842 3080 1894 ad
3129 1858 3198 1910 ap
3219 1843 3493 1897 stolarum
3547 1846 3713 1912 pedes

451 1951 516 1990 ex
533 1939 772 2006 gentibus
799 1937 1178 1992 miscebantur.
1201 1935 1269 1990 Et
1291 1936 1344 1991 in
1363 1954 1440 1991 me
1468 1939 1845 2003 clari/imbuat.
1877 1939 1950 1993 De
1975 1953 2033 1993 re

451 2025 655 2081 difﬁcili
673 2027 869 2096 grande
895 2026 1209 2080 miraculum
1239 2035 1340 2079 cst.
1364 2025 1544 2080 Dirum.
1565 2029 1663 2092 Qui
1688 2029 1832 2082 solus
1860 2036 2035 2097 potest

452 2117 519 2172 de
547 2131 884 2186 persecutore
905 2117 1216 2184 Apostolum
1244 2116 1442 2184 lavere,
1467 2128 1520 2172 et
1546 2119 1612 2173 dc
1641 2122 1779 2172 malo
1811 2121 2030 2176 bonum.

521 2206 651 2260 CAP.
683 2223 740 2261 It.
796 2206 992 2282 Deinde
1047 2219 1160 2276 post
1208 2225 1370 2261 annos
1414 2211 1804 2278 quatuordecim
1851 2214 2034 2266 iterum

449 2299 658 2354 ascendi
683 2298 1093 2369 Hierosolymam
1118 2317 1232 2353 cum
1252 2299 1506 2364 Barnaba,
1540 2314 1801 2372 assumpto
1829 2315 1876 2357 et
1898 2302 2030 2357 Tito.

455 2391 680 2457 Quando
709 2390 776 2444 de
800 2393 1055 2444 oneribus
1083 2391 1214 2457 legis
1245 2393 1476 2460 quaestio
1504 2402 1646 2446 mota
1672 2403 1776 2448 est.
1815 2396 2033 2449 Ascrudi

452 2491 623 2535 autem
666 2480 946 2533 secundum
976 2481 1356 2534 reuelationem.
1410 2483 1526 2536 Non
1577 2485 1868 2539 secundum
1913 2503 2035 2555 pro-

457 2575 632 2644 priatn
677 2572 1023 2628 voluntatem.
1057 2573 1121 2626 Et
1164 2573 1356 2626 contuli
1401 2591 1518 2628 cum
1549 2578 1654 2630 illis
1683 2578 2032 2648 Evangeltum.

455 2666 570 2720 Non
597 2665 761 2720 didici
791 2666 859 2720 ab
886 2665 1022 2729 illis.
1054 2665 1148 2719 sed
1199 2668 1400 2721 contuli
1445 2683 1564 2722 cum
1598 2669 1723 2724 illis.
1749 2671 1906 2724 Aliud
1953 2682 2038 2726 est

453 2755 724 2822 conferre,
765 2757 908 2811 aliud
936 2757 1183 2811 discere:
1220 2757 1275 2811 in
1299 2774 1358 2813 er
1382 2760 1722 2815 conferentes
1760 2764 2038 2833 aequalitas

453 2857 539 2905 cst
568 2867 582 2903 :
614 2848 753 2904 inter
784 2850 1064 2905 docentem
1095 2862 1143 2904 et
1176 2850 1472 2906 discentem
1513 2855 1686 2909 minor
1715 2869 1796 2910 est
1828 2859 1919 2911 ille
1949 2860 2034 2928 qui

453 2943 634 2997 discit.
670 2943 819 3010 Quod
850 2945 1078 3014 pradico
1097 2943 1150 2997 in
1171 2946 1426 3014 gentibus.
1457 2947 1610 3014 Quod
1639 2949 1754 3003 sola
1789 2953 1959 3019 gratia
1983 2963 2038 3007 et

452 3033 562 3088 ﬁde
590 3035 884 3089 salventur.
918 3035 1160 3089 Seorsum
1189 3046 1378 3089 autem.
1415 3037 1490 3090 Ne
1522 3039 1642 3092 illos
1673 3039 1915 3110 discipuli
1941 3043 2038 3095 du-

456 3129 630 3182 bitare
661 3137 928 3197 putarent.
960 3125 1058 3180 llis
1082 3128 1170 3194 qui
1192 3128 1490 3182 videbantur
1514 3131 1710 3197 aliquid
1733 3149 1860 3185 esse.
1895 3134 2036 3188 Prte-

2141 1949 2426 2004 posuerant
2459 1952 2470 1985 :
2505 1944 2596 1987 aut
2625 1949 2850 2000 quorum
2889 1933 3025 1988 bona
3057 1933 3268 1988 fuerant
3308 1951 3337 1988 a
3380 1935 3582 1990 ludat-is
3634 1938 3714 1990 in-

2136 2041 2278 2090 vasa,
2309 2025 2444 2078 sicut
2467 2024 2532 2078 ad
2577 2025 2829 2079 llebrzcos
2858 2024 3100 2080 dicitur:
3139 2025 3204 2080 Et
3255 2028 3491 2093 rapinam
3543 2029 3711 2082 bono-

2137 2133 2252 2171 rum
2282 2127 2581 2169 vestrorum
2611 2118 2732 2177 Mm
2781 2117 2976 2186 gaudio
3011 2120 3346 2187 suscepistis.
3384 2119 3532 2186 Quod
3558 2123 3716 2174 etiam

2133 2209 2380 2262 sollicitus
2410 2207 2486 2276 fui
2514 2208 2608 2259 hoc
2650 2207 2818 2276 ipsum
2860 2211 3044 2275 facere.
3073 2206 3128 2261 lu
3179 2209 3326 2262 omni
3363 2210 3584 2277 epismla
3618 2217 3718 2268 hoc

2136 2301 2262 2368 agit.
2289 2299 2410 2352 Cum
2433 2309 2597 2351 autem
2620 2301 2829 2351 uenisset
2853 2298 3047 2364 Cephas
3075 2301 3416 2365 Antiochiam,
3452 2303 3504 2354 in
3530 2306 3717 2372 [acie-ns

2137 2391 2183 2443 ei
2209 2390 2393 2443 restiti.
2428 2387 2735 2441 Galatarum
2784 2387 3067 2444 inﬁrmitas
3115 2392 3374 2459 compulit
3425 2408 3547 2446 eum
3589 2409 3714 2446 nar-

2136 2497 2256 2536 rare
2281 2481 2419 2550 quod
2456 2495 2553 2534 nec
2579 2479 2678 2550 ipsi
2707 2481 2864 2536 Petro
2897 2482 3215 2550 pepercerit,
3237 2484 3518 2537 veritatem
3548 2487 3718 2539 Evan-

2137 2573 2258 2643 gelii
2290 2587 2392 2626 non
2441 2571 2610 2627 libere
2634 2572 2964 2640 defendenti,
2995 2574 3128 2627 sicut
3172 2575 3236 2627 ad
3286 2575 3589 2645 profectum
3614 2578 3717 2632 Co—

2145 2665 2463 2720 rinthiorum
2504 2666 2865 2720 manifestavit
2903 2667 3164 2720 visionem
3203 2683 3360 2736 quam
3398 2669 3555 2724 annis
3585 2685 3720 2739 qua-

2140 2758 2435 2812 tuordecim
2478 2759 2858 2812 occultaverat.
2897 2758 3006 2812 lloc
3053 2770 3232 2814 autem
3279 2771 3448 2816 totum
3499 2763 3632 2832 agit,
3666 2773 3722 2816 tu

2140 2852 2386 2905 ostendat
2417 2867 2478 2906 se
2499 2868 2766 2922 nunquam
2793 2853 3219 2907 circumcisionis
3244 2854 3407 2910 fuisse
3432 2855 3722 2921 fautorem,

2150 2944 2290 2996 sicut
2318 2942 2384 2996 de
2420 2944 2510 2997 illo
2565 2945 2993 3013 pseudoapostoli
3021 2944 3354 3012 jactilabant.
3385 2945 3522 3011 Quia
3551 2964 3722 3010 repre-

2142 3034 2402 3089 hensibilis
2431 3044 2556 3088 erat.
2586 3039 2623 3089 A
2654 3036 2900 3104 gentibus
2927 3053 2942 3089 :
2973 3035 3094 3105 quia
3123 3050 3220 3090 eos
3255 3036 3533 3106 judaiure
3562 3054 3719 3108 coge-

2144 3130 2250 3183 bat.
2291 3128 2448 3183 Prius
2502 3131 2633 3182 enini
2674 3145 2824 3196 quam
2869 3129 3094 3182 venirent
3139 3128 3353 3198 quidam
3396 3131 3459 3182 ab
3497 3129 3722 3195 Jacobo,

449 3221 763 3277 Stantiores.
798 3219 880 3273 Ne
899 3223 1031 3289 forte
1053 3221 1106 3273 in
1126 3236 1335 3273 vacuum
1358 3235 1635 3286 currerent,
1667 3233 1750 3274 aut
1774 3227 2029 3278 cucurris-
2066 3234 2110 3295 ς
2149 3239 2262 3275 eum
2289 3224 2524 3293 gentibus
2553 3222 2750 3275 edebat.
2783 3221 2985 3276 Edebat
3012 3237 3133 3276 cum
3165 3220 3247 3274 his
3269 3222 3359 3291 qui
3381 3238 3445 3276 ex
3472 3225 3724 3289 gentibus

454 3328 587 3365 sem.
619 3305 734 3366 Non
761 3319 845 3364 est
872 3310 1185 3374 dubitantis,
1213 3311 1305 3364 sed
1330 3311 1720 3367 COItﬁt‘tttantis.
1753 3316 1856 3368 Sed
1878 3333 2037 3381 neque

464 3403 629 3468 'J'itus,
653 3407 738 3475 qui
761 3422 954 3458 mecum
975 3414 1102 3468 erat,
1121 3420 1240 3457 cum
1262 3415 1390 3457 esset
1417 3407 1638 3476 gentilis,
1657 3411 1946 3477 compulsus
1966 3422 2040 3462 est

451 3497 777 3552 circumcidi.
804 3497 983 3567 Neque
1027 3512 1242 3567 semper
1275 3499 1610 3566 negationem
1643 3512 1822 3553 secum
1855 3500 2036 3554 habet.

461 3591 568 3646 Sed
609 3603 812 3660 propter
838 3591 1252 3644 subintroductos
1297 3590 1455 3658 falsos
1505 3591 1711 3658 fratres,
1753 3591 1838 3656 qui
1868 3592 2043 3644 subin-

453 3687 727 3739 sroierunt.
806 3683 1003 3737 lleddit
1045 3695 1234 3736 causas
1297 3696 1462 3748 quare
1519 3683 1809 3734 secundum
1859 3682 2040 3735 Latina

461 3775 789 3844 exemplaria
820 3773 1232 3827 circumcideret
1259 3772 1436 3823 Titum
1474 3789 1486 3824 :
1522 3786 1630 3824 non
1677 3775 1796 3838 quia
1835 3773 1906 3824 illi
1937 3773 2044 3823 cir-

461 3866 719 3922 cumcisio
747 3862 1049 3932 prodesset,
1079 3861 1171 3915 sed
1207 3871 1260 3914 ut
1283 3862 1595 3914 scandalum
1625 3863 1904 3916 vitaretur.
1934 3863 2042 3918 Ib:-

465 3964 668 4028 plorare
709 3957 990 4011 libertatem
1020 3965 1264 4017 nostram,
1301 3971 1452 4022 quam
1482 3956 1725 4009 habemus
1761 3959 1814 4011 in
1843 3957 2043 4011 Christo

462 4051 610 4114 Jesu,
631 4059 681 4101 ut
706 4063 796 4100 nos
819 4047 870 4099 in
895 4047 1103 4098 serritut
1133 4062 1180 4097 ut
1211 4047 1509 4115 redigerent.
1537 4047 1650 4113 Qua
1673 4048 1823 4101 liberi
1856 4064 2044 4106 sumus

463 4158 494 4198 a
513 4141 646 4212 jugo
673 4139 822 4208 legis.
867 4139 1061 4203 Quibus
1093 4155 1249 4208 neque
1293 4139 1360 4191 ad
1386 4141 1564 4193 harant
1599 4142 1838 4196 cessimus
1875 4145 2044 4215 s:.bje-

463 4236 641 4302 ctioni,
660 4242 714 4287 ut
735 4232 920 4286 veritas
939 4230 1202 4301 Evangelii
1220 4243 1510 4299 permaneat
1537 4233 1677 4302 apud
1697 4250 1801 4290 vos,
1829 4235 2046 4291 Latinus

467 4328 629 4383 habet
658 4343 669 4379 :
696 4327 899 4394 Quibus
928 4324 996 4379 ad
1027 4325 1210 4378 horam
1241 4325 1525 4390 cessimus,
1551 4335 1607 4380 ut
1629 4327 1926 4396 periculum
1961 4331 2043 4382 vi-

457 4429 725 4481 taremus,
760 4427 815 4472 et
846 4426 1024 4473 essent
1054 4417 1142 4487 qui
1174 4418 1226 4472 in
1260 4418 1414 4472 vobis
1448 4419 1724 4474 veritatem
1767 4421 2043 4491 Evangelii

457 4513 901 4563 conﬁrmarent:
941 4523 1046 4561 non
1101 4508 1317 4577 imp‘eto
1364 4523 1524 4563 sensu
1576 4525 1734 4579 quem
1783 4521 2041 4576 cmperat,

2141 3327 2313 3380 erant,
2341 3315 2516 3369 sciens
2544 3315 2643 3368 sibi
2673 3314 2876 3366 dictum
2901 3329 2931 3366 a
2962 3314 3206 3377 Donnino,
3232 3325 3289 3367 ut
3324 3314 3595 3369 neminem
3627 3315 3724 3369 bo-

2144 3410 2344 3463 minum
2393 3416 2610 3462 vocaret
2655 3405 3007 3460 immundum.
3054 3404 3181 3458 Cum
3234 3417 3403 3459 autem
3443 3407 3720 3470 venissent,

2139 3499 2487 3561 subtrahebat,
2535 3508 2582 3553 et
2611 3497 2909 3568 segregabat
2937 3513 3020 3560 se,
3067 3498 3250 3550 timens
3291 3515 3376 3550 eos
3400 3499 3486 3566 qui
3516 3514 3582 3551 ex
3616 3499 3723 3551 cir-

2141 3591 2451 3644 cumcisione
2471 3599 2636 3652 erant,
2668 3598 2715 3642 et
2746 3587 3065 3654 simulationi
3091 3591 3202 3660 ejus
3232 3597 3597 3642 consenserunt
3625 3605 3724 3642 ca:-

2143 3683 2234 3734 teri
2261 3680 2456 3734 Jndtei.
2488 3679 2600 3733 Non
2631 3679 2831 3732 idcirco
2853 3679 3286 3748 reprelienditur,
3315 3681 3438 3750 quia
3464 3695 3585 3734 cum
3616 3681 3722 3736 illis

2141 3772 2354 3833 edebat,
2387 3771 2478 3824 sed
2507 3771 2628 3838 quia
2665 3785 2722 3825 se
2755 3780 2940 3840 postea
2963 3770 3331 3826 subtrahebat.
3376 3769 3462 3823 Ita
3505 3781 3563 3824 ut
3587 3771 3721 3824 Bar-

2144 3866 2300 3917 nabas
2324 3866 2590 3917 duceretur
2613 3866 2675 3916 ab
2699 3863 2802 3916 il.is
2824 3864 2876 3916 in
2899 3863 3041 3916 illaut
3061 3864 3463 3918 simulationem.
3492 3864 3595 3929 Qui
3618 3881 3723 3916 tne-

2144 3971 2261 4008 cum
2286 3955 2477 4008 missus
2503 3955 2568 4008 ad
2593 3965 2803 4024 gentes,
2834 3954 3037 4010 nullam
3066 3971 3187 4009 esse
3207 3955 3565 4011 differentiam
3595 3973 3725 4026 pra--

2146 4047 2425 4101 dicaverat
2467 4048 2606 4102 inter
2647 4047 2892 4102 Judmum
2938 4057 3096 4117 atque
3142 4050 3418 4118 gentilem.
3453 4050 3562 4106 Sed
3606 4069 3721 4104 cum

2143 4138 2377 4191 vidissem
2396 4139 2530 4209 quod
2559 4155 2660 4192 non
2681 4149 2813 4193 recte
2835 4140 3155 4193 ambularent
3182 4141 3249 4192 ad
3271 4145 3528 4195 veritatem
3552 4141 3724 4196 Eran-

2145 4232 2283 4301 gelii.
2306 4232 2564 4299 Quamvis
2589 4232 2689 4286 hoc
2713 4242 2928 4302 propter
2945 4233 3256 4288 scandalum
3283 4235 3482 4288 faceret
3507 4236 3721 4292 Juda-o-

2147 4339 2285 4388 rum,
2318 4334 2491 4378 tamen
2524 4325 2731 4394 publice
2759 4325 2906 4378 illum
2941 4324 3189 4389 conveni,
3243 4334 3300 4380 ut
3326 4338 3375 4380 ct
3404 4327 3608 4382 ludatis
3635 4344 3722 4382 su-

2149 4415 2349 4482 perbia,
2381 4425 2433 4470 et
2452 4413 2698 4484 gentibus
2724 4414 3030 4484 desperatio
3059 4417 3358 4474 tolleretur.
3391 4416 3516 4472 Diui
3537 4417 3721 4486 Cepit:

2147 4522 2317 4560 coram
2364 4508 2615 4560 omnibus.
2666 4505 2940 4560 Publicum
2989 4507 3302 4563 scandalum
3353 4523 3458 4562 non
3515 4520 3719 4575 poterat

469 4601 630 4653 alium
662 4597 994 4652 introduxit:
1020 4614 1126 4666 quo
1148 4600 1380 4666 expleto.
1416 4601 1554 4654 redit
1590 4601 1653 4654 ad
1687 4613 1941 4670 emptum.
1966 4604 2042 4656 Ab
2070 4597 2121 4658 D
2147 4597 2348 4666 Privata
2373 4597 2573 4652 Saliari.
2605 4597 2664 4653 Si
2695 4607 2749 4650 ια
2775 4614 2889 4650 cum
2917 4599 2988 4651 858
3023 4597 3266 4653 Ιιιόιειηο
3289 4600 3572 4656 Rationem
3605 4602 3720 4656 red-

463 4691 548 4743 itis
576 4698 748 4742 autem
774 4689 862 4757 qui
888 4688 1186 4741 videbantur
1215 4705 1323 4742 esse
1350 4689 1569 4759 aliquid,
1605 4691 1734 4743 nihil
1765 4694 1956 4759 accepi.
1983 4694 2041 4746 Si

471 4783 630 4850 igitur
661 4796 760 4836 nos
808 4781 946 4833 inter
993 4789 1171 4832 tantos
1211 4779 1447 4843 .ludrcos,
1485 4781 1885 4836 imminentilms
1917 4784 2043 4839 hinc

474 4875 598 4927 iudc
633 4872 914 4935 fratribus,
944 4887 1009 4926 ex
1044 4883 1193 4939 parte
1224 4872 1654 4937 conniventibus,
1688 4876 1831 4928 nulla
1867 4879 2042 4943 potui-

463 4981 592 5020 mus
614 4966 661 5019 vi
685 4979 746 5019 ac
774 4952 978 5018 ratione
1003 4964 1272 5030 cmupelli,
1299 4974 1355 5017 ut
1376 4965 1780 5020 observaremus
1812 4968 2046 5022 circum-

467 5059 750 5123 cisionem,
782 5073 939 5127 quam
973 5058 1269 5111 sciebamus
1293 5072 1416 5112 esse
1445 5056 1673 5124 ﬁnitam,
1701 5075 1794 5112 vos
1821 5077 1885 5115 ex
1913 5078 2043 5132 geu-

461 5152 634 5216 1ibus,
669 5164 764 5203 vos
817 5149 868 5202 in
903 5148 1133 5212 Galatia,
1183 5162 1278 5201 vos
1307 5149 1500 5216 quibus
1547 5151 1625 5202 vis
1678 5151 1816 5204 nulla
1853 5155 2039 5210 inferri

475 5252 671 5308 potest,
700 5241 842 5295 ultro
864 5255 892 5294 a
927 5241 1093 5310 gratia
1128 5239 1466 5305 recedentes,
1501 5240 1565 5295 ad
1599 5242 1732 5313 legis
1757 5243 1870 5312 jam
1905 5245 2039 5297 abo-

464 5334 575 5388 iitte
598 5330 974 5386 transcenditis
996 5315 1058 5383 ve
1086 5339 1337 5391 ustatetn,
1353 5342 1404 5383 et
1427 5334 1776 5386 ceremonias
1797 5335 1906 5397 jam
1931 5351 2040 5386 non

468 5421 797 5479 necessarias
824 5420 1162 5476 observatis?
1193 5419 1380 5486 Quales
1401 5423 1675 5489 aliquando
1702 5423 1915 5493 fuerint,
1956 5425 2039 5476 ni-

469 5517 542 5566 hil
572 5531 681 5568 mea
711 5514 936 5567 interest.
968 5511 1080 5565 Non
1111 5511 1238 5564 inibi
1284 5526 1428 5566 cura:
1454 5520 1554 5576 est,
1596 5511 1735 5577 quod
1779 5527 1898 5566 cum
1934 5513 2037 5566 Do-

473 5609 617 5660 mino
657 5604 956 5661 conversati
985 5606 1108 5658 sint.
1149 5603 1286 5658 Deus
1333 5605 1465 5656 enim
1513 5620 1779 5672 personam
1814 5605 2037 5659 hominis

467 5715 568 5752 non
597 5698 777 5762 accipit
804 5712 822 5749 :
853 5697 975 5748 mihi
1020 5706 1188 5750 autent
1229 5697 1318 5760 qui
1363 5694 1659 5748 videbantur
1684 5710 1791 5749 esse
1818 5696 2037 5764 aliquid,

467 5788 597 5843 nhil
624 5786 963 5841 contulerunt.
992 5787 1124 5853 Quia
1158 5795 1368 5855 tempus
1409 5799 1513 5838 non
1547 5785 1849 5855 prtrjudicat
1881 5787 2026 5844 ﬁdei.

2147 4695 2302 4760 didit,
2332 4711 2435 4750 non
2457 4694 2705 4764 iniuriam
2739 4696 2862 4750 fecit
2887 4714 2900 4749 :
2932 4697 2975 4751 si
3008 4708 3063 4752 tu
3085 4715 3192 4753 non
3225 4709 3374 4754 tenes
3394 4702 3540 4768 quod
3567 4715 3719 4756 natus

2147 4800 2229 4847 es,
2262 4785 2530 4854 quomodo
2559 4785 2681 4840 illos
2724 4785 2859 4842 facis
2896 4797 3083 4844 tenere
3121 4789 3262 4858 quod
3295 4791 3402 4843 nati
3426 4807 3531 4844 non
3562 4791 3722 4845 sunt?

2147 4873 2413 4928 Gentiliter
2441 4887 2490 4931 et
2535 4887 2636 4932 non
2662 4875 2886 4932 ludaice
2913 4882 3058 4934 viris.
3083 4880 3198 4935 Non
3228 4896 3293 4936 ex
3322 4884 3599 4952 operibus,
3627 4883 3720 4938 sed

2148 4967 2260 5021 sola
2283 4966 2387 5022 ﬁde
2410 4982 2506 5035 per
2528 4970 2754 5038 gratiam
2774 4970 2934 5024 vitam
2963 4972 3161 5027 habere
3184 4981 3236 5028 te
3259 4975 3420 5028 nosti.
3450 4975 3722 5039 Quomodo

2148 5058 2284 5127 cogis
2312 5070 2480 5128 gentes
2507 5061 2822 5130 judaisare?
2864 5061 2976 5116 Nos
3008 5073 3194 5118 natura
3221 5063 3416 5132 Judtei,
3447 5079 3494 5120 et
3531 5084 3632 5122 non
3660 5084 3722 5122 es

2146 5149 2401 5217 gentibus.
2425 5150 2802 5206 Subtrabendo
2826 5161 2876 5207 te
2896 5162 3144 5222 tauquim
3175 5152 3316 5211 ἅλιον
3348 5158 3472 5227 (hoc
3501 5169 3585 5214 est
3610 5174 3720 5210 ma-

2145 5237 2278 5307 lum)
2306 5239 2503 5309 aliquid
2537 5240 2877 5297 habentibus.
2913 5241 3238 5300 Peecatores.
3284 5246 3487 5301 Tamen
3532 5263 3720 5316 pecca-

2149 5339 2290 5385 tores
2311 5373 2325 5396 ,
2354 5334 2477 5402 quia
2510 5334 2778 5390 conclusit
2804 5335 3106 5406 Scriptura,
3137 5339 3315 5394 omnia
3345 5341 3447 5394 sub
3479 5351 3715 5408 peccato.

2148 5423 2374 5479 Scientes
2404 5434 2572 5478 autem
2593 5428 2732 5497 quod
2759 5444 2861 5482 non
2881 5430 3200 5498 justificatur
3219 5432 3368 5485 homo
3393 5448 3456 5485 ea:
3483 5433 3719 5502 operibus

2147 5516 2290 5585 legis.
2324 5517 2498 5590 Legis,
2521 5533 2626 5573 non
2645 5519 2865 5588 justitie
2894 5524 3166 5590 operibus.
3189 5524 3361 5592 Opera
3387 5535 3562 5578 autem
3593 5527 3721 5593 legis

2145 5606 2500 5672 circumcisio,
2525 5610 2826 5677 sabbatum,
2855 5611 2971 5666 dies
3005 5612 3144 5678 festi,
3180 5616 3523 5682 baptismata,
3548 5628 3602 5669 et
3620 5633 3721 5667 rie-

2145 5705 2276 5760 tera,
2308 5713 2428 5766 qua:
2456 5714 2558 5754 non
2609 5713 2826 5770 propter
2848 5703 3138 5774 justitiam,
3170 5707 3261 5760 sed
3293 5707 3586 5776 occupandi
3632 5727 3724 5775 pn-

2144 5798 2248 5864 pu'i
2277 5800 2441 5868 gratia
2464 5810 2583 5853 sunt
2613 5804 2877 5857 mandata.
2917 5804 3032 5857 Nisi
3055 5823 3143 5873 per
3163 5806 3315 5875 ﬁdem
3336 5805 3458 5860 Iesu
3487 5809 3719 5864 Christi:
