3982 6352
272 295 374 355 580

1110 298 1175 353 IN
1216 294 1599 351 EPISTULA)!
1641 295 1727 347 AD
1767 292 2082 349 GALATAS
2121 294 2639 352 COMMENTARIA.

3406 298 3512 356 590

270 426 319 471 et
339 428 431 468 nos
459 412 513 465 in
537 410 740 467 Christo
764 409 889 464 Iesu
913 411 1189 477 credimus,
1216 420 1269 465 ut
1299 410 1633 479 iustiﬁcemur
1654 424 1717 463 ex
1746 408 1847 475 ﬁde
1873 412 1919 465 Α
1950 420 2109 461 ueros
2137 408 2325 462 oculus
2357 408 2487 461 mihi
2520 407 2746 461 fascinat
2770 407 2959 476 agnOs?
2985 407 3263 474 Quomodo
3290 425 3419 480 ergo
3451 420 3518 465 te.

271 506 483 571 Christi,
506 511 555 560 et
580 520 679 559 non
705 519 768 558 ea:
786 503 1018 571 operibus
1048 503 1191 573 legis,
1220 502 1271 556 id
1310 508 1423 566 est,
1449 500 1605 554 ﬁdem
1628 513 1658 551 a
1686 499 1842 553 Clario

268 608 355 654 sto
403 599 672 653 donatam.
708 596 923 667 Propter
950 595 1087 665 quod
1132 610 1195 649 ea:
1222 594 1456 660 operibus
1476 593 1601 662 legis
1629 608 1732 644 non
1749 591 1842 660 ju-

268 688 572 754 stiﬁcabitur
599 688 761 741 omnis
784 703 923 740 caro.
950 685 1333 754 lloctempore.
1365 683 1523 737 Juxta
1542 682 1838 749 simplicem

271 779 600 834 intellectum
642 776 1063 846 justiﬁcahautur
1106 774 1373 843 quondam
1424 788 1492 827 ex
1545 775 1683 841 tege,
1732 786 1837 825 non

270 871 450 927 omnis
477 885 624 938 caro,
652 869 747 923 sed
775 868 827 922 hi
860 878 1059 921 tantum
1093 866 1336 919 homines
1364 864 1451 932 qui
1481 863 1535 916 in
1564 863 1840 915 I’alrestina

270 969 442 1016 erant.
475 959 625 1014 Nunc
670 969 843 1012 autem
873 972 938 1012 ev
970 956 1073 1011 ﬁde
1115 956 1242 1009 Jesu
1284 954 1478 1007 Christi
1518 951 1840 1023 justificatur

270 1052 448 1105 omnis
469 1065 617 1116 caro,
646 1049 770 1103 dum
795 1048 1030 1102 Ecclesia
1055 1050 1170 1117 ejus
1198 1048 1250 1100 in
1279 1055 1389 1101 toto
1416 1046 1545 1100 orbe
1572 1043 1835 1099 fundatur.

273 1142 426 1209 Quod
451 1141 496 1195 si
524 1149 801 1209 querentes
820 1138 1097 1210 justiﬁmri
1120 1141 1172 1192 in
1202 1136 1426 1201 Christo,
1448 1137 1636 1191 inventi
1666 1153 1841 1189 sumus

269 1244 319 1288 et
340 1234 438 1301 ipsi
464 1244 769 1305 peccatores.
794 1231 850 1287 Si
876 1232 1015 1285 enim
1042 1240 1227 1301 gentes
1259 1230 1387 1285 fides
1408 1230 1521 1283 sola
1547 1244 1650 1282 non
1672 1229 1838 1282 salva-

269 1328 370 1393 vit,
400 1343 496 1382 nec
527 1341 643 1391 nos,
678 1326 797 1393 quia
822 1340 889 1379 ex
940 1325 1191 1392 operibus
1241 1339 1398 1378 nemo
1443 1321 1836 1390 justiﬁcabitur.

272 1417 413 1483 Ergo
455 1415 628 1469 adhuc
657 1425 963 1483 peccatores
989 1428 1192 1473 sumus.
1226 1424 1278 1466 et
1318 1413 1564 1466 Christus
1593 1424 1839 1478 peccato-

271 1522 388 1560 rum
421 1507 661 1559 minister
685 1512 787 1569 est,
835 1512 1082 1572 tanquam
1115 1518 1221 1556 non
1267 1502 1453 1556 valens
1497 1509 1712 1570 peccata
1743 1501 1838 1554 do-

272 1616 422 1655 nare.
454 1598 698 1666 Nunquid
742 1595 969 1651 Christus
1020 1595 1213 1665 peccati
1261 1595 1490 1647 minister
1538 1595 1648 1647 est?
1675 1592 1838 1644 Absit.

270 1691 649 1747 Peccatorihus
674 1687 958 1751 ministrat,
989 1688 1126 1740 sicut
1155 1686 1383 1754 Moyses,
1419 1686 1540 1752 quia
1572 1700 1664 1753 per
1691 1682 1839 1752 Moy-

1943 512 2066 551 nera
2093 506 2227 553 tetas
2255 501 2434 556 noceri
2465 500 2661 554 dicitur
2692 498 2915 564 lasciuo,
2940 500 3017 554 sic
3048 499 3208 553 etiam
3237 498 3438 554 Galatte
3462 501 3515 556 in

1940 585 2137 641 Christi
2164 589 2265 642 fide
2288 605 2457 657 nuper
2486 606 2553 643 na
2582 590 2598 644 i
2628 598 2683 643 et
2714 588 2929 653 nutriti,
2961 590 3188 657 quodam
3222 588 3518 645 fascinante

1939 686 2064 731 sunt
2087 677 2250 732 nociti
2269 680 2310 745 ‘,
2335 680 2678 734 etstomacho
2704 680 2823 735 ﬁdei
2850 680 3086 734 nauseati
3107 694 3122 745 ;
3141 678 3371 749 Spiritus
3398 694 3521 734 san-

1939 769 2010 823 eti
2030 770 2205 824 clbum
2224 780 2596 826 evomuerunt.
2625 774 2752 826 Ante
2775 789 2989 843 quorum
3013 772 3186 826 oculos
3200 770 3350 826 Iesus
3371 771 3521 827 Chri-

1938 870 2046 914 stus
2075 863 2385 931 proscriptus
2442 874 2536 916 est.
2570 864 2774 930 Quibus
2824 872 3028 918 tantum
3060 865 3337 919 manifesta
3381 864 3515 918 facta

1941 960 2024 1005 est
2056 952 2231 1019 passio
2260 952 2376 1019 ejus
2423 969 2507 1007 tne
2551 954 2888 1021 pra-dicante,
2918 962 2976 1007 ut
3016 969 3134 1008 eum
3183 965 3306 1008 ante
3332 952 3515 1007 oculos

1942 1050 2146 1097 vestros
2172 1044 2407 1113 pendere
2430 1046 2705 1112 putaretis.
2738 1046 2800 1100 Et
2829 1049 2882 1100 in
2904 1048 3040 1101 vobis
3070 1048 3367 1114 cruciﬁxus.
3387 1047 3522 1103 Sen-

1944 1133 2161 1188 tentiam
2203 1135 2436 1201 accepit;
2488 1135 2619 1197 sive,
2667 1150 2826 1205 quem
2881 1146 3127 1205 tanquam
3186 1140 3515 1203 dainnatum,

1943 1221 2103 1275 etiam
2136 1238 2276 1276 nunc
2312 1225 2467 1277 vilem
2511 1225 2736 1279 habetis.
2772 1225 2886 1280 Hoc
2934 1228 3097 1280 solum
3143 1244 3174 1279 a
3221 1228 3358 1282 vobis
3406 1228 3519 1281 volo

1943 1310 2154 1364 discere.
2202 1313 2313 1367 Hoc
2341 1329 2501 1366 unum
2534 1328 2628 1367 vos
2660 1314 2961 1384 interrogo,
2994 1316 3245 1384 Spiritum
3278 1325 3517 1371 sanctum

1946 1403 2097 1456 vobis
2126 1404 2254 1470 legis
2275 1420 2437 1470 opera
2478 1406 2740 1471 dederint,
2769 1421 2835 1461 an
2878 1407 3086 1461 auditus
3117 1410 3257 1462 fidei.
3291 1408 3372 1462 Ex
3401 1427 3521 1481 ope-

1941 1493 2078 1547 ribus
2118 1495 2241 1563 legis
2273 1495 2527 1563 Spiritum
2571 1507 2801 1550 sanctum
2829 1499 3115 1567 accepistis,
3142 1517 3207 1552 an
3237 1515 3297 1553 ετ
3337 1502 3520 1555 auditu

1943 1584 2100 1651 ﬁdei?
2120 1584 2173 1638 Si
2189 1601 2253 1639 ex
2271 1584 2372 1639 ﬁde
2387 1586 2641 1653 Spiritum
2660 1588 2962 1657 accepistis,
2980 1590 3103 1659 quid
3124 1590 3275 1643 vobis
3293 1590 3522 1655 amplius

1942 1676 2173 1728 conferet
2200 1676 2320 1729 lex?
2347 1675 2437 1731 Sic
2468 1677 2613 1730 stulti
2644 1680 2781 1743 estis,
2817 1688 2875 1733 ut
2900 1696 3012 1733 cum
3041 1682 3223 1749 spiritu
3250 1682 3516 1746 cmperitis.

268 1796 387 1845 seu,
415 1781 466 1834 id
496 1789 577 1835 est
609 1779 800 1846 legem,
845 1786 998 1831 aucta
1039 1783 1163 1829 sunt
1206 1784 1455 1845 peccata,
1498 1790 1601 1828 non
1640 1774 1836 1829 ablata.
1874 1763 1915 1822 Β
1945 1762 2074 1814 Cum
2101 1764 2269 1819 ,ιυὐωὶ
2300 1780 2404 1818 ιιοη
2435 1766 2587 1821 aliter
2614 1766 2867 1833 Spiritum
2899 1771 3182 1840 accipiant,
3208 1769 3309 1824 nisi
3338 1785 3434 1839 per
3462 1772 3520 1821 fi-

270 1872 333 1927 Si
356 1872 491 1926 enim
517 1887 627 1941 qua:
646 1868 873 1923 destruxi
906 1869 1011 1920 hac
1031 1868 1217 1921 iterum
1241 1867 1460 1935 aediﬁco,
1487 1866 1844 1933 praevaricato-

269 1978 376 2015 rem
407 1978 485 2016 me
523 1961 794 2014 constituo.
825 1957 1069 2012 Destruxi
1102 1956 1232 2012 nihil
1272 1957 1497 2024 amplius
1527 1957 1722 2011 habere
1753 1956 1846 2010 Ju-

270 2051 467 2118 daeum,
515 2052 559 2105 si
590 2049 691 2104 hoc
737 2050 927 2104 iterum
957 2048 1244 2115 reseditlco,
1288 2058 1344 2101 ut
1393 2047 1467 2102 illi
1494 2049 1695 2109 dicunt,
1730 2049 1844 2117 ipse

275 2157 408 2197 tne-.e
435 2142 711 2196 sententia:
738 2141 1032 2209 refragatur
1066 2141 1330 2194 invenior.
1358 2137 1470 2209 Ego
1500 2140 1631 2193 enim
1654 2155 1742 2208 per
1767 2141 1842 2192 te-

270 2247 383 2301 gent
404 2232 503 2303 legi
525 2240 751 2285 mortuus
780 2247 911 2284 sum.
947 2230 1048 2284 Per
1089 2229 1260 2298 legem
1291 2227 1486 2283 Chriui
1516 2231 1704 2294 veteri,
1733 2230 1843 2283 sive

271 2336 367 2388 per
406 2322 570 2389 ipsam
605 2322 773 2387 legem
824 2328 1059 2373 Veterem
1117 2318 1214 2385 ipsi
1268 2327 1507 2371 mortuus
1549 2334 1689 2382 sum,
1720 2320 1842 2381 quia

268 2415 382 2482 ipsa
413 2427 472 2466 se
503 2423 831 2466 cessaturum
865 2410 1133 2479 praedixit.
1166 2408 1232 2463 Ut
1257 2408 1365 2463 Deo
1385 2411 1567 2464 vivam.
1598 2411 1712 2465 Non
1742 2426 1843 2464 saa-

267 2505 412 2560 culo.
443 2503 643 2558 Christo
671 2520 793 2558 cruc
814 2504 949 2570 ﬁxus
978 2520 1092 2557 sum
1118 2505 1276 2558 cruci.
1308 2503 1565 2559 Omnibus
1612 2506 1843 2573 pereatis

272 2604 516 2650 mortuus
543 2610 684 2660 sum,
718 2604 934 2663 propter
978 2592 1119 2662 quod
1168 2595 1250 2648 lex
1281 2594 1399 2647 data
1438 2606 1540 2649 est.
1574 2594 1711 2665 Ergo
1756 2596 1840 2650 lex

274 2686 400 2739 mihi
432 2685 650 2740 minime
672 2685 966 2740 necessaria
995 2697 1094 2738 est.
1127 2683 1253 2737 Vivo
1278 2693 1443 2738 autem
1462 2690 1578 2758 jam
1600 2704 1698 2739 non
1726 2704 1838 2757 ego.

271 2776 386 2830 Non
416 2775 543 2829 vivit
578 2784 727 2830 vetus
770 2774 951 2839 homo,
984 2775 1075 2830 ille
1120 2775 1210 2844 qui
1251 2777 1516 2844 quondam
1548 2777 1756 2831 vivebat
1784 2778 1836 2832 in

274 2870 413 2939 lege,
440 2870 527 2939 qui
559 2869 973 2938 persequebatur
998 2868 1317 2933 Ecclesiam;
1343 2870 1474 2923 vivit
1501 2880 1674 2924 autem
1704 2872 1754 2924 in
1776 2886 1842 2925 eo

270 2958 533 3019 Christus.
563 2959 844 3027 sapientia,
876 2957 1150 3021 fortitudo,
1184 2974 1381 3024 sermo,
1413 2976 1532 3028 pax,
1564 2961 1837 3030 gaudium,

272 3059 328 3104 et
351 3060 558 3103 caetera:
590 3051 833 3115 virtutes,
862 3063 994 3118 quas
1024 3051 1109 3117 qui
1153 3066 1255 3103 non
1304 3050 1482 3114 habet,
1517 3067 1620 3106 non
1665 3061 1841 3122 potest

1943 1854 2087 1922 dem,
2125 1870 2219 1909 vos
2248 1858 2550 1911 econtrario
2576 1860 2775 1926 putatis
2804 1859 2957 1915 vobis
2990 1860 3245 1929 Spiritum
3276 1876 3379 1914 non
3410 1860 3522 1914 suf-

1946 1945 2124 2009 ﬁcere,
2149 1947 2248 2001 nisi
2275 1955 2333 2003 et
2362 1950 2464 2018 legi
2486 1950 2810 2006 subdatuiui.
2836 1951 2989 2005 Nunc
3018 1970 3170 2007 carne
3198 1970 3521 2007 consumma-

1944 2042 2086 2095 mini.
2118 2041 2286 2095 Tanta
2316 2044 2455 2114 passi
2501 2045 2619 2098 estis
2644 2045 2751 2097 sine
2771 2061 2946 2099 causa.
2980 2045 3212 2100 Adverte
3241 2046 3379 2113 quod
3426 2047 3514 2114 qui

1946 2135 2275 2202 Scripturam
2326 2136 2475 2203 juxta
2533 2136 2764 2191 litteram
2824 2139 3098 2205 sequitur,
3155 2140 3517 2192 con~ummari

1946 2239 2107 2280 carne
2155 2226 2369 2281 dicitur.
2402 2228 2464 2282 Si
2517 2238 2681 2282 tamen
2711 2231 2821 2283 sine
2864 2246 3038 2285 causa.
3074 2232 3176 2284 Pro
3220 2229 3431 2285 Christo
3474 2231 3519 2283 si

1947 2317 2086 2383 passi
2115 2320 2262 2382 estis,
2292 2330 2467 2374 tamen
2492 2334 2595 2373 non
2621 2324 2804 2390 gratis.
2834 2322 2947 2391 llic,
2981 2327 3033 2377 Si
3068 2333 3263 2389 tamen,
3294 2339 3398 2378 non
3421 2323 3518 2376 du-

1943 2402 2159 2460 bitantis
2210 2416 2313 2471 est,
2357 2410 2451 2461 sed
2480 2409 2891 2465 conﬁrmantis:
2923 2417 2982 2464 ut
3016 2419 3100 2466 est
3144 2411 3269 2465 illud
3301 2429 3315 2465 :
3354 2412 3408 2466 Si
3442 2420 3521 2464 ta-

1943 2509 2065 2547 men
2094 2494 2300 2563 justum
2333 2503 2417 2550 est
2464 2497 2602 2566 apud
2654 2498 2935 2553 Dominum
2967 2499 3262 2553 retribuere
3311 2501 3392 2553 his
3423 2500 3514 2567 qui

1942 2597 2037 2638 vos
2087 2584 2341 2639 tribulant
2389 2586 2781 2643 tribulationem
2808 2630 2823 2654 ,
2878 2596 2931 2643 et
2973 2589 3124 2644 vobis
3164 2588 3253 2657 qui
3293 2597 3341 2642 tr
3363 2588 3515 2642 bula-

1946 2674 2108 2741 mini,
2170 2676 2408 2744 requiem
2482 2680 2782 2735 nobiscum.
2844 2681 2946 2747 Qui
2988 2698 3104 2751 ergo
3157 2682 3329 2734 tribuit
3381 2682 3518 2736 vobis

1945 2764 2196 2834 Spiritum
2227 2776 2273 2820 et
2305 2778 2549 2835 operatur
2586 2772 2794 2825 virtutes
2821 2772 2875 2825 in
2918 2772 3075 2827 vobis.
3110 2771 3363 2835 Spiritum
3388 2786 3514 2827 san-

1942 2866 2086 2912 ctum
2115 2862 2223 2913 sola
2256 2862 2453 2916 virtute
2482 2865 2788 2934 accepistis,
2812 2866 2897 2934 qui
2930 2881 3033 2919 non
3057 2866 3157 2920 nisi
3186 2882 3214 2920 a
3241 2866 3401 2936 justas
3429 2882 3512 2920 ac-

1942 2949 2154 3017 cipitur.
2191 2951 2372 3007 Justos
2410 2970 2538 3023 ergo
2585 2955 2703 3009 sine
2754 2955 2885 3024 legis
2934 2958 3183 3025 operibus
3232 2957 3394 3011 fuisse
3424 2954 3516 3010 vos

1944 3049 2173 3094 Constat.
2211 3039 2293 3093 Ex
2318 3046 2551 3111 operibus
2580 3045 2723 3114 legis,
2755 3060 2821 3097 an
2851 3061 2917 3099 ex
2944 3047 3126 3099 auditu
3156 3047 3322 3113 ﬁdei?
3361 3047 3512 3116 Legis

270 3139 450 3194 dicere
481 3154 498 3193 ε
527 3138 668 3192 Vivit
703 3147 885 3192 autem
917 3139 969 3191 in
1009 3153 1094 3192 me
1123 3136 1383 3193 Christus,
1411 3139 1523 3194 Hoc
1553 3120 1727 3194 auie‘...
1760 3153 1840 3193 ιο.
1868 3120 1916 3182 C
1947 3143 2129 3196 Opera,
2173 3133 2378 3185 sahhati
2409 3134 2609 3198 otium,
2654 3130 2957 3189 observatio
2995 3137 3433 3199 circunteisionis,
3463 3146 3517 3192 et

271 3239 380 3282 tum
416 3230 515 3282 sub
541 3242 633 3282 sua
661 3241 888 3295 persona
915 3226 1169 3281 adversus
1194 3228 1403 3281 Petrum
1452 3230 1518 3283 de
1547 3229 1705 3284 Petro
1726 3231 1838 3283 dis-

270 3330 435 3388 putat.
474 3317 611 3372 Vivit
661 3334 776 3371 vero
814 3319 866 3370 in
908 3333 990 3370 me
1014 3316 1263 3371 Christus.
1302 3317 1354 3371 ln
1406 3318 1496 3371 illo
1523 3320 1653 3373 vivit
1682 3320 1839 3374 fibri-

268 3421 407 3480 stus,
452 3412 505 3466 in
534 3426 640 3481 quo
667 3411 852 3465 vivunt
877 3412 1104 3465 virtutes
1133 3410 1267 3479 ejus.
1314 3410 1461 3477 Quod
1508 3421 1675 3466 autem
1709 3428 1842 3466 nunc

266 3509 375 3562 vivo
405 3508 457 3560 in
479 3522 648 3560 carne.
680 3507 833 3561 Aliud
861 3506 1020 3562 estin
1048 3520 1208 3561 carne
1239 3520 1379 3568 esse,
1411 3506 1554 3561 aliud
1593 3508 1646 3561 in
1676 3522 1838 3562 carne

265 3597 490 3654 vivere:
522 3597 609 3667 qui
653 3598 797 3651 enim
847 3597 899 3650 in
949 3611 1111 3652 carne
1140 3604 1285 3659 sunt,
1339 3597 1444 3650 Deo
1476 3598 1685 3666 placere
1732 3616 1836 3654 non

267 3696 527 3757 possunt;
559 3689 697 3743 unde
723 3690 786 3742 ad
832 3690 966 3745 bene
990 3689 1230 3744 viventes
1260 3688 1453 3744 dicitur
1483 3707 1497 3744 :
1532 3690 1638 3744 Vos
1662 3705 1837 3747 antem

266 3780 321 3833 in
352 3794 515 3835 carne
557 3795 660 3834 non
704 3781 853 3841 estis.
900 3780 992 3836 sed
1037 3781 1089 3835 in
1120 3782 1329 3849 spiritu.
1366 3779 1429 3836 In
1455 3781 1557 3847 ﬁde
1574 3783 1683 3835 viro
1710 3780 1839 3838 Filii

264 3867 385 3925 Dei.
432 3869 485 3922 In
516 3870 630 3923 sola
663 3868 762 3924 fide
790 3887 802 3921 :
830 3871 951 3938 quia
991 3870 1122 3924 nihil
1160 3870 1330 3926 debeo
1374 3871 1495 3940 legi.
1533 3871 1633 3938 Qui
1662 3873 1838 3927 dilexit

265 3980 363 4028 me,
390 3972 436 4015 et
467 3963 678 4017 tradidit
718 3964 936 4029 seipsum
976 3978 1068 4030 pro
1116 3979 1215 4016 me.
1244 3962 1328 4018 Uti
1363 3963 1535 4019 Patris
1582 3978 1839 4035 suamque

265 4053 465 4108 faceret
516 4052 862 4107 voluntatem.
904 4052 1145 4121 Seipsum
1194 4068 1289 4122 pro
1336 4070 1441 4117 me,
1490 4070 1595 4108 non
1637 4055 1835 4125 aliquid

261 4147 429 4201 aliud.
457 4146 577 4200 Non
606 4145 787 4216 abjicio
816 4147 1033 4216 gratiam
1068 4145 1181 4201 Dei.
1214 4145 1328 4200 Non
1354 4146 1523 4201 debeo
1548 4146 1622 4200 illi
1656 4147 1835 4216 ingra-

266 4245 352 4291 tus
382 4239 632 4298 existere.
664 4237 752 4307 qui
783 4253 865 4291 me
899 4244 1099 4289 tantum
1129 4235 1344 4301 dilexit,
1377 4245 1433 4290 ut
1466 4250 1563 4305 pro
1589 4251 1675 4289 me
1701 4235 1836 4290 mori

265 4342 369 4380 non
401 4336 692 4381 recusaret.
718 4327 926 4393 Ahjicio
951 4328 1091 4379 enim
1120 4327 1369 4391 gratiam,
1399 4326 1441 4379 si
1475 4325 1601 4377 mihi
1633 4326 1733 4379 hoc
1757 4340 1837 4377 so-

264 4417 373 4470 lum
404 4432 506 4468 non
535 4414 749 4468 sufﬁcit.
789 4415 851 4469 Si
902 4417 1035 4466 enim
1065 4430 1153 4482 per
1192 4416 1349 4483 legem
1386 4414 1612 4484 justitia.
1655 4414 1708 4468 Si
1745 4415 1825 4467 lex

1942 3219 2380 3273 caeremoniarum
2411 3230 2622 3289 superst
2649 3230 2742 3276 to.
2764 3222 2908 3277 Sicut
2935 3226 3177 3292 srriptum
3205 3236 3281 3280 est
3305 3242 3323 3279 :
3345 3226 3511 3280 Abra-

1944 3307 2061 3357 ham
2110 3308 2327 3361 credidit
2361 3307 2490 3373 Deo,
2523 3316 2895 3380 et'reputatum
2938 3324 3010 3366 est
3044 3315 3090 3367 ei
3133 3318 3201 3367 ad
3232 3316 3511 3385 justitiam.

1944 3395 2018 3449 Ita
2049 3405 2102 3449 et
2126 3398 2279 3449 vobis
2312 3398 2443 3452 fides
2472 3400 2583 3451 sola
2618 3400 2814 3455 sufficit
2842 3401 2907 3454 ad
2932 3402 3210 3468 justitiam.
3235 3403 3513 3477 Cognosci-

1941 3487 2006 3539 tis
2027 3503 2148 3557 ergo
2174 3488 2293 3557 quia
2318 3491 2405 3558 qui
2435 3505 2498 3542 ea:
2521 3490 2622 3557 ﬁde
2651 3501 2789 3544 sunt.
2815 3492 2936 3545 Sive
2965 3493 3156 3562 Judtci,
3187 3497 3298 3549 sive
3318 3498 3511 3550 (irasci.

1946 3578 2016 3633 lli
2062 3591 2179 3633 sunt
2208 3581 2304 3649 ﬁlii
2333 3582 2571 3635 Abraha'.
2600 3582 2715 3636 Non
2745 3584 2833 3653 qui
2880 3584 3169 3639 carnaliter
3212 3586 3509 3642 circumcisi

1939 3678 2087 3727 sunt.
2132 3670 2408 3727 Providens
2456 3686 2627 3727 autem
2659 3673 2944 3744 Scriptura.
2983 3677 3118 3731 Ante
3143 3679 3349 3734 videns.
3380 3678 3512 3745 Quia

1939 3776 2005 3815 ea:
2031 3762 2135 3833 ﬁde
2153 3765 2411 3834 justiﬁcot
2456 3775 2629 3835 gentes
2677 3765 2838 3833 Deus,
2888 3770 3244 3835 prtenuutiavit
3270 3771 3508 3827 Abrahae.

1938 3855 2056 3910 Non
2086 3873 2152 3912 ex
2186 3858 2462 3928 operibus,
2519 3859 2611 3914 sed
2642 3875 2707 3914 ex
2741 3862 2866 3924 lide,
2910 3876 3070 3931 quam
3120 3864 3233 3930 ipse
3288 3864 3512 3934 inspirat

1938 3948 2106 4017 gratia
2139 3964 2253 4003 sua.
2310 3950 2444 4016 Quia
2498 3949 2858 4005 benedicentur
2904 3952 2959 4005 in
3007 3963 3055 4006 te
3090 3970 3264 4009 omnes
3314 3968 3507 4026 gentes.

1937 4037 2053 4092 Non
2084 4039 2182 4093 soli
2207 4040 2483 4094 Israelita.
2516 4040 2690 4109 Igitur
2708 4044 2796 4112 qui
2826 4059 2888 4096 ea:
2917 4044 3018 4109 ﬁde
3041 4055 3179 4111 sunt,
3214 4048 3521 4103 benedicen-‘

1940 4137 2021 4180 tur
2041 4144 2155 4180 cum
2179 4130 2324 4197 ﬁdeli
2355 4132 2630 4185 Abraham.
2665 4131 2777 4187 Non
2802 4134 2943 4186 enim
2967 4148 3155 4189 omnes
3182 4138 3509 4191 circumcisae

1937 4229 2061 4274 sunt
2087 4232 2296 4289 gentes,
2330 4233 2385 4274 ut
2436 4224 2646 4290 po-sint
2674 4237 2737 4275 ex
2787 4223 3040 4289 cperibus
3087 4224 3349 4278 bent-diei.
3385 4227 3511 4291 Qui-

1936 4328 2131 4379 cunque
2156 4314 2288 4365 enim
2316 4329 2379 4365 ea:
2406 4312 2639 4380 aperibus
2664 4314 2788 4383 legis
2808 4320 2947 4375 sunt,
2970 4313 3061 4363 sub
3086 4313 3353 4366 maledicto
3367 4325 3506 4369 sunt.

1936 4402 2067 4469 Quia
2094 4404 2163 4455 ita
2192 4403 2469 4471 przevaluit
2488 4402 2816 4454 consuetudo
2839 4401 3111 4469 peccandi,
3143 4412 3198 4454 ut
3224 4417 3381 4457 nemo
3397 4403 3508 4472 jam

264 4513 478 4577 poterat
499 4507 813 4574 justificare,
857 4473 1125 4572 superﬂue
1152 4473 1406 4558 Chi-istos
1444 4512 1687 4558 mortuus
1729 4512 1833 4558 est.
1866 4473 1911 4529 υ
1937 4493 2204 4548 ουεῑοάἱδι
2224 4494 2415 4562 legem.
2444 4498 2500 4546 ει
2526 4492 2642 4545 ideo
2670 4507 2772 4546 τιοη
2805 4492 3071 4547 immerito
3096 4492 3374 4561 sultjat'eﬂl
3395 4510 3509 4548 Ina-

270 4596 600 4649 Erubescant
638 4595 725 4664 qui
753 4594 937 4647 dicunt
975 4592 1115 4661 quod
1146 4593 1228 4647 lex
1257 4592 1322 4647 ad
1355 4608 1575 4663 regnum
1607 4594 1833 4648 miserit.

268 4682 409 4753 Ergo
434 4683 656 4738 Christus
674 4684 831 4754 gratis
853 4691 1079 4736 mortuus
1099 4694 1191 4741 est.
1220 4682 1504 4753 Hucusque
1532 4693 1715 4749 contra
1740 4685 1837 4739 Pe-

268 4784 431 4841 trum,
448 4774 528 4828 vel
544 4786 727 4831 contra
752 4762 964 4829 iudicas
993 4790 1006 4827 :
1038 4789 1179 4829 nunc
1204 4774 1267 4829 ad
1287 4775 1501 4830 Galatas
1520 4778 1831 4833 revertitur.

336 4864 464 4922 Car.
497 4880 574 4920 tu.
608 4866 652 4919 0
697 4867 941 4921 insensati
973 4865 1192 4920 Catane.
1226 4866 1340 4921 Non
1379 4876 1463 4921 est
1507 4868 1832 4923 contrarium

265 4959 561 5024 Salvatori,
597 4960 686 5029 qui
728 4960 942 5014 fratrem
974 4959 1172 5014 fatuum
1204 4962 1377 5014 vocari
1410 4961 1684 5030 prohibet,
1726 4976 1833 5016 non

266 5053 409 5107 enim
449 5052 641 5106 dicitur
660 5051 774 5106 siue
801 5066 981 5105 causa.
1032 5052 1231 5106 Stultos
1258 5061 1412 5106 vocat
1436 5054 1554 5122 quia
1586 5056 1831 5122 spiritum

267 5142 423 5211 legis,
467 5151 521 5195 ut
566 5142 791 5196 litteram
822 5140 1111 5209 dijudicare
1161 5156 1264 5195 non
1312 5144 1535 5210 possint.
1571 5145 1694 5210 Quis
1724 5162 1829 5200 ros.

268 5234 397 5299 Quis
424 5231 573 5287 vobis
603 5231 832 5287 invidit!
856 5232 993 5285 sicut
1019 5231 1271 5286 Salomon
1301 5232 1430 5286 dicit
1463 5250 1475 5285 :
1499 5233 1719 5288 Domum
1746 5236 1824 5289 in-

272 5326 381 5379 vidi
410 5325 610 5380 cruciat
636 5326 841 5378 oculus.
877 5319 1177 5377 Fascinavit
1212 5339 1315 5376 non
1364 5316 1566 5379 credere
1601 5327 1834 5381 veritati?

274 5416 373 5481 Qui
404 5414 540 5485 apud
570 5429 666 5469 nos
695 5414 922 5479 invidus,
966 5414 1016 5466 in
1048 5413 1235 5467 Graeco
1276 5415 1652 5484 signiﬁcantius
1682 5418 1835 5485 pani-

273 5516 358 5561 tur
396 5507 719 5580 (βάσκανος)
751 5506 1055 5559 fascinator.
1089 5503 1292 5557 Dicitur
1339 5506 1569 5558 fascinus
1620 5508 1834 5573 pr0prie

270 5596 555 5649 infamibus
577 5608 789 5661 nocere,
812 5600 867 5646 et
893 5593 1036 5647 aetati
1058 5593 1311 5661 parvulze,
1338 5602 1391 5647 et
1418 5595 1480 5649 iis
1496 5595 1583 5660 qui
1609 5597 1832 5650 necdum

273 5693 426 5742 firmo
449 5687 670 5756 vestigio
689 5686 851 5755 ﬁgunt
874 5684 1116 5751 gradum.
1139 5683 1286 5740 Unde
1307 5693 1389 5739 est
1411 5686 1537 5740 illud
1565 5705 1576 5739 :
1602 5688 1727 5754 Quis
1751 5697 1831 5742 te-

1941 4585 2156 4642 ledicto.
2192 4583 2451 4651 Scriptum
2471 4589 2543 4636 est
2572 4583 2725 4645 enim,
2761 4582 3063 4637 Maledictus
3090 4584 3272 4637 omnis.
3304 4584 3510 4652 Quaeri-

1942 4684 2044 4741 tur,
2070 4675 2257 4732 Utrum
2289 4673 2419 4730 fides
2446 4675 2557 4728 sola
2589 4675 2817 4728 sufﬁciat
2843 4672 3166 4737 Christiano,
3196 4683 3272 4738 et,
3316 4676 3503 4732 Utrum

1938 4787 2043 4824 non
2072 4770 2141 4824 sit
2171 4768 2485 4823 utaledictus
2517 4767 2607 4836 qui
2638 4765 2939 4836 evangelica
2969 4776 3231 4835 prmcepta
3262 4783 3364 4822 non
3387 4785 3505 4824 ser-

1936 4868 2047 4915 vat.
2077 4860 2233 4915 Fides
2259 4860 2474 4923 sufficit,
2505 4865 2563 4911 ut
2583 4861 2752 4926 primo
2773 4857 3076 4912 credentem
3094 4867 3148 4912 et
3165 4858 3367 4927 justum
3390 4860 3504 4915 elﬁ-

1937 4958 2062 5024 ciat,
2081 4957 2127 5012 si
2148 4958 2400 5026 deinceps
2419 4956 2470 5009 in
2488 4954 2868 5025 justiﬁeatione
2892 4964 3225 5018 permaneat;
3249 4964 3501 5009 caeterum

1936 5050 2053 5104 sine
2082 5048 2334 5116 operibus
2366 5054 2571 5099 mortua
2602 5052 2709 5111 est,
2740 5045 2834 5099 sed
2858 5043 2978 5098 ﬁdei
3003 5043 3272 5111 operibus,
3302 5060 3405 5098 non
3428 5045 3501 5099 le-

1934 5141 2038 5211 gis.
2070 5140 2169 5207 Qui
2219 5153 2325 5193 non
2366 5138 2540 5193 credit
2568 5138 2700 5203 Deo,
2748 5135 2970 5191 attendit
3007 5134 3293 5203 mandatis,
3324 5144 3379 5190 et
3408 5153 3501 5194 eos

1934 5235 2025 5303 qui
2055 5229 2324 5300 Evangelii
2355 5237 2621 5299 prtecepta
2649 5224 3019 5289 contemnunt,
3050 5227 3362 5283 maledictos
3380 5244 3501 5285 esse

1937 5333 1991 5380 et
2017 5324 2258 5379 Salvator
2285 5321 2496 5378 edocuit
2526 5320 2709 5376 dicens
2737 5337 2751 5373 :
2786 5317 3053 5373 Discedite
3078 5336 3105 5371 a
3137 5335 3240 5383 me.
3272 5322 3499 5377 maledi-

1935 5415 2030 5481 cti,
2064 5419 2116 5468 in
2155 5414 2331 5485 ignem
2375 5420 2655 5467 meritum.
2687 5410 2755 5463 Et
2799 5388 3027 5465 .lacolius
3055 5412 3327 5479 apostolus
3355 5429 3370 5468 :
3398 5403 3522 5481 Qui

1936 5505 2344 5561 unius‘mandati
2371 5515 2734 5572 transgressor
2749 5510 2853 5566 est,
2874 5502 3108 5557 omnium
3131 5517 3279 5558 reum
3300 5519 3359 5560 se
3381 5490 3501 5561 esst:

1937 5596 2275 5652 monstravit.
2302 5594 2405 5649 Sed
2456 5590 2598 5667 istud
2641 5608 2801 5646 unum
2841 5601 3230 5661 transgressum
3270 5594 3501 5651 charita-

1940 5699 2045 5744 tem
2097 5685 2401 5756 intelligunt
2429 5683 2595 5749 docti,
2630 5685 2681 5737 in
2715 5698 2814 5749 qua
2860 5683 3034 5737 omnis
3086 5682 3172 5739 lex
3225 5676 3415 5756 pendet
3445 5693 3513 5743 et

342 5783 370 5815 ’
402 5777 745 5848 Participium
777 5776 1044 5847 passivum
1071 5776 1219 5831 verbi
1246 5792 1423 5843 noceo,
1451 5779 1592 5849 quod
1621 5780 1778 5848 vulgo
1809 5794 1911 5835 non
1941 5780 2042 5834 nisi
2073 5778 2405 5834 intransitive
2429 5778 2673 5832 sumitur.
2711 5775 2861 5830 Eutr.
