3982 6352
301 354 407 409 595

1159 354 1222 407 IN
1263 352 1641 406 El’lS'l'Ol.Abl
1683 351 1772 404 AD
1813 350 2130 406 GALATAS
2169 352 2686 412 COMMENTARIA.

3446 364 3547 419 εάι

296 467 562 523 οἰΐεηειιιιι
588 470 641 521 in
667 485 846 525 eremo
873 470 1069 539 populi,
1099 480 1213 538 post
1240 444 1515 524 adoratum
1546 469 1790 531 vitulum,
1818 478 1873 521 et
1902 470 1947 522 Α
1980 471 2216 523 tuembra
2246 488 2337 539 per
2356 473 2605 541 baptismi
2631 473 3101 531 sauctilicationem
3126 478 3319 544 υσυςιί,
3341 482 3430 536 lilii
3452 485 3546 539 Dei

296 574 541 612 murrinur
568 561 621 612 in
646 561 1043 623 Dominum,lex
1063 560 1502 627 transgressionis
1527 558 1871 622 proltihitoria

304 650 587 703 Successit.
621 651 773 706 Justo
803 651 884 706 lex
918 668 1021 705 non
1052 660 1133 705 est
1162 651 1357 720 posita,
1386 661 1439 704 et
1464 650 1585 704 ideo
1609 660 1713 703 tam
1743 649 1874 702 dura

305 741 571 808 praecipit,
604 752 660 794 ut
684 741 932 797 domaret
969 742 1267 811 superbiam
1297 741 1618 794 Judmorum.
1648 739 1878 809 Propter

303 833 808 900 transgressionem,
824 834 993 902 inquit
1011 852 1023 885 :
1044 848 1162 886 nam
1182 847 1283 886 non
1300 840 1519 901 propter
1535 830 1872 899 justiﬁcatio-

304 933 449 975 trem.
480 921 605 975 llaec
634 921 909 975 audientes
935 921 1317 985 conticescant,
1358 912 1447 989 qui
1480 919 1709 974 delirant
1733 917 1873 987 quod

298 1020 390 1071 ἕεις
422 1030 741 1085 quemquam
775 1029 868 1084 per
904 1030 964 1068 se
993 1013 1058 1066 ad
1090 1027 1309 1081 regnum
1339 1011 1598 1065 cmlorum
1629 1010 1877 1063 transmi-

298 1107 451 1161 serit.
505 1105 757 1159 Ordinata
805 1121 894 1173 per
941 1104 1169 1174 angelos.
1201 1102 1311 1156 lloc
1339 1101 1454 1155 vult
1483 1099 1704 1168 intelligi
1732 1098 1874 1167 quod

300 1201 356 1251 in
385 1198 529 1251 omni
557 1196 740 1251 Veteri
781 1196 1143 1260 Testamento,
1185 1192 1273 1247 ubi
1319 1191 1539 1262 angelus
1574 1190 1876 1259 quicunque

300 1290 372 1343 sit
396 1289 559 1354 visus,
592 1289 644 1342 in
678 1287 765 1341 illo
794 1286 1056 1342 mediator
1081 1284 1418 1353 loquebatur,
1448 1284 1534 1350 qui
1565 1281 1693 1335 dicit
1724 1297 1737 1331 :
1765 1280 1876 1349 Ego

299 1397 421 1433 sum
456 1382 595 1435 Deus
626 1380 913 1443 Abraham,
938 1378 1266 1443 Deuslsaae,
1300 1388 1354 1431 et
1377 1376 1522 1429 Deus
1552 1373 1736 1428 Jacob.
1768 1372 1877 1426 Nec

301 1474 450 1526 enim
498 1472 691 1525 mirum
718 1473 761 1525 si
795 1472 931 1525 Deus
960 1472 1203 1538 loquatur
1233 1468 1285 1521 in
1316 1466 1538 1535 angelis,
1564 1479 1684 1518 cum
1715 1463 1874 1516 etiam

300 1579 401 1629 per
430 1566 647 1632 angelos
669 1564 753 1631 qui
787 1562 839 1615 in
873 1560 1179 1615 hominibus
1200 1567 1323 1611 sunt
1349 1558 1594 1625 loquatur
1618 1552 1874 1606 Dominus

300 1655 357 1707 in
389 1653 680 1721 prophetis,
721 1652 929 1705 dicente
968 1653 1146 1719 Aggeo
1180 1668 1193 1701 :
1225 1648 1295 1700 Et
1331 1648 1405 1700 ait
1433 1644 1653 1713 angelus
1683 1642 1768 1711 qui
1794 1643 1876 1696 lo-

297 1745 565 1812 quebatur
594 1744 647 1796 in
677 1757 794 1807 me;
826 1751 879 1796 et
907 1741 1069 1795 infert
1103 1760 1114 1793 :
1152 1740 1277 1795 llzec
1299 1738 1428 1793 dicit
1457 1738 1712 1791 Dominus
1737 1737 1876 1791 Deus

1982 556 2097 610 sitis
2130 574 2346 615 necesse
2373 575 2474 616 est.
2505 563 2698 634 thuid
2729 579 2855 633 ergo
2884 566 3033 622 vobis
3063 568 3254 639 legero,
3282 587 3402 641 qua
3432 589 3553 641 pee-

1981 649 2249 704 catoribus
2281 651 2401 706 data
2430 663 2530 720 est,
2559 656 2747 723 quibus
2770 654 2878 724 jam
2905 670 3119 724 peccata
3147 662 3367 716 remissa
3394 664 3551 718 sunt!

1983 738 2103 793 Non
2132 752 2207 796 est
2224 741 2436 799 Judteus
2459 762 2618 816 neque
2643 745 2867 803 Graecus.
2901 749 3049 807 Tune
3074 752 3213 806 inter
3236 753 3475 811 Judazum
3498 769 3554 813 et

1983 830 2327 900 proselytum,
2356 834 2514 888 etiam
2546 835 2684 891 inter
2715 838 2904 892 tribum
2935 849 2989 894 et
3016 842 3230 907 tribum,
3259 854 3314 899 et
3353 847 3405 899 in
3437 846 3553 901 istis

1979 920 2228 976 Omnibus
2254 922 2537 981 diversitas
2576 936 2709 981 erat.
2753 929 2873 983 Non
2902 941 2974 985 est
2998 948 3195 997 serius,
3224 950 3380 1005 neque
3405 937 3549 991 liber.

1976 1013 2092 1069 Non
2136 1018 2440 1073 conditione
2478 1032 2814 1088 separantur,
2845 1025 2938 1079 sed
2974 1025 3077 1083 ﬁde
3105 1045 3117 1078 τ
3148 1029 3269 1097 quia
3300 1038 3473 1099 potest
3500 1041 3553 1086 et

1979 1119 2166 1163 servus
2204 1107 2373 1164 libero
2415 1124 2533 1165 esse
2565 1114 2771 1182 melior,
2795 1124 2856 1170 et
2895 1118 3028 1172 liber
3068 1135 3279 1176 servum
3326 1126 3377 1177 in
3427 1124 3551 1178 ﬁdei

1927 1212 1939 1222 -
1977 1195 2229 1263 quaiitate
2258 1209 2597 1267 przevertere.
2632 1202 2750 1256 Non
2773 1213 2846 1258 est
2878 1211 3132 1264 masculus
3156 1228 3313 1279 neque
3340 1214 3548 1282 (tantine.

1981 1289 2166 1342 Omnes
2186 1292 2321 1345 enim
2343 1307 2428 1347 vos
2451 1309 2607 1347 unum
2629 1299 2746 1350 estis
2766 1298 2818 1351 in
2838 1299 3036 1355 Christo
3052 1300 3197 1356 Jesu.
3220 1304 3552 1360 Fortitudine

1974 1386 2032 1432 et
2053 1377 2410 1435 imbecillitate
2438 1398 2721 1454 corporum
2752 1401 3087 1458 separantur.
3124 1394 3384 1449 Cancrum
3419 1396 3551 1451 lides

1978 1468 2030 1522 in
2062 1473 2251 1525 mentis
2277 1472 2559 1528 devmione
2584 1488 2833 1533 censetur
2862 1496 2878 1532 :
2906 1495 3026 1535 nam
3056 1497 3199 1551 saepe
3226 1485 3416 1540 mulier
3436 1486 3553 1539 viro

1979 1561 2039 1617 fit
2075 1578 2234 1617 causa
2275 1566 2478 1619 salutis.
2519 1566 2579 1620 Si
2622 1580 2793 1624 autem
2822 1588 2909 1625 vos
2936 1572 3144 1636 Christi,
3176 1592 3293 1644 ergo
3336 1578 3553 1632 Abs-aha:

1977 1668 2140 1704 semen
2171 1655 2312 1718 estis,
2341 1658 2620 1711 secundum
2660 1661 3040 1726 promissionsnt
3068 1664 3312 1718 hmredes.
3352 1668 3407 1722 Si
3436 1682 3552 1721 cor-

1979 1756 2075 1810 pus
2104 1742 2301 1797 Christi
2336 1760 2496 1798 unum
2537 1761 2720 1801 omnes
2760 1749 2877 1805 facti
2915 1755 3063 1817 estis,
3104 1752 3331 1807 Abrahm
3370 1771 3550 1809 semen

298 1835 663 1904 omnipotens.
716 1832 947 1903 Angelus
998 1847 1282 1900 possumus
1332 1830 1575 1898 accipere
1626 1829 1871 1898 Moysen,
1906 1842 1954 1901 Β
1982 1834 2110 1887 estis
2155 1847 2208 1887 et
2252 1835 2364 1889 veri
2413 1837 2652 1893 heredes
2681 1854 2695 1893 :
2725 1854 2828 1894 non
2872 1856 2937 1895 ex
2972 1845 3169 1898 carnali
3201 1846 3424 1910 semine,
3458 1849 3555 1900 sed

302 1928 479 1979 Aaron
503 1936 556 1979 et
576 1926 760 1991 Josue,
783 1925 870 1991 qui
895 1924 983 1977 Dei
1008 1923 1179 1977 nuntii
1204 1922 1432 1988 fuerunt,
1466 1935 1559 1989 per
1581 1934 1713 1988 quos
1738 1920 1875 1974 Deus

300 2021 476 2084 legem
503 2016 652 2071 dedit
675 2024 729 2071 et
758 2016 1027 2071 ordinavit
1065 2030 1160 2083 per
1203 2013 1443 2081 angelos.
1480 2012 1612 2080 Quae
1656 2012 1740 2066 lex
1783 2026 1876 2080 per

298 2108 522 2174 angelos
550 2106 790 2159 ordinata
822 2115 923 2159 est.
952 2106 1203 2175 Legimus
1229 2105 1370 2158 enim
1401 2104 1620 2173 angelos
1641 2103 1875 2157 adfuisse

306 2197 419 2251 sive
461 2196 645 2266 Moysi,
678 2206 731 2246 ut
761 2195 973 2264 quidam
1005 2203 1208 2263 putant,
1238 2192 1351 2248 sive
1378 2191 1612 2248 Christo.
1650 2192 1781 2246 Nam
1822 2201 1875 2246 et

307 2289 535 2356 Moyses,
585 2288 850 2356 inquiunt,
894 2288 1029 2341 inter
1075 2287 1236 2340 Deum
1284 2297 1338 2340 et
1383 2287 1633 2355 populum
1665 2286 1874 2339 medius

301 2375 425 2431 fuit.
456 2377 587 2431 Nam
614 2377 833 2444 angelus
865 2376 1028 2431 oflieii
1056 2392 1250 2431 nomen
1280 2387 1383 2442 est,
1414 2392 1518 2430 non
1550 2386 1774 2431 naturae.
1806 2375 1872 2429 In

296 2482 454 2520 manu
478 2468 792 2521 mediatoris.
829 2467 881 2520 In
915 2475 1199 2534 potestate,
1230 2476 1283 2521 et
1313 2467 1567 2536 potentia,
1597 2476 1650 2520 et
1676 2466 1873 2521 virtute

294 2559 518 2614 Christi.
571 2558 829 2613 Mediator
870 2573 1039 2613 autem
1074 2561 1226 2613 unius
1269 2578 1371 2614 non
1412 2570 1503 2624 est,
1537 2558 1674 2613 Deus
1705 2570 1871 2611 autent

300 2671 428 2707 unus
451 2662 543 2710 est.
573 2653 677 2707 Lee:
706 2670 825 2724 ergo
849 2655 1091 2707 adversus
1116 2654 1365 2723 promissa
1392 2652 1527 2706 Dei?
1547 2652 1705 2705 Absit.
1735 2653 1873 2707 Sub-

292 2744 512 2798 auditur
536 2745 867 2810 substautiae,
896 2744 979 2798 vel
1003 2747 1157 2798 unius
1180 2745 1374 2812 partis:
1400 2744 1520 2813 quia
1546 2744 1684 2798 inter
1708 2745 1868 2798 Deum

291 2849 352 2892 et
383 2838 628 2892 homines
656 2838 863 2891 exstitit
906 2838 1185 2891 mediator.
1234 2837 1359 2893 Ideo
1405 2847 1580 2891 autrm
1622 2837 1867 2893 addidit:

303 2933 443 2983 Dens
484 2939 659 2984 autem
691 2945 828 2984 unus
854 2940 954 2995 εει,
992 2945 1059 2983 ne
1091 2931 1207 2999 quis
1238 2945 1358 2985 eum
1392 2941 1610 3000 propter
1639 2934 1868 2987 ollieium

292 3022 473 3075 carnis
502 3032 789 3091 assumpta:
818 3022 885 3074 ab
920 3021 1123 3075 unitate
1152 3021 1345 3076 divina:
1376 3022 1683 3077 substantia:
1707 3037 1869 3091 sepa-

294 3121 459 3164 raret.
490 3110 655 3165 Unius
686 3126 790 3163 non
818 3119 919 3174 est,
950 3120 1006 3164 ut
1030 3111 1336 3176 subaudias,
1364 3111 1672 3166 substantiae
1701 3128 1714 3164 :
1741 3112 1862 3180 quia

1974 1942 2039 1979 ex
2061 1926 2237 1980 divina
2267 1930 2641 1997 proiiiissione.

2043 2017 2172 2072 Car.
2197 2032 2263 2071 tv.
2287 2017 2414 2073 Dico
2433 2032 2635 2075 autem:
2658 2023 2860 2088 Quanto
2883 2033 3101 2091 tetnpore
3121 2027 3281 2082 hwres
3302 2028 3548 2096 parvulus

1975 2121 2067 2164 est.
2096 2111 2400 2168 Secundum
2428 2116 2882 2185 comparationem
2912 2126 3138 2181 emptam
3173 2117 3420 2186 loquitur.
3452 2118 3551 2172 Ni-

1976 2202 2051 2254 hil
2070 2202 2243 2267 di/fert
2274 2222 2307 2258 α
2333 2222 2499 2269 servo,
2523 2221 2636 2258 cum
2673 2209 2739 2267 sit
2774 2208 3009 2259 dominus
3040 2208 3296 2274 omnium;
3335 2211 3421 2262 sed
3459 2211 3549 2262 sub

1975 2294 2221 2346 tutoribus
2241 2305 2292 2347 et
2319 2297 2571 2349 actoribus
2602 2306 2673 2348 cst
2699 2312 2858 2365 usque
2876 2298 2944 2349 ad
2966 2298 3275 2364 prie/initum
3301 2309 3494 2366 tempus
3518 2317 3552 2353 ts

1973 2392 2138 2451 patre.
2172 2383 2303 2449 Quia
2343 2385 2397 2439 in
2435 2386 2555 2439 illos
2583 2385 2912 2439 dominatum
2943 2386 3247 2443 Sacerdotes
3267 2397 3321 2442 et
3350 2389 3550 2455 princi-

1978 2488 2075 2542 pes
2102 2477 2445 2542 exercebant,
2488 2492 2625 2551 quos
2676 2487 2877 2534 tutores
2929 2488 2982 2533 et
3035 2489 3245 2535 actores
3292 2482 3546 2549 appellat.

1973 2566 2128 2621 Modo
2176 2578 2351 2622 autem
2400 2585 2505 2624 non
2551 2570 2832 2635 dominari,
2878 2572 2971 2626 sed
3019 2572 3243 2627 fortnam
3288 2575 3548 2628 exhibere

1970 2657 2223 2726 jubentur
2254 2677 2268 2711 :
2298 2658 2418 2729 quia
2447 2670 2634 2715 omnes
2672 2677 2839 2731 genus
2886 2677 3070 2717 sumus
3111 2664 3463 2730 sacerdotale,
3491 2677 3548 2719 et

1972 2751 2151 2805 omnia
2193 2752 2567 2818 communiter,
2609 2755 2851 2823 quamvis
2902 2769 2997 2821 per
3042 2756 3160 2811 iilns
3212 2767 3544 2814 sacramenta

1975 2842 2318 2910 percipimus.
2371 2842 2598 2899 Tutores
2641 2855 2820 2900 autem
2872 2856 2927 2901 et
2974 2856 3184 2902 actores
3230 2860 3447 2917 possunt
3487 2861 3548 2903 et

1976 2936 2244 3005 propheta:
2269 2937 2457 3006 accipi,
2481 2953 2702 3006 quorum
2725 2939 2901 2993 verbis
2922 2939 3155 3008 quotidie
3176 2940 3230 2994 in
3258 2942 3550 2995 adventum

1971 3027 2263 3081 Salvatoris
2287 3029 2683 3092 erudiehamur,
2717 3031 2857 3085 sicut
2893 3030 3207 3102 paedagogus
3250 3035 3333 3088 les
3378 3034 3553 3103 Moysi,

1971 3117 2216 3183 superius
2239 3118 2377 3172 dicta
2399 3126 2500 3172 est.
2530 3120 2692 3173 Recte
2722 3120 2755 3173 ii
2784 3120 2883 3175 sub
2913 3122 3173 3175 tutoribus
3193 3134 3244 3174 et
3271 3122 3544 3175 aetorihus

298 3203 350 3254 in
381 3200 594 3256 Christo
629 3202 764 3256 sicut
792 3216 894 3256 una
927 3216 1171 3269 persona,
1202 3202 1272 3255 ita
1313 3203 1519 3270 gemina
1550 3201 1863 3255 substantia.
1891 3215 1940 3274 (ζ
1972 3222 2088 3261 esse
2108 3208 2375 3273 dicuntur,
2399 3209 2485 3275 qui
2517 3207 2769 3262 habentes
2791 3209 3033 3277 Spiritum
3060 3210 3287 3276 timoris,
3316 3211 3540 3265 necdum

292 3290 359 3344 Si
396 3291 528 3344 enim
568 3292 687 3343 data
726 3300 849 3345 esset
879 3291 961 3344 lea:
988 3309 1101 3360 qum
1134 3301 1303 3361 posset
1332 3294 1602 3360 vivi/itare.
1632 3292 1779 3347 Sicut
1802 3293 1869 3347 ad

301 3383 586 3438 ttniiianos.
608 3383 739 3438 Nam
763 3385 903 3453 quod
933 3384 1261 3453 impossibile
1286 3394 1398 3439 erat
1424 3385 1555 3455 legis
1582 3385 1634 3439 in
1657 3400 1762 3453 quo
1790 3386 1871 3439 in-

294 3473 607 3528 ﬁrmabatur
632 3491 646 3528 :
674 3474 873 3529 scilicet
907 3477 1028 3544 quia
1066 3475 1176 3545 jam
1207 3491 1236 3529 a
1269 3475 1481 3531 nemine
1519 3476 1866 3531 servabatur:

295 3566 343 3618 si
383 3566 524 3621 enim
564 3582 668 3620 non
703 3568 1089 3634 viviﬁeahatur,
1124 3568 1389 3637 quomodo
1418 3578 1659 3624 mortuos
1686 3570 1751 3624 ad
1780 3585 1868 3624 re-

293 3672 457 3726 gnum
488 3657 761 3713 mittebat?
798 3658 920 3713 Vere
946 3676 1007 3713 ea:
1030 3661 1141 3731 lege
1180 3670 1307 3715 esset
1317 3663 1544 3731 justitia.
1577 3661 1869 3716 Hmredita-

301 3760 405 3802 tem
431 3749 690 3817 justitiam
720 3751 1026 3815 nominavit,
1058 3752 1139 3805 vel
1168 3762 1313 3807 certe
1345 3752 1630 3821 justitiam,
1653 3767 1772 3824 quae
1796 3769 1864 3808 ex

291 3841 399 3896 ﬁde
422 3852 503 3895 est
522 3842 653 3896 Novi
681 3843 1027 3897 Testamenti.
1057 3844 1161 3899 Sed
1190 3846 1434 3897 conclusit
1464 3845 1731 3915 Scriptura
1758 3862 1869 3900 om-

296 3932 381 3984 nia
408 3931 498 3985 sub
519 3942 746 4003 peccato.
776 3933 1153 4000 Deprehendit.
1182 3933 1247 3988 Ut
1277 3934 1543 3999 promissio
1569 3933 1695 3989 Jesu
1716 3936 1868 3989 Chri-

293 4023 361 4075 sti
385 4022 590 4075 daretur
618 4023 955 4077 credentibus.
983 4024 1050 4077 Ut
1079 4039 1302 4079 neeesse
1330 4033 1476 4079 esset
1502 4026 1612 4079 sola
1645 4026 1745 4082 ﬁde
1774 4043 1869 4097 per

293 4113 513 4180 gratiam
550 4111 741 4165 salvari
782 4113 1079 4167 credentes.
1123 4111 1278 4166 Prius
1304 4123 1472 4166 autem
1499 4130 1651 4183 quam
1678 4120 1867 4169 veniret

294 4204 441 4271 ﬁdes,
467 4207 556 4258 sub
583 4209 692 4275 tege
717 4205 1146 4259 custodiebantur.
1188 4205 1498 4275 Priusquam
1545 4208 1753 4261 veniret
1779 4208 1866 4263 cui

288 4293 655 4361 érederemus,
680 4298 763 4351 vel
804 4312 897 4365 per
925 4312 1080 4367 quam
1108 4298 1467 4353 crederemus.
1497 4298 1552 4352 Si
1582 4300 1747 4364 venit,
1777 4299 1866 4353 ubi

290 4398 417 4441 sunt
443 4388 529 4456 qui
561 4387 742 4440 dicunt
762 4387 901 4453 quod
926 4402 991 4439 ex
1023 4395 1209 4440 natura
1244 4388 1314 4439 sit
1355 4387 1520 4441 ﬁdes?
1550 4386 1788 4440 Conclusi
1815 4389 1867 4440 in

288 4497 403 4533 eum
446 4481 602 4546 ﬁdem
645 4494 758 4545 qua:
800 4476 1074 4529 revelanda
1118 4486 1246 4531 erat.
1288 4476 1645 4530 Servabamur
1681 4492 1711 4529 a
1754 4477 1867 4546 lege

1972 3306 2279 3351 meruerunt
2308 3297 2551 3365 spiritum
2582 3297 2839 3351 libertatis
2864 3309 2916 3351 et
2949 3298 3251 3365 adoptionis
3280 3301 3541 3369 accipere.

1970 3386 2124 3441 ditas
2152 3387 2290 3441 enim
2349 3385 2582 3440 infantiae
2633 3396 2842 3455 peccata
2872 3388 3151 3453 formidat,
3197 3390 3539 3459 ptcdagogum

1970 3479 2179 3541 metuit,
2216 3492 2324 3530 non
2368 3478 2583 3531 conﬁdit
2625 3492 2684 3533 se
2723 3478 2962 3545 liberam,
2997 3480 3117 3534 licet
3164 3495 3257 3549 per
3302 3491 3543 3535 naturam

1970 3566 2181 3622 domina
2227 3570 2317 3621 sit.
2348 3566 2433 3621 Ita
2466 3579 2512 3622 et
2555 3584 2646 3623 nos
2692 3584 2804 3621 cum
2843 3585 3062 3623 essemus
3102 3570 3319 3640 parvuli.
3364 3570 3545 3627 Potest

1970 3656 2190 3726 intelligi
2229 3657 2459 3726 quandiu
2500 3660 2617 3724 quis
2661 3658 2908 3724 parvulus
2947 3670 3050 3723 est,
3083 3674 3182 3713 nec
3218 3668 3478 3714 statutum
3508 3676 3539 3713 a

1971 3760 2123 3819 patre
2152 3760 2360 3819 tempus
2407 3750 2665 3819 implevit,
2708 3761 2765 3805 ut
2814 3752 2953 3806 ﬁlius
2996 3762 3051 3807 et
3083 3754 3252 3808 haeres
3287 3756 3544 3823 appellari

1968 3855 2145 3913 queat.
2192 3842 2303 3897 Sub
2348 3842 2610 3897 elementis
2633 3843 2793 3913 hujus
2831 3845 3009 3897 mundi
3035 3847 3542 3900 eramuswn'ienm.

1971 3935 2183 3990 Dierum
2209 3942 2265 3988 et
2284 3944 2603 4003 temporum,
2621 3950 2738 4002 quae
2761 3946 2975 4004 propter
2995 3937 3378 4001 inﬁrmitatem,
3401 3948 3453 3992 et
3476 3954 3544 3993 ne

1966 4024 2108 4080 idola
2138 4024 2564 4088 observaremus,
2590 4026 2872 4094 aliquando
2901 4028 3200 4089 accepimus
3233 4045 3248 4082 :
3277 4030 3541 4083 elementa

1967 4113 2151 4168 mundi
2180 4129 2274 4168 eos
2300 4129 2432 4181 quos
2477 4129 2633 4181 supra
2667 4105 2867 4167 tutores
2895 4125 2950 4168 et
2976 4126 3184 4170 actores
3214 4117 3419 4171 dixerat
3446 4132 3539 4184 ap-

1966 4203 2204 4274 peliavit,
2229 4205 2369 4271 quod
2391 4204 2492 4261 sub
2516 4203 2645 4269 ipsis
2666 4205 2891 4270 primum
2916 4207 3227 4272 prtesidibns
3247 4208 3540 4270 constituti,

1966 4295 2091 4362 quia
2138 4294 2365 4349 necdum
2408 4294 2501 4347 lilii
2534 4296 2626 4348 Dei
2654 4298 2719 4351 ad
2753 4307 2848 4348 nos
2883 4308 3074 4360 capere
3116 4301 3417 4358 poteramus
3443 4293 3542 4346 ad-

1969 4390 2208 4436 ventum.
2255 4382 2356 4436 Alii
2399 4384 2659 4437 elementa
2692 4382 2897 4446 mundi,
2922 4382 3114 4435 ctelum
3154 4393 3209 4435 et
3246 4389 3463 4447 terram,
3487 4392 3546 4436 et

1969 4485 2031 4526 ea
2058 4485 2178 4539 quae
2216 4472 2351 4524 intra
2392 4472 2505 4523 hare
2533 4484 2680 4537 sunt,
2708 4472 2976 4526 dixerunt.
3018 4470 3116 4524 Alii
3167 4471 3335 4540 legem
3380 4473 3547 4526 inter-

296 4568 419 4621 huic
448 4567 586 4631 ﬁdei,
617 4581 735 4636 quas
764 4574 882 4621 erat
905 4566 1208 4621 revelanda.
1244 4566 1383 4634 Ergo
1410 4579 1516 4619 non
1544 4575 1626 4621 est
1656 4582 1724 4621 ex
1768 4584 1866 4620 na-
1900 4558 1947 4614 D
1973 4568 2247 4628 pretantur
2282 4560 2567 4625 elementa,
2600 4572 2651 4615 et
2692 4560 2899 4626 eloquia
2944 4560 3322 4628 prophetarum
3353 4576 3368 4617 :
3400 4563 3542 4623 quod

292 4667 432 4721 tura,
460 4673 577 4725 qua:
607 4658 921 4726 quandoque
948 4666 1067 4727 post
1094 4657 1262 4727 legem
1292 4667 1373 4711 est
1401 4657 1653 4712 revelata.
1684 4659 1865 4729 Itaque

294 4749 377 4802 lea:
405 4750 711 4819 ptedagogus
742 4759 911 4802 noster
953 4751 1051 4818 fuit
1080 4752 1133 4803 in
1160 4750 1379 4805 Christo.
1414 4751 1669 4806 Perfecta:
1696 4754 1866 4807 (etatis

290 4840 539 4910 discipuli
570 4856 671 4893 non
704 4841 941 4909 indigent
971 4841 1272 4911 paedagogo.
1306 4842 1376 4896 Ut
1399 4859 1465 4896 ea:
1489 4844 1591 4912 ﬁde
1609 4845 1865 4915 justiﬁce-

294 4946 428 5007 mur.
458 4932 519 4982 At
548 4930 629 4982 ubi
654 4931 781 4983 venit
807 4932 955 4997 ﬁdes,
978 4934 1093 5001 jam
1126 4949 1226 4985 non
1250 4949 1423 4986 sumus
1449 4934 1541 4986 sub
1561 4934 1861 5005 pwdagogo.

292 5019 583 5091 Diligenter
606 5022 843 5085 adverte,
865 5022 1073 5090 quoties
1096 5023 1243 5086 dicit,
1272 5024 1344 5076 Ex
1380 5025 1481 5078 lide
1510 5041 1523 5077 :
1556 5036 1611 5079 ut
1640 5026 1865 5079 confun-

292 5114 483 5167 dantur
522 5111 599 5165 illi
645 5113 733 5178 qui
778 5113 959 5167 dieunt
999 5113 1140 5183 quod
1182 5114 1265 5168 lex
1307 5114 1371 5167 ad
1409 5130 1624 5183 regnum
1656 5118 1864 5171 miserit

290 5206 406 5259 sine
434 5205 719 5273 gratiazet
762 5220 867 5257 non
914 5204 1211 5273 intelligunt
1255 5206 1393 5273 quod
1439 5206 1735 5273 quicunque
1763 5209 1862 5264 sub

291 5297 406 5365 lege
447 5297 629 5350 salvati
672 5306 815 5360 sunt,
862 5297 1025 5364 gratia
1070 5292 1203 5350 sunt
1232 5296 1439 5363 salvati,
1469 5298 1590 5366 quia
1629 5315 1692 5354 ex
1732 5300 1858 5367 fide,

292 5403 447 5456 quam
486 5387 651 5455 gratia
696 5387 895 5440 tribuit.
934 5386 1118 5439 Omnes
1165 5389 1296 5440 enim
1338 5389 1434 5454 ﬁlii
1481 5388 1573 5441 Dei
1614 5392 1730 5444 estis
1774 5407 1864 5457 per

289 5478 442 5547 ﬁdem
472 5478 525 5529 in
554 5474 753 5530 Christo
796 5475 941 5529 Jesu.
990 5476 1187 5531 Omnes
1222 5478 1363 5530 enim
1394 5479 1665 5546 mqualiter
1692 5487 1746 5532 et
1771 5478 1864 5533 Ju-

292 5570 393 5623 drei
421 5578 474 5623 et
502 5577 686 5637 gentes
717 5583 810 5636 per
841 5568 997 5622 ﬁdem
1040 5570 1226 5632 solam,
1258 5586 1359 5638 qua
1395 5569 1535 5623 dono
1566 5569 1655 5624 Dei
1684 5570 1860 5624 credi-

287 5660 358 5713 tis
387 5657 511 5713 Cbri
546 5640 617 5713 to.
647 5659 943 5727 Quicunque
966 5660 1096 5712 enim
1134 5659 1185 5712 in
1217 5658 1419 5713 Christo
1452 5660 1693 5729 baptisati
1719 5662 1859 5727 estis,

284 5748 546 5804 Christum
592 5750 847 5803 induistis.
897 5748 1086 5805 Filium
1139 5750 1228 5805 Dei
1275 5749 1466 5818 induti,
1508 5758 1561 5804 et
1605 5749 1698 5804 toti
1740 5750 1856 5818 ejus

1968 4665 2064 4719 per
2091 4652 2205 4704 haec
2233 4650 2382 4719 quasi
2421 4650 2566 4703 initia
2596 4660 2651 4705 et
2676 4651 2889 4705 exordia
2936 4651 3231 4705 litterarum
3263 4652 3354 4707 Dei
3387 4656 3543 4708 limo-

1967 4755 2102 4805 rem,
2131 4741 2219 4809 qui
2262 4740 2536 4808 sapieutia':
2565 4742 2876 4810 principium
2903 4750 3006 4809 est,
3037 4740 3412 4809 suscipiamus.
3440 4744 3543 4797 Ta-

1968 4848 2088 4887 men
2118 4832 2432 4901 simpliciter
2452 4834 2721 4889 elementa
2746 4850 2841 4903 pro
2864 4834 3053 4889 litteris
3081 4834 3436 4902 accipiuntur,
3456 4842 3540 4891 rei

1968 4924 2056 4978 lex
2079 4934 2134 4978 et
2162 4924 2457 4993 prophetae,
2484 4927 2621 4993 quod
2655 4942 2748 4995 per
2776 4943 2837 4980 ea
2869 4929 3143 4981 initiantur
3171 4928 3413 4982 homines
3445 4946 3459 4981 :
3487 4939 3545 4982 rt

1967 5030 2072 5070 non
2099 5026 2206 5069 tam
2234 5016 2319 5070 sui
2348 5030 2505 5085 quam
2534 5018 2751 5073 alterius
2781 5020 2854 5072 rei
2884 5019 3111 5072 utilitate
3138 5018 3411 5072 discantur
3443 5035 3457 5071 :
3482 5030 3539 5073 nt

1965 5110 2231 5177 possimus
2250 5112 2542 5165 orationem
2580 5112 2755 5179 legere
2776 5120 3104 5175 contextam,
3136 5110 3186 5163 in
3216 5126 3317 5179 qua
3347 5126 3538 5165 sensus

1966 5203 2134 5271 magis
2178 5210 2234 5255 et
2271 5203 2403 5256 ordo
2432 5203 2711 5256 verborum
2754 5218 2912 5269 quam
2957 5202 3244 5255 litterarum
3280 5202 3534 5271 principia

1966 5290 2386 5347 considerantur.
2412 5292 2475 5345 At
2492 5293 2574 5345 ubi
2595 5292 2723 5345 venit
2744 5292 3009 5361 plenitudo
3034 5293 3293 5359 temporis.
3316 5294 3539 5361 Quando

1955 5382 2070 5452 jam
2101 5383 2269 5451 legem
2300 5396 2457 5435 nemo
2499 5390 2705 5450 poterat
2749 5398 2842 5449 per
2877 5383 3311 5437 consuetudinem
3355 5396 3537 5438 custo-

1965 5474 2102 5542 dire,
2128 5474 2209 5527 vel
2238 5473 2376 5541 quod
2409 5475 2461 5526 in
2494 5471 2776 5540 prmseutia
2810 5485 2902 5525 sua
2942 5472 3251 5525 decreverat
3279 5487 3338 5526 se
3368 5474 3538 5527 factu-

1964 5580 2103 5619 rum.
2127 5563 2271 5618 Misit
2297 5563 2435 5617 Deus
2458 5561 2653 5617 Filium
2676 5579 2847 5617 suum.
2888 5562 3069 5617 Missio
3097 5563 3213 5617 Filii
3243 5563 3538 5620 incarnatio

1963 5658 2080 5724 ejus
2128 5654 2453 5723 intelligitur,
2488 5669 2591 5708 non
2632 5653 2912 5707 diminutio
2936 5652 3269 5724 ,majarstatis.
3312 5654 3531 5710 Factum

1962 5764 2026 5803 ea:
2055 5748 2282 5803 muliere.
2314 5746 2521 5813 Mulier,
2548 5760 2652 5800 non
2682 5744 3095 5817 corruptionem,
3119 5746 3214 5815 sed
3236 5760 3423 5803 sexum
3460 5748 3535 5804 si-
