3982 6352
523 376 624 432 395
1618 382 1918 436 l‘lmnSll
1960 376 2409 436 ADRUMETA-Nl
2450 384 2657 443 EPISC.
3673 408 3775 462 596

523 491 757 558 ὄηίηωι,
791 490 1025 562 Denique
1054 492 1161 546 Eva
1184 491 1360 546 statim
1393 502 1446 545 υι
1477 491 1611 545 racza
1645 500 1748 555 est,
1781 493 1973 546 [noner
2001 506 2093 558 ap-
2120 493 2162 546 Α
2195 490 2428 544 ostendit
2473 496 2715 563 angelum
2767 500 3041 570 majorem.
3087 505 3233 562 Sicut
3274 508 3533 565 Christum
3570 510 3773 570 Jesum.

524 582 767 650 pellatur.
797 583 1073 649 Quomodo
1100 583 1198 656 sub
1220 582 1333 651 lege
1361 581 1526 638 iactus
1548 583 1662 638 est?
1692 591 1748 637 ut
1768 598 1861 638 eos
1883 584 1969 652 qui
1992 584 2091 636 sub
2194 576 2307 633 Non
2338 582 2506 637 solum
2534 594 2588 639 ut
2611 589 2878 658 angelum,
2904 595 3025 661 quia
3069 612 3169 652 me
3193 599 3262 652 ita
3308 603 3645 672 suscepistis.
3678 603 3777 658 Ubi

525 672 641 740 lege
668 680 820 727 erant
852 674 1151 727 redimeret.
1184 673 1311 727 Nam
1343 676 1385 727 si
1412 674 1566 728 aliter
1591 674 1780 728 salvari
1811 690 1915 727 non
1944 684 2094 742 pote-

524 772 664 825 rant,
696 764 772 816 sic
811 773 1026 831 prapter
1070 764 1184 816 illos
1223 765 1309 833 qui
1357 765 1462 817 nati
1494 776 1667 829 erant,
1695 781 1760 818 ex
1793 767 2013 820 muliere
2038 774 2093 818 et

524 851 718 906 femina
748 854 889 907 nasci
922 853 1105 906 voluit.
1148 853 1277 907 Nam
1329 864 1381 908 et
1423 856 1740 924 baptismum
1784 856 1904 909 idro
1941 855 2091 921 quasi

526 944 807 1010 paenitens,
832 958 949 997 cum
973 955 1115 999 e~set
1140 960 1169 999 a
1200 946 1429 1013 peccatis
1474 946 1627 1011 liber,
1660 946 1881 1014 accepit,
1906 954 1963 999 ut
1986 960 2092 999 cae-

524 1042 668 1087 teros
692 1033 938 1086 edoceret
967 1033 1297 1089 mundandos
1322 1050 1441 1088 esse
1470 1040 1573 1103 per'
1604 1036 1939 1103 baptismum.
1972 1031 2093 1086 Fa-

521 1134 655 1179 ctum
676 1127 762 1179 sub
787 1128 917 1195 lege,
942 1136 995 1178 ut
1024 1143 1107 1179 eos
1127 1128 1216 1195 qui
1240 1127 1330 1179 sub
1351 1128 1459 1197 lege
1484 1137 1626 1181 erant
1652 1127 1934 1181 redimeret.
1958 1127 2090 1193 Quia

453 1246 457 1251 -
522 1216 565 1269 si
595 1216 696 1269 sub
722 1218 835 1284 lege
862 1216 1028 1270 lactus
1064 1232 1166 1271 nou
1197 1226 1361 1282 esset,
1390 1218 1603 1272 Judteos
1631 1219 1837 1271 salvare
1862 1233 1965 1270 non
1996 1232 2092 1286 po-

522 1315 679 1360 terat.
711 1306 908 1361 Gentes
938 1304 1063 1361 vero
1095 1317 1298 1375 poterat
1324 1310 1521 1376 positas
1544 1308 1642 1361 sub
1670 1308 1782 1378 lege
1808 1306 2087 1360 redimere.

525 1394 591 1449 Ut
615 1397 940 1463 adoptionem
970 1397 1193 1464 ﬁliorum
1218 1398 1568 1467 reciperemus.
1597 1395 1709 1450 Non
1736 1394 1876 1449 enim
1905 1410 2090 1450 otnnes

521 1490 908 1556 recepissemus
933 1490 1293 1557 adoptionem,
1325 1490 1368 1543 si
1401 1489 1569 1542 factus
1598 1489 1698 1543 sub
1728 1488 1843 1556 lege
1872 1502 1979 1541 non
2008 1502 2094 1541 es-

520 1585 621 1631 Set.
671 1578 921 1643 Quoniam
965 1588 1128 1630 autem
1174 1580 1292 1632 estis
1328 1579 1443 1643 ﬁlii,
1481 1577 1615 1630 misit
1657 1576 1791 1629 Deus
1840 1576 2091 1645 Spiritum

522 1663 651 1719 Filii
690 1667 770 1719 sui
817 1667 871 1720 in
913 1670 1064 1721 corda
1110 1680 1270 1722 vestra
1316 1669 1613 1720 clamantem
1654 1682 1673 1719 .'
1702 1667 1862 1729 Abba,
1912 1664 2087 1719 Pater.

522 1755 718 1810 Probat
763 1771 861 1811 nos
904 1758 1041 1811 ﬁlios
1083 1772 1201 1811 esse
1242 1758 1353 1819 Dei,
1393 1768 1450 1809 ut
1487 1757 1728 1824 spiritum
1765 1770 1918 1823 quem
1951 1757 2003 1809 in
2031 1769 2091 1808 se

2192 682 2261 723 est
2300 688 2417 741 ergo
2448 674 2705 731 beatitudo
2731 686 2930 737 vestra?
2970 686 3327 743 Testimonium
3362 694 3496 746 enim
3535 696 3773 764 perhibeo

2193 760 2351 825 vobis,
2380 766 2498 833 quia
2538 767 2580 819 si
2619 768 2733 837 ﬁeri
2770 783 2956 841 posset.
2991 779 3164 831 oculos
3191 789 3379 835 vestros
3418 784 3701 850 eruissetis,
3726 794 3772 839 et

2192 851 2456 910 dedissetis
2481 857 2583 910 mih
2596 861 2625 913 ⁷.
2658 862 2896 918 Ostendit
2924 877 3118 935 quanta
3149 887 3269 925 eum
3296 874 3560 930 charitate
3588 892 3774 931 susce-

2194 945 2388 1011 perint,
2419 957 2472 1002 et
2509 954 2774 1019 quomodo
2808 970 2866 1011 se
2906 966 3043 1014 totos
3084 962 3200 1031 ejus
3235 963 3494 1021 doctrina:
3537 969 3770 1024 tradide-

2191 1032 2320 1097 rint,
2353 1045 2409 1087 ut
2454 1053 2571 1106 qua:
2615 1041 2922 1100 charisima
2969 1056 3096 1103 sunt
3131 1054 3373 1122 corporis
3410 1056 3493 1110 sui
3526 1058 3766 1113 membra

2192 1124 2363 1178 eidem
2394 1126 2520 1181 dare
2548 1143 2822 1199 cuperent,
2854 1153 2959 1207 quo
2988 1141 3072 1194 vel
3115 1141 3192 1196 sic
3226 1148 3539 1214 evangelica
3583 1148 3769 1205 lumini

2192 1217 2359 1271 vicem
2401 1220 2707 1288 redderent,
2751 1226 2797 1279 si
2841 1243 2934 1283 sua
2985 1231 3179 1286 lumina
3224 1236 3589 1293 tradidissent.
3626 1237 3767 1312 Ergo

2192 1306 2421 1363 inimicus
2448 1314 2582 1367 vobis
2609 1316 2774 1384 factus
2799 1336 2930 1384 sum,
2960 1338 3129 1375 verum
3154 1326 3290 1379 vobis
3309 1328 3519 1382 dicens?
3545 1331 3669 1385 llaec
3687 1341 3769 1387 est

2193 1411 2377 1451 natura
2402 1404 2660 1469 veritatis,
2683 1416 2737 1460 ut
2757 1422 2871 1461 eam
2896 1410 3183 1467 inimicitia:
3206 1429 3609 1485 prosequantur,
3628 1421 3765 1475 sicut

2195 1504 2288 1555 per
2315 1491 2665 1548 adulationem
2716 1500 3026 1563 perniciosae
3062 1505 3310 1560 amicitia:
3349 1522 3760 1579 prosequuntur.

2194 1578 2444 1636 Libenter
2470 1586 2610 1639 enim
2643 1591 2782 1656 quod
2813 1590 3046 1648 delectat
3088 1598 3331 1663 auditur;
3359 1578 3582 1658 olfeudit
3607 1621 3762 1661 omne

2192 1673 2331 1735 quod
2376 1674 2620 1732 nolumus
2647 1694 2661 1734 :
2694 1679 2827 1734 sicut
2857 1692 2912 1736 et
2942 1685 2976 1738 ii
3006 1687 3223 1756 diligere
3252 1704 3527 1760 eruperant
3560 1696 3761 1753 sabbati

2192 1763 2380 1828 otium,
2412 1776 2465 1820 et
2494 1768 2697 1824 dierum
2727 1773 2979 1831 festorum
3010 1783 3213 1850 epulas,
3247 1784 3605 1851 prted‘cantes
3630 1804 3758 1843 con-

525 1845 727 1909 habuit,
762 1847 957 1902 Christi
1003 1851 1383 1917 acciperemus,
1412 1848 1756 1911 clamantem,
1787 1846 1839 1899 id
1870 1855 1950 1899 est
1978 1845 2092 1898 Cla-
2128 1852 2166 1909 Β
2198 1862 2273 1906 tra
2299 1856 2629 1923 Apostolum,
2662 1866 2749 1931 qui
2775 1883 2986 1921 omnem
3013 1845 3396 1929 continentiam
3419 1893 3519 1930 suo
3542 1879 3753 1935 docebat

524 1954 670 1994 mare
722 1955 817 1992 nos
861 1938 1161 1993 facientem.
1214 1937 1395 2008 Itaque
1423 1942 1537 2009 jam
1576 1954 1677 1991 non
1708 1954 1757 1991 es
1787 1953 1976 1999 servus,
2006 1938 2093 1989 sed

524 2032 692 2098 filius;
713 2030 904 2101 quodsi
921 2030 1080 2100 ﬁlius,
1098 2042 1144 2085 et
1166 2040 1322 2084 haeres
1343 2046 1430 2101 per
1454 2031 1632 2083 Deum.
1653 2028 1787 2095 Quid
1812 2032 1890 2081 vis
1910 2041 2093 2081 servus

527 2120 661 2183 ﬁeri,
692 2121 781 2189 qui
810 2123 1075 2188 accipiens
1109 2119 1351 2189 spiritum
1396 2120 1535 2186 Filii,
1568 2120 1707 2173 ﬁlius
1737 2128 1789 2173 et
1817 2121 1985 2171 haeres
2010 2118 2090 2171 el-

523 2210 711 2275 fectus,
740 2226 843 2264 non
874 2226 968 2278 per
994 2211 1238 2265 meritum
1271 2212 1537 2278 proprium
1566 2224 1665 2263 nec
1695 2224 1791 2277 per
1818 2208 2092 2262 naturam?

525 2302 632 2360 Sed
674 2314 793 2357 tunc
835 2305 1035 2374 quidem
1071 2305 1357 2372 ignorantes
1397 2301 1583 2356 Deum.
1623 2303 1894 2357 Convertit
1931 2317 1988 2356 se
2022 2301 2089 2354 ad

520 2395 665 2456 illos,
711 2395 813 2448 hoc
853 2405 954 2459 cst,
986 2409 1049 2447 ex
1089 2394 1334 2462 gentibus
1365 2394 1666 2457 credentes,
1696 2404 1749 2447 et
1777 2396 1948 2460 arguit
1974 2394 2091 2447 illos

517 2485 657 2550 quod
686 2484 799 2538 dies
824 2484 984 2538 festos
1008 2485 1175 2538 velint
1198 2493 1251 2539 et
1280 2495 1515 2553 tempora
1543 2483 1762 2539 Judaica
1782 2486 2088 2551 observare,

519 2576 657 2630 sicut
685 2586 837 2628 antea
869 2576 932 2629 ad
968 2576 1106 2629 idola
1160 2577 1438 2630 iaciebant.
1480 2576 1610 2630 Nam
1653 2586 1705 2630 et
1743 2575 1939 2630 ludatis
1970 2576 2088 2630 ideo

521 2666 607 2719 isti
635 2664 750 2719 dies
772 2664 1009 2719 concessi
1032 2675 1177 2730 sunt,
1210 2680 1277 2719 ne
1301 2680 1393 2719 eos
1414 2681 1594 2719 amore
1616 2664 1913 2719 ft'SliviialiS
1935 2665 2088 2719 idolis

517 2755 849 2808 exhiberem.
903 2753 1002 2807 His
1037 2755 1124 2824 qui
1170 2762 1354 2807 natura
1399 2770 1497 2806 non
1525 2762 1643 2807 sunt
1678 2754 1751 2806 dii
1778 2754 2083 2807 serviebatis.

518 2843 673 2897 Nunc
696 2856 862 2898 autem
888 2860 1003 2897 cum
1021 2843 1353 2913 cognoveritis
1382 2842 1564 2907 Deum,
1586 2842 1687 2895 imo
1712 2844 1900 2913 cogniti
1924 2842 2034 2895 sitis
2054 2858 2086 2897 α

516 2933 644 2996 Deo.
677 2935 930 3003 quomodo
954 2934 1299 2986 convertimini
1324 2931 1509 2985 iterum
1538 2934 1604 2985 ad
1634 2933 1840 3001 inﬁrma
1866 2942 1910 2985 et
1928 2948 2089 3001 egena

512 3029 777 3093 elementa,
814 3026 996 3097 quibus
1029 3026 1194 3078 denuo
1221 3025 1404 3077 servire
1433 3025 1620 3079 vultis?
1643 3024 1773 3090 Quia
1801 3039 1903 3078 non
1935 3023 2085 3078 novit

514 3117 722 3187 iniquos
748 3134 761 3169 :
793 3132 896 3170 non
926 3132 1054 3185 ergo
1083 3132 1177 3169 vos
1216 3116 1363 3169 illum
1400 3116 1685 3185 quzesistis,
1721 3116 1814 3169 sed
1846 3115 1936 3169 ille
1966 3129 2079 3170 vos.

510 3205 631 3261 Dies
661 3210 952 3272 observatis,
988 3218 1035 3261 et
1064 3224 1277 3271 menses,
1305 3217 1349 3259 et
1376 3216 1622 3275 tempora.
1656 3207 1764 3261 Nos
1797 3221 1901 3260 non
1926 3206 2081 3262 simi-

509 3299 632 3354 liter
661 3315 676 3352 :
709 3314 814 3353 non
840 3300 980 3353 Cltim
1009 3299 1256 3355 calendas
1284 3301 1529 3363 colimus,
1560 3313 1657 3353 nec
1687 3298 1802 3352 dies
1839 3297 2001 3351 festos
2026 3298 2077 3352 in

511 3389 755 3456 luxuriis,
780 3392 921 3447 sicut
947 3390 1048 3457 illi,
1077 3402 1131 3446 et
1158 3393 1332 3459 epulis
1351 3393 1680 3446 celebramus
1709 3407 1723 3443 :
1751 3390 1842 3443 sed
1872 3394 1922 3442 in
1951 3405 2076 3460 azy-

509 3481 609 3537 mis
633 3482 953 3537 sinceritatis
973 3492 1029 3537 et
1055 3484 1315 3539 veritatis.
1343 3483 1405 3536 Et
1434 3499 1615 3535 annos.
1645 3481 1799 3535 Forte
1822 3482 1890 3535 de
1917 3484 2082 3549 septi-

508 3589 596 3627 mo
625 3574 956 3629 remissionis
982 3589 1123 3627 armo
1152 3574 1303 3638 dicit,
1334 3581 1426 3626 aut
1450 3573 1515 3627 de
1540 3572 1995 3642 quinquagesimo,
2024 3572 2077 3625 id

504 3672 589 3718 est
631 3665 867 3732 jubilmo.
899 3664 1076 3717 Timeo
1111 3681 1173 3717 ne
1202 3668 1332 3733 forte
1356 3665 1464 3718 sine
1489 3680 1641 3717 causa
1668 3664 1996 3716 laboraverim
2023 3665 2077 3717 in

506 3756 661 3807 vobis.
690 3755 829 3809 Nihil
860 3756 1000 3809 enim
1036 3757 1229 3824 profeci
1260 3756 1594 3811 Christianos
1619 3772 1712 3809 vos
1738 3757 2001 3820 faciendo,
2030 3756 2075 3810 si

506 3843 604 3896 ista
634 3843 822 3897 iterum
851 3844 1165 3899 observatis.
1195 3844 1367 3899 Estote
1386 3847 1514 3900 sicut
1539 3862 1650 3915 ego.
1681 3845 1860 3900 Sancti
1884 3852 2074 3911 estote,

503 3940 558 3985 et
582 3933 890 4000 perfectiora
923 3936 1112 4003 sapite.
1145 3936 1277 4002 Quia
1305 3945 1351 3989 et
1373 3954 1465 4007 ego
1495 3938 1623 3989 sicut
1644 3951 1749 3990 vos.
1790 3936 1958 3989 Homo
1984 3936 2073 4005 qui

503 4024 620 4079 sine
639 4028 851 4094 querela
880 4027 981 4080 vixi
1008 4029 1056 4081 in
1084 4029 1218 4096 lege,
1241 4029 1417 4081 omnia
1447 4035 1504 4081 ut
1528 4038 1759 4082 stercora
1784 4029 2072 4083 arbitratus

500 4130 639 4181 sum,
670 4124 728 4169 ut
754 4115 1021 4172 Christum
1057 4120 1441 4173 lucrifacerem.
1476 4118 1707 4181 Fratres,
1731 4120 1935 4173 obsecro
1962 4136 2070 4187 vos,

498 4207 629 4262 nihil
647 4224 726 4261 me
754 4207 974 4266 larsistis.
1007 4210 1076 4265 Ut
1100 4212 1290 4265 merito
1317 4211 1512 4280 putetis
1543 4226 1627 4264 me
1654 4210 2068 4276 inimicitiarum,

496 4306 550 4351 et
579 4312 682 4351 non
717 4300 900 4353 salutis
925 4310 1114 4355 vestrae
1140 4316 1298 4356 causa
1330 4305 1551 4357 moveri.
1591 4302 1757 4355 Laadit
1783 4302 2071 4369 discipulus

497 4388 828 4455 magistrum.
862 4391 905 4443 si
938 4406 1033 4459 per
1062 4392 1432 4461 negligentiam
1463 4406 1609 4445 suam
1639 4402 1895 4461 praecepta
1924 4392 2071 4447 labo-

495 4488 714 4542 remque
739 4478 852 4540 ejus
895 4479 1119 4544 spernit.
1166 4480 1318 4534 Scitis
1345 4494 1511 4534 autem
1538 4483 1658 4550 quia
1685 4499 1774 4551 per
1799 4482 2071 4548 inﬁrmita-

496 4571 595 4614 tem
615 4565 782 4615 carnis
808 4569 1146 4635 euangelizavi
1175 4571 1310 4623 vobis
1340 4572 1673 4640 jampridem.
1704 4571 1828 4626 Sive
1866 4572 2069 4639 passio~
2096 4574 2146 4633 D

495 4667 655 4716 num,
704 4656 815 4708 sive
863 4659 1151 4711 naturalem
1204 4660 1562 4715 inﬁrmitatem
1609 4662 1793 4730 :.quia
1841 4662 2069 4717 habebat

495 4740 803 4796 thesaurum
838 4744 888 4798 in
918 4745 1057 4797 vasis
1090 4748 1352 4802 ﬁctilibus.
1388 4750 1487 4803 l‘er
1510 4750 1868 4806 inﬁrmitatem
1891 4752 2067 4805 carnis

490 4831 667 4894 ducet,
700 4834 787 4900 qui
815 4834 963 4897 dicit,
989 4837 1031 4889 si
1056 4851 1114 4890 se
1142 4852 1243 4891 non
1267 4840 1558 4905 continent,
1594 4841 1788 4893 nubant
1817 4859 1830 4896 :
1858 4844 1961 4896 hoc
1984 4851 2067 4896 est

492 4922 770 4979 humiliora
803 4942 891 4995 pri
910 4940 1060 4998 cepta
1083 4929 1203 4985 dedi
1230 4934 1403 4995 vobis,
1423 4934 1571 5002 quasi
1601 4935 1850 5001 parvulis.
1884 4938 2064 4992 Potest

399 5034 407 5043 '
486 5032 542 5076 et
571 5023 639 5077 ita
668 5027 830 5095 accipi
863 5042 878 5080 :
906 5028 1117 5097 quando
1149 5030 1265 5083 veni
1310 5030 1374 5083 ad
1421 5045 1534 5095 vos,
1568 5049 1670 5086 non
1702 5036 1819 5089 veni
1849 5036 1903 5089 in
1942 5051 2061 5090 ser-

484 5129 646 5170 mone
685 5117 977 5185 sapientite,
1016 5119 1107 5173 sed
1155 5120 1368 5174 humilis
1407 5130 1568 5191 atque
1602 5134 1959 5192 contemptus.
1994 5124 2061 5178 Et

487 5218 806 5272 tentationem
835 5230 1046 5273 vestram
1086 5223 1137 5276 in
1178 5241 1329 5278 carne
1358 5241 1467 5279 mea
1497 5241 1596 5277 non
1628 5227 1883 5294 sprevistis
1903 5242 2059 5295 neque

484 5317 765 5382 respuistis.
802 5315 1028 5373 Grandis
1054 5323 1276 5376 tentatio
1304 5334 1387 5377 est
1416 5323 1709 5391 discipulis,
1738 5325 1780 5376 si
1810 5324 2059 5392 magister

483 5415 575 5460 aut
602 5406 919 5473 inﬁrmetur,
948 5419 1038 5464 aut
1075 5413 1290 5480 impune
1341 5414 1580 5468 ltcdatur.
1624 5414 1729 5468 Sed
1770 5414 1888 5468 ideo
1916 5414 2002 5470 hic
2026 5431 2056 5470 a

483 5493 594 5549 Deo
624 5496 722 5550 ista
753 5498 860 5566 pati
890 5503 1285 5569 permittuntur,
1311 5513 1369 5557 ut
1394 5506 1639 5559 virtutem
1671 5505 1721 5557 iu
1748 5504 2057 5563 inﬁrmitate

485 5588 778 5655 perﬁciant.
805 5599 861 5646 et
885 5604 939 5646 ut
961 5598 1351 5664 corruptionem
1375 5598 1664 5650 sentientes
1695 5597 2051 5660 incorruptam

481 5680 641 5731 vita-u
690 5680 873 5752 majori
915 5684 1103 5740 ardore
1130 5685 1456 5739 desiderent.
1502 5686 1609 5740 Sed
1650 5686 1780 5740 sicut
1817 5687 2053 5758 angelum

482 5769 575 5826 Dei
612 5775 873 5846 rxrepistis
911 5791 1006 5828 me.
1048 5772 1177 5827 Cum
1209 5789 1266 5829 se
1292 5777 1479 5844 angelo
1508 5785 1867 5846 comparatum
1899 5777 2048 5846 dicit,

2192 1949 2454 2016 exemplo.
2489 1950 2823 2010 {Emulautur
2849 1975 2936 2012 vos
2964 1977 3063 2015 non
3094 1965 3216 2018 bene
3237 1981 3255 2019 :
3274 1967 3362 2020 sed
3392 1971 3658 2025 excludere
3678 1990 3751 2027 vos

2192 2041 2385 2101 volunt,
2410 2052 2461 2094 ut
2485 2043 2599 2097 illos
2621 2050 2951 2105 wnm’emini.
2984 2052 3229 2111 Amullius
3257 2069 3311 2112 et
3339 2059 3577 2116 imitator
3606 2064 3748 2119 intel-

2194 2128 2280 2196 ligi
2315 2142 2508 2199 potest,
2539 2142 2592 2187 et
2620 2138 2863 2193 inimicus
2893 2153 2945 2195 et
2976 2144 3201 2201 invidus.
3238 2147 3351 2202 Non
3380 2151 3518 2207 bene
3547 2160 3749 2209 :cmula-

2194 2231 2274 2271 tur
2294 2224 2403 2290 qui,
2438 2236 2489 2277 ut
2518 2225 2677 2279 alium
2705 2229 2937 2298 dejiciat.
2968 2250 3073 2288 nun
3100 2252 3129 2288 ιι
3181 2240 3291 2301 ipse
3313 2242 3577 2306 proﬁciat.
3601 2261 3750 2298 ternu-

2190 2312 2346 2366 lalur.
2387 2313 2585 2369 Bonum
2626 2328 2794 2372 autem
2837 2325 3149 2379 a'mulamini
3194 2330 3244 2381 in
3285 2332 3416 2385 bona
3463 2352 3673 2405 semper,
3708 2345 3749 2389 et

2190 2419 2289 2454 non
2320 2415 2511 2457 tantum
2543 2424 2656 2460 cum
2694 2428 2913 2477 prtescns
2948 2432 3062 2468 sum
3102 2422 3241 2488 apud
3284 2438 3391 2475 ros.
3433 2423 3608 2479 Nolite
3647 2427 3751 2481 illos

2189 2498 2442 2554 annulari.
2466 2499 2558 2552 sed
2593 2500 2783 2554 bonum
2807 2519 3018 2574 semper
3040 2511 3377 2578 mmulamini,
3401 2516 3597 2568 nonad
3625 2528 3749 2570 tetu-

2190 2600 2305 2651 pns.
2336 2585 2515 2642 Filioli
2546 2595 2663 2657 mei,
2688 2610 2809 2660 quos
2841 2597 3021 2651 iterum
3050 2604 3299 2668 parturio,
3330 2607 3431 2658 don
3464 2624 3493 2658 e
3515 2614 3752 2676 formetur

2188 2678 2416 2732 Christus
2438 2682 2488 2734 in
2516 2686 2673 2738 vobis.
2708 2687 2806 2739 l’er
2839 2687 3179 2759 Evangelinm
3214 2695 3264 2746 in
3298 2697 3466 2749 lucem
3499 2701 3748 2766 prodireti,

2187 2778 2242 2821 et
2281 2785 2374 2837 per
2402 2772 2696 2829 doctrinam
2738 2781 2926 2846 geniti.
2979 2785 3224 2839 Ostendit
3252 2803 3345 2855 per
3392 2792 3748 2857 paenitentiam

2188 2875 2341 2925 posse
2371 2865 2596 2919 renasci.
2632 2866 2825 2921 lterum
2868 2887 2953 2926 me
2979 2873 3215 2929 dolorem
3248 2879 3510 2933 sustinere
3533 2883 3746 2938 fecis'is.

2185 2948 2239 3002 In
2287 2951 2377 3004 illo
2425 2968 2552 3008 vero
2601 2955 2849 3014 Christus
2897 2961 3177 3030 formatur,
3215 2969 3305 3037 qui
3348 2970 3587 3025 virtutem
3624 2974 3746 3028 ﬁdei

2183 3040 2297 3108 ejus
2325 3041 2608 3114 intelligit:
2644 3051 2694 3102 in
2725 3067 2830 3120 quo
2870 3054 3043 3108 omnis
3074 3061 3403 3114 conversatio
3424 3063 3535 3130 ejus
3562 3065 3742 3131 expri-

2185 3131 2347 3186 mitur
2375 3142 2533 3204 atque
2562 3139 2887 3209 depingitur.
2932 3143 3211 3201 Formatur
3238 3150 3482 3205 Christus
3510 3155 3560 3207 in
3588 3156 3747 3211 corde

2108 3207 2153 3267 C
2185 3222 2537 3290 credenteum,
2568 3244 2686 3283 cum
2720 3235 2897 3287 omnia
2936 3236 3040 3290 illis
3069 3252 3397 3295 sacramenta
3430 3246 3744 3315 panduntur,

2182 3321 2237 3366 et
2261 3331 2320 3368 ea
2344 3332 2459 3385 quae
2481 3320 2705 3375 obscura
2730 3326 3043 3381 videbantur
3073 3333 3345 3400 perSpicna
3371 3335 3523 3395 ﬁunt.
3562 3336 3745 3393 Vellem

2180 3417 2346 3461 autem
2389 3426 2498 3464 esse
2537 3415 2676 3483 apud
2719 3432 2805 3471 ros
2842 3422 3013 3474 modo.
3044 3424 3173 3489 Quia
3205 3426 3439 3481 scribere
3472 3437 3622 3484 tanta
3651 3448 3741 3485 non

2182 3510 2396 3561 possunt
2424 3509 2617 3567 quanta
2647 3518 2740 3558 vos
2766 3508 2950 3564 audire
2978 3511 3260 3567 miremini.
3293 3515 3357 3567 Et
3387 3530 3641 3573 maturem
3666 3538 3741 3575 ro-

2179 3602 2285 3638 cem
2312 3604 2493 3642 meam.
2528 3593 2717 3648 Vocem
2748 3596 3063 3655 blandientis
3102 3605 3267 3669 patris
3295 3608 3345 3659 in
3377 3606 3613 3665 furorem
3644 3627 3745 3665 ma-

2179 3679 2329 3745 gistri
2363 3691 2621 3738 verterem
2651 3692 2945 3751 arguentis.
2974 3695 3214 3749 Doctrina
3245 3697 3539 3768 Scriptura:
3564 3705 3743 3759 divina

2179 3769 2405 3824 u-diltcat
2433 3782 2487 3825 et
2529 3777 2777 3842 delectat,
2809 3783 2899 3835 sed
2951 3786 3116 3838 multo
3163 3790 3277 3855 plus
3317 3793 3561 3858 prodest,
3607 3795 3649 3849 si
3685 3796 3741 3849 de

2180 3861 2368 3917 litteris
2397 3878 2635 3922 vertatur
2662 3871 2713 3922 in
2737 3886 2943 3929 vocem.
2977 3876 3215 3946 Magnam
3244 3880 3507 3949 siquidem
3531 3889 3636 3937 vim
3661 3886 3743 3939 ha-

2178 3952 2266 4007 bet
2290 3970 2390 4009 vox
2425 3957 2564 4020 viva,
2601 3976 2720 4027 qtae
2757 3965 2835 4017 sic
2877 3969 3177 4036 exponitur,
3209 3975 3478 4040 quomodo
3506 3977 3558 4029 in
3590 3980 3743 4033 corde

2174 4053 2475 4112 generatur.
2522 4048 2771 4113 Quoniam
2801 4057 3083 4125 confundor
3112 4061 3163 4113 in
3202 4062 3361 4117 vobis.
3405 4064 3575 4120 Dicite
3602 4068 3738 4135 mihi,

2175 4139 2259 4200 qui
2286 4140 2378 4192 sub
2409 4139 2514 4208 lege
2537 4144 2686 4196 vultis
2715 4162 2841 4207 esse.
2874 4150 3033 4218 legem
3071 4168 3169 4205 non
3197 4154 3422 4224 legistis?
3451 4158 3739 4215 Detrimen-

2177 4234 2284 4282 tum
2313 4231 2692 4301 discipulurum
2722 4240 2965 4295 confusio
2994 4254 3047 4297 et
3077 4249 3421 4315 uppruhrium
3460 4260 3543 4305 est
3579 4254 3735 4323 magi-

2172 4322 2293 4386 stri,
2324 4324 2463 4378 sicut
2493 4335 2547 4381 et
2575 4330 2845 4396 profectus
2870 4349 3053 4389 eorum
3078 4339 3243 4407 gloria
3272 4350 3355 4394 est
3376 4322 3733 4414 prteCepturis.

2171 4412 2524 4471 Coufunditur
2552 4422 2691 4474 enim
2737 4424 2787 4476 in
2838 4427 2936 4487 eis,
2985 4430 3105 4497 quia
3148 4431 3256 4498 jam
3297 4435 3388 4489 lilii
3429 4412 3579 4502 facti,
3607 4441 3734 4493 servi

2173 4523 2291 4562 esse
2330 4511 2656 4567 desiderant.
2686 4502 2944 4587 Scriptum
2975 4530 3046 4573 cst
3068 4525 3198 4575 enim
3223 4529 3462 4585 quoniam
3485 4530 3736 4585 Abraham

2171 4601 2298 4653 duos
2320 4602 2453 4667 ﬁlios
2473 4603 2649 4656 habuit
2677 4621 2695 4659 :
2719 4623 2876 4661 unum
2900 4610 2963 4663 de
2989 4613 3201 4678 ancilla,
3228 4628 3273 4671 et
3300 4633 3454 4670 unum
3480 4623 3543 4673 de
3563 4622 3733 4679 libera.

2171 4691 2274 4743 Sed
2308 4694 2394 4761 qui
2426 4696 2486 4746 de
2528 4698 2737 4765 ancilla,
2787 4704 3063 4755 secundum
3108 4721 3313 4759 carnem
3352 4718 3504 4763 natus
3530 4723 3633 4777 est;
3656 4714 3738 4779 qui

2169 4793 2336 4835 autem
2373 4784 2436 4836 de
2473 4786 2651 4854 libera,
2695 4806 2784 4857 per
2830 4797 3283 4861 repromissionem.
3336 4800 3522 4855 lsmael
3569 4810 3737 4859 carnis

2171 4873 2328 4937 li'ius,
2354 4873 2497 4929 Isaac
2525 4878 2641 4932 ﬁdei
2671 4880 2790 4936 luit.
2818 4882 2965 4936 Illum
2988 4887 3128 4938 enim
3152 4889 3418 4942 Abraham
3447 4893 3737 4947 secundum

2168 4965 2433 5019 carnalem
2469 4973 2908 5027 consuetudinem
2951 4978 3131 5043 genuit
3166 4995 3177 5030 :
3213 4979 3370 5033 ismm
3414 4990 3604 5037 contra
3652 4999 3740 5038 na-

2173 5061 2360 5110 turam.
2398 5072 2491 5125 per
2530 5063 3019 5132 repromissionem,
3047 5070 3312 5123 credendo
3354 5077 3611 5143 suscepit.
3643 5076 3737 5143 Qui

2169 5156 2290 5197 sunt
2315 5151 2603 5203 secundum
2650 5168 2862 5207 carnem
2906 5157 3030 5220 nati,
3064 5159 3161 5212 nisi
3198 5160 3483 5217 dilectores
3524 5168 3739 5220 mundi?

2166 5235 2264 5301 Qui
2291 5250 2409 5290 sunt
2446 5256 2536 5305 per
2568 5242 3027 5307 repromissiouem
3058 5247 3188 5312 nati,
3226 5249 3328 5304 nisi
3359 5262 3628 5307 amatores
3660 5270 3739 5307 re-

2167 5327 2253 5394 gni
2280 5329 2573 5383 cmiorum?
2598 5334 2718 5401 quia
2743 5341 2798 5387 et
2826 5334 2952 5403 ipsis
2984 5339 3301 5403 promissum
3324 5349 3407 5394 est
3427 5342 3739 5397 desideran-

2166 5415 2305 5469 tibus
2346 5418 2505 5472 v'itam
2548 5428 2825 5488 aeternam,
2856 5427 3021 5493 gratis
3050 5427 3346 5483 colentibus
3388 5431 3576 5486 Deum.
3616 5435 3740 5500 Qut:

2161 5516 2279 5559 sunt
2307 5525 2397 5578 per
2425 5510 2721 5583 allegoriam
2750 5514 2905 5570 dicta.
2938 5516 3050 5572 Hoc
3075 5527 3182 5579 δεῖ.
3213 5519 3354 5575 aliud
3378 5537 3440 5575 ex
3472 5524 3580 5577 alio
3612 5526 3740 5593 ﬁgu-

2164 5610 2356 5655 ratum.
2388 5602 2537 5657 Dedit
2566 5606 2797 5673 regulam
2827 5608 3138 5676 Apostolus.
3174 5614 3445 5681 quomodo
3489 5617 3738 5688 allegori-

2162 5708 2285 5749 zare
2312 5695 2569 5752 debemus
2594 5717 2608 5753 :
2632 5701 2835 5757 scilicet
2863 5712 2919 5757 ut
2948 5715 3197 5761 manente
3224 5709 3447 5762 veritate
3474 5710 3729 5767 historian

2162 5786 2354 5860 ﬁguras
2376 5789 2749 5865 intelligamus.
2767 5795 2896 5855 Nam
2918 5813 3039 5855 cum
3062 5799 3297 5883 dixisset
3316 5803 3584 5862 Abraham
3608 5821 3730 5861 rere
