3996 6596
397 288 498 343 537

1264 301 1329 357 illi
1369 302 1750 362 EPISTULAM
1789 310 1879 363 AD
1918 310 2236 367 GALA'I‘AS
2277 313 2788 375 (OMMENTARIA.

3536 326 3643 383 598

394 409 528 462 duas
556 425 749 466 uxores
786 412 1057 478 habuisse.
1091 427 1271 486 postea
1299 420 1424 487 quid
1453 420 1536 475 ha:
1567 422 1694 491 ipsae
1723 426 1968 493 prmligu-
1999 443 2045 496 Α
2073 436 2198 479 sunt
2227 442 2647 499 persequuntur:
2678 434 2820 503 quod
2851 436 3033 492 mirari
3064 450 3170 494 nou
3192 440 3471 510 delenitus,
3503 446 3547 497 si
3578 461 3642 499 es

395 513 578 556 rarent
608 506 841 558 ostendit
873 523 884 559 :
911 517 966 560 et
995 507 1095 561 hoc
1141 511 1310 576 ipsum
1343 509 1487 576 fecit,
1515 513 1601 566 ubi
1642 514 1815 582 aliqua
1844 530 1968 567 san-

393 610 428 650 c
451 609 603 649 orum
645 594 781 651 facta
828 598 1149 663 referuntur,
1180 617 1286 654 non
1325 603 1412 656 ubi
1456 614 1667 671 peccata
1706 604 1969 657 damnau-

398 696 506 742 tur.
551 687 815 743 Caeterum
864 690 1055 745 delicta
1107 698 1361 763 mysteria
1404 696 1618 759 dicere.
1669 697 1832 751 Deum
1878 705 1973 751 aut

397 779 858 849 impassibilitatis,
900 791 995 837 aut
1034 786 1347 855 ignorantia:
1385 795 1571 841 notare
1602 795 1706 852 est,
1759 789 1847 857 qui
1877 796 1970 841 aut

393 872 551 925 aliter
578 886 907 929 sacramenta
949 892 1039 929 sua
1082 885 1383 933 monstrare
1429 896 1532 933 non
1579 882 1833 950 potuerit,
1876 891 1970 936 aut

395 965 641 1020 nesciens
666 966 771 1020 sibi
803 969 1123 1032 necessaria,
1171 981 1385 1039 peccata
1428 973 1778 1041 quorumdam
1809 987 1968 1028 antea

390 1057 715 1122 generaliter
737 1059 1205 1126 condenmaverit;
1235 1060 1427 1115 deinde
1451 1062 1532 1116 vel
1563 1070 1744 1128 postea
1770 1078 1835 1117 ea
1859 1079 1964 1118 non

394 1150 827 1215 reprehendisset
849 1162 901 1207 et
927 1153 1267 1220 vindicasset,
1294 1155 1339 1208 si
1366 1156 1453 1209 illa
1478 1164 1691 1225 propter
1712 1158 1964 1228 mysteria

391 1261 487 1298 sua
515 1244 630 1299 ﬁeri
662 1247 776 1315 ipse
802 1248 1090 1302 voluisset:
1122 1262 1384 1317 pra-cepta
1411 1265 1536 1304 vero
1564 1250 1785 1305 dil’licile
1816 1250 1965 1305 inve-

389 1336 506 1388 uies
538 1338 606 1389 ita
639 1336 1007 1405 interpretata,
1039 1353 1107 1393 ne
1130 1353 1315 1392 eorum
1336 1340 1582 1394 virtutem
1604 1355 1864 1396 evacuare
1887 1342 1966 1395 vi-

389 1425 784 1484 deretur..lla:c
812 1428 944 1482 enim
969 1439 1088 1482 sunt
1117 1430 1219 1481 duo
1259 1427 1584 1483 Testamenta
1611 1447 1630 1484 :
1662 1448 1819 1484 unum
1844 1432 1962 1501 qui-

388 1517 506 1568 dem
531 1533 562 1568 a
594 1527 759 1571 monte
789 1517 959 1573 Siuai.
989 1517 1151 1573 Vetus
1176 1528 1231 1574 et
1263 1519 1487 1585 Novum,
1520 1521 1672 1589 quasi
1703 1521 1822 1575 duae
1851 1537 1964 1576 ma-

391 1614 523 1671 tres,
544 1617 598 1661 et
626 1609 765 1677 quod
795 1609 847 1663 in
877 1619 1055 1664 monte
1094 1611 1239 1666 Siuai
1278 1627 1372 1679 per
1402 1613 1617 1677 Moysen
1644 1612 1825 1668 datun
1855 1622 1960 1669 est.

390 1698 458 1751 In
506 1702 815 1756 servitutem.
870 1702 1193 1759 Subauditur
1246 1704 1403 1773 legis.
1454 1704 1733 1760 Cenerans.
1788 1706 1961 1761 Ιιιιιίιιί

2072 513 2174 569 hoc
2186 532 2289 570 nos
2315 520 2582 585 spiritales
2598 522 2977 592 intelligamus,
3001 529 3044 581 si
3069 529 3204 584 tales
3238 546 3336 584 nos
3368 532 3609 588 insecten
3626 565 3642 574 -

2069 613 2175 659 tur.
2232 606 2635 677 Perst’quebatur
2673 630 2790 666 eum
2825 619 2912 686 qui
2950 620 3230 673 secundum
3269 624 3527 683 spiritum.
3582 625 3637 679 lu

2024 774 2027 779 ἡ
2070 689 2265 746 Genesi
2297 694 2508 761 quidem
2550 699 2806 767 scriptum
2851 713 2929 753 est
2966 702 3140 769 :Quia
3190 705 3406 760 ludebat
3448 707 3640 764 lsmael

2070 796 2192 836 cum
2244 784 2411 840 Isaac.
2443 787 2547 841 Sed
2583 790 2669 843 hic
2718 792 3022 847 ostenditur
3060 810 3165 849 non
3210 796 3438 863 simplex
3493 800 3641 856 lusus

2069 873 2233 929 fuisse
2262 877 2352 945 qui
2382 882 2684 947 persecutio
2709 884 3036 952 nominatur,
3072 887 3162 942 sed
3205 890 3330 958 quia
3358 892 3638 948 scurrilem

2067 979 2189 1019 eum
2244 976 2299 1020 et
2323 968 2494 1023 levem
2530 972 2745 1026 volebat
2772 973 2947 1030 facere
2973 979 3145 1047 qualis
3177 979 3290 1048 ipse
3320 991 3457 1048 erat,
3493 997 3562 1037 ne
3587 983 3639 1037 ei

2068 1056 2122 1111 in
2139 1056 2450 1114 harreditate
2469 1078 2887 1131 prieponeretur.
2911 1068 3034 1124 Ideo
3051 1069 3318 1125 Abraham
3334 1072 3639 1142 dejiciendo

2067 1164 2134 1203 co
2174 1166 2358 1205 vocem
2387 1152 2532 1207 Sara:
2574 1155 2760 1210 audire
2800 1157 3037 1225 jubetur.
3068 1158 3231 1217 Forte
3270 1163 3456 1218 lsmael
3484 1165 3637 1233 quasi

2066 1238 2237 1307 major
2259 1252 2406 1307 natu,
2440 1253 2492 1296 et
2514 1259 2580 1298 eo
2613 1252 2851 1312 tempore
2875 1249 3241 1317 circumcisus,
3271 1269 3376 1322 quo
3403 1253 3509 1325 jam
3539 1272 3633 1324 po-

2069 1339 2203 1385 terat
2233 1331 2535 1402 intelligere
2572 1346 2624 1391 et
2650 1339 2874 1405 sentire,
2903 1342 3043 1408 quod
3078 1358 3265 1409 passus
3295 1346 3394 1400 sibi
3428 1350 3633 1415 primo-

2064 1423 2243 1490 genita
2294 1424 2615 1491 vindicabat,
2680 1429 2957 1498 Scriptura
3010 1434 3242 1503 jnrgium
3289 1442 3629 1508 parvulorum

2065 1512 2236 1565 lusum
2266 1516 2526 1570 vocabat:
2560 1517 2821 1590 hodieque
2844 1521 3010 1577 iudici
3046 1526 3164 1593 plus
3194 1544 3349 1596 quam
3398 1534 3635 1601 gentiles

2063 1615 2458 1673 persequuntur
2488 1609 2797 1666 Ecelesiam.
2827 1610 2911 1667 Ita
2937 1628 2987 1668 et
3016 1633 3170 1671 nunc.
3203 1618 3275 1673 ita
3307 1636 3401 1675 vos
3432 1622 3519 1676 isti
3540 1626 3621 1677 sui

2062 1694 2263 1749 similes
2283 1711 2402 1751 esse
2417 1698 2724 1754 des‘derant
2749 1718 2955 1760 servos.
2972 1706 3077 1761 Sed
3095 1709 3219 1773 quid
3240 1711 3363 1764 dicit
3396 1712 3634 1780 Scriptu-

384 1799 535 1844 snetu
571 1794 729 1845 etiam
769 1795 1020 1860 praesenti
1046 1796 1367 1864 cogebantur
1396 1806 1452 1850 ut
1491 1798 1749 1853 servirent
1781 1817 1795 1853 :
1824 1799 1958 1868 legis

2061 1787 2161 1840 ra!
2184 1787 2330 1859 Ejice
2350 1791 2590 1844 ancillam
2616 1803 2669 1846 et
2689 1793 2858 1861 ﬁlium
2878 1798 3010 1867 ejus.
3044 1797 3165 1856 Non
3193 1802 3325 1854 enim
3353 1804 3510 1856 Intres
3537 1805 3635 1856 erit

382 1884 549 1938 minis
598 1894 863 1954 errentur,
888 1887 1178 1942 Christiani
1225 1889 1455 1956 primitiis
1495 1890 1784 1945 invitantur
1813 1901 1867 1945 ut
1896 1891 1959 1945 li-

387 1972 520 2027 be'i.
560 1973 635 2027 llli
677 1976 826 2042 quasi
859 1977 999 2031 servi
1040 1989 1231 2047 prseter
1259 1981 1474 2034 moralia
1508 1997 1630 2050 praei
1648 1989 1768 2048 cpta
1797 1983 1958 2037 etiam

379 2063 615 2118 diversis
655 2066 907 2132 operibus
948 2079 1278 2134 occupantur
1311 2087 1325 2124 :
1366 2070 1517 2124 nobis
1557 2077 1804 2140 tanquam
1838 2071 1960 2128 ﬁliis

383 2157 687 2225 atlimpletis
733 2160 1023 2215 moralibus
1072 2161 1287 2215 monitis
1328 2162 1503 2215 omnia
1540 2164 1754 2217 servilia
1792 2179 1956 2219 onera

380 2248 721 2313 auferuntur;
745 2259 800 2304 et
834 2251 905 2304 illi
947 2253 1311 2306 sacerdotibus
1340 2269 1404 2308 ex
1428 2254 1609 2307 debito
1639 2256 1956 2317 servientes,

381 2338 543 2392 etiam
583 2340 777 2393 tributa
824 2342 1049 2395 reddere
1086 2341 1435 2411 cogebantur,
1470 2357 1565 2395 nos
1596 2358 1726 2396 vero
1765 2353 1960 2411 printer

377 2431 694 2486 charitateai
719 2432 848 2485 nihil
871 2432 1147 2494 debentes,
1168 2448 1265 2486 ens
1287 2432 1584 2487 voluntarie
1608 2434 1953 2488 ltouoratnus.

380 2521 461 2576 Es
494 2523 608 2589 ipso
645 2538 840 2591 genere
872 2523 1085 2578 luerunt
1119 2525 1206 2593 qui
1248 2524 1444 2578 donum
1487 2526 1864 2579 cruciliserunt
1901 2534 1959 2579 e',

377 2616 434 2667 in
466 2612 650 2669 eadem
684 2614 998 2669 inﬁdelitate
1032 2625 1382 2671 manserunt:
1407 2616 1529 2671 inde
1564 2626 1689 2671 sunt
1719 2633 1812 2685 per
1835 2633 1956 2671 om-

379 2720 477 2760 nes
506 2715 674 2760 terras
696 2706 944 2773 dispersi,
971 2715 1030 2761 ut
1052 2722 1116 2761 es
1139 2721 1325 2761 eorum
1344 2708 1620 2762 codicibus
1637 2708 1956 2763 Christianae

381 2816 488 2852 non
516 2800 655 2856 desit
684 2800 1047 2855 testiinonium
1083 2802 1317 2857 velitati.
1350 2802 1426 2856 Ex
1459 2802 1636 2858 Veteri
1668 2803 1823 2874 igitur
1848 2802 1955 2859 Te-

376 2901 643 2947 stamento
667 2893 808 2949 Deus
825 2894 1304 2960 condiditNovum,
1318 2896 1439 2964 quia
1454 2896 1563 2951 Deo
1578 2896 1772 2967 placuit
1790 2910 1954 2967 usque

374 2985 440 3039 ad
469 2986 849 3052 plenitudinem
874 2988 1129 3056 temporis
1151 2988 1429 3055 promissis
1452 2990 1680 3043 terrenis
1703 2998 1951 3059 tanquam

376 3078 431 3128 in
464 3077 682 3143 prtemio
712 3077 1014 3131 C~tlI8tiltlllS
1052 3079 1311 3143 promissa
1339 3080 1579 3134 revelare
1606 3080 1866 3145 caelestia,
1897 3088 1953 3134 et

2062 1878 2200 1945 ﬁlius
2224 1883 2426 1933 ancilla:
2447 1898 2564 1935 cum
2591 1884 2699 1950 [ilio
2730 1885 2919 1942 liberte.
2953 1887 3157 1960 Itaque,
3190 1896 3395 1963 fratres,
3426 1912 3528 1949 non
3547 1913 3635 1950 su-

2063 1985 2173 2023 mus
2209 1972 2412 2024 ancillw
2438 1973 2555 2042 ﬁlii.
2589 1975 2941 2040 Quantumvis
2989 1994 3048 2034 se
3077 1980 3333 2050 iniquitas
3383 1987 3629 2053 extollat,
3666 2044 3667 2047 η

2060 2062 2252 2115 ancilla
2296 2075 2400 2127 est,
2437 2074 2489 2117 et
2535 2066 2864 2134 subjicienda
2894 2078 2978 2124 cst
3006 2074 3207 2127 sanctis
3239 2090 3252 2127 :
3292 2079 3635 2144 quantumvis

2062 2167 2119 2206 se
2138 2155 2421 2219 extollant,
2446 2166 2500 2210 et
2519 2158 2654 2211 illius
2679 2158 2910 2215 Abraba:
2933 2177 3053 2217 esse
3077 2178 3137 2218 se
3157 2162 3427 2235 jamitent.
3453 2167 3634 2235 Quan-

2061 2244 2150 2297 din
2177 2248 2389 2299 ancillae
2438 2246 2531 2300 lilii
2583 2248 2799 2314 iuerint,
2834 2252 3109 2308 vobiscum
3143 2253 3509 2316 bmreditatem
3540 2258 3635 2312 ha-

2060 2334 2094 2387 b
2130 2351 2188 2389 re
2219 2354 2322 2389 nnn
2358 2347 2599 2403 possunt.
2635 2340 2742 2393 Sed
2793 2341 2984 2395 liberte.
3028 2343 3144 2398 Non
3194 2362 3325 2418 ergo
3373 2347 3632 2403 debemus

2059 2427 2311 2481 derelicta
2330 2441 2499 2481 matre
2528 2444 2705 2484 nostra
2734 2434 2986 2487 ancillam
3005 2434 3323 2505 sequi:quia
3348 2438 3470 2491 licet
3490 2440 3633 2507 ejus-

2058 2518 2179 2571 dem
2210 2518 2307 2573 viii
2340 2521 2494 2574 inerit
2518 2537 2670 2589 uxor,
2694 2531 2869 2578 tamen
2895 2524 2960 2578 ad
2978 2533 3209 2595 tempus,
3244 2530 3366 2595 quia
3391 2530 3627 2583 nondum
3702 2517 3725 2529 ’

2060 2617 2267 2675 poterat
2293 2609 2424 2664 Sara
2452 2626 2729 2679 generare.
2782 2613 2897 2679 Qua
2920 2615 3155 2671 libertate
3190 2617 3424 2674 Christus
3450 2621 3628 2675 nosli-

2057 2698 2264 2753 beravit.
2297 2699 2544 2759 Redemit
2571 2703 2637 2757 de
2660 2721 2819 2759 utanu
2850 2706 3073 2764 inimici.

2125 2797 2253 2853 CAP.
2285 2814 2337 2854 v.
2379 2799 2545 2855 State.
2595 2802 2648 2855 In
2683 2804 2786 2859 lide
2833 2806 3105 2876 Evangelii
3136 2808 3271 2865 ﬁrmi
3302 2820 3497 2866 estote.
3555 2810 3625 2866 Et

2056 2889 2213 2943 nolite
2233 2891 2416 2943 iterum
2431 2892 2565 2965 jugo
2590 2895 2843 2949 servitutis
2863 2899 3125 2952 contineri.
3146 2900 3261 2956 Jam
3283 2903 3425 2957 enim
3442 2907 3625 2958 saeculi

2056 2991 2268 3052 tempus
2296 2983 2541 3038 ellluxit:
2562 2984 2671 3054 iam
2709 2988 2947 3043 tenebrte
2978 2992 3303 3048 transierunt
3338 3001 3395 3048 et
3439 3010 3624 3049 vernus

2056 3070 2237 3125 lumen
2280 3076 2390 3139 jam
2420 3072 2605 3129 lucet:
2639 3091 2741 3127 non
2790 3076 2999 3134 debetis
3028 3081 3168 3133 ultra
3190 3080 3374 3150 jnguin
3404 3083 3621 3136 trahere

378 3170 573 3238 populo
598 3171 822 3223 terrenis
849 3169 1003 3223 bonis
1042 3170 1265 3224 inhiauti
1306 3171 1356 3223 iu
1402 3171 1595 3225 tabulis
1623 3172 1844 3236 lapideis
1872 3170 1950 3226 le-
1975 3163 2021 3225 C
2052 3175 2174 3214 cum
2205 3161 2395 3215 servis.
2441 3162 2631 3231 lusum
2683 3165 2976 3230 servitutis.
3008 3167 3177 3238 legem
3206 3180 3357 3223 vocat
3406 3170 3618 3236 duram.

372 3273 494 3326 gem
523 3258 688 3311 dedit.
715 3258 844 3323 Quae
872 3266 945 3311 est
967 3259 1125 3326 Agar.
1158 3259 1365 3314 Ancilla
1388 3260 1637 3314 Abrahae.
1662 3259 1791 3315 Sina
1811 3261 1948 3315 enim

375 3364 518 3401 mons
543 3358 614 3401 est
643 3349 692 3400 in
720 3350 930 3401 Arabia.
960 3349 1036 3404 De
1067 3349 1410 3418 qualitatibus
1452 3351 1688 3405 locorum
1720 3352 1833 3405 vult
1869 3352 1951 3405 in-

378 3441 539 3508 telligi
584 3440 949 3495 diversitatem
981 3441 1466 3497 Testamentorum.
1508 3443 1608 3508 Qui
1650 3447 1949 3515 conjunctus

373 3541 447 3582 est
469 3531 513 3583 ei
533 3546 643 3595 qua
663 3547 796 3583 nunc
818 3542 891 3585 est
920 3532 966 3584 11
972 3532 1262 3595 ierusalem,
1292 3545 1336 3588 et
1359 3535 1504 3587 servit
1533 3550 1647 3587 cum
1666 3535 1785 3601 ﬁliis
1813 3536 1945 3605 ejus.

374 3621 635 3675 Conﬂnis.
663 3620 765 3675 Illa
799 3634 967 3676 autem
992 3638 1105 3691 quae
1133 3640 1335 3678 sursum
1361 3634 1455 3680 est.
1488 3625 1608 3679 Ideo
1629 3635 1683 3679 et
1716 3624 1782 3679 de
1811 3626 1949 3681 caelo

373 3712 589 3766 advenit
632 3714 895 3767 mediator
936 3720 992 3769 et
1032 3715 1266 3783 pontifex
1313 3715 1443 3769 Novi
1494 3716 1778 3770 Testamen
1808 3716 1843 3770 i.
1881 3717 1948 3769 Et

374 3804 716 3874 Evangelium
759 3818 862 3858 non
905 3806 956 3857 in
1008 3820 1113 3858 uno
1156 3806 1294 3871 loco,
1340 3807 1434 3862 seJ
1488 3807 1539 3860 in
1590 3815 1703 3860 toto
1748 3808 1946 3860 tuundo

368 3904 457 3952 est
492 3898 855 3967 praedicatum.
898 3896 1220 3950 Hierusalem
1268 3900 1425 3952 libera
1466 3909 1559 3952 rst.
1608 3899 1724 3953 Filii
1764 3899 1945 3954 liberie

371 3992 512 4045 servi
556 4005 675 4044 esse
712 4006 817 4044 non
851 3990 1070 4044 debent.
1115 3991 1241 4055 Quir
1279 4000 1352 4044 est
1391 4001 1551 4044 mater
1588 3993 1815 4043 omnium
1852 4007 1943 4043 uo-

366 4094 550 4137 strum.
576 4084 685 4138 Hoc
707 4094 791 4137 est
812 4099 899 4137 mu
923 4084 1161 4138 titudinis
1180 4074 1533 4140 crédentium.
1564 4085 1833 4153 Scriptum
1868 4094 1943 4140 est

371 4176 503 4228 enim
531 4191 551 4230 :
581 4175 801 4239 Lmtare,
831 4174 1036 4237 sterilis,
1059 4190 1174 4243 qua:
1217 4190 1319 4229 non
1366 4175 1526 4246 paris.
1562 4175 1755 4229 l‘ribat
1782 4176 1941 4229 aliam

372 4275 594 4320 matrem
624 4280 721 4318 nos
761 4265 959 4319 habere
999 4266 1277 4320 meliorem
1316 4281 1474 4333 quam
1516 4266 1709 4331 JUdilfi,
1743 4266 1939 4321 llieru~

370 4356 538 4408 salem
569 4355 778 4430 plenam
806 4354 1123 4423 iniquitatis.
1143 4354 1392 4424 Erumpe,
1420 4365 1465 4407 et
1496 4354 1685 4415 clama.
1715 4372 1941 4425 quianon

374 4444 618 4511 parturis.
671 4443 851 4497 Clama
881 4459 990 4511 prae
1030 4459 1217 4514 magna
1249 4446 1453 4499 laetitia.
1484 4446 1617 4511 Quia
1665 4449 1813 4500 multi
1840 4448 1938 4515 ﬁlii

2053 3251 2350 3325 difﬁcilem,
2374 3252 2722 3319 laboriosam,
2743 3272 2861 3326 quae
2884 3261 3118 3312 cultores
3140 3274 3266 3313 suos
3290 3261 3439 3333 gravi
3456 3273 3622 3315 linere

2050 3352 2354 3408 consumat,
2392 3344 2533 3415 quod
2563 3345 2809 3400 Chrisms
2837 3349 3057 3402 abstulit
3092 3365 3122 3402 a
3153 3350 3310 3405 nobis
3348 3351 3476 3406 illud
3501 3368 3618 3420 gra-

2051 3432 2329 3489 viSsitnttm
2378 3437 2666 3492 multarunt
2708 3442 3143 3496 observatiouum
3169 3444 3372 3513 jugum,
3407 3460 3474 3500 ne
3502 3460 3619 3501 car-

2049 3528 2244 3582 naliter
2271 3529 2742 3594 circumcidamur,
2792 3532 2876 3587 vel
2920 3533 3119 3604 reliqua
3152 3534 3488 3605 huiusmodi:
3522 3538 3618 3591 sed

2044 3632 2109 3671 ea
2136 3618 2488 3686 spiritualiter
2511 3622 2778 3677 intellecta
2810 3632 3112 3688 teneamus,
3144 3626 3472 3695 remotisque
3493 3641 3615 3679 um-

2051 3708 2161 3763 bris
2183 3710 2626 3781 signilirantibus,
2665 3714 2718 3767 in
2767 3729 2946 3769 rerum
2976 3715 3230 3783 ipsarum,
3257 3730 3376 3784 qua:
3417 3715 3614 3785 signiti~

2045 3810 2257 3869 cantur,
2282 3803 2400 3857 luce
2428 3802 2726 3873 vigilemus.
2769 3803 2899 3858 Nam
2932 3814 2987 3860 et
3014 3803 3080 3860 ad
3110 3820 3207 3860 nos
3237 3805 3464 3875 pertinet
3494 3820 3510 3858 :
3542 3804 3621 3859 Ne

2047 3909 2254 3949 memor
2296 3895 2370 3949 sis
2400 3893 2612 3965 injuriae
2641 3894 2837 3949 civium
2869 3904 3082 3949 tuorum
3109 3912 3123 3947 :
3146 3906 3221 3961 et,
3274 3894 3520 3950 Alienum
3570 3897 3616 3948 si

2044 3983 2165 4053 quis
2194 3983 2480 4067 inuenerit,
2507 3983 2714 4048 reddat,
2745 3992 2801 4039 et
2820 3984 3047 4053 reliqua.
3074 3983 3409 4054 Maximeque
3439 3984 3619 4053 ipsum

2044 4049 2380 4148 decaloguin,
2422 4086 2649 4145 excepta
2679 4076 2885 4131 sabbati
2912 4077 3275 4144 observantia,
3318 4078 3630 4132 carnaliter“

2044 4166 2328 4222 contineri.
2344 4165 2476 4221 Ecce
2501 4184 2591 4237 ego
2616 4166 2815 4220 Paulus
2835 4168 2948 4220 dico
2975 4168 3131 4222 vobis.
3148 4168 3261 4238 Ego
3286 4169 3480 4222 Paulus
3506 4183 3606 4222 att.

2044 4258 2235 4314 denter
2253 4260 2407 4315 vobis
2432 4259 2573 4322 dico,
2627 4259 2894 4313 neminem
2933 4260 3317 4325 pertimescens
3336 4299 3352 4322 ,
3385 4273 3491 4311 non
3520 4273 3615 4311 oe-

2043 4350 2252 4405 cultans
2281 4364 2474 4403 nomen
2506 4363 2701 4411 meum,
2732 4358 2789 4401 ut
2830 4347 3109 4401 audientes
3149 4362 3255 4400 non
3308 4355 3414 4400 tam
3462 4347 3617 4400 missi.

2045 4457 2204 4510 quam
2244 4441 2504 4495 mittentis
2553 4438 2871 4493 anetoritate
2900 4446 3232 4492 moveantur.
3285 4436 3540 4504 Quoniam
3567 4438 3615 4491 si

370 4533 601 4587 desertis.
626 4532 774 4598 Quod
799 4532 1365 4603 praeﬁgurabatAnna,
1391 4550 1510 4603 quae
1534 4536 1703 4589 dixit:
1729 4536 1939 4593 Sterilis
1970 4532 2023 4591 Β
2045 4530 2507 4597 circumcidamini,
2542 4530 2774 4584 Christus
2810 4530 2949 4584 vobis
2991 4530 3120 4584 nihil
3155 4530 3404 4601 proderit.
3439 4530 3621 4597 Quem

373 4622 579 4692 peperit
599 4633 824 4690 septem,
851 4632 906 4677 et
932 4622 1099 4678 ietosa
1128 4626 1177 4679 in
1204 4625 1606 4680 liliisintirmata
1638 4636 1739 4682 est.
1766 4627 1938 4700 Magis

328 4730 519 4781 squam
545 4714 656 4785 ejus
684 4730 799 4784 quia
824 4715 975 4768 liabet
998 4715 1184 4772 virum.
1217 4719 1346 4783 Quae
1372 4719 1438 4772 de
1469 4719 1796 4774 fecunditate
1822 4723 1937 4791 glo-

366 4809 554 4871 riatur,
589 4805 762 4859 virum
791 4806 990 4861 habere
1020 4822 1079 4862 se
1101 4818 1327 4877 putans:
1352 4820 1441 4862 aut
1468 4810 1592 4878 quia
1614 4819 1741 4865 tunc
1767 4810 1933 4867 habe-

368 4897 481 4962 bat,
512 4909 799 4969 antequam
825 4900 1111 4968 ejiceretur
1137 4902 1329 4956 ancilla
1358 4919 1479 4956 cum
1510 4904 1620 4956 lilio
1646 4920 1765 4959 suo.
1819 4903 1930 4958 Nos

361 4998 532 5042 autem
588 4990 774 5059 fratres
819 4992 1100 5043 secundum
1142 4990 1313 5047 Isaac.
1366 4996 1644 5060 Quomodo
1674 4995 1741 5049 de
1787 4995 1933 5050 Isaac

364 5080 682 5147 promissum
709 5091 791 5133 est
819 5080 1074 5144 Abrahm,
1104 5080 1176 5135 ita
1207 5092 1262 5136 et
1298 5081 1367 5137 de
1396 5083 1551 5137 nobis
1585 5102 1597 5135 :
1630 5090 1751 5153 quia
1785 5088 1835 5137 in
1864 5101 1930 5140 eo

360 5170 803 5225 benedicercntur
820 5184 1010 5224 omnes
1023 5183 1228 5238 gentes.
1245 5170 1609 5226 Promissioni:
1625 5175 1721 5242 ﬁlii
1733 5192 1927 5230 sumus.

358 5262 473 5316 Non
496 5264 793 5319 secundum
823 5265 1008 5319 lsmael
1037 5268 1239 5322 carnis.
1270 5267 1376 5323 Sed
1404 5269 1659 5337 quomodo
1694 5279 1815 5322 tunc
1842 5271 1930 5336 qui

354 5357 632 5409 semiudum
665 5372 867 5409 carnem
912 5366 1063 5409 natus
1108 5358 1298 5426 fuerat.
1347 5358 1461 5411 Non
1507 5358 1680 5410 solum
1732 5357 1923 5421 iudici,

355 5447 447 5499 sed
471 5449 716 5502 carnales
760 5448 1051 5503 Christiani
1085 5448 1241 5504 hodie
1266 5464 1477 5519 quoque
1523 5464 1922 5521 persequuntur

355 5536 665 5604 Ecclesiam,
681 5549 772 5592 aut
785 5538 1138 5605 detrahendo,
1152 5548 1243 5593 aut
1255 5537 1592 5595 immittenda
1607 5541 1926 5607 calumnias,

352 5636 442 5679 aut
471 5627 607 5681 male
636 5628 882 5693 vivendo,
914 5644 1034 5697 qua:
1077 5630 1235 5699 longe
1281 5629 1453 5697 major
1479 5638 1562 5684 est
1589 5641 1930 5711 persecutio.

352 5716 575 5789 semper
602 5719 815 5790 quidem
845 5715 937 5789 qni
965 5721 1209 5777 carnales
1234 5728 1379 5788 sunt,
1409 5735 1503 5778 eos
1530 5720 1617 5793 qui
1646 5736 1939 5829 sur-“ales

2043 4627 2196 4683 vobis
2223 4626 2400 4705 solum
2426 4624 2492 4678 ad
2521 4623 2746 4678 salutem
2780 4622 3027 4678 sullicere
3064 4639 3169 4679 non
3199 4622 3412 4690 putatis.
3447 4622 3611 4678 Teati.

2040 4718 2169 4788 ﬂeor
2194 4726 2362 4772 autem
2384 4732 2585 4771 rursum
2616 4718 2752 4771 omni
2780 4714 2976 4769 homini
2996 4715 3376 4770 circumcidenti
3403 4731 3477 4769 se.
3507 4716 3609 4783 Qui

2037 4821 2197 4880 caput
2220 4826 2441 4880 operum
2473 4810 2607 4878 legis
2627 4809 2884 4877 suscepit,
2907 4822 3131 4862 necesse
3168 4814 3251 4860 est
3280 4816 3337 4859 ut
3360 4807 3609 4862 universa

2037 4905 2391 4972 persolvat,et
2413 4901 2696 4955 maledicto
2725 4899 3018 4968 subiaceat.
3050 4897 3305 4962 Quoniam
3323 4897 3517 4951 debitor
3536 4908 3608 4948 est

2037 4996 2283 5045 universa:
2311 4990 2439 5062 legis
2459 4990 2725 5055 faciendw.
2776 4989 2994 5043 Debitor
3031 4995 3113 5042 est
3143 5001 3248 5040 non
3288 4986 3473 5039 solum.
3503 4984 3607 5037 cir-

2032 5082 2397 5146 cumcisionis,
2422 5080 2513 5133 sed
2541 5089 2597 5134 et
2615 5078 2732 5133 dies
2756 5079 2920 5132 festos
2951 5075 3333 5145 Hierosolymis
3358 5074 3609 5142 lrequeu-

2034 5174 2215 5236 tando,
2247 5172 2538 5224 hostiarum
2571 5170 2880 5222 ltolocauSIa
2910 5167 3125 5230 ollerre,
3155 5165 3446 5235 etreliqna.
3472 5163 3609 5217 Eva-

2031 5265 2169 5319 euati
2198 5264 2317 5316 estis
2349 5279 2380 5314 a
2406 5260 2629 5315 Christo.
2667 5258 2724 5314 Si
2761 5259 2902 5312 enim
2935 5258 2986 5311 in
3036 5258 3151 5327 lege
3195 5272 3344 5323 spem
3385 5253 3605 5322 ponitis.

2030 5357 2292 5410 inﬁrmam
2335 5351 2536 5405 Christi
2587 5352 2813 5420 gratiam
2866 5348 3154 5416 iudicatis:
3197 5345 3417 5415 etquod
3440 5342 3605 5414 gratis

2027 5446 2138 5515 jam
2164 5442 2467 5512 accepistis,
2491 5450 2741 5510 tanquam
2761 5454 2864 5493 non
2890 5438 3168 5501 habentes,
3195 5437 3424 5507 propriis
3449 5436 3605 5503 vultis

2040 5535 2311 5592 laboribus
2338 5533 2584 5603 adipisci.
2612 5531 2712 5597 Qui
2756 5532 2810 5584 in
2853 5531 2961 5602 lege
2983 5529 3353 5597 iustiﬁcamini,
3387 5545 3418 5580 a
3440 5528 3604 5599 gratia

2042 5626 2322 5684 excidistis.
2348 5623 2634 5681 Justilicari
2659 5621 2844 5688 vultis,
2870 5632 2925 5676 et
2950 5621 3191 5676 umbram
3237 5621 3405 5689 magis
3442 5635 3603 5689 quam

2046 5721 2331 5780 veritatem
2359 5716 2528 5791 sequi.
2544 5713 2670 5783 Quis
2691 5714 2765 5769 ita
2783 5715 2856 5769 sit
2880 5712 3072 5768 surdus
3096 5712 3349 5767 adversus
3366 5710 3602 5797 “apostoli
