3982 6352
200 382 303 446 col

1053 387 1117 442 IN
1158 377 1536 443 EPISTULA}!
1576 384 1683 441 AD.
1728 383 2044 442 GALATAS
2082 386 2594 447 COMMENTARIA.

3339 394 3445 457 602

204 496 335 550 Πανί
354 496 490 550 enim
519 496 612 551 sibi
634 497 838 552 invicem
871 496 1221 550 adversantur.
1252 497 1524 552 Adversus
1565 497 1779 566 spirita-
1806 500 1853 558 Α
1886 497 1985 551 Per
2005 500 2252 567 spiritum
2285 504 2446 557 vitam
2498 504 2776 570 habemus,
2808 519 2851 560 st
2882 506 3193 576 Spirilaliter
3220 526 3443 567 conver-

203 588 307 640 leui
340 597 514 640 actum
543 608 553 639 :
580 604 704 643 caro
740 589 1082 649 adulterium,
1110 589 1329 655 spiritus
1351 591 1648 643 castitatem
1677 590 1771 643 de-

202 680 423 731 siderat.
462 678 528 733 Ut
560 695 659 731 non
706 696 1017 749 quaecunque
1054 678 1228 742 vultis,
1260 679 1350 731 illa
1389 680 1607 748 faciatis.
1652 680 1773 734 Hinc

203 768 331 820 facit
360 770 514 832 ratio,
548 776 605 819 ut
625 769 950 845 voluntatem
979 772 1584 840 consequatur-effectus
1603 812 1616 834 ,
1648 772 1771 841 quia

203 860 256 911 in
292 858 391 912 hac
410 860 517 913 vita
553 865 750 928 pugnat
780 873 904 913 caro
933 867 1119 913 contra
1167 862 1434 929 spiritum,
1466 871 1521 916 et
1553 863 1772 927 spiritus

200 958 391 1005 eontra
419 967 656 1005 carnem.
681 951 831 1017 Quod
856 953 900 1004 si
920 952 1103 1021 spiritu
1116 954 1380 1020 ducimini,
1406 970 1506 1007 non
1536 958 1652 1007 estis
1680 955 1770 1007 sub

203 1044 336 1115 lege.
386 1046 440 1101 Si
468 1061 563 1100 vos
593 1052 731 1100 totos
769 1046 1097 1114 spiritalibus
1145 1046 1441 1114 occupetis,
1485 1060 1590 1098 non
1625 1046 1773 1099 vobis

204 1152 343 1205 opus
368 1145 451 1191 est
479 1138 587 1203 lex,
615 1153 732 1206 qua:
776 1138 1078 1191 carnalibus
1098 1137 1218 1190 data
1246 1144 1350 1190 est.
1372 1136 1428 1191 Si
1455 1138 1661 1205 spiritu,
1691 1139 1770 1191 in-

202 1236 340 1301 quit,
367 1234 641 1299 ducimiui,
668 1250 770 1289 non
801 1238 931 1290 estis
955 1237 1054 1289 sub
1083 1236 1219 1305 lege.
1254 1234 1393 1305 Lege
1436 1234 1617 1302 utique
1653 1247 1773 1299 qua:

207 1326 453 1379 timorem
484 1327 691 1390 incutit,
719 1342 821 1380 non
868 1342 987 1396 quas
1031 1328 1221 1382 tribuit
1248 1327 1585 1381 charitatem.
1639 1325 1770 1392 Quia

203 1417 437 1469 charitas
480 1418 572 1471 Dei
602 1418 788 1472 diffusa
828 1426 915 1473 est
961 1420 1013 1473 in
1044 1420 1295 1474 cordibus
1327 1420 1522 1472 nostris
1545 1432 1647 1471 non
1681 1432 1774 1483 per

206 1507 342 1575 legis
382 1508 636 1572 litteram,
663 1509 756 1562 scd
787 1524 880 1577 per
909 1507 1164 1578 Spirizum
1194 1515 1457 1571 sanctum,
1487 1509 1575 1576 qui
1618 1507 1773 1561 datus

202 1606 290 1649 est
316 1600 489 1653 nobis.
523 1599 646 1654 llaec
674 1609 757 1654 est
781 1600 863 1653 lex
895 1600 1177 1665 libertatis,
1209 1615 1314 1654 non
1355 1598 1651 1654 servitutis.
1686 1598 1771 1651 ln-

204 1698 459 1759 quantum
484 1692 703 1761 quisque
730 1706 774 1757 s;
795 1692 915 1745 iritu
961 1693 1171 1746 ducitur
1195 1731 1211 1755 ,
1251 1707 1355 1746 non
1388 1698 1471 1745 est
1495 1690 1594 1744 sub
1618 1690 1769 1750 leae:

205 1784 328 1851 quia
343 1792 595 1853 quantum
616 1784 1016 1861 condel'ectatur
1038 1785 1152 1853 lege
1170 1784 1282 1849 Dei,
1300 1798 1404 1837 non
1424 1790 1507 1837 est
1522 1783 1621 1835 sub
1642 1783 1774 1852 legis

1875 603 2076 653 semur,
2119 600 2174 644 et
2209 608 2311 645 non
2365 595 2467 663 legi
2512 599 2802 651 carnaliter
2831 601 3146 655 serviamus.
3197 605 3324 670 Quis
3356 616 3438 660 est

1874 688 2049 732 autem
2076 682 2163 749 qui
2184 683 2316 735 vivit
2335 685 2542 753 spiritu,
2569 688 2667 742 nisi
2690 688 3030 744 absolinditus
3052 692 3212 746 homo
3235 704 3436 761 noster,

1856 768 1963 835 qui
1988 778 2040 821 et
2060 770 2216 839 juxta
2247 788 2462 829 carnem
2492 766 2754 832 interdum
2784 782 2920 835 solet
2946 784 3165 839 vivere?
3190 786 3292 840 Sed
3315 801 3436 841 cum

1874 860 2060 927 spiritu
2094 863 2301 928 vixerit,
2336 868 2525 933 spiritu
2577 871 2826 925 ambulat.
2884 874 3020 926 Cum
3059 874 3112 927 in
3163 891 3323 930 carne
3352 893 3444 930 vo-

1876 950 2026 1002 luerit
2054 950 2350 1018 ambulare,
2383 957 2566 1012 vivens
2594 974 2831 1015 mortuus
2852 972 2953 1015 est.
2982 963 3072 1017 Vir
3101 970 3362 1030 perlectus
3388 969 3440 1020 in

1874 1039 2105 1103 ChriSto,
2166 1058 2379 1111 semper
2424 1046 2551 1099 vivit
2604 1049 2791 1115 spiritu
2820 1067 2831 1103 :
2859 1052 3044 1119 spiritu
3072 1054 3271 1121 obedit,
3310 1072 3443 1108 mm-

1875 1143 2032 1197 quam
2062 1131 2189 1184 vivit
2217 1133 2266 1185 in
2295 1148 2474 1188 carnes
2510 1135 2736 1190 Econtra
2763 1142 2850 1208 qui
2882 1155 2940 1194 se
2968 1151 3133 1195 tomm
3161 1147 3307 1198 carni
3338 1147 3438 1199 de-

1876 1220 2035 1285 derit,
2076 1232 2131 1276 et
2179 1224 2515 1291 passimibus
2567 1232 2863 1296 deputarit,
2910 1248 3178 1303 nunquam
3224 1236 3352 1290 vivit
3389 1238 3442 1289 in

1876 1316 2087 1382 spiritu.
2111 1315 2253 1370 Inter
2277 1318 2375 1372 hos
2405 1319 2563 1372 medii
2592 1332 2736 1383 sunt,
2760 1338 2893 1386 quos
2914 1340 3013 1377 nec
3030 1327 3295 1393 spiritales
3320 1343 3443 1395 pos-

1876 1417 2059 1457 sumus
2088 1407 2383 1472 appellare,
2416 1423 2514 1462 nec
2538 1425 2793 1473 carneos;
2826 1414 2919 1466 sed
2942 1414 3031 1480 qui
3055 1415 3192 1468 inter
3222 1416 3450 1471 virtutes

1876 1504 1933 1550 et
1961 1497 2086 1551 vitia
2127 1497 2463 1563 fluctuantes,
2496 1516 2637 1557 nunc
2664 1503 2730 1556 ad
2762 1503 2979 1557 meliora
3005 1506 3367 1572 retrahuntur,
3399 1518 3453 1559 et

1881 1587 2102 1654 spiritus
2131 1598 2258 1642 sunt
2283 1605 2297 1653 ;
2324 1606 2462 1646 nunc
2484 1595 2661 1646 carnis
2701 1594 2905 1649 lubrico
2936 1597 3363 1665 supplantantur,
3391 1610 3445 1653 et

1877 1693 2006 1732 caro
2025 1689 2169 1733 sunt.
2205 1680 2259 1733 Si
2282 1682 2493 1748 spiritu,
2527 1685 2715 1752 inquit,
2746 1687 2989 1749 vivimus,
3021 1690 3208 1755 spiritu
3238 1693 3443 1744 obtem-

1882 1782 2153 1836 peremus,
2190 1786 2516 1839 nequaquam
2550 1789 2641 1838 per
2663 1774 2854 1842 legem,
2887 1776 2979 1829 sed
3003 1791 3095 1844 per
3110 1780 3444 1843 charitatem,

205 1875 419 1937 timore,
453 1874 539 1942 qui
568 1875 725 1927 ιίιηοι·
751 1859 1070 1928 (armenium
1109 1874 1290 1937 habet,
1320 1887 1423 1926 non
1453 1871 1771 1925 delectam)-
1804 1874 1851 1931 Β
1884 1859 2036 1915 nobis
2066 1861 2295 1915 invicem
2318 1863 2635 1917 servientes.
2669 1864 2781 1917 Non
2804 1865 3059 1920 debemus
3098 1868 3163 1921 de
3202 1868 3445 1935 Scriptu-

209 1978 351 2017 nem.
380 1963 659 2031 Manifesta
687 1974 857 2017 autem
876 1974 996 2018 sunt
1017 1980 1169 2032 Opera
1195 1965 1385 2017 carnis.
1422 1962 1531 2017 Nec
1557 1961 1773 2015 difficile

206 2064 292 2108 est
314 2056 624 2109 discernere
647 2056 789 2109 inter
816 2056 1050 2109 carnalia
1090 2069 1251 2124 opera
1292 2062 1452 2123 atque
1492 2051 1771 2121 spiritalia.

212 2146 342 2208 ραω
364 2154 479 2199 sunt
505 2146 798 2214 fornicatio.
831 2146 1156 2215 Principium
1186 2160 1405 2214 operum
1436 2145 1634 2209 carnis,
1670 2144 1780 2197 for-

208 2235 427 2289 nicatio.
457 2235 814 2301 lmmunditia,
860 2238 1199 2307 impudicitia,
1246 2236 1472 2299 luxuria,
1523 2236 1777 2288 idolorum

205 2327 439 2376 servitus.
470 2324 637 2390 Quam
660 2326 887 2379 faciebat
907 2325 1094 2390 Onam,
1121 2326 1258 2378 filius
1287 2324 1455 2379 Judar.
1495 2322 1769 2391 Veneﬁcio,

202 2414 507 2479 inimicitiae,
535 2416 898 2480 contentiones,
934 2416 1304 2480 aemulationes,
1337 2416 1448 2481 irtc,
1488 2414 1636 2479 ria‘w,
1666 2414 1776 2465 dis-

206 2504 486 2572 sensiones,
511 2515 677 2569 αρσια),
703 2505 926 2567 invidiae,
954 2504 1251 2568 homicidia,
1280 2502 1565 2570 ebrietates,
1586 2518 1778 2556 comes~

205 2596 451 2649 sationes.
506 2595 811 2649 Inimicitias
834 2602 889 2649 et
913 2603 1108 2649 czctera
1150 2596 1346 2673 similia
1373 2596 1605 2649 carnalia
1638 2593 1777 2647 dixit

204 2703 328 2757 quae
353 2687 547 2741 anima:
575 2695 717 2756 sunt,
738 2703 842 2742 non
866 2688 1042 2741 carnis
1061 2704 1075 2739 :
1093 2702 1159 2741 ne
1188 2686 1529 2741 Manicheam
1560 2700 1776 2740 carnem

205 2795 463 2835 accusare
491 2787 762 2849 putarent.
792 2781 897 2835 Sed
927 2796 1087 2834 omne
1117 2781 1316 2834 malum
1347 2780 1559 2833 carnale
1584 2780 1778 2833 delini-

205 2872 306 2938 vit,
338 2874 457 2940 quia
487 2872 718 2927 carnalia
748 2873 1029 2942 cogitando
1061 2874 1314 2928 efficitur.
1338 2872 1508 2926 Omne
1535 2887 1662 2926 vero
1687 2874 1797 2925 lio-'

208 2980 338 3017 num
369 2964 625 3032 spiritale,
654 2967 774 3034 quia
804 2964 1080 3018 desursum
1104 2963 1400 3019 descendit.
1439 2961 1506 3016 Et
1537 2963 1613 3016 his
1640 2963 1780 3015 simi-

203 3056 302 3106 lia.
330 3052 559 3108 Potestis
583 3070 648 3108 ex
675 3056 756 3109 his
775 3062 968 3109 caetera
1000 3054 1101 3122 ipsi
1122 3055 1394 3123 colligere.
1422 3054 1780 3123 Quwprwdico

206 3147 370 3212 vobis,
398 3154 524 3199 sicut
553 3148 793 3215 prardixi,
825 3147 1064 3216 quoniam
1098 3148 1187 3212 qui
1227 3146 1349 3199 talia
1376 3156 1535 3216 agunt
1568 3162 1780 3215 regnum

1876 1966 2055 2005 rarum
2087 1952 2525 2020 interpretatione
2570 1953 2916 2021 contendere,
2950 1966 3004 2010 et
3046 1958 3245 2026 dicere,
3292 1959 3441 2013 verbi

1876 2046 2043 2114 gratia
2067 2063 2079 2099 :
2099 2046 2449 2101 Circumcisio
2471 2047 2662 2101 melior
2682 2057 2762 2103 est
2787 2064 2801 2102 :
2828 2064 2954 2115 non,
2978 2051 3071 2103 sed
3107 2053 3444 2119 mapalium.

1877 2138 2282 2193 Contemnenda
2307 2138 2552 2203 historia,
2595 2151 2649 2194 et
2692 2140 2946 2208 allegoria
2980 2142 3247 2209 sequenda
3289 2155 3305 2194 :
3342 2143 3448 2193 imo

1877 2228 2129 2297 allegoria
2179 2245 2312 2283 vana
2343 2239 2449 2292 est,
2481 2240 2535 2284 et
2580 2231 2893 2297 umbratica,
2926 2239 2980 2284 et
3010 2233 3166 2285 nullis
3212 2232 3449 2285 veritatis

1877 2320 2005 2373 fulta
2036 2320 2320 2374 radicibus.
2377 2321 2528 2376 Unde
2568 2324 2732 2387 venit,
2785 2332 2844 2376 ut
2890 2323 3117 2378 invicem
3169 2333 3451 2376 nascantur

1878 2410 2113 2462 invidiae.
2171 2409 2468 2465 Excludere
2497 2412 2661 2476 enim,
2716 2412 2809 2479 ait,
2842 2426 2938 2466 vos
2985 2413 3190 2480 volunt,
3226 2422 3284 2465 ut
3326 2413 3446 2467 illos

1876 2498 2200 2553 mmulemini
2227 2516 2241 2553 :
2266 2514 2368 2553 non
2400 2510 2504 2553 tam
2530 2502 2802 2555 veritatem
2826 2502 2959 2570 legis
2981 2503 3217 2555 volentes
3232 2503 3448 2568 docere,

1878 2605 2032 2659 quam
2066 2590 2302 2645 vincere.
2348 2590 2472 2645 Non
2510 2593 2781 2661 e/ftciamur
2827 2593 2994 2646 inanis
3034 2594 3213 2662 gloria:
3249 2594 3448 2661 cupidi,

1879 2685 2090 2737 invicem
2121 2695 2473 2754 provocantes,
2502 2686 2715 2738 invicem
2743 2685 3047 2739 invidentes.
3080 2685 3199 2738 Ista:
3224 2685 3453 2751 grandes

1879 2778 2240 2847 expositiones
2266 2777 2333 2831 de
2361 2778 2677 2830 commentis
2705 2778 2876 2830 sancti
2910 2777 3212 2845 Hieronymi
3240 2784 3363 2829 sunt
3385 2776 3452 2829 ad

1883 2867 2116 2922 Galatas.
2139 2868 2316 2922 Inanis
2343 2868 2512 2937 gloria
2535 2877 2639 2933 est,
2671 2869 2715 2921 si
2739 2869 2790 2921 in
2821 2868 2887 2920 iis
2913 2876 3037 2920 sunt
3055 2883 3172 2935 qua:
3196 2882 3299 2920 non
3326 2881 3453 2935 pne-

1881 2960 2147 3030 c:piuntur
2177 2960 2231 3012 in
2260 2959 2396 3028 lege,
2428 2968 2485 3012 ut
2532 2959 2913 3014 abStinentiam
2941 2958 3116 3012 omnis
3158 2959 3335 3013 carnis
3361 2973 3452 3012 co-

1880 3064 2068 3119 gamus
2095 3051 2271 3104 facere
2299 3051 2439 3118 quod
2482 3049 2724 3115 facimus,
2774 3061 2972 3105 etcum
3009 3051 3134 3119 ipsa
3187 3050 3294 3118 jam
3341 3066 3448 3104 non

1885 3141 2234 3209 potuerimus,
2252 3142 2362 3194 hzee
2378 3141 2645 3209 superflua
2666 3155 2784 3195 esse
2801 3141 3042 3194 dicimus.
3066 3143 3241 3194 Dicam
3266 3142 3443 3208 plane,

208 3239 311 3293 Dei
333 3255 433 3293 non
462 3249 846 3309 consequentur.
882 3239 1179 3292 Notandum
1203 3239 1381 3307 itaque
1404 3238 1782 3307 plangendum-
1809 3228 1854 3290 C
1886 3245 1984 3283 nec
2008 3230 2195 3283 tacebo
2245 3231 2545 3297 passionem
2578 3244 2770 3290 meant.
2814 3230 3114 3296 paSSiUnem
3147 3244 3284 3297 pelle
3311 3242 3453 3281 60m-

207 3345 315 3399 que
344 3330 482 3399 quod
513 3331 917 3395 contendentes,
937 3335 993 3383 et
1020 3328 1361 3392 dissidentes,
1396 3338 1451 3381 et
1479 3327 1781 3389 iracundos,

205 3436 333 3475 cum
365 3420 679 3485 idololatris,
710 3420 985 3485 veneficis,
1017 3428 1074 3476 et
1104 3420 1404 3485 homicidis,
1453 3420 1665 3489 penitus
1691 3435 1784 3473 ex-

206 3511 373 3566 clusit
398 3528 426 3565 a
459 3528 640 3581 regno.
676 3510 898 3565 Fructus
927 3521 1097 3566 autem
1146 3512 1372 3581 Spiritus
1418 3522 1494 3566 est
1536 3514 1781 3565 cliaritas.

202 3604 459 3659 Omnium
488 3606 738 3658 virtutum
767 3605 934 3673 prima
952 3613 1036 3659 est
1060 3604 1315 3669 charitas,
1341 3620 1483 3673 quae,
1511 3604 1651 3657 sicut
1690 3618 1784 3657 no-

212 3698 462 3759 tavimus,
491 3694 541 3750 in
575 3702 805 3763 quatuor
832 3694 1088 3749 dividitur
1115 3704 1319 3763 partes,
1357 3697 1408 3749 in
1437 3695 1779 3750 dilectionem

211 3786 332 3849 Dei,
382 3785 432 3838 in
466 3800 615 3839 suam
662 3788 1097 3856 uniuscujusque,
1138 3789 1189 3841 in
1221 3787 1450 3855 proximi
1476 3795 1531 3841 et
1560 3788 1780 3841 inimici.

207 3873 492 3929 Gaudium.
538 3876 804 3944 Spiritale.
858 3875 995 3930 Pax.
1045 3877 1100 3930 Si
1132 3877 1414 3946 tranquilla
1447 3892 1596 3931 mens
1624 3878 1782 3933 nullis

206 3965 550 4032 passionibus
580 3966 943 4033 perturbetur.
975 3966 1381 4034 Longanimitas.
1418 3966 1641 4034 lnjurias
1665 3968 1781 4021 illa-

206 4067 294 4108 tas
349 4060 632 4110 sustinere.
694 4056 920 4109 Bonitas.
966 4056 1193 4126 Semper
1246 4058 1557 4113 benefacere
1613 4058 1773 4113 velle.

203 4145 527 4215 Benignifas.
560 4147 693 4200 Nulli
726 4148 969 4216 injuriun
1020 4148 1193 4200 facere
1215 4187 1229 4212 ,
1263 4148 1355 4202 sed
1385 4158 1439 4201 et
1467 4148 1567 4200 sibi
1591 4146 1779 4201 factum

206 4238 479 4308 patienter
533 4239 779 4293 tolerare.
834 4238 1214 4300 Mansuetudo,
1264 4237 1416 4305 ﬁdes.
1483 4237 1780 4290 Notandum

204 4332 354 4399 quod
384 4341 437 4384 et
465 4331 595 4383 fides
622 4346 653 4383 a
680 4331 789 4384 Deo
815 4330 971 4383 detur
1005 4346 1018 4380 :
1050 4343 1207 4395 quam
1240 4327 1377 4380 inter
1398 4327 1599 4381 fructus
1628 4326 1784 4394 Spiri-

207 4435 299 4477 tus
321 4424 546 4490 septimo
576 4422 694 4474 loco
722 4421 1005 4488 Apostolus
1030 4420 1234 4486 posuit;
1266 4426 1319 4469 et
1344 4422 1444 4469 hoc
1469 4416 1779 4480 notandum,

206 4516 332 4583 quia
365 4528 395 4564 a
428 4512 536 4563 Deo
558 4519 638 4563 est
667 4510 822 4573 fides,
849 4510 933 4563 vel
966 4508 1074 4561 Deo
1103 4511 1345 4571 credere,
1369 4508 1444 4561 vel
1476 4505 1781 4559 hmninibus

212 4600 472 4669 promissa
507 4598 792 4665 complere.
826 4596 1101 4650 Modestia.
1156 4596 1270 4649 Non
1297 4594 1474 4649 irasci.
1509 4593 1781 4647 Continen-
1811 4585 1857 4643 D

207 4694 305 4757 tia,
330 4689 555 4741 castitas.
601 4688 937 4743 Continentia
985 4701 1080 4756 pro
1134 4697 1374 4754 tempore
1404 4694 1487 4741 est
1518 4702 1531 4737 :
1565 4683 1783 4738 castitas

208 4781 561 4849 sempiterna.
614 4780 677 4833 Et
724 4794 829 4833 non
877 4778 1048 4832 solum
1078 4794 1107 4831 a
1140 4777 1517 4847 fornicatione,
1571 4777 1665 4831 sed
1714 4776 1782 4830 ah

207 4875 357 4930 ωηιιί
389 4874 667 4942 iniquitate
696 4875 976 4929 contineri.
1026 4872 1281 4925 Adversus
1336 4871 1630 4942 Itujusmodi
1676 4887 1781 4924 non

206 4976 284 5022 est
312 4970 415 5020 fex.
446 4966 561 5018 Non
587 4964 728 5018 enim
764 4964 863 5017 ista
909 4962 1215 5031 prohibuit,
1245 4970 1301 5016 et
1343 4963 1433 5031 qui
1460 4977 1653 5015 novum
1684 4961 1781 5014 im-

210 5062 343 5131 plet,
368 5074 472 5113 non
502 5058 664 5112 estin
708 5054 887 5111 Veteri
930 5054 1297 5109 Testamento.
1338 5054 1439 5119 Qui
1467 5065 1635 5109 autem
1660 5060 1777 5105 sunt

208 5154 422 5216 Christi,
450 5167 652 5205 carnem
679 5165 825 5203 suam
844 5148 1207 5214 cruci/ixerunt
1237 5164 1350 5201 cum
1372 5148 1502 5199 vitiis
1525 5156 1572 5200 et
1593 5163 1779 5201 concu-

213 5245 489 5311 piscentiis.
517 5244 571 5299 Si
594 5241 771 5296 omnia
794 5240 953 5294 simul
983 5241 1107 5294 vitia
1131 5240 1384 5294 crucifixa
1410 5248 1554 5305 sunt,
1575 5248 1630 5294 et
1651 5252 1777 5293 caro

209 5336 364 5405 quasi
394 5335 630 5403 pendens
654 5333 779 5386 nihil
811 5333 1156 5400 concupiscit,
1183 5331 1370 5400 utquid
1394 5332 1549 5384 nobis
1573 5331 1775 5399 legem,

212 5442 330 5489 quae
358 5426 479 5480 data
501 5434 583 5479 est
617 5424 681 5476 ad
712 5422 837 5475 vitia
867 5420 1203 5476 coercenda?
1232 5421 1403 5475 Simul
1426 5421 1554 5474 illud
1588 5432 1778 5474 notan-

206 5518 361 5585 dum,
390 5516 533 5585 quod
558 5530 652 5568 eos
681 5514 874 5567 dixerit
897 5513 1091 5567 Christi
1136 5527 1256 5567 esse
1292 5514 1381 5581 qui
1410 5528 1627 5567 carnem
1656 5528 1777 5567 cum

212 5608 357 5662 vitiis
387 5616 441 5660 et
468 5603 916 5673 concupiscentiis
944 5602 1263 5671 crnciligunt
1301 5620 1312 5655 :
1337 5613 1522 5659 contra
1548 5602 1665 5657 illos
1687 5606 1776 5672 qui

211 5704 383 5759 solum
415 5701 570 5753 fidem
597 5698 843 5751 sufficere
862 5694 1280 5750 arbitrabantur.

284 5797 415 5849 Crte.
454 5808 529 5848 νς.
560 5791 617 5845 Si
664 5790 872 5842 vivimus
909 5788 1110 5857 spiritu,
1153 5788 1335 5857 spiritu
1365 5798 1410 5841 et
1435 5785 1771 5842 ambulemus.

1884 3335 2119 3385 munem,
2151 3335 2253 3372 non
2296 3319 2363 3372 de
2393 3317 2611 3382 divitiis,
2656 3332 2761 3371 non
2821 3316 2889 3371 de
2919 3318 3177 3385 potentia,
3236 3331 3341 3370 non
3386 3316 3453 3370 de

1884 3410 2301 3479 pulchritudine,
2334 3416 2388 3461 et
2424 3423 2707 3469 corporum
2756 3419 3035 3463 venustate
3080 3407 3448 3478 gloriandum:

1887 3505 2002 3556 haec
2025 3504 2166 3556 enim
2192 3500 2472 3555 manifeste
2501 3501 2638 3554 inter
2666 3500 2842 3554 carnis
2881 3516 3040 3569 opera
3072 3511 3440 3555 numerantur.

1887 3592 2240 3660 Eleemosyna
2279 3592 2321 3644 si
2362 3590 2429 3643 ob
2475 3589 2683 3643 laudem
2717 3590 2826 3651 fiat,
2882 3589 3054 3644 inanis
3108 3599 3190 3642 est
3235 3588 3445 3657 gloria:

1882 3683 2034 3752 longa
2079 3684 2289 3747 oratio,
2336 3682 2505 3749 pallor
2541 3696 2606 3734 cx
2641 3679 2850 3750 jejunio
2892 3695 3142 3748 sequens.
3186 3679 3301 3733 Non
3332 3693 3451 3733 mea

1883 3786 2007 3832 sunt
2027 3776 2215 3842 verba,
2250 3778 2343 3829 sed
2376 3775 2664 3829 Salvatoris
2692 3777 2744 3826 in
2778 3773 3068 3842 Evangelio
3099 3772 3452 3841 pertonantis.

1886 3869 2001 3937 Ipsa
2032 3881 2244 3936 quoque
2275 3866 2497 3920 castitas
2527 3864 2578 3916 in
2606 3863 2965 3927 matrimonio,
2996 3862 3048 3916 in
3082 3860 3356 3924 viduitate,
3399 3861 3452 3913 in

1883 3957 2176 4029 virginibus
2207 3971 2347 4024 saepe
2394 3956 2632 4023 plausum
2662 3954 2855 4022 quarrit
2886 3953 3173 4006 liun'ianum
3195 3970 3209 4007 :
3231 3962 3285 4005 et
3312 3952 3452 4020 quod

1882 4051 2078 4105 dudum
2112 4051 2273 4101 timeo
2311 4046 2511 4112 dicere,
2540 4045 2635 4100 sed
2673 4045 2955 4098 dicendum
2987 4054 3069 4096 est
3098 4060 3109 4094 :
3139 4042 3451 4111 martyrium

1882 4144 2075 4212 ipsum,
2103 4142 2149 4194 si
2186 4142 2303 4194 ideo
2334 4140 2499 4192 fiatut
2534 4138 2872 4191 admirationi
2904 4147 2958 4191 et
2979 4138 3117 4189 laudi
3151 4136 3444 4189 halieamur

1883 4250 1911 4287 a
1954 4232 2224 4293 fratribus,
2286 4229 2482 4282 frustra
2536 4227 2750 4295 sanguis
2803 4224 3001 4278 effusus
3041 4233 3142 4276 est.
3194 4223 3453 4288 Loquitur

1884 4323 2194 4391 Apostolus,
2220 4320 2475 4388 loquatur
2505 4318 2604 4369 Vas
2619 4317 2896 4370 electionis
2923 4333 2934 4365 :
2960 4314 3012 4367 Si
3046 4315 3313 4367 tradidero
3335 4329 3453 4366 cor-

1886 4432 1985 4486 pus
2011 4428 2205 4476 meum,
2254 4420 2311 4463 ut
2362 4408 2561 4476 glorier
2590 4404 2730 4472 (sic),
2762 4404 3071 4458 charitatem
3117 4413 3292 4456 autem
3344 4416 3451 4455 non

1886 4506 2128 4568 habeam,
2146 4501 2275 4554 nihil
2299 4500 2426 4553 mihi
2448 4497 2680 4567 prodest.
2709 4497 2799 4551 llle
2823 4498 2912 4565 qui
2938 4494 3175 4549 dixerat:
3203 4492 3326 4548 Scio
3357 4493 3453 4545 ho-

1886 4596 2080 4652 minem
2126 4594 2178 4647 in
2205 4592 2438 4656 Christo,
2469 4596 2593 4642 ante
2629 4602 2797 4642 annos
2821 4585 3220 4655 quattuordecim
3250 4585 3364 4639 sive
3390 4583 3443 4638 in

1884 4702 2128 4757 corpore,
2156 4686 2269 4738 sive
2295 4691 2444 4736 extra
2471 4694 2685 4747 corpus,
2707 4678 2907 4740 nescio,
2932 4677 3069 4731 Deus
3096 4676 3216 4743 scit,
3242 4688 3449 4743 raptum

1884 4796 2003 4833 esse
2034 4792 2198 4845 usque
2238 4776 2303 4829 ad
2360 4775 2573 4826 tertium
2613 4769 2829 4835 caelum,
2872 4778 2926 4822 et
2973 4768 3194 4834 reliqua.
3245 4764 3345 4828 illi,
3372 4766 3452 4819 in-

1886 4886 2069 4941 quam,
2096 4869 2185 4937 qui
2221 4867 2336 4936 plus
2358 4864 2607 4919 omnibus
2639 4860 2919 4924 laboravit,
2952 4874 3018 4913 ne
3041 4856 3347 4927 tnaguitudo
3370 4872 3453 4911 re-

1886 4961 2209 5017 velationum
2241 4956 2522 5011 extolleret
2542 4968 2691 5018 eum,
2715 4950 2872 5004 datus
2896 4957 2979 5003 est
3006 4946 3255 5002 stimulus
3273 4946 3450 5000 carnis

1887 5057 2027 5123 ejus,
2057 5051 2280 5119 angelus
2313 5047 2545 5111 Satanae,
2575 5059 2662 5113 qui
2693 5057 2815 5097 eum
2851 5038 3229 5106 colaphizaret,
3254 5045 3312 5089 ut
3343 5052 3448 5088 non

1886 5143 2252 5200 extolleretur.
2285 5138 2350 5191 Et
2375 5148 2521 5189 certe
2561 5147 2639 5188 ter
2686 5133 2966 5185 Dominum
2998 5128 3203 5195 rogavit
3254 5125 3447 5178 utdis-

1887 5235 2099 5304 cederet
2137 5230 2205 5284 ab
2243 5244 2308 5283 eo
2340 5245 2354 5282 :
2383 5226 2478 5281 Sed
2505 5225 2705 5279 dictum
2732 5230 2813 5277 est
2840 5222 2893 5275 ei
2919 5237 2934 5273 ς
2962 5218 3168 5272 Sufficit
3213 5215 3306 5269 tibi
3332 5229 3453 5284 gra-

1891 5331 1959 5382 tia
1982 5342 2096 5380 mea
2119 5343 2131 5378 :
2152 5325 2317 5378 virtus
2340 5321 2481 5376 enim
2499 5321 2549 5374 in
2569 5316 2875 5373 infirmitate
2888 5312 3171 5382 perficitur.
3191 5310 3324 5376 Quid
3348 5320 3453 5364 tam

1892 5418 1984 5472 Dei
2014 5430 2169 5485 opus,
2200 5428 2353 5483 quam
2399 5411 2700 5477 Scripturas
2740 5406 2935 5473 legere,
2973 5403 3027 5456 in
3066 5401 3287 5456 ecclesia
3319 5415 3455 5467 pia:-

1886 5509 2090 5567 dicare,
2121 5520 2224 5558 sac-
2246 5504 2477 5557 rdutium
2506 5513 2722 5567 capere.
2753 5507 2877 5549 ante
2905 5494 3073 5547 altare
3117 5492 3326 5546 Domini
3356 5491 3454 5543 tui-

1886 5601 2128 5654 nistrare.
2162 5596 2266 5651 Sed
2302 5595 2436 5658 ha-c,
2469 5592 2566 5645 nisi
2596 5588 2782 5656 aliquis
2812 5587 2953 5639 0mm
2981 5584 3248 5654 diligentia
3276 5591 3455 5636 custo-

1883 5690 2040 5744 dierit
2061 5704 2153 5740 cur
2172 5700 2349 5745 suum,
2371 5684 2440 5735 de
2459 5681 2747 5749 cupiditate
2779 5675 2945 5730 laudis
2972 5677 3233 5729 oriuntur.
3258 5673 3453 5727 Videas

1886 5786 2166 5852 plerosque
2214 5774 2572 5845 (quodetiam
2619 5768 2817 5826 Tullius
2862 5767 2966 5839 ait)
3014 5766 3178 5823 libros
3225 5780 3350 5821 suos
3386 5763 3452 5817 do
