3982 6352
537 359 641 415 305

1607 358 1906 417 ΡΒΙΜᾹΞΙΙ
1946 354 2394 415 Αυιιυιιετιιιιι
2434 356 2643 414 EI’ISC.

3701 368 3805 422 608

536 473 925 528 contemnenda
955 473 1123 543 gloria
1152 472 1471 539 inscribere,
1503 482 1558 528 et
1582 488 1741 528 causa
1769 473 1951 541 gloriae
1980 488 2100 539 pro-
2135 475 2182 531 A
2211 472 2396 539 spiritu
2428 473 2699 527 lenitatis?
2735 474 2814 528 Ad
2843 476 2982 543 quod
3028 476 3254 533 dicimus
3274 520 3290 546 ,
3337 481 3549 535 etiamsi
3610 483 3809 537 νίι-ετιι

542 564 642 633 prii
673 566 902 619 nominis
936 566 1116 620 titulos
1156 575 1471 635 praenotare.
1513 566 1930 625 Interpretamur
1958 565 2105 620 Scri-

544 666 726 725 pturas
763 672 907 725 saepe
930 700 944 723 ,
980 668 1033 710 t-t
1059 671 1174 723 quae
1211 656 1368 725 digna
1397 657 1624 710 lectione
1648 667 1772 710 sunt
1800 656 2106 719 scribimus,

543 758 600 804 et
626 751 725 805 nisi
746 764 903 807 causa
926 750 1120 803 Christi
1145 750 1293 814 fiant,
1325 751 1417 804 sed
1450 753 1719 804 memorite
1752 754 1801 802 in
1829 760 2107 817 posteros,

544 850 598 894 et
627 826 781 894 fama:
808 839 858 893 in
891 840 1146 908 populos,
1182 850 1321 894 totus
1359 839 1508 894 labor
1538 840 1720 893 irritus
1751 841 1839 892 liet
1869 855 1882 890 :
1925 849 1978 891 et
2006 838 2113 890 eri-

544 947 664 986 mus
692 932 840 1001 quasi
872 940 1180 1001 tympanum
1208 948 1427 997 sonans,
1457 940 1511 987 et
1550 932 1851 1002 cymbalum
1893 943 2114 983 concre-

548 1037 697 1090 pans.
728 1020 921 1075 Videas
963 1022 1248 1093 plerosque
1273 1024 1341 1077 de
1376 1022 1667 1090 Scripturis
1710 1022 1849 1075 inter
1887 1034 1947 1074 se
1987 1033 2114 1072 con-

547 1113 786 1177 tendere,
805 1122 859 1168 et
879 1115 1191 1169 athleticam
1214 1128 1445 1169 scamma
1460 1115 1553 1170 Dei
1580 1113 1756 1169 facere
1776 1125 2111 1167 sermonem:

546 1204 771 1260 invicem
824 1216 1152 1275 provocant,
1194 1216 1250 1263 et
1296 1209 1340 1262 si
1386 1208 1511 1261 victi
1556 1208 1775 1271 fuerint,
1819 1206 2056 1260 invident
2098 1221 2111 1256 :

548 1296 719 1349 inanis
747 1296 942 1364 quippe
971 1297 1156 1365 glorire
1186 1297 1362 1367 cupidi
1390 1307 1537 1353 sunt.
1568 1296 1779 1351 Fratres
1798 1339 1812 1364 ,
1842 1307 1887 1349 et
1912 1296 1957 1350 si
1986 1310 2119 1367 prai-

547 1397 821 1454 orcupatus
844 1389 996 1458 fuerit
1024 1390 1173 1442 [ramo
1200 1390 1254 1442 in
1282 1391 1453 1461 aliquo
1484 1390 1669 1444 delicto
1698 1405 1716 1443 :
1744 1406 1829 1443 vos
1853 1390 1938 1457 qui
1965 1388 2119 1456 spiri-

547 1478 675 1529 tales
694 1478 1145 1549 estis,lrujusmodi
1163 1481 1392 1534 instruite
1416 1482 1467 1534 in
1494 1483 1678 1547 spiritu
1708 1479 1946 1533 lenitatis.
1979 1479 2120 1532 Prm-

551 1566 761 1620 venitur
808 1569 1034 1623 humana
1086 1570 1344 1639 fragilitas
1398 1572 1450 1625 in
1505 1571 1833 1636 levioribus,
1885 1584 2003 1638 qu:e
2052 1582 2119 1621 ex

551 1659 819 1728 insperato
854 1662 1167 1731 eoi-tingunt
1198 1680 1213 1716 :
1242 1673 1496 1718 caeterum
1537 1678 1642 1719 non
1678 1673 1762 1718 est
1811 1660 2119 1732 praeventio,

554 1752 642 1806 ubi
681 1752 877 1822 aliquid
924 1770 1043 1809 cum
1070 1757 1294 1810 consilio
1323 1756 1412 1810 diu
1460 1758 1713 1811 meditato
1750 1755 2120 1820 committitur,

2204 562 2402 631 justus,
2431 563 2608 618 sciens
2627 576 2828 633 quanto
2855 566 3035 621 labore
3060 570 3410 636 superaverit,
3443 570 3628 639 magis
3682 587 3806 639 pec.

2210 658 2349 709 cauti
2381 656 2585 710 veniam
2617 656 2888 726 largietur.
2918 658 2974 712 Si
3004 660 3120 729 quis
3147 675 3273 726 ergo
3318 676 3489 731 usque
3536 662 3609 715 ad
3642 676 3805 717 sene-

2211 761 2350 804 ctam
2380 751 2430 804 in
2463 752 2760 821 virginitate
2789 754 3157 821 permanserit,
3206 753 3448 823 ignoscat
3467 754 3517 807 ei
3540 756 3641 824 qui
3674 755 3805 807 ado-

2216 839 2483 893 lescentize
2512 840 2740 906 quodam
2769 841 2947 895 calore
2973 846 3227 912 deceptus
3251 853 3351 907 est,
3372 846 3547 897 sciens
3582 846 3805 909 quantis

2213 929 2614 984 difficultatibus
2656 932 2798 985 illam
2848 933 3119 987 transierit
3163 942 3398 989 aetatem.
3446 934 3507 989 Si
3547 939 3682 1004 quis
3713 950 3805 1003 pro

2215 1022 2446 1075 nominis
2472 1020 2673 1076 ChriSti
2726 1023 3060 1077 confessione
3096 1024 3363 1077 cruciatus
3409 1024 3461 1078 in
3512 1027 3801 1078 ιοιιιιιειιιὶς

2216 1113 2408 1166 Viderit
2435 1115 2734 1183 quempiam
2760 1112 3069 1182 denegasse,
3099 1115 3454 1181 compatietur
3482 1114 3801 1169 vulneribus

2218 1205 2518 1272 negatoris,
2544 1213 2597 1257 et
2627 1219 2731 1257 non
2759 1213 2864 1257 tam
2896 1204 3043 1258 illum
3072 1204 3296 1268 victum,
3319 1219 3479 1273 quam
3511 1220 3573 1260 se
3606 1205 3801 1261 vicisse

2218 1296 2458 1349 miretur.
2489 1295 2759 1349 Cautelam
2790 1310 3000 1366 quoque
3033 1296 3312 1352 scribentis
3338 1299 3638 1363 attendite,
3682 1302 3799 1368 quia

2221 1401 2323 1438 non
2342 1386 2499 1440 dixit:
2519 1385 2876 1442 Considerans
2905 1397 2977 1448 te,
3004 1403 3073 1442 ne
3101 1398 3153 1443 et
3181 1400 3233 1444 tu
3263 1389 3442 1451 cadas,
3476 1392 3571 1444 sed
3601 1407 3619 1445 :
3653 1407 3721 1445 ne
3749 1401 3800 1444 ιι

2222 1476 2461 1531 tenueris.
2479 1476 2622 1531 Vinci
2642 1478 2853 1546 quippe,
2876 1478 2955 1531 vel
2976 1478 3206 1547 vincere,
3226 1481 3469 1547 adjutore
3490 1481 3603 1533 Deo
3625 1484 3681 1534 in
3709 1498 3797 1535 no-

2222 1576 2329 1621 stra
2352 1576 2715 1635 estpotestate.
2737 1568 2999 1622 Caeterum
3024 1568 3217 1622 tentari
3237 1573 3285 1623 in
3312 1578 3574 1637 potesmte
3603 1581 3798 1625 tentan-

2226 1655 2291 1709 tis
2308 1669 2386 1709 est
2411 1676 2425 1712 :
2449 1656 2654 1711 sienim
2681 1658 2924 1712 Salvator
2952 1668 3179 1713 tentatus
3207 1669 3310 1722 est,
3328 1661 3447 1728 quis
3476 1673 3657 1728 potest
3685 1678 3796 1716 esse

2225 1762 2443 1803 securus
2464 1748 2777 1804 intentatum
2794 1764 2854 1805 se
2874 1752 2996 1804 vitae
3018 1751 3355 1829 ltujuynaria
3384 1752 3617 1806 transire
3640 1752 3666 1804 ?
3691 1752 3795 1805 Non

555 1858 659 1897 non
692 1844 798 1897 illis
826 1846 953 1899 dicit
980 1847 1068 1916 qui
1101 1861 1202 1899 non
1232 1847 1440 1901 fuerant
1462 1848 1723 1914 persuasi,
1758 1853 1943 1901 utnon
1976 1858 2123 1898 man-
2153 1843 2201 1900 Β
2224 1852 2352 1907 ergo
2383 1838 2574 1893 Paulus
2612 1839 2860 1908 desperat
2904 1840 3165 1907 salutem;
3207 1844 3299 1897 Sed
3332 1860 3549 1897 manum
3582 1846 3796 1915 porrigit

554 1946 706 1990 snete
734 1940 1006 2007 corrigunt
1032 1951 1347 2007 praeventos.
1380 1940 1566 1996 Sciens
1594 1940 1787 1995 Paulus
1808 1938 1922 2009 ejus
1950 1938 2042 1993 Dei
2064 1953 2122 1991 se

555 2040 676 2081 esse
696 2027 975 2096 cultorem,
1000 2032 1088 2100 qui
1118 2032 1281 2086 nollet
1306 2044 1527 2085 mortem
1559 2031 1869 2100 peccatoris,
1896 2029 1988 2084 sed
2014 2043 2125 2096 pa:-

559 2117 829 2172 nitentiain
855 2160 869 2180 ,
900 2131 953 2175 et
994 2138 1205 2176 omnem
1249 2133 1545 2177 creaturam
1567 2162 1581 2186 ,
1612 2122 1733 2177 licet
1766 2137 1869 2174 non
1916 2128 2121 2189 peccet,

559 2217 732 2264 tamen
764 2225 921 2278 posse
968 2227 1221 2280 peccare,
1272 2229 1391 2267 eum
1441 2228 1654 2282 quoque
1695 2212 1784 2281 qui
1830 2209 2125 2278 Spiritnalis

557 2309 662 2363 est,
694 2302 1007 2357 cohortatur
1029 2306 1108 2357 sui
1138 2305 1348 2371 timore,
1374 2319 1440 2359 ne
1460 2314 1659 2373 peccet,
1687 2314 1735 2360 et
1762 2319 1973 2357 manum
2003 2318 2124 2370 por-

561 2390 733 2460 rigere
753 2396 1018 2448 corruenti
1048 2409 1064 2447 :
1089 2403 1143 2448 et
1164 2396 1379 2463 pulchre
1403 2404 1820 2463 praeoccupatum
1852 2395 1902 2448 in
1931 2394 2126 2449 delicto

563 2481 831 2537 hominem
863 2495 1042 2548 vocat,
1084 2486 1173 2554 qui
1213 2486 1347 2540 mori
1395 2488 1594 2553 possit,
1640 2504 1703 2541 ex
1751 2490 1866 2555 ipso
1915 2486 2126 2541 nomine

565 2572 897 2641 fragilitatem
948 2578 1267 2633 conditionis
1317 2580 1604 2633 ostendens
1633 2621 1648 2643 ,
1716 2589 1773 2633 ut
1823 2578 2013 2643 dignus
2059 2578 2129 2631 sit

562 2662 737 2727 venia,
766 2666 854 2734 qui
888 2666 1027 2722 telut
1057 2668 1214 2722 homo
1241 2684 1425 2723 errore
1454 2670 1727 2738 deceptus,
1759 2678 1813 2723 et
1841 2682 2045 2723 mersus
2072 2667 2124 2720 in

563 2758 889 2825 Vononem.
930 2759 1160 2826 seipsutn
1191 2761 1308 2815 sine
1336 2761 1535 2813 auxilio
1563 2770 1616 2814 et
1644 2761 1885 2829 adjutore
1920 2760 2128 2825 erigere

565 2860 670 2899 non
702 2848 887 2914 possi'.
921 2847 1217 2903 Notandum
1243 2891 1259 2914 ,
1287 2851 1426 2919 quod
1468 2866 1572 2903 non
1611 2852 1839 2919 peccatis
1869 2850 2124 2915 pluribus,

562 2937 659 2989 sed
679 2938 768 3007 qui
797 2939 924 2992 vitio
947 2939 1121 3007 aliquo
1145 2950 1539 3009 praeoccupatus
1559 2941 1777 3001 erravit,
1799 2941 1830 2993 il
1858 2940 1871 2993 i
1899 2940 2128 2993 lenitatis

565 3028 811 3095 spiritum
858 3040 909 3083 et
965 3032 1386 3086 mansuetudinis
1442 3033 1493 3086 in
1540 3032 1873 3087 correctione
1926 3031 2124 3101 peccati

564 3119 852 3186 spiritualis
878 3122 1160 3188 adhibeat,
1196 3140 1261 3178 ne
1292 3124 1517 3194 rigidus,
1556 3138 1623 3178 ne
1653 3124 1815 3176 iratus
1849 3130 1903 3174 et
1927 3120 2123 3187 tristis,

2223 1931 2548 1999 deprecanti,
2572 1940 2627 1986 et
2652 1942 2905 2002 quantum
2940 1935 2990 1987 in
3022 1949 3083 1989 se
3110 1945 3209 2001 est,
3235 1938 3323 1992 ﬂet
3351 1954 3471 1992 cum
3506 1939 3694 2001 ﬂente,
3722 1944 3795 1991 in-

2227 2023 2468 2075 llrrnatur
2492 2037 2612 2077 cum
2637 2022 2851 2077 infirmo
2869 2065 2887 2089 ,
2912 2040 3111 2095 suaque
3134 2027 3334 2093 jndicat
3361 2031 3540 2083 aliena
3565 2040 3794 2099 peccata.
3859 2026 3872 2039 ’

2228 2113 2330 2166 Istc
2354 2128 2445 2181 per
2472 2112 2782 2166 charitatem
2814 2113 3067 2184 adimplet
3097 2117 3265 2187 legem
3296 2118 3536 2184 Christi,
3571 2137 3695 2188 quae
3722 2120 3796 2174 lex

2224 2214 2307 2258 est
2338 2220 2350 2255 :
2385 2203 2494 2257 lloc
2522 2213 2605 2257 est
2635 2203 2939 2258 mandatum
2970 2222 3177 2271 meum,
3210 2216 3265 2260 ut
3287 2208 3521 2278 diligatis
3551 2210 3793 2263 invicem.

2225 2298 2352 2362 QUI!
2380 2297 2462 2349 lex
2490 2296 2608 2350 Filii
2651 2297 2740 2350 Dei
2789 2298 2906 2351 est?
2952 2298 3160 2368 Diligite
3198 2301 3539 2366 alterutrum,
3582 2303 3719 2356 sicut
3750 2314 3797 2357 rt

2225 2399 2324 2453 ego
2352 2384 2510 2439 dilexi
2544 2400 2658 2440 vos.
2690 2386 2786 2453 Qui
2819 2387 3152 2443 clementiam
3198 2406 3301 2445 non
3349 2392 3512 2446 habet
3536 2434 3553 2457 ,
3596 2410 3695 2448 nec
3723 2396 3795 2446 in-

2225 2478 2384 2531 dutus
2406 2485 2489 2530 est
2515 2478 2715 2532 viscera
2743 2479 3121 2535 misericordia:
3142 2494 3195 2535 ct
3219 2483 3597 2554 lacrymarum,
3624 2504 3799 2556 quam-

2226 2569 2309 2622 vis
2335 2569 2588 2637 spiritalis
2617 2572 2844 2641 siturum
2878 2572 3131 2641 adimplet
3169 2573 3337 2645 legem
3364 2576 3591 2631 Chrisri.
3620 2580 3724 2631 Sed
3750 2591 3799 2631 et

2228 2660 2271 2713 si
2302 2662 2421 2727 quis
2449 2659 2687 2713 infmnus
2717 2661 2767 2713 in
2800 2660 2902 2715 fide
2941 2674 3021 2715 est
3048 2702 3064 2727 ,
3089 2672 3142 2716 et
3166 2667 3338 2719 adhuc
3385 2667 3525 2721 lacte
3574 2670 3800 2721 nutritur

2229 2749 2499 2815 infantiae,
2532 2765 2629 2804 nec
2657 2760 2829 2821 potest
2864 2764 2969 2805 tam
3005 2754 3114 2807 cito
3158 2768 3187 2807 a
3231 2754 3384 2824 legali
3427 2760 3803 2813 observatione

2229 2842 2293 2895 ad
2324 2842 2578 2909 spiritalia
2615 2855 2945 2897 sacramenta
2995 2848 3217 2901 transire
3248 2864 3263 2899 :
3290 2862 3384 2901 vos
3411 2850 3498 2914 qui
3533 2853 3806 2905 robustio-

2229 2949 2317 2989 res
2335 2934 2618 3003 estis,‘cjus
2637 2950 2797 2989 onera
2822 2946 3023 3005 portate
3046 2953 3061 2989 :
3083 2954 3148 2992 ne
3165 2953 3259 3006 per
3277 2939 3543 2993 scientiam
3564 2954 3806 2997 vestram

2232 3024 2394 3078 frater
2426 3035 2639 3091 pereat,
2675 3040 2768 3093 pro
2802 3043 2907 3096 quo
2935 3028 3177 3083 Christus
3215 3040 3297 3084 est
3327 3041 3580 3085 mortuus.
3613 3034 3811 3089 Portat

2229 3134 2439 3186 quoque
2467 3118 2646 3173 fratris
2673 3124 3062 3192 necessitatem,
3092 3125 3185 3197 qui
3211 3136 3486 3198 gravatum
3512 3144 3804 3200 pauperem

564 3212 837 3283 corrigere
857 3216 1027 3286 wpiat
1058 3228 1326 3275 errantem
1356 3234 1371 3271 :
1398 3217 1489 3276 sed
1507 3226 1764 3290 prorecet
1790 3231 1912 3272 eum
1940 3224 2132 3288 sponte
2155 3210 2203 3277 C
2231 3224 2393 3267 onere
2415 3210 2663 3282 egestatis
2690 3211 2922 3284 adjuvat,
2947 3228 3000 3273 et
3029 3218 3155 3273 facit
3182 3220 3282 3275 sibi
3307 3222 3507 3277 amicos
3535 3223 3605 3278 de
3625 3225 3806 3293 iniquo

565 3306 632 3360 ad
670 3310 892 3365 salutem
913 3352 928 3375 ,
962 3316 1167 3367 veniam
1201 3315 1577 3383 repromittens
1611 3332 1624 3366 :
1662 3322 1718 3367 et
1754 3310 1950 3367 Christi
1981 3309 2125 3365 testi-

566 3415 803 3454 ιιιυιιιιιηι
852 3404 1125 3471 proferat,
1177 3421 1281 3475 quo
1326 3406 1473 3475 gravi
1517 3405 1649 3475 legis
1690 3412 1745 3459 et
1792 3414 2127 3472 peccatorum

565 3511 729 3550 onere
752 3498 1034 3563 depressos
1054 3499 1117 3552 ad
1142 3502 1325 3569 jugnm
1348 3516 1501 3553 suum
1530 3513 1711 3563 suave,
1729 3506 1785 3552 et
1806 3498 1919 3551 leve
1948 3495 2134 3549 invitet

566 3601 705 3641 unus
734 3602 749 3639 :
780 3596 838 3640 ut
878 3587 1045 3643 discat
1091 3590 1212 3656 quia
1245 3590 1458 3643 humilis
1485 3590 1585 3655 sit,
1615 3596 1670 3642 et
1700 3588 1877 3649 mitis,
1903 3596 1957 3640 et
1987 3601 2134 3639 man-

569 3685 751 3727 suetus
773 3674 955 3739 corde,
975 3677 1521 3745 etinveniatrequiem
1549 3677 1740 3730 animm
1761 3692 1893 3729 sum.
1915 3674 2136 3729 Utamur

574 3770 677 3820 hoc
702 3768 1007 3823 testimonio
1035 3770 1290 3824 adversus
1318 3770 1623 3835 haereticos,
1658 3772 1745 3839 qui
1770 3771 2009 3825 diversas
2041 3770 2137 3824 tin-

572 3865 759 3922 gentes
781 3857 1004 3920 fabulas,
1032 3868 1217 3912 natura
1242 3861 1390 3914 aiunt
1414 3861 1705 3927 spiritalem
1728 3875 1847 3915 esse
1867 3860 2135 3924 arborem,

573 3955 629 3999 et
675 3962 942 4014 nunquam
972 3949 1141 4003 malos
1181 3949 1370 4004 afferre
1415 3950 1631 4005 fructus.
1665 3951 1803 4005 Ecce
1831 3952 2136 4021 Apostolus,

575 4038 728 4102 cujus
755 4049 812 4092 et
858 4040 957 4104 ipsi
984 4042 1350 4095 auctoritatem
1379 4053 1702 4113 Sequuntur,
1750 4044 1880 4098 dicit
1916 4059 2009 4099 eos
2050 4044 2139 4113 qui

576 4131 841 4200 spiritales
864 4143 988 4188 sunt
1014 4150 1166 4203 posse
1191 4152 1413 4203 peccare
1432 4181 1445 4204 ,
1474 4140 1516 4192 si
1544 4154 1637 4207 per
1665 4139 1994 4194 altitudinem
2024 4156 2143 4194 cor-

575 4223 661 4279 tlis
684 4224 765 4278 sui
798 4225 1045 4280 inﬂentur
1091 4236 1146 4280 et
1190 4238 1459 4284 corruunt.
1508 4230 1656 4297 Quod
1705 4240 1761 4285 et
1798 4246 1894 4285 nos
1935 4247 2143 4300 quoque

564 4316 837 4387 Itatemur,
865 4326 920 4372 et
943 4332 1035 4372 eos
1068 4336 1278 4389 quoque
1308 4322 1571 4389 spiritales
1607 4322 1721 4375 ﬁeri
1752 4325 1795 4374 si
1827 4322 1891 4374 ad
1924 4324 2143 4376 meliora

577 4416 934 4471 revertantur.
961 4410 1164 4478 Opponi
1198 4420 1373 4478 potrst
1410 4412 1537 4465 illud
1569 4413 1707 4479 quod
1748 4413 1811 4465 ad
1839 4412 2145 4469 Corinthios

576 4496 827 4553 scribitur
858 4514 870 4549 :
898 4497 1032 4563 Quid
1056 4500 1244 4553 vultis?
1272 4502 1321 4553 in
1350 4501 1498 4571 virga
1522 4502 1732 4555 veniam
1761 4502 1824 4554 ad
1855 4517 1965 4565 vos,
1994 4517 2059 4554 an
2091 4501 2143 4555 in

2235 3320 2555 3358 mammona.
2590 3306 2925 3361 Considerans
2970 3310 3225 3379 teipsum,
3273 3328 3337 3365 ne
3386 3323 3435 3365 et
3475 3324 3535 3366 ιιι
3582 3316 3803 3370 teucris.

2232 3396 2365 3463 Quia
2391 3407 2447 3451 et
2474 3405 2526 3450 tn
2560 3397 2719 3452 homo
2746 3413 2834 3465 es,
2861 3410 2913 3453 et
2946 3408 3095 3468 poles
3122 3401 3174 3455 in
3203 3402 3377 3471 aliquo
3403 3410 3693 3471 prevemri
3714 3449 3731 3473 ,
3760 3418 3806 3463 et

2231 3490 2498 3560 adjutorio
2527 3491 2781 3561 indigere.
2818 3492 2941 3549 Sani
2985 3494 3125 3548 enim
3164 3495 3397 3550 infirmus
3423 3499 3731 3564 sustinent,
3759 3509 3806 3553 et

2235 3592 2473 3636 mortuos
2519 3583 2784 3649 si-peliunt
2828 3599 2844 3638 :
2887 3584 3007 3650 quia
3053 3594 3107 3637 et
3151 3584 3249 3653 ipsi
3299 3584 3561 3642 inlirmari
3596 3598 3653 3643 et
3685 3593 3806 3644 mori

2238 3688 2392 3743 posse
2420 3689 2480 3728 se
2505 3675 2745 3728 credunt.
2777 3675 2916 3728 Alter
2939 3674 3150 3729 alterius
3184 3692 3340 3729 onera
3380 3689 3605 3745 portate.
3663 3680 3806 3734 Verbi

2236 3768 2409 3836 gratia
2462 3784 2475 3819 :
2531 3766 2665 3820 lram
2704 3767 2883 3820 fratris
2917 3777 2969 3820 tu
3001 3768 3267 3836 portabis,
3297 3784 3416 3823 cum
3457 3778 3513 3823 tu
3564 3771 3813 3825 adrersus

2239 3876 2360 3914 eum
2399 3875 2501 3913 non
2535 3860 2797 3915 irasceris.
2828 3859 2893 3914 Et
2922 3876 3135 3915 rursum
3168 3879 3183 3915 :
3228 3863 3303 3916 Eo
3346 3872 3593 3931 tempore
3626 3880 3736 3932 quo
3768 3875 3814 3919 te

2241 3949 2317 4003 ira
2349 3951 2829 4016 praeoccupaverit,
2885 3950 2972 4004 ille
3016 3962 3068 4006 te
3112 3952 3325 4007 leuitate
3349 3963 3403 4008 et
3434 3956 3815 4023 tranquillitate

2243 4049 2539 4109 supportet.
2570 4040 2726 4094 Certe
2756 4041 2835 4095 vel
2867 4041 2911 4095 si
2954 4045 3071 4111 quis
3103 4045 3152 4097 in
3182 4058 3240 4098 se
3268 4045 3652 4111 loquacitatem
3686 4048 3816 4099 tit-e-

2244 4130 2339 4194 rit,
2371 4140 2423 4184 et
2452 4129 2797 4197 pertinaciam
2827 4131 3065 4185 nondum
3096 4132 3309 4199 vicerit,
3336 4136 3471 4189 alius
3499 4150 3630 4187 vero
3654 4137 3820 4188 adhuc

2246 4223 2464 4292 loquax,
2512 4225 2603 4278 sed
2641 4225 2748 4291 jam
2780 4225 3017 4294 pertinax
3050 4243 3153 4280 non
3201 4229 3271 4281 sit
3302 4244 3315 4281 :
3350 4228 3505 4283 debet
3550 4229 3638 4282 ille
3672 4231 3821 4294 hujus

2247 4318 2646 4387 loquacitatem,
2677 4330 2730 4373 et
2760 4320 2861 4373 iste
2891 4321 3033 4373 illius
3073 4322 3416 4389 pertinaciam
3438 4366 3450 4386 ,
3491 4322 3666 4376 donec
3699 4322 3819 4374 illud

2250 4412 2300 4465 in
2330 4412 2443 4474 illo,
2471 4423 2523 4465 et
2548 4412 2647 4467 hoc
2673 4413 2723 4466 in
2753 4416 2856 4467 ism
2877 4427 3112 4479 sanetur,
3134 4416 3390 4470 charitate
3413 4405 3647 4483 portare.
3674 4417 3741 4470 Et
3758 4419 3824 4471 sic

2249 4502 2584 4571 adimplcbitis
2623 4504 2780 4571 legem
2828 4503 3036 4559 Christi.
3068 4506 3172 4559 Lex
3213 4507 3406 4560 Christi
3450 4509 3600 4561 chari
3626 4524 3690 4563 as
3718 4520 3824 4567 εει.

579 4583 838 4638 cliaritate
881 4594 935 4638 et
977 4587 1163 4653 spiritu
1209 4591 1667 4643 mansuetudinis?
1713 4590 1766 4643 Si
1804 4591 1945 4644 enim
1975 4591 2045 4644 ibi
2080 4590 2145 4644 ad
2173 4584 2227 4644 D
2250 4590 2380 4645 dicit
2403 4594 2544 4645 enim
2579 4608 2592 4645 :
2625 4593 2922 4647 Mandatum
2947 4610 3144 4666 novum
3175 4597 3243 4650 do
3264 4597 3437 4663 vobis,
3478 4607 3536 4652 ut
3571 4615 3665 4651 vos
3695 4601 3825 4653 invi~

585 4685 890 4742 peccatores
930 4692 1032 4730 non
1080 4680 1129 4731 in
1190 4680 1373 4744 Spiritu
1435 4682 1891 4748 mansuetudinis,
1949 4684 2042 4736 scd
2097 4683 2151 4736 in

583 4782 723 4834 vzrga
774 4765 953 4821 venire
999 4784 1056 4822 se
1102 4770 1265 4835 dicit,
1309 4773 1574 4839 quoinodo
1624 4788 1761 4825 nunc
1807 4774 1910 4827 illis
1961 4775 2048 4843 qui
2097 4773 2150 4829 in

581 4860 757 4926 aliquo
788 4868 1002 4927 peccato
1030 4862 1278 4929 prieventi
1312 4862 1523 4925 fuerint,
1556 4878 1659 4917 non
1692 4865 1887 4933 virgam
1916 4865 2148 4929 adhibet,

582 4950 676 5004 sed
719 4951 959 5015 spiritum
1008 4955 1472 5008 mansuetudinis?
1502 4954 1693 5010 Verum
1741 4955 1807 5009 ad
1837 4970 1930 5009 eos
1958 4956 2155 5011 dicitur

585 5042 675 5109 qui
717 5050 836 5110 post
876 5056 1147 5111 peccatum
1200 5059 1304 5099 non
1354 5047 1644 5101 sentientes
1690 5062 1924 5101 errorem
1974 5062 2151 5112 suum,

583 5132 834 5194 nolebant
860 5135 1149 5205 majoribus
1178 5138 1287 5190 suis
1324 5136 1478 5191 subdi
1508 5147 1560 5191 et
1598 5138 1908 5205 poenitentia
1938 5136 2150 5205 corrigi.

589 5233 683 5287 Ubi
716 5247 847 5287 vero
876 5240 1118 5299 peccator
1146 5229 1444 5298 intelligens
1477 5228 1669 5282 vulnus
1697 5243 1884 5291 suum,
1914 5227 2071 5281 tradit
2096 5242 2155 5282 se

586 5322 793 5377 medico
820 5320 1141 5386 curandum,
1176 5319 1247 5372 ibi
1278 5333 1382 5373 non
1412 5326 1497 5372 est
1524 5318 1669 5387 virga
1700 5315 1992 5371 necessaria
2012 5356 2026 5380 ,
2058 5315 2153 5370 sed

585 5415 802 5483 spiritus
834 5412 1084 5467 lenitatis.
1114 5410 1217 5465 Sed
1247 5419 1300 5464 et
1340 5410 1468 5463 illud
1513 5410 1645 5462 forte
1670 5408 1926 5476 qiueritur
1958 5424 1971 5460 :
2001 5406 2153 5472 Quod

583 5506 628 5561 si
678 5514 957 5574 propterea
1002 5504 1267 5557 instruere
1314 5502 1431 5568 quis
1476 5500 1665 5553 debeat
1716 5506 2046 5567 peccatorem
2101 5500 2152 5551 iu

585 5596 774 5664 spiritu
806 5595 1050 5655 lenitatis,
1078 5592 1197 5662 quia
1229 5589 1531 5644 consideret
1557 5603 1636 5652 se,
1671 5604 1736 5641 ne
1783 5596 1838 5641 et
1882 5589 1993 5655 ipse
2041 5598 2156 5641 ten-

584 5697 758 5755 tetur,
797 5701 923 5757 ergo
947 5685 1153 5756 justus,
1183 5685 1269 5752 qni
1303 5682 1368 5734 de
1394 5694 1489 5733 sua
1519 5688 1697 5733 certus
1728 5690 1810 5732 est
1836 5687 2036 5743 mente,
2066 5680 2153 5749 qui

583 5777 685 5837 scit
714 5791 817 5834 non
848 5790 1004 5851 posse
1033 5789 1092 5831 se
1121 5773 1265 5841 labi,
1298 5786 1402 5831 non
1450 5769 1678 5828 instruct
1723 5780 2054 5844 peccitorem
2099 5773 2154 5829 in

2251 4696 2366 4735 crm
2395 4682 2628 4751 diligatis
2657 4683 2795 4736 sicut
2831 4698 2928 4752 ego
2973 4686 3130 4739 dilexi
3174 4702 3286 4739 vos.
3334 4687 3475 4741 Nam
3511 4690 3559 4741 si
3587 4690 3704 4759 quis
3730 4692 3831 4741 esi.

2250 4772 2420 4826 stimat
2453 4789 2506 4825 se
2532 4773 2727 4842 aliquid
2766 4790 2904 4837 esse,
2933 4790 3048 4827 cum
3096 4776 3221 4829 nihil
3266 4778 3369 4842 sit,
3401 4779 3507 4844 ipse
3536 4794 3591 4831 se
3616 4780 3829 4831 seducit.

2252 4861 2351 4926 Qui
2381 4876 2439 4914 se
2476 4868 2624 4928 putat
2660 4878 2764 4915 non
2798 4878 2953 4930 posse
2996 4866 3208 4928 tentati,
3240 4866 3353 4918 sive
3395 4867 3512 4934 plus
3542 4866 3610 4921 de
3636 4882 3697 4921 se
3726 4868 3833 4921 lau-

2254 4954 2399 5011 danti
2428 4967 2516 5010 se.
2549 4968 2706 5021 quam
2740 4969 2851 5007 sua:
2875 4955 3216 5008 conscientia:
3243 4957 3449 5022 credit,
3482 4958 3721 5025 seipsum
3751 4972 3835 5011 se-

2255 5045 2421 5099 ducit.
2453 5045 2507 5099 Si
2539 5044 2657 5112 quis
2685 5060 2786 5097 non
2817 5045 2929 5096 vult
2954 5059 3114 5098 omra
3143 5046 3315 5099 aliena
3354 5054 3569 5113 portare
3592 5091 3606 5114 ,
3656 5053 3715 5100 et
3741 5048 3837 5100 im-

2258 5134 2557 5188 misericors
2583 5148 2681 5186 suo
2704 5141 2903 5186 tantum
2929 5149 3093 5203 Opere
3118 5142 3174 5188 et
3200 5131 3394 5190 virtute
3414 5143 3702 5189 contentus
3731 5145 3836 5196 est,

2256 5240 2362 5279 non
2390 5239 2634 5293 quaerens
2662 5240 2780 5293 qua:
2809 5224 2979 5279 aliena
3007 5233 3152 5290 sunt,
3178 5226 3270 5279 sed
3294 5242 3411 5295 qu:e
3437 5241 3531 5280 sua
3567 5244 3579 5278 :
3612 5229 3716 5282 hoc
3734 5237 3836 5290 est,

2256 5316 2341 5373 sui
2368 5323 2567 5369 tantum
2590 5323 2800 5368 amator
2828 5323 2884 5369 et
2910 5331 3013 5369 non
3044 5318 3203 5371 etiam
3232 5316 3345 5383 Dei,
3379 5316 3494 5385 ipse
3523 5332 3584 5371 se
3610 5319 3838 5370 sedum.

2262 5406 2401 5476 Opus
2428 5419 2596 5460 autem
2618 5423 2766 5459 suum
2807 5407 2977 5473 probet
3020 5409 3381 5477 unusquisque.
3415 5409 3515 5472 Qui
3561 5409 3838 5462 conscien—

2260 5500 2383 5555 tiam
2408 5500 2569 5552 habet
2586 5499 2764 5565 opei-is
2790 5498 2934 5561 boni,
2966 5507 3021 5552 et
3046 5517 3085 5553 sv
3109 5501 3281 5567 ipsum
3310 5502 3681 5563 considerans,
3707 5515 3841 5568 opns

2256 5606 2408 5645 suum
2434 5603 2538 5643 non
2565 5589 2940 5657 reprehendit,
2970 5604 3039 5643 uo
3064 5611 3073 5640 ι
3102 5590 3263 5644 debet
3289 5590 3355 5642 de
3382 5590 3481 5643 hoc
3510 5591 3649 5658 apud
3676 5590 3839 5643 alium

2257 5682 2493 5751 gloriari.
2517 5688 2573 5734 et
2604 5681 2808 5735 laudem
2839 5695 2992 5734 suam
3022 5683 3161 5734 foras
3191 5680 3433 5745 fundere,
3459 5689 3514 5736 et
3537 5683 3841 5737 communio

2258 5787 2382 5831 caro
2406 5788 2525 5830 cum
2556 5772 2779 5840 cunctis,
2806 5779 2862 5827 ct
2884 5786 2945 5827 ex
2973 5772 3243 5831 hominum
3276 5788 3517 5844 quaerere
3546 5775 3725 5831 favore
3749 5775 3833 5842 ja-
