3982 6352
189 384 297 438 605

1034 378 1097 434 ΙΝ
1139 379 1519 435 EPISTULA}!
1558 380 1648 434 AD
1687 380 2003 437 GALATAS
2041 381 2560 442 COMMENTARIA.

3307 379 3313 386 '
3336 392 3442 449 606

180 495 438 551 etantiam
466 509 479 546 :
509 491 602 547 sed
627 492 676 545 in
701 490 986 561 semetipso
1013 492 1201 546 habent
1228 493 1470 560 gloriam,
1493 501 1547 546 et
1572 494 1716 546 dicat
1745 511 1756 544 :
1792 496 1839 556 Λ
1868 508 2072 547 merces
2099 493 2190 550 Dci
2241 498 2292 549 in
2337 508 2601 553 teternum
2649 508 2846 554 manet.
2891 499 3285 558 lndellcientem
3314 521 3444 575 ergo

183 585 310 638 Mihi
336 585 478 638 absit
501 583 743 651 gloriari,
791 584 887 636 nisi
920 586 970 636 in
1001 598 1160 637 cruce
1198 583 1406 637 Domini
1439 584 1603 637 nostri
1633 585 1758 640 Jesu

176 674 405 738 Christi,
433 688 526 743 per
551 689 706 742 quem
736 673 961 727 mundus
993 673 1119 726 mihi
1144 675 1430 727 cruciﬁxus
1457 683 1556 738 est,
1581 683 1636 728 et
1661 690 1760 744 ego

180 768 402 821 mundo.
429 767 528 832 Qui
561 767 780 835 gloriam
810 767 1006 834 quaerit
1031 767 1096 818 ab
1123 767 1312 827 altero,
1339 767 1458 819 huic
1488 781 1583 820 nec
1609 782 1761 820 mun-

179 862 284 915 dus
305 862 588 914 crncilixus
608 867 709 920 est,
731 875 825 912 nec
843 859 1125 913 cruciﬁxus
1148 867 1230 912 est
1257 861 1368 926 ipse
1383 875 1502 912 cum
1526 860 1758 914 tIhristo.

182 951 406 1020 Recepit
434 953 628 1018 quippe
654 951 792 1019 quod
832 953 1102 1018 qna'rebat
1129 952 1196 1004 ab
1232 951 1534 1005 hominibus
1561 968 1762 1007 merce-

180 1042 308 1096 dem
336 1057 506 1095 suam.
532 1041 595 1094 Et
621 1045 694 1095 sic
722 1043 773 1095 in
794 1043 1061 1110 semetipso
1084 1053 1278 1095 tantum
1303 1043 1518 1114 gloriam
1543 1042 1758 1108 habebit,

179 1144 233 1186 ct
256 1151 354 1186 non
385 1135 435 1186 in
464 1135 644 1186 altera.
675 1133 730 1187 In
763 1148 855 1186 sua
899 1135 1225 1188 conscientia
1249 1173 1265 1198 ,
1313 1151 1417 1188 non
1462 1135 1512 1188 in
1543 1135 1760 1189 alterius

181 1225 507 1278 adulatione.
541 1225 666 1277 Item
699 1224 854 1278 aliter
884 1242 898 1278 :
931 1223 1039 1278 lloc
1083 1233 1165 1279 est
1214 1235 1421 1294 portare
1461 1228 1634 1280 oleum
1672 1242 1760 1281 se-

181 1329 308 1367 cum
345 1333 357 1368 :
392 1330 494 1366 non
525 1330 588 1367 ex
617 1316 789 1367 aliena
832 1314 985 1368 laude
1016 1317 1246 1383 pendere
1288 1334 1300 1368 :
1334 1317 1428 1370 sed
1464 1332 1619 1385 quam
1651 1318 1764 1385 glo-

184 1410 319 1457 riam
349 1406 397 1456 in
425 1420 483 1458 se
513 1405 746 1471 habebit,
775 1407 872 1458 nisi
922 1407 972 1458 in
1022 1422 1140 1459 eum
1185 1406 1268 1460 cui
1314 1407 1507 1460 dicitur
1535 1423 1549 1459 :
1583 1407 1760 1461 Gloria

187 1511 326 1558 met,
355 1503 410 1548 et
449 1496 689 1549 exaltans
729 1503 889 1561 caput
935 1496 1146 1548 meum?
1176 1497 1262 1564 qui
1300 1497 1557 1564 gloriatur
1585 1498 1636 1550 in
1667 1511 1761 1550 sua

187 1586 421 1654 iustitia,
467 1601 570 1639 non
623 1586 672 1637 in
719 1586 890 1638 alieno
933 1596 1172 1653 peccato.
1202 1587 1338 1639 Nihil
1370 1587 1510 1640 enim
1556 1586 1764 1655 prolicit

187 1692 282 1744 per
312 1678 530 1729 alterius
557 1677 957 1739 detrimen'um,
992 1693 1089 1732 nec
1116 1694 1182 1730 ex
1214 1679 1352 1732 illius
1377 1679 1570 1732 delicto
1601 1680 1651 1732 in
1677 1680 1764 1735 die

181 1767 368 1836 judicii
397 1774 592 1835 quanto
621 1775 700 1821 est
725 1767 918 1837 thstinr
943 1769 1238 1836 apparebit.
1262 1769 1612 1837 Unusquisque
1628 1771 1763 1823 enim

1857 583 2114 651 justitiam
2144 588 2452 643 indelicieus
2474 593 2748 658 prtemiutn
2772 593 3124 662 subsequetur
3146 613 3160 648 :
3186 599 3273 666 qui
3301 599 3442 653 enim

1863 681 2282 743 perseveraverit
2312 697 2477 751 usque
2496 684 2546 736 in
2574 685 2752 748 tinem,
2787 686 2870 739 hic
2895 687 3071 740 salvus
3098 691 3220 742 crit.
3243 689 3446 745 Cohor-

1863 771 2008 818 tatur
2054 782 2146 820 eos
2176 770 2238 821 ad
2265 774 2496 824 studium
2529 777 2961 844 perseverantiae,
2994 776 3083 844 qui
3125 779 3173 830 in
3206 781 3304 832 hac
3334 780 3443 833 vita

1862 858 2164 909 mercedem
2208 859 2334 911 boni
2373 863 2552 928 operis
2591 873 2947 929 exsiicctant:
2992 867 3291 920 nescientes
3317 869 3440 936 quia

1861 945 1999 998 sicut
2025 948 2075 999 in
2104 949 2308 1002 semine
2335 951 2477 1005 aliud
2509 955 2729 1006 sationis
2750 995 2764 1019 ,
2803 956 2945 1010 aliud
2977 959 3166 1011 messis
3193 967 3276 1012 est
3309 967 3442 1012 tem-

1863 1050 1982 1103 pus,
2000 1038 2078 1091 sic
2103 1046 2160 1092 et
2185 1040 2236 1092 in
2263 1044 2507 1108 pra-senti
2533 1044 2634 1095 vita
2663 1048 2914 1099 sementis
2937 1055 3018 1100 est
3043 1062 3202 1114 opera
3220 1063 3340 1115 quas
3359 1048 3442 1102 vel

1862 1126 1915 1179 in
1938 1129 2124 1196 spiritu
2147 1130 2231 1183 vel
2256 1131 2308 1184 in
2336 1148 2496 1186 carne
2518 1145 2807 1188 metuntur.
2836 1136 3021 1191 Messis
3050 1153 3174 1191 vero
3203 1137 3441 1192 futurum

1857 1217 2147 1286 judicium:
2191 1229 2246 1273 et
2287 1237 2383 1288 pro
2423 1225 2680 1291 qualitate
2717 1226 2800 1279 vel
2831 1225 3142 1282 diversitate
3190 1230 3448 1284 sementis

1863 1305 2100 1359 diversas
2131 1321 2233 1360 non
2272 1305 2448 1362 facere
2492 1326 2789 1378 messuras,
2817 1315 3198 1382 centesimum,
3225 1331 3446 1386 sexage-

1863 1397 2079 1460 simum,
2110 1409 2164 1452 et
2190 1399 2515 1468 trigesimum
2547 1402 2774 1458 fructum
2803 1421 2996 1474 :quam
3019 1415 3253 1477 segetem
3287 1424 3443 1462 nemo

1865 1497 2037 1556 potest
2068 1499 2270 1543 metere
2300 1492 2575 1548 dellt‘iens.
2605 1495 2707 1560 Qui
2733 1499 2874 1550 enim
2908 1503 3343 1565 perseveraverit,
3387 1511 3445 1553 ut

1862 1592 2020 1647 supra
2065 1580 2265 1634 dictum
2306 1591 2405 1648 est,
2448 1599 2616 1652 usque
2667 1588 2716 1638 in
2765 1589 2945 1652 linem,
2989 1586 3076 1641 hic
3117 1589 3294 1642 salvus
3319 1591 3443 1644 erit.

1867 1670 2034 1734 Quale
2062 1681 2144 1724 est
2167 1680 2364 1735 autem,
2398 1683 2452 1725 nt
2473 1692 2592 1728 cum
2630 1688 2935 1745 peccatores
2957 1680 3191 1748 quotidie
3213 1682 3263 1732 in
3293 1682 3446 1734 malis

1865 1763 2122 1827 oneribus
2160 1776 2452 1831 augeantur
2479 1805 2493 1831 ,
2543 1780 2640 1819 nos
2690 1768 2740 1819 in
2781 1769 2920 1821 bono
2967 1783 3129 1836 opere
3163 1770 3444 1825 lassemur.

186 1873 316 1909 ann.
343 1873 490 1909 suum
524 1823 845 1924 pariam},
877 1860 1237 1928 unu.q..isque
1282 1875 1418 1914 οιιιιε
1463 1876 1612 1913 suum
1643 1876 1760 1929 por-
1794 1867 1838 1926 Β
1869 1851 2116 1920 Tempore
2133 1855 2267 1907 enim
2297 1871 2390 1908 suo
2415 1865 2652 1909 metemus
2673 1873 2772 1909 non
2801 1857 3105 1923 deﬁcientes.
3134 1859 3282 1912 Nunc
3312 1869 3446 1913 tem-

189 1947 341 2009 tabit,
372 1946 508 1999 alter
545 1947 760 2000 alterius
787 1961 948 2000 onera
991 1955 1203 2015 portare
1249 1964 1353 2001 non
1397 1950 1610 2017 poterit.
1659 1949 1762 2004 Sed

189 2036 476 2089 videndum
518 2038 656 2102 quod
705 2037 774 2090 ibi
815 2039 1149 2107 praeceperit,
1179 2047 1236 2092 ut
1267 2048 1547 2106 peccantes
1586 2040 1639 2093 in
1669 2041 1766 2094 hac

190 2125 300 2178 vita
331 2141 428 2178 nos
457 2127 680 2180 iuvit-em
713 2136 1075 2180 sustentemus
1096 2172 1109 2195 ,
1139 2132 1265 2182 etin
1300 2132 1543 2197 praesenti
1571 2132 1766 2185 saeculo

188 2215 506 2268 alterutrum
539 2217 739 2269 auxilto
764 2219 949 2270 simus.
975 2218 1068 2271 llic
1091 2230 1268 2270 autem
1299 2220 1366 2272 de
1394 2220 1598 2272 Domini
1627 2222 1766 2274 dicat

187 2305 244 2359 in
271 2307 660 2360 resurrectiOne
676 2307 897 2374 judicio,
913 2309 1052 2374 quod
1077 2323 1180 2361 non
1202 2325 1265 2361 ex
1288 2311 1506 2362 alterius
1530 2322 1760 2377 peccato,

185 2396 285 2450 st-d
306 2397 462 2466 juxta
489 2405 728 2451 nostrum
758 2415 892 2466 Opus
918 2401 1088 2452 simus
1115 2401 1401 2468 recepturi,
1436 2403 1484 2454 itt
1507 2402 1594 2456 die
1619 2401 1763 2470 judi-

185 2491 254 2544 cii
288 2491 386 2545 hoc
411 2490 529 2545 erit.
561 2490 690 2544 Nam
728 2491 814 2545 hic
843 2500 1123 2558 peccantes
1171 2495 1222 2546 in
1271 2494 1367 2546 hac
1406 2495 1511 2546 vita
1542 2495 1763 2564 invicem

185 2597 289 2636 nos
315 2592 669 2636 sustentemus
694 2601 707 2635 :
735 2593 790 2638 et
810 2585 927 2637 ideo
956 2584 1088 2638 dixit
1115 2602 1128 2638 :
1162 2585 1386 2639 Invicem
1407 2601 1567 2640 onera
1593 2594 1764 2640 vestra

186 2681 426 2744 portate,
468 2682 572 2726 ctc.
623 2673 768 2728 Onus
818 2691 968 2728 suum
1021 2678 1270 2745 p0t'labil.
1320 2677 1431 2730 Non
1463 2678 1604 2730 enim
1633 2693 1766 2732 onus

183 2771 306 2838 ejus
333 2772 445 2822 laus
471 2772 675 2823 auferet
697 2770 991 2824 seducenli.
1020 2770 1364 2824 Commttnicet
1404 2782 1574 2824 autem
1614 2773 1656 2823 is
1680 2773 1768 2838 qui

183 2862 533 2915 catecltisatur
561 2862 707 2915 verbo
731 2863 778 2915 ei
803 2864 889 2930 qui
914 2880 965 2915 se
985 2865 1256 2917 catechizat
1273 2865 1326 2917 in
1352 2866 1580 2919 omnibus
1602 2867 1765 2919 bonis.

185 2954 557 3008 Communicet
583 2953 694 3007 sive
719 2954 1018 3008 obedientia
1037 3000 1049 3020 ,
1075 2957 1238 3010 verbo
1255 2994 1270 3018 ,
1297 2963 1353 3010 et
1377 2957 1580 3010 actibus
1602 3002 1615 3024 ,
1651 2958 1767 3011 imi-

185 3045 412 3109 tatione,
436 3043 548 3097 sive
571 3045 858 3098 substantia
883 3044 1082 3110 victus;
1111 3046 1196 3114 qui
1219 3062 1250 3099 a
1272 3048 1536 3113 magistris
1557 3049 1766 3114 spirita-

183 3137 260 3192 lia
288 3137 543 3205 accipitis,
599 3137 866 3206 magistris
901 3140 1130 3192 carnalia
1171 3140 1422 3207 prmbele.
1474 3139 1648 3194 Nolite
1686 3159 1767 3194 er-

1871 1957 1967 2012 pus
1992 1945 2290 1998 setuinandi
2319 1955 2420 2012 est,
2453 1961 2556 2000 non
2587 1948 2817 2000 metendi
2845 1964 2858 2000 :
2892 1962 2994 2001 non
3025 1963 3152 2017 ergo
3182 1949 3269 2004 hic
3307 1963 3448 2002 mer-

1868 2036 2052 2089 cedem
2100 2047 2334 2092 nostram
2365 2053 2667 2106 quaeramus
2705 2039 2973 2106 accipere;
3021 2056 3118 2094 nec
3161 2042 3333 2094 hieme
3365 2049 3449 2094 te-

1873 2141 1996 2178 nera
2040 2127 2200 2180 herba
2242 2127 2460 2182 dimissa
2507 2131 2558 2181 in
2605 2129 2872 2196 praesenti,
2903 2137 2961 2182 ut
2989 2130 3099 2182 lucc
3149 2131 3309 2182 herba
3341 2146 3447 2182 non

1872 2226 2160 2280 prematur,
2185 2225 2239 2270 et
2269 2233 2373 2270 non
2401 2217 2470 2269 sit
2507 2233 2627 2286 qua:
2665 2219 2716 2270 in
2743 2220 2919 2271 futuro
2955 2229 3200 2271 ructatur.
3238 2218 3451 2272 Dicetur

1870 2306 2012 2358 enim
2036 2308 2189 2360 nobis
2216 2324 2229 2360 :
2261 2308 2557 2376 llecepistis
2582 2308 2717 2360 bona
2748 2317 2922 2361 vestra
2955 2309 3004 2361 in
3039 2309 3140 2361 vita
3170 2316 3362 2361 vestra.
3387 2309 3452 2361 Et

1871 2398 2058 2451 iterum
2081 2417 2094 2450 :
2116 2400 2410 2467 Recepistis
2428 2401 2723 2454 mercedem
2747 2411 2995 2453 vestram.
3022 2400 3160 2469 Ergo
3183 2401 3302 2452 dunt
3325 2409 3454 2452 tem-

1869 2505 1963 2558 pus
2011 2489 2268 2554 habemus,
2323 2507 2589 2558 operemur
2633 2491 2819 2543 bonum
2862 2491 2930 2543 ad
2976 2507 3164 2543 oumes.
3217 2489 3451 2560 Tempus

1869 2582 2148 2646 sementis,
2184 2591 2242 2635 ut
2286 2582 2541 2647 diximus,
2587 2590 2791 2650 tempus
2836 2591 2920 2636 est
2965 2596 3225 2649 prtesens,
3257 2591 3310 2634 et
3343 2582 3451 2635 vita

1871 2685 2028 2739 quam
2073 2676 2384 2726 currimus:
2423 2675 2472 2725 in
2524 2673 2620 2726 hac
2658 2673 2780 2726 licet
2827 2673 2980 2726 nobis
3025 2671 3164 2741 quod
3208 2672 3452 2725 volumus

1871 2764 2160 2816 seminare.
2194 2764 2326 2817 Cum
2357 2765 2456 2817 ista
2489 2764 2590 2816 vita
2622 2765 2891 2817 transierit
2912 2806 2926 2829 ,
2957 2763 3210 2832 operandi
3243 2773 3452 2828 tempus

1871 2856 2157 2917 auferetur,
2185 2857 2303 2907 sive
2328 2865 2668 2922 a-grotemus,
2689 2857 2800 2908 sive
2830 2856 2943 2908 sani
2965 2857 3132 2908 simus
3157 2870 3170 2906 :
3201 2852 3449 2918 humiles,

1871 2948 1949 2997 vel
1981 2953 2254 3012 p0tentes;
2288 2943 2578 3013 ignobiles,
2605 2946 2689 2998 vel
2719 2943 2996 3006 honorati;
3024 2949 3340 3007 esurientes,
3370 2950 3452 2994 at-

1870 3050 1974 3105 que
2017 3046 2334 3100 vescentes,
2378 3037 2554 3089 omnia
2598 3037 2649 3088 in
2689 3037 2904 3090 nomine
2953 3035 3158 3089 Domini
3200 3051 3318 3088 cum
3360 3049 3452 3100 pa-

1873 3128 2058 3179 tientia
2099 3139 2152 3181 et
2193 3129 2588 3196 :equanimitate
2627 3128 2912 3190 faciamus,
2952 3137 3004 3180 et
3051 3128 3352 3195 implebitur
3395 3126 3452 3180 in

184 3243 328 3280 rare.
359 3227 497 3280 Deus
517 3245 618 3280 non
646 3229 905 3281 irridetur.
941 3230 1107 3283 llotno
1142 3241 1314 3298 poti-st
1350 3247 1378 3283 a
1407 3243 1652 3299 serpente
1677 3234 1765 3287 Dei

1873 3216 2176 3270 nobisillud
2222 3218 2362 3286 quod
2405 3220 2658 3284 scriptum
2697 3227 2782 3272 est
2821 3235 2832 3268 :
2877 3217 3226 3286 Diligentibus
3270 3225 3449 3269 autem

185 3320 476 3373 vindictam
529 3328 754 3389 negante
798 3319 1046 3383 irrideri,
1096 3321 1234 3376 sicut
1279 3321 1408 3375 Eva.
1457 3322 1586 3376 Nam
1630 3324 1769 3378 Dens

187 3411 408 3464 exhibet
436 3411 574 3479 quod
607 3413 890 3480 promittit.
925 3411 1052 3465 Nam
1083 3424 1138 3466 ut
1165 3429 1374 3468 omnem
1403 3415 1598 3468 diaboli
1624 3423 1770 3469 astu-

189 3504 321 3556 tiam
347 3504 644 3558 cxcluderet
673 3549 686 3571 ,
710 3505 938 3574 amplius
964 3505 1090 3559 Adae
1113 3513 1169 3560 et
1201 3507 1323 3559 Eva:
1356 3507 1581 3560 reddidit
1611 3523 1766 3576 quam

189 3597 454 3667 promisit.
491 3598 554 3650 Et
575 3598 726 3652 uxori
756 3599 909 3660 Loth,
940 3597 1096 3651 etiam
1125 3598 1263 3667 quod
1291 3613 1394 3651 non
1428 3599 1768 3666 prmdlxerat,

189 3689 338 3742 fecit.
370 3688 494 3753 Qua:
521 3690 655 3742 enim
698 3690 1014 3743 seminaverit
1057 3690 1234 3752 homo,
1264 3691 1372 3744 lia'c
1413 3703 1460 3745 et
1507 3703 1672 3745 metet.
1709 3693 1770 3745 Et

189 3788 448 3847 quantum
485 3780 846 3833 seminaverit.
882 3779 1134 3843 Quoniam
1166 3781 1249 3848 qni
1278 3781 1492 3833 seminat
1528 3781 1582 3832 in
1621 3797 1772 3834 carne

189 3885 319 3933 sua,
347 3870 410 3921 de
438 3885 586 3923 carne
615 3878 763 3924 metet
791 3871 1185 3937 corruptionem.
1222 3872 1323 3936 Qui
1353 3886 1503 3940 Spem
1532 3871 1679 3940 ponit
1716 3873 1769 3926 in

188 3959 598 4014 circumcisioiie
627 3960 852 4025 carnali,
884 3962 963 4013 vel
1001 3962 1087 4030 qui
1121 3963 1244 4014 vitia
1272 3965 1500 4016 seminat
1535 3962 1584 4015 in
1615 3963 1771 4028 spiri-

193 4050 284 4104 tali
313 4053 752 4114 conversatione,
786 4053 868 4105 vel
914 4053 962 4104 in
995 4053 1116 4105 lide.
1155 4054 1251 4116 Qui
1280 4065 1446 4106 autem
1472 4054 1686 4106 seminat
1717 4053 1769 4104 in

189 4143 405 4211 spiritu,
435 4145 496 4196 de
523 4144 706 4210 spiritu
751 4152 900 4196 metet
940 4147 1090 4196 vitam
1125 4154 1386 4197 a’ternam.
1433 4145 1602 4197 Omne
1631 4143 1769 4212 quod

192 4233 474 4301 loquimur,
525 4249 588 4301 ag
613 4249 750 4297 mus,
791 4234 1104 4300 coritamus,
1150 4235 1200 4286 in
1232 4235 1438 4288 duohus
1479 4233 1773 4287 seminatur

186 4326 366 4394 agris,
397 4341 557 4379 carne
587 4333 641 4378 et
667 4325 854 4391 spiritu
883 4342 897 4380 :
931 4329 974 4380 si
1007 4328 1140 4379 bona
1185 4338 1306 4378 sunt
1339 4342 1456 4394 qua:
1486 4326 1550 4379 de
1578 4341 1735 4378 manu
1755 4365 1770 4391 ,

186 4417 482 4482 corde,ore
500 4426 827 4484 promuntur,
846 4418 1100 4469 seminata
1121 4417 1170 4468 iu
1193 4416 1405 4484 spiritu,
1424 4416 1541 4468 vita:
1559 4430 1773 4470 arternze

188 4508 452 4564 fructibus
499 4506 868 4560 redundabant
901 4523 914 4559 :
946 4507 988 4558 si
1021 4506 1156 4558 mala
1205 4507 1272 4560 ab
1309 4521 1436 4574 agro
1475 4507 1650 4559 carnis
1679 4522 1773 4560 ex-

1873 3310 2037 3366 Deutn
2079 3310 2256 3362 omnia
2307 3316 2663 3375 cooperantur
2703 3307 2755 3360 in
2797 3308 3014 3361 bonum.
3062 3306 3210 3372 Quod
3259 3305 3304 3359 si
3354 3320 3453 3359 nos

1870 3411 2083 3468 Oportet
2131 3401 2182 3453 in
2236 3409 2458 3452 cunctos
2505 3397 2871 3452 indifferenter
2920 3397 3251 3452 liberalitatis
3303 3395 3451 3451 frena

1873 3492 2079 3554 laxare,
2110 3501 2308 3558 quanto
2341 3491 2507 3558 magis
2538 3490 2588 3543 in
2621 3490 2943 3545 domesticos
2971 3489 3112 3552 tidei,
3137 3499 3190 3542 et
3222 3491 3272 3541 in
3299 3487 3450 3542 Chri-

1871 3583 2093 3648 stianos,
2118 3581 2209 3650 qui
2237 3579 2481 3634 eumdem
2512 3580 2710 3633 habent
2739 3589 2962 3647 patrem,
2987 3589 3041 3634 et
3067 3578 3304 3648 ejusdem
3337 3593 3448 3630 ma~

1871 3673 2020 3741 gistri
2052 3673 2411 3741 appellatione
2429 3672 2752 3725 censentur?
2779 3671 2998 3724 Videtur
3027 3670 3154 3724 mihi
3183 3668 3328 3722 locus
3349 3667 3448 3728 iste

1873 3779 2028 3834 posse
2055 3763 2423 3832 superioribus
2449 3762 2738 3826 coluerere,
2771 3772 2826 3814 ut
2849 3762 3171 3815 domesticus
3197 3759 3317 3813 lldei
3337 3775 3449 3813 ma.

1873 3861 2068 3928 gistros
2097 3858 2364 3921 nominet;
2399 3857 2591 3924 quibus
2622 3871 2782 3924 supra
2823 3856 3001 3909 omnia
3045 3871 3161 3925 quae
3200 3861 3447 3923 putantur

1874 3951 2008 4002 bona
2031 3950 2098 4002 ab
2119 3949 2445 4002 auditoribus
2469 3949 2579 4001 suis
2597 3948 2831 4016 iusserat
2857 3948 3168 4001 ministrari.
3197 3947 3448 4008 Ultimum

1871 4043 2128 4096 sementis
2167 4041 2266 4094 hoc
2308 4052 2513 4109 tempus
2551 4048 2663 4102 est,
2702 4041 3014 4094 festinemus
3059 4055 3187 4110 ergo
3234 4054 3452 4108 campos

1871 4147 2058 4185 omnes
2089 4145 2306 4194 serere,
2339 4142 2390 4183 et
2423 4131 2652 4184 maxime
2683 4147 2776 4184 eos
2804 4133 2891 4198 qui
2923 4138 3050 4184 sunt
3078 4132 3330 4185 uberrimi
3361 4147 3450 4186 ree

1875 4223 2114 4291 pleamtts
2143 4239 2157 4279 :
2196 4238 2261 4275 ne
2287 4222 2598 4288 incipiamus
2627 4232 2866 4288 tempore
2895 4223 3145 4275 messium
3176 4223 3293 4275 aliis
3319 4239 3452 4290 epu-

1876 4313 2104 4365 lantibus
2137 4313 2364 4366 esurire.
2409 4311 2634 4365 Maxime
2669 4321 2836 4364 autem
2867 4312 2933 4362 ad
2963 4312 3261 4364 domesticos
3304 4315 3448 4379 fidei,

1876 4403 1938 4454 Et
1961 4401 2180 4466 Judaais,
2209 4409 2265 4454 et
2291 4403 2528 4469 paganis,
2559 4410 2717 4468 atque
2743 4400 3081 4466 Christianis,
3105 4410 3162 4456 et
3191 4403 3362 4468 bonis,
3395 4414 3450 4458 et

1876 4495 2029 4547 malis
2051 4493 2474 4546 misericordiam
2505 4492 2780 4558 faciamus,
2812 4507 2877 4546 ne
2899 4493 2976 4545 eis
3005 4493 3144 4562 quod
3171 4494 3312 4550 Deus
3341 4511 3446 4554 non

189 4610 366 4666 ομνια,
398 4598 753 4664 corruptionis
803 4597 953 4651 nobis
993 4608 1224 4664 segetem
1257 4598 1610 4664 pullulabunt.
1639 4598 1764 4653 ltem

1873 4596 2029 4654 negat
2056 4584 2380 4651 denegemus
2410 4600 2424 4637 :
2455 4582 2684 4637 maxime
2709 4594 2884 4637 tanien
2913 4584 2976 4638 iis
3003 4585 3090 4653 qui
3121 4587 3442 4653 peculiarem

191 4691 349 4744 aliter
373 4709 384 4742 :
410 4691 508 4758 Qui
539 4690 707 4759 legem
729 4692 1016 4744 carnaliter
1037 4691 1301 4760 intelligit,
1327 4692 1766 4759 repromissiones

189 4796 404 4851 quoque
430 4782 688 4845 carnales,
713 4789 768 4834 et
795 4797 912 4849 quae
942 4783 992 4834 in
1022 4784 1268 4850 praesenti
1300 4784 1497 4836 sarculo
1525 4798 1766 4836 corrum-

192 4879 407 4938 puntur,
433 4879 744 4938 exspectat;
768 4873 855 4938 qui
896 4882 1071 4925 autem
1115 4873 1370 4940 spiritalis
1409 4871 1620 4941 adjutor
1646 4883 1764 4938 est,

193 4963 419 5016 seminat
442 4963 493 5015 in
516 4964 724 5030 spiritu,
752 4972 806 5016 et
825 4962 890 5014 de
911 4962 1100 5030 spiritu
1125 4972 1286 5017 metet
1309 4965 1468 5016 vitam
1491 4975 1765 5018 :cternam.

195 5051 324 5107 Illud
347 5052 511 5106 etiam
539 5051 956 5114 observandum,
982 5053 1122 5118 quod
1151 5054 1240 5121 qui
1267 5055 1494 5108 seminat
1513 5055 1564 5106 in
1589 5070 1769 5118 carne,

195 5161 311 5200 eum
357 5145 738 5216 additamenta,
771 5159 888 5209 sua,
929 5145 1166 5210 ponitur;
1206 5145 1296 5214 qui
1325 5156 1501 5200 autem
1539 5150 1770 5200 seminat

192 5253 244 5290 tn
275 5235 487 5302 spiritu,
511 5249 614 5288 non
639 5237 849 5302 dicitur,
883 5237 934 5288 in
965 5236 1153 5304 spiritu
1176 5251 1296 5302 suo,
1320 5239 1412 5291 sed
1436 5238 1764 5305 simpliciter,

192 5331 246 5379 in
277 5326 466 5393 spiritu
502 5342 516 5379 :
544 5325 634 5394 qui
668 5327 810 5380 enim
838 5327 972 5380 bona
998 5327 1246 5394 seminat,
1293 5344 1396 5381 non
1437 5329 1488 5381 in
1536 5345 1633 5381 suo
1661 5333 1767 5397 spi-

192 5418 321 5483 ritu,
367 5419 460 5472 sed
501 5420 552 5472 in
593 5419 687 5474 Dei
725 5420 954 5488 Spiritu;
988 5430 1038 5474 et
1070 5421 1188 5475 ideo
1219 5437 1375 5474 nemo
1423 5423 1520 5475 sibi
1570 5424 1763 5488 aliquid

193 5507 420 5574 tribuat,
453 5509 572 5574 quia
601 5507 689 5561 Dei
724 5508 864 5562 dona
894 5517 1018 5563 sunt
1041 5550 1055 5573 ,
1088 5525 1416 5579 qnzccnnque
1454 5513 1590 5564 bona
1621 5523 1762 5565 sunt.

196 5599 394 5657 Bonum
429 5610 598 5653 autem
639 5602 876 5668 facientes
919 5619 1020 5656 non
1047 5605 1364 5670 deﬁciamus.
1410 5603 1559 5657 Sicut
1590 5605 1641 5656 in
1674 5605 1765 5657 lic—

191 5689 491 5743 clesiastico
530 5690 817 5745 scribitur:
849 5690 962 5746 Non
990 5691 1296 5760 itnpediaris
1338 5709 1494 5748 orare
1532 5707 1763 5761 semper,

190 5791 242 5839 et
274 5795 378 5837 non
404 5781 637 5838 verearis
660 5797 824 5851 usque
846 5783 910 5836 ad
934 5794 1155 5840 mortem
1178 5784 1460 5858 jnstil‘icari
1484 5787 1762 5857 :qnoniam

1871 4679 1991 4733 l'idei
2053 4680 2311 4734 exhibent
2360 4678 2692 4735 famulatum.
2751 4678 2924 4734 Videte
2977 4680 3209 4748 qualibus
3265 4681 3447 4737 litteris

1867 4773 2048 4842 scripsi
2077 4772 2211 4824 vobis
2241 4788 2350 4824 mea
2387 4788 2561 4824 manu.
2605 4771 2882 4839 lntelligite
2922 4787 3080 4840 quam
3131 4772 3436 4831 liducialitct

1871 4865 2198 4932 scripserim,
2222 4871 2277 4918 et
2297 4866 2564 4918 neminem
2589 4865 2970 4932 pertimuerim,
2991 4864 3078 4932 qui
3101 4865 3304 4921 litteras
3327 4879 3445 4918 mea

1875 4973 2030 5010 tuanu
2064 4956 2372 5025 perscripsi.
2419 4957 2713 5022 Quicunque
2760 4957 2894 5010 enim
2939 4957 3114 5008 volunt
3153 4956 3349 5022 placere
3394 4961 3447 5012 in

1873 5068 2048 5103 carne.
2101 5050 2199 5116 Qui
2247 5048 2447 5104 Judacis
2491 5049 2793 5105 carnalibus
2847 5049 3054 5118 placere
3102 5047 3443 5114 desiderant,

1874 5145 2046 5197 crucis
2075 5143 2274 5197 Christi
2307 5144 2732 5213 persecutionem
2755 5143 3022 5196 sustinere
3045 5143 3313 5206 timentes,
3341 5156 3444 5194 non

1876 5243 2067 5287 vestra:
2096 5234 2293 5302 aliquid
2323 5235 2476 5288 saluti
2507 5235 2860 5303 providentes.
2900 5230 2972 5285 Ili
3002 5241 3183 5302 cogunt
3221 5247 3306 5284 vos
3347 5232 3448 5283 cir-

1873 5326 2109 5390 cumcidi,
2155 5335 2352 5377 tantum
2397 5335 2452 5377 ut
2495 5327 2659 5377 crucis
2688 5322 2873 5377 Christi
2918 5323 3309 5390 persecutionem
3345 5337 3447 5374 nou

1875 5419 2157 5484 patiantur.
2180 5417 2369 5483 Caius,
2398 5417 2486 5484 qui
2521 5426 2576 5470 et
2605 5415 2773 5470 Julius
2811 5414 3021 5475 Ctesar,
3048 5426 3101 5467 et
3130 5412 3447 5467 Octavianus

1873 5509 2169 5574 Augustus,
2205 5517 2258 5560 et
2292 5506 2539 5559 Tiberius
2574 5519 2852 5558 successor
2885 5505 3107 5573 Augusti
3139 5504 3283 5571 leges
3325 5519 3447 5571 pro-

1869 5599 2262 5668 Inulgaverant,
2293 5607 2350 5650 ut
2376 5596 2546 5652 Judaei
2569 5637 2582 5660 ,
2613 5596 2703 5664 qui
2735 5603 2889 5649 erant
2927 5595 2976 5647 in
3010 5603 3121 5648 toto
3163 5596 3294 5650 orbe
3340 5593 3448 5648 Ro-

1869 5707 2026 5746 mano
2054 5688 2302 5757 dispersi,
2337 5689 2548 5756 praprio
2577 5689 2681 5742 ritu
2705 5687 2964 5751 viverent,
2988 5697 3043 5741 et
3070 5687 3252 5754 patriis
3279 5701 3443 5743 caere-

1871 5782 2062 5837 moniis
2091 5786 2351 5836 viverent.
2374 5777 2684 5850 Quicunque
2711 5778 2870 5848 igitur
2908 5779 3255 5835 circumcisus
3299 5791 3440 5848 erat,
