3982 6352
538 352 640 408 607

1630 352 1924 407 PRIMASII
1966 355 2006 405 Α
2019 350 2149 404 ORU
2162 350 2416 404 METANI
2458 349 2666 406 El‘lSC.

3711 346 3847 401 688

538 464 664 519 licet
688 466 741 519 in
772 464 1038 519 Christum
1062 465 1323 531 crederet,
1350 480 1380 515 a
1408 464 1694 532 gentilibus
1718 463 1865 532 quasi
1894 462 2106 516 Judacus
2137 463 2178 519 Α
2212 461 2333 515 cisio
2355 462 2547 531 aliquid
2570 466 2715 525 valet,
2742 478 2898 529 neque
2920 462 3245 531 praputium,
3266 461 3353 513 sed
3372 477 3505 513 noua
3530 472 3844 515 creatura.

539 553 870 619 lmhchatur,
899 565 951 606 et
989 569 1143 607 nemo
1183 570 1301 607 eum
1343 552 1758 622 persequebatur
1787 570 1799 604 :
1826 567 1982 621 quam
2012 551 2111 604 cir-

538 644 914 696 cumcisionem
949 658 1086 695 nunc
1116 644 1398 708 Apostolus
1426 641 1797 695 eonﬁilentiam
1839 642 2107 704 nominat;

539 742 593 785 et
620 732 738 785 ideo
764 733 891 785 dicit
918 750 929 785 :
965 732 1273 800 Quicunque
1304 733 1487 784 volunt
1518 734 1728 799 placere
1759 733 1812 784 in
1837 746 2024 794 carne,
2057 730 2111 783 hi

539 832 733 891 cogunt
759 838 851 876 vos
878 822 1208 886 circumcidi,
1260 830 1455 874 tantum
1487 832 1542 874 ut
1573 824 1742 877 crucis
1767 822 1963 875 Christi
1994 836 2113 888 per-

541 912 867 965 seeutionem
900 926 1002 964 non
1026 912 1311 979 patiantur.
1344 911 1522 977 Neque
1550 915 1682 964 enim
1720 912 1807 979 qui
1847 911 2112 963 circumci-

544 1004 733 1054 duntur
763 1003 921 1073 legem
964 1005 1283 1069 custadiunt,
1323 1006 1411 1057 sed
1453 1005 1626 1057 volunt
1675 1020 1760 1056 vos
1797 1002 2112 1055 circumcidi.

549 1093 698 1145 Velut
731 1095 774 1146 si
803 1095 1134 1149 circumcisio
1167 1096 1332 1164 legem
1366 1095 1567 1149 faceret
1603 1095 1893 1160 custodiri,
1917 1094 2113 1161 aliquid

545 1181 811 1235 \idi-retnr
835 1184 1031 1238 habere
1070 1187 1293 1239 rationis
1323 1188 1421 1239 ista
1448 1188 1753 1254 persuasio;
1781 1186 1873 1240 sed
1903 1196 2119 1254 propter

542 1280 807 1326 terrenam
834 1274 1163 1344 felicitatem,
1195 1278 1279 1331 vel
1308 1280 1648 1347 cupiditatem
1668 1279 2011 1346 adipiscendi,
2037 1279 2118 1332 vel

548 1362 737 1416 timore
765 1365 1069 1427 amittendi;
1097 1378 1148 1419 et
1186 1367 1302 1419 ideo
1332 1384 1435 1421 non
1473 1384 1597 1421 vere
1640 1368 1965 1432 custodimit,
1999 1382 2120 1436 ψιοο

548 1454 685 1504 niam
717 1456 943 1508 carnalis
966 1459 1227 1525 cupiditas
1258 1476 1357 1527 qua
1390 1472 1656 1526 peccatur,
1684 1468 1917 1513 mutatur
1942 1459 2120 1527 potius

544 1562 701 1612 quam
732 1556 971 1615 augetur,
998 1552 1283 1618 cupiditate
1313 1555 1411 1605 alia
1443 1570 1547 1607 non
1574 1563 1791 1607 sanatur
1811 1571 1825 1610 ;
1846 1554 1966 1622 quia
2000 1551 2124 1605 facit

548 1653 641 1691 cos
662 1639 888 1692 earnalis
913 1642 1070 1695 timor
1091 1651 1145 1695 ct
1169 1647 1321 1711 cupiti
1350 1652 1428 1697 tas
1459 1661 1642 1699 servos
1663 1661 1677 1698 :
1696 1646 1814 1714 quia
1840 1646 2123 1699 carnaliter

547 1740 734 1781 Cuncta
765 1730 1049 1785 observare
1073 1749 1130 1786 se
1174 1735 1411 1787 tteilnnt.
1452 1735 1515 1789 L’t
1546 1738 1595 1787 in
1634 1751 1786 1787 carne
1824 1744 1984 1788 vestra
2010 1736 2121 1803 glo-

2215 552 2325 605 lloc
2353 562 2588 619 tempore
2617 565 2784 619 neque
2812 551 3143 603 circumcisio
3173 549 3418 615 prodest,
3451 564 3637 615 neque
3674 564 3848 616 pra-

2213 646 2414 707 pntinm
2440 651 2614 696 nocet.
2643 642 2746 696 Sed
2774 641 2873 694 hoc
2894 641 3068 694 solum
3091 641 3327 709 prodest,
3351 641 3394 693 si
3422 642 3551 708 quis
3582 652 3842 693 ruamus

2214 747 2347 784 nova
2372 732 2784 785 conversatione
2812 738 3005 791 utatur,
3034 731 3174 783 sicut
3198 731 3273 783 ait
3300 732 3567 797 propheta
3605 749 3620 783 :
3652 732 3843 783 Ιιιηο-

2211 834 2333 875 vate
2369 822 2521 875 vobis
2552 822 2765 875 novalia
2800 838 2813 875 :
2845 832 2901 877 et
2937 837 3003 876 ne
3040 823 3437 877 seminaveritis
3483 825 3543 874 in
3584 822 3785 887 spinis
3820 843 3834 873 :

2214 912 2577 968 circumcidite
2607 928 2700 967 vos
2726 915 2831 967 Deo
2872 922 3081 979 vestro,
3114 922 3169 965 et
3196 912 3570 966 circumcidito
3597 928 3837 980 prapo—

2217 1005 2342 1057 tinm
2375 1003 2550 1058 cordis
2575 1004 2756 1058 vestri.
2792 1003 2855 1056 Et
2884 1004 3168 1073 quicunque
3204 1003 3337 1055 hanc
3365 1002 3611 1068 regulam
3651 1005 3834 1054 secuti

2217 1095 2426 1163 fuerint.
2456 1094 2600 1148 Hanc
2634 1094 2869 1162 regulam
2897 1108 3000 1161 qua
3031 1094 3080 1145 in
3114 1093 3227 1145 Sola
3259 1092 3363 1145 ﬁde
3391 1107 3520 1160 spes
3556 1094 3827 1159 ponrrida

2217 1196 2317 1239 est.
2338 1184 2457 1237 Pax
2477 1201 2627 1253 super
2648 1185 2762 1237 illos
2786 1195 2831 1237 et
2855 1184 3215 1237 misericordia.
3234 1183 3408 1250 Super
3424 1182 3826 1236 Christianos:

2221 1291 2339 1329 nam
2367 1275 2535 1347 Judaei
2564 1275 2859 1328 secundum
2902 1290 3113 1328 carnem
3157 1284 3282 1327 sunt
3320 1275 3506 1328 Israel.
3547 1271 3620 1324 Et
3660 1291 3827 1341 super

2220 1366 2387 1420 Israel
2421 1366 2534 1419 Dei.
2570 1366 2662 1418 Est
2684 1366 2822 1419 enim
2855 1366 3034 1429 Israel,
3062 1374 3117 1419 et
3145 1380 3245 1417 non
3277 1365 3390 1425 Dei.
3424 1365 3475 1416 id
3504 1376 3596 1417 est
3622 1380 3827 1416 carna-

2220 1457 2313 1522 lis;
2343 1472 2446 1509 non
2470 1456 2610 1510 enim
2652 1471 2840 1509 omnes
2866 1455 2957 1525 qui
2998 1471 3061 1509 ex
3107 1454 3296 1520 Israel,
3330 1455 3382 1506 hi
3420 1454 3717 1507 Israel-tas.
3750 1452 3827 1505 De

2220 1557 2398 1601 ctetero
2425 1561 2570 1600 nemo
2600 1546 2726 1598 mihi
2756 1549 2993 1599 molestus
3023 1546 3109 1597 sit.
3147 1545 3311 1598 Nemo
3351 1559 3439 1597 me
3469 1545 3719 1611 amplius
3752 1546 3825 1596 in-

2226 1645 2457 1704 terroget
2486 1639 2636 1706 quasi
2666 1636 2933 1690 dubitans.
2970 1637 3191 1690 Omnem
3221 1636 3364 1688 enim
3407 1640 3707 1690 veritatem
3736 1653 3820 1689 ex-

2227 1728 2398 1797 posui.
2444 1727 2556 1798 Ego
2592 1729 2728 1780 enim
2756 1731 2994 1798 stigmata
3023 1725 3224 1779 Domini
3254 1729 3415 1780 nostri
3456 1728 3590 1780 Jan
3624 1727 3817 1780 Christi

550 1823 759 1872 rientur.
808 1822 929 1876 Sive
977 1825 1113 1890 quod
1159 1826 1446 1893 discipulos
1494 1827 1559 1879 ad
1600 1842 1658 1881 se
1708 1828 2119 1880 transduxcrinl.
2152 1814 2197 1872 Β
2225 1820 2277 1871 in
2306 1834 2517 1886 corpore
2547 1834 2655 1871 meo
2685 1827 2853 1887 porto.
2882 1817 2993 1885 Ego
3017 1798 3333 1885 eiiitfsigna
3365 1827 3419 1870 et
3462 1818 3817 1872 characteres

552 1911 684 1964 Mihi
713 1926 875 1966 autem
901 1917 1035 1976 absit.
1056 1918 1282 1984 glor:'ari.
1316 1920 1414 1971 nisi
1443 1920 1493 1971 in
1524 1936 1692 1972 cruce.
1724 1919 2120 1988 ApudJudtcos.

556 2001 762 2054 Domini
790 2004 951 2057 nostri
974 2003 1094 2058 Iesu
1122 2006 1330 2061 Christi.
1362 2010 1475 2063 Non
1502 2010 1551 2063 in
1582 2012 1790 2079 propria
1812 2012 2015 2079 justitia
2040 2012 2124 2066 vel

551 2090 811 2155 «locirana,
840 2094 930 2146 sed
965 2095 1015 2147 in
1048 2095 1149 2149 ﬁde
1176 2099 1370 2165 crucis,
1404 2114 1506 2167 qua
1538 2100 1664 2153 mihi
1696 2101 1872 2153 omnia
1905 2110 2122 2167 peceata

548 2175 762 2231 dimissa
794 2192 947 2247 sunt,
984 2191 1041 2235 ut
1069 2199 1168 2251 ego
1208 2187 1405 2239 mundo
1446 2204 1728 2243 morerer:
1776 2201 1826 2243 et
1874 2191 1962 2244 ille
1995 2189 2124 2243 mihi

550 2270 696 2320 solus
721 2277 893 2336 potest
922 2272 972 2324 in
994 2287 1151 2326 cruce
1180 2272 1375 2333 Christi
1406 2276 1619 2344 gloriari
1644 2317 1659 2340 ,
1684 2278 1772 2345 qui
1807 2278 1939 2331 tollit
1969 2294 2086 2332 eam
2108 2320 2123 2344 ,

550 2364 606 2408 et
626 2358 869 2423 sequitur
890 2360 1220 2414 Salvatorctn
1245 2404 1259 2425 ,
1294 2364 1381 2431 qui
1420 2366 1684 2418 cruciﬁxit
1722 2382 1937 2420 carnem
1976 2384 2123 2421 suam

551 2461 670 2500 cum
696 2446 835 2500 vitiis
857 2457 911 2502 et
931 2453 1402 2519 concupiscentiis;
1432 2456 1519 2524 qni
1550 2468 1789 2511 mortuus
1810 2460 2125 2525 estmnndo,

552 2545 608 2589 et
646 2552 751 2590 non
790 2542 1176 2609 coiitemplzitnr
1205 2559 1264 2595 ea
1296 2561 1411 2613 qua:
1443 2548 1686 2601 videntur
1708 2590 1720 2612 ,
1752 2550 1843 2603 sed
1872 2567 1987 2618 qum
2018 2566 2122 2604 non

555 2627 816 2682 videntur.
852 2625 949 2683 Per
969 2649 1112 2701 quem
1145 2634 1266 2685 mihi
1289 2637 1507 2689 mundus
1534 2640 1807 2707 cruciﬁxus
1834 2652 1927 2705 est,
1958 2650 2002 2694 et
2033 2659 2125 2713 ego

556 2720 768 2774 mundo.
804 2722 1056 2776 Mortuus.
1091 2722 1155 2777 In
1188 2726 1385 2780 Christo
1412 2730 1545 2780 enim
1573 2728 1697 2782 Jesu
1727 2747 1883 2796 neque
1912 2734 2125 2785 circum-

2227 1924 2329 1962 non
2363 1908 2804 1977 circumcisionis,
2829 1908 2922 1962 scd
2950 1909 3123 1962 crinis
3146 1924 3239 1976 per
3263 1910 3577 1976 passionem
3612 1912 3664 1962 in
3691 1926 3813 1965 eor-

2227 2014 2356 2070 pore
2378 2015 2495 2052 meo
2515 1999 2834 2053 circumfero
2854 2040 2867 2065 ,
2892 2013 2942 2053 et
2964 2000 3141 2068 plagas
3168 2002 3249 2053 vel
3277 2000 3507 2065 ﬂagella,
3539 2018 3666 2068 quze
3692 2017 3811 2069 pro-

2230 2100 2346 2159 pter
2394 2091 2663 2144 Christum
2713 2090 2958 2143 sustinui.
2992 2089 3169 2143 Gratia
3217 2090 3426 2144 Domini
3478 2094 3650 2145 nostri
3692 2093 3809 2144 less

2229 2182 2415 2236 Christi
2443 2198 2555 2235 cum
2586 2183 2768 2253 spiritu
2793 2191 2975 2245 vestro,
3008 2186 3209 2250 fratres.
3247 2184 3424 2235 Amen.
3476 2183 3813 2252 Subscriptio

2229 2274 2376 2328 Pauli
2407 2274 2524 2327 talis
2545 2280 2646 2327 est.
2672 2274 2828 2342 Optat
2846 2281 3022 2326 autem
3049 2283 3105 2326 ut
3125 2275 3296 2341 gratia
3320 2290 3443 2327 cum
3474 2275 3559 2329 eis
3586 2276 3808 2339 Domini,

2229 2381 2329 2419 non
2366 2365 2493 2434 legis
2515 2380 2696 2433 opera,
2723 2365 3005 2419 comitetur
3036 2380 3050 2417 :
3078 2363 3207 2417 Cum
3239 2365 3453 2430 spiritu,
3484 2367 3681 2434 inquit,
3714 2382 3809 2417 non

2230 2459 2282 2509 in
2311 2471 2487 2521 eurne,
2522 2457 2573 2510 in
2614 2455 2763 2523 cujus
2793 2456 3196 2511 circumcisione
3220 2458 3525 2524 gloriantur
3552 2460 3811 2520 carnales,

2229 2563 2323 2601 vos
2347 2557 2522 2600 autem
2553 2546 2899 2614 spiritualiter
2921 2547 3217 2602 circumcisi
3245 2548 3402 2611 estis,
3436 2557 3497 2603 et
3532 2549 3811 2617 spirituali-

2232 2647 2312 2691 ter
2338 2636 2746 2691 cumersamini.

568 2824 3765 2879 W

1186 2937 1671 3016 EPISTOLA
1743 2939 2037 3015 BEATI
2110 2939 2409 3014 PAULI
2484 2939 2615 3013 AD
2690 2938 3199 3017 EPHESIOS.

1091 3135 1578 3195 ARGUMENTUM.

559 3219 768 3305 Ephesii
789 3226 1137 3305 suntﬁhsiani.
1172 3228 1260 3305 lli,
1274 3232 1656 3305 acceptorverbo
1679 3234 1922 3305 raritatis,
1953 3235 2130 3301 persti-

629 3302 793 3369 terunt
822 3296 875 3347 in
900 3296 1019 3369 (ide.
1048 3296 1157 3350 llos
1183 3296 1438 3353 collaudat
1474 3304 1767 3369 Apostolus,
1798 3296 2018 3357 scribens
2059 3306 2130 3358 eis

630 3380 663 3443 et
692 3364 850 3443 Roma
884 3366 947 3418 de
989 3383 1206 3443 carcere.
1251 3369 1458 3440 Ephesii
1488 3364 1550 3425 eis
1584 3364 1780 3426 ludatis
1811 3386 1857 3427 et
1900 3377 2130 3443 gentibus

628 3433 869 3511 Apostolo
919 3439 1225 3511 prtrdicante
1279 3433 1634 3511 crediderunt,
1683 3445 1861 3509 quibus
1900 3433 2131 3511 "ﬁrmiter

629 3506 878 3584 stantibus
900 3508 1090 3559 scribit.
1118 3507 1187 3584 In
1205 3511 1451 3584 principio
1470 3506 1931 3584 EpistolteJudmos
1956 3516 2132 3584 appel-

629 3577 741 3649 lans
776 3588 1089 3629 sacramenta
1127 3577 1313 3631 Christi
1343 3577 1720 3633 [incarnationis
1745 3577 2130 3649 exponitCI’ost

628 3644 697 3720 ad
725 3656 891 3720 gentes
920 3649 1242 3720 convertitur,
1271 3658 1317 3720 et
1348 3650 1578 3701 hortatur
1603 3662 1656 3701 ut
1696 3644 1852 3704 tantis
1878 3655 2130 3720 beneﬁciis

632 3713 820 3793 ingrati
841 3730 941 3765 non
970 3716 1099 3793 sint.
1126 3716 1323 3770 Deinde
1344 3721 1674 3774 communiter
1695 3738 1851 3791 usque
1882 3725 1949 3776 ad
1976 3713 2130 3793 finem

633 3783 847 3834 moralia
873 3784 1101 3851 praecipit
1132 3794 1339 3840 statuta.

631 3868 807 3922 Carur
837 3886 1051 3924 PRIMUM.
1086 3871 1287 3927 Paulus
1314 3877 1577 3945 apostolus
1609 3879 1794 3935 Christi
1812 3880 1956 3935 Jesu.
1984 3882 2132 3938 Sicut

564 3960 811 4013 omnibus
856 3961 1105 4030 Epistolis
1132 3968 1415 4022 auctoritas
1446 3972 1771 4038 praeponitur
1814 3974 2126 4042 apostolica.

566 4049 669 4102 Per
691 4051 991 4105 voluntatem
1017 4054 1128 4110 Dei.
1158 4056 1480 4113 Subauditur
1508 4061 1677 4115 Patris
1700 4080 1711 4115 :
1734 4078 1837 4117 non
1861 4064 1993 4118 meis
2021 4080 2133 4119 me-

565 4143 700 4195 ritis.
732 4141 932 4197 Sanctis
954 4146 1182 4201 amnibus
1204 4150 1287 4211 qui
1312 4161 1430 4201 sunt
1452 4149 1663 4219 Ephesi.
1686 4151 1875 4206 Omnis
1894 4164 2128 4221 sanctus,

560 4230 754 4296 ﬁdelis,
791 4247 892 4285 non
937 4235 1109 4288 omnis
1138 4236 1305 4291 tidelis
1334 4246 1548 4293 sanctus
1585 4241 1863 4310 baptizatis
1895 4242 2133 4297 ﬁdelibus

516 4385 519 4388 ν
563 4321 677 4374 sive
699 4321 923 4375 ﬁdeliter
950 4325 1290 4379 servantibus
1328 4328 1665 4383 sanctitatem
1700 4329 2133 4385 :catecliumenis

560 4410 649 4478 qui
684 4411 880 4464 habent
910 4411 1086 4475 ﬁdem,
1121 4415 1242 4483 quia
1268 4416 1511 4479 credunt,
1543 4418 1633 4470 sed
1666 4432 1766 4470 non
1793 4418 1989 4473 habent
2008 4434 2135 4473 san-

2151 3146 2193 3203 C
2227 3143 2362 3196 dixit
2409 3148 2462 3195 et
2489 3142 2667 3208 elegit,
2699 3147 2756 3192 ut
2781 3155 2878 3193 nos
2919 3140 3116 3195 faceret
3143 3147 3359 3195 sanctos
3388 3147 3443 3193 et
3488 3139 3810 3192 immacula.

2232 3242 2313 3287 tos
2346 3252 2360 3286 :
2394 3248 2496 3286 non
2527 3232 2649 3301 quia
2681 3231 2842 3284 futuri
2876 3246 3107 3296 eramus,
3137 3231 3227 3285 sed
3257 3239 3314 3284 ut
3356 3244 3625 3284 essemus.
3662 3229 3809 3284 Sicut

2229 3324 2379 3394 elegit
2408 3338 2497 3374 nos
2518 3323 2570 3373 in
2590 3323 2722 3392 ipso.
2746 3320 2800 3373 In
2826 3321 3035 3374 Christo
3057 3320 3472 3387 prtedcstinavit.
3508 3322 3643 3372 Ante
3671 3338 3808 3373 mut-

2230 3414 2282 3465 di
2333 3412 2760 3477 constitutionem,
2804 3420 2859 3463 ut
2910 3426 3131 3464 essemus
3177 3411 3340 3465 sancti
3385 3420 3432 3463 et
3466 3412 3798 3465 inmaculati.

2230 3504 2363 3570 Quia
2401 3503 2508 3556 Deo
2538 3502 2668 3554 nihil
2709 3509 2793 3555 est
2839 3516 3053 3565 novum,
3083 3501 3220 3570 apud
3248 3517 3405 3570 quem
3435 3501 3623 3554 omnia
3665 3512 3802 3555 erant

2231 3602 2511 3662 antequam
2538 3592 2726 3646 ﬁerent
2758 3609 2771 3644 :
2804 3608 2909 3645 non
2932 3602 2988 3646 ut
3014 3592 3225 3661 quidam
3268 3593 3561 3657 somniant,
3606 3595 3798 3646 animas

2230 3692 2354 3737 ante
2402 3682 2653 3737 mundum
2695 3683 2746 3735 in
2782 3682 2918 3736 cmlo
2956 3683 3118 3738 fuisse
3154 3684 3352 3737 electas
3385 3700 3399 3738 :
3430 3687 3528 3738 sed
3575 3685 3797 3738 Ecclesia

2232 3790 2327 3829 sua
2358 3775 2474 3828 sine
2502 3773 2705 3826 macula
2733 3784 2788 3827 et
2814 3788 2943 3843 ruga
2984 3774 3034 3827 in
3063 3775 3166 3829 illis
3188 3784 3268 3828 est
3299 3776 3639 3842 praescientia
3668 3790 3795 3843 pra-

2229 3864 2491 3916 destinata
2533 3871 2690 3930 atque
2716 3864 2906 3927 electa,
2940 3866 3061 3933 quia
3107 3865 3220 3933 ipse
3250 3867 3351 3918 scit
3372 3866 3463 3929 qui
3494 3875 3623 3919 sunt
3667 3865 3793 3935 ejus.

2231 3954 2346 4008 Non
2392 3955 2529 4007 sicut
2571 3953 2838 4021 Pelagiani
2867 3954 2934 4008 de
2964 3955 3065 4007 hoc
3095 3955 3214 4009 loco
3262 3956 3521 4019 sentiunt,
3548 3957 3689 4024 quod
3717 3971 3794 4010 ac-

2230 4044 2397 4111 ceptis
2426 4045 2701 4111 praeceptis
2731 4044 2931 4110 possint
2961 4043 3076 4097 solo
3107 4045 3275 4099 libero
3298 4045 3524 4099 arbitrio
3550 4061 3671 4099 esse
3699 4048 3790 4099 im-

2234 4134 2500 4199 maculati,
2520 4134 2757 4187 dicentes
2782 4150 2797 4187 :
2819 4136 3080 4199 Quoniam
3109 4137 3530 4204 praescivitDeus
3555 4152 3653 4191 nos
3674 4138 3795 4191 tales

2234 4225 2459 4290 futuros,
2504 4225 2624 4279 ideo
2654 4241 2749 4279 nos
2778 4238 2901 4282 ante
2930 4230 3110 4281 mundi
3140 4230 3576 4284 constitutionem
3623 4229 3791 4298 elegit,

2235 4328 2289 4371 et
2318 4317 2712 4383 prmdcstinavit
2733 4318 2783 4370 in
2804 4317 3038 4373 Christo.
3073 4319 3178 4375 Sed
3205 4335 3310 4373 non
3335 4321 3406 4372 ita
3429 4330 3533 4385 est,
3567 4336 3664 4375 nec
3682 4322 3793 4388 quia

2236 4408 2442 4462 loturos
2461 4408 2593 4461 tales
2621 4424 2717 4461 nos
2743 4422 2860 4462 esse
2884 4410 3163 4476 praescivit,
3190 4411 3282 4463 sed
3304 4420 3357 4462 ut
3384 4425 3627 4464 essemus
3648 4412 3790 4475 tales,

562 4498 823 4550 ctitatem.
851 4498 919 4551 Et
941 4502 1182 4565 ﬁdelibus
1201 4504 1253 4554 in
1284 4503 1483 4556 Christo
1508 4502 1653 4557 Iesu.
1678 4505 1776 4571 Qui
1802 4507 1956 4559 licitis
1978 4515 2131 4560 utun-
2162 4511 2211 4568 ι)
2239 4515 2332 4567 per
2360 4500 2529 4568 ipsam
2553 4498 2863 4552 electionem
2886 4499 3072 4568 gratize
3093 4513 3205 4553 suae
3229 4514 3328 4553 nos
3349 4500 3484 4554 tales
3511 4501 3623 4568 ipse
3646 4501 3794 4552 iactu-

568 4591 672 4638 tur.
703 4584 881 4639 Gratia
909 4589 1063 4641 vobis.
1094 4590 1297 4644 Subsit.
1328 4590 1395 4644 Et
1431 4610 1535 4658 pax
1556 4610 1587 4645 α
1628 4594 1734 4646 Deo
1763 4594 1917 4648 Patre
1960 4605 2132 4649 nostra

566 4684 611 4726 et
637 4671 858 4727 Dofnino
886 4676 1010 4729 Jesu
1039 4678 1258 4733 Christo.
1292 4681 1441 4736 Tunc
1466 4684 1614 4738 vobis
1652 4685 1758 4738 erit
1792 4686 1979 4753 gratia,
2012 4687 2057 4741 si
2084 4689 2133 4742 ei

568 4780 671 4819 non
697 4758 813 4821 sitis
842 4768 1052 4837 ingrati,
1085 4778 1141 4823 et
1168 4772 1393 4826 salutem
1418 4781 1645 4827 vestram
1673 4791 1775 4828 non
1807 4778 1997 4831 vestris
2024 4793 2135 4834 me-

567 4855 704 4922 i'itis,
733 4861 823 4913 sed
854 4860 968 4929 ejus
997 4862 1181 4930 gratia:
1208 4863 1539 4933 deputantes.
1576 4865 1762 4920 Pacem
1793 4883 1919 4922 vero
1947 4883 2133 4923 recon-

566 4951 847 5009 ciliationis
871 4955 1222 5019 servavimus,
1245 4956 1291 5011 si
1313 4957 1440 5010 nihil
1470 4960 1583 5026 ejus
1618 4959 1838 5014 bonitati
1868 4960 1950 5015 vel
1975 4961 2134 5030 justi-

568 5043 655 5096 tite
676 5032 933 5113 deinceps
957 5048 1278 5101 contrarium
1310 5048 1585 5103 faciamus.
1620 5048 1885 5106 Consueta
1922 5054 2036 5120 ejus
2057 5060 2141 5107 cst

566 5134 817 5189 salutatio
840 5153 854 5189 :
884 5152 1005 5191 cum
1038 5138 1105 5191 ab
1131 5146 1354 5209 utroque
1381 5139 1546 5209 gratia
1569 5148 1797 5208 Optatnr,
1831 5148 1992 5195 unum
2020 5155 2138 5196 esse

567 5235 951 5283 monstrantur.
988 5228 1282 5285 Benedictus
1314 5231 1448 5285 Deus
1469 5243 1514 5285 et
1546 5232 1704 5287 Pater
1736 5234 1941 5287 Domini
1975 5234 2137 5287 nostri

564 5314 689 5370 Iesu
715 5318 925 5373 Christi.
957 5320 1001 5373 A
1030 5321 1274 5375 laudibus
1306 5322 1394 5375 Dei
1425 5321 1626 5391 incipit,
1652 5322 1748 5391 "qui
1778 5323 1900 5376 talia
1931 5323 2008 5375 eis
2031 5323 2134 5375 do-

566 5410 795 5473 naverit,
827 5426 944 5479 qua:
978 5410 1200 5465 inferius
1227 5413 1588 5466 continentur.
1622 5412 1723 5477 Qui
1754 5412 2004 5463 benedixit
2042 5427 2132 5464 nos

564 5501 619 5553 in
642 5503 781 5555 omni
806 5503 1165 5555 benedictione.
1200 5502 1310 5556 Non
1342 5503 1392 5556 in
1415 5504 1587 5571 aliqua
1606 5519 1619 5555 :
1637 5504 1709 5554 ita
1725 5509 1787 5555 ut
1803 5502 1930 5555 nihil
1958 5502 2007 5553 in
2032 5502 2133 5555 nlla

568 5591 733 5658 gratia
758 5593 914 5646 desit.
949 5592 1205 5662 Spiritali.
1249 5593 1362 5645 Non
1392 5592 1592 5647 carnali
1637 5593 2007 5660 prosperitate,
2037 5607 2136 5647 nec

568 5686 777 5734 terrena
808 5683 1149 5737 abundantia.
1180 5682 1242 5735 In
1263 5682 1562 5735 cm'estibus.
1590 5681 1788 5745 Rebus,
1822 5697 1923 5734 non
1954 5683 2003 5734 in
2031 5690 2137 5735 tcr-

568 5775 736 5827 renis.
782 5772 849 5828 In
896 5773 1116 5830 Christo.
1171 5773 1225 5827 In
1257 5773 1426 5842 capite
1472 5775 1648 5827 omnia
1689 5772 1924 5827 membra
1973 5773 2136 5829 benc-

2236 4603 2350 4653 rus,
2381 4604 2485 4658 qua
2520 4587 2835 4656 gratiﬁcavit
2864 4587 2916 4640 in
2960 4588 3153 4647 dilecto
3184 4588 3320 4642 Filio
3365 4604 3485 4643 suo.
3518 4590 3650 4642 Cutn
3674 4603 3795 4657 ergo

2239 4694 2335 4731 nos
2387 4677 2793 4745 praedestinavit,
2844 4692 2979 4746 opus
3023 4693 3176 4732 suum
3228 4679 3515 4747 prmscivit,
3562 4696 3666 4747 quo
3704 4697 3795 4734 nos

2237 4776 2449 4822 sanctos
2483 4776 2537 4823 et
2575 4768 2941 4822 immaculatos
2970 4768 3109 4823 facit.
3145 4767 3212 4821 In
3242 4780 3514 4837 conspectu
3539 4773 3648 4840 ejus
3672 4781 3719 4823 et
3744 4772 3795 4823 in

2237 4858 2506 4912 charitate.
2537 4858 2649 4912 Non
2690 4859 2983 4913 hominum.
3019 4860 3119 4923 Qui
3150 4861 3527 4929 prtedestiuavit
3554 4878 3663 4915 nos.
3695 4862 3799 4917 Hoc

2240 4951 2652 5020 prcedestiuavit,
2687 4962 2744 5006 ut
2772 4951 3101 5007 infundendo
3133 4953 3289 5007 [idem
3320 4953 3460 5006 ﬁlios
3494 4954 3583 5008 Dei
3611 4956 3800 5009 tacent

2240 5058 2427 5097 omnes
2450 5043 2748 5099 credentes.
2782 5044 3157 5113 Loquehantur
3204 5045 3419 5114 quidem
3450 5048 3664 5101 verbum
3712 5049 3800 5101 Dei

2239 5149 2361 5189 cum
2392 5134 2579 5188 ﬁducia
2601 5134 2743 5188 omni
2771 5134 2968 5189 volenti
3008 5136 3268 5200 credere;
3300 5136 3393 5201 sed
3423 5145 3481 5189 ut
3506 5139 3800 5202 crederent,

2236 5226 2347 5295 jam
2374 5226 2510 5279 Deus
2540 5240 2635 5279 cor
2662 5240 2855 5298 eorum,
2880 5227 3148 5296 tetigerat,
3174 5226 3314 5282 sicut
3342 5229 3394 5281 in
3430 5230 3559 5297 ipsis
3588 5230 3801 5284 Actibus

2241 5315 2467 5385 legimus
2498 5332 2512 5368 :
2549 5315 2614 5369 Et
2650 5315 2878 5370 credidit
2914 5315 3078 5386 Lydia
3108 5319 3446 5387 purpuraria,
3482 5318 3629 5387 cujus
3665 5320 3800 5375 Deus

2236 5406 2443 5474 aperuit
2484 5420 2597 5470 cor,
2628 5414 2685 5459 nt
2715 5406 3029 5475 intelligeret
3052 5422 3172 5476 quae
3198 5422 3227 5459 a
3267 5407 3431 5461 Paulo
3469 5409 3801 5464 dicebantur.

2240 5497 2304 5550 Et
2332 5513 2347 5551 :
2379 5497 2490 5552 Scit
2510 5497 2764 5550 Dominus
2791 5498 2879 5566 qui
2909 5508 3033 5551 sunt
3058 5499 3208 5565 ejus;
3235 5508 3326 5551 et:
3354 5497 3683 5568 Praaparatur
3706 5515 3801 5554 vo-

2238 5589 2413 5642 luntas
2440 5604 2470 5641 a
2499 5588 2741 5642 Domino.
2772 5587 2838 5643 In
2875 5589 3198 5659 adoptionem
3237 5590 3482 5657 ﬁliorum.
3510 5590 3622 5644 Non
3644 5600 3801 5645 natu-

2239 5697 2373 5735 ram.
2406 5680 2507 5735 Per
2526 5680 2702 5735 Jesum
2741 5679 2993 5735 Christum
3021 5682 3074 5734 in
3111 5684 3299 5749 ipsum.
3333 5681 3400 5736 Ut
3429 5683 3656 5736 membra
3684 5686 3801 5752 ejus

2240 5775 2427 5829 simus.
2460 5774 2757 5829 Secundum
2776 5775 3092 5845 propositum
3112 5775 3387 5832 voluntatis
3428 5790 3553 5830 suit.
3577 5774 3681 5830 Non
3707 5792 3799 5833 εον
