3982 6352
135 291 250 346 609

989 295 1052 350 ΙΝ
1095 297 1471 352 EPlSTOl.A.\l
1518 299 1601 350 λι)
1646 293 1972 357 EPIlliSlOS
2012 304 2532 365 COMMI‘INTMHA.

3272 311 3376 366 CI)

136 408 372 461 cundum
405 409 592 462 merita
616 418 812 464 nostra.
847 410 910 463 Ιη
933 411 1136 464 laudem
1172 411 1351 482 gloria:
1376 417 1557 482 gratia:
1583 430 1704 466 suw.
1739 420 1782 473 Α
1816 432 1937 485 pars
1957 422 2244 476 crediderit
2278 422 2602 478 Juda‘orum.
2637 425 2737 491 Qui
2765 427 2934 480 omnia
2963 439 3224 495 operatur.
3250 429 3374 482 0m-

141 499 213 552 llt
259 499 532 554 laudemus
573 502 791 569 gloriam
827 502 1046 572 justitize
1074 512 1129 557 et
1167 505 1540 558 misericordia:
1570 505 1706 576 ejus,

136 605 301 654 quam
329 591 548 644 Contulit
571 606 674 644 nou
698 593 1037 647 merentibus.
1065 593 1127 647 In
1149 611 1249 663 qua
1273 595 1575 664 grati/ienuit
1595 613 1706 651 nos.

135 683 322 735 Gratia
354 683 433 736 vel
463 683 732 738 voluntate
773 699 864 738 sua
905 693 1082 754 gratos
1112 700 1207 739 nos
1237 686 1333 740 sibi
1375 685 1499 740 fecit
1535 687 1586 740 in
1621 703 1706 742 eo.

135 773 234 828 Sic
259 774 473 839 dicitur,
512 773 842 842 gratiﬁcavit,
872 791 900 829 a
931 775 1121 847 gratia,
1160 777 1296 831 sicut
1323 777 1646 845 justilicavit,
1681 792 1710 832 a

135 863 364 928 iustitia.
393 861 455 916 In
476 864 656 917 dilecto
689 882 707 918 :
739 867 790 918 in
813 882 910 933 quo
945 865 1181 920 habemus
1207 869 1598 934 redemptionem
1622 885 1712 936 per

133 956 440 1024 sanguinem
479 957 608 1025 ejus,
649 957 996 1010 remissionem
1044 967 1381 1028 peccatorum.
1411 959 1463 1012 In
1495 961 1707 1023 dilecto,

132 1045 418 1107 subaudis,
464 1045 599 1098 Filio
625 1062 742 1100 suo.
777 1047 888 1100 Non
912 1063 1034 1117 quia
1071 1048 1273 1103 futuros
1303 1065 1400 1103 uos
1431 1051 1563 1105 tales
1590 1068 1710 1106 esse

138 1136 444 1198 praescivit;
474 1136 567 1190 sed
591 1147 648 1190 ut
663 1151 898 1191 essemus
919 1139 1075 1203 tales,
1093 1155 1186 1206 per
1206 1139 1372 1209 ipsam
1395 1140 1707 1197 electionem

134 1229 327 1289 gratia:
357 1242 466 1281 suae
506 1229 637 1282 tales
684 1227 824 1282 fecit.
861 1229 972 1282 Non
1003 1231 1172 1283 solum
1202 1246 1297 1284 nos
1326 1230 1570 1296 redemit,
1616 1237 1709 1286 sed

133 1317 300 1370 etiam
333 1323 543 1384 peccata
573 1316 795 1382 remisit,
822 1325 879 1371 ut
904 1318 1016 1371 sine
1045 1325 1228 1372 nostro
1265 1318 1447 1373 labore
1473 1301 1597 1388 iusti
1627 1335 1711 1374 es-

134 1421 342 1460 semus.
395 1406 684 1462 Secundum
728 1409 932 1461 divitias
973 1409 1151 1478 gratim
1187 1416 1318 1482 ejus.
1365 1411 1708 1476 Subauditur,

133 1497 397 1550 habemus
424 1511 518 1550 nos
547 1497 964 1566 redemptionem
997 1514 1010 1550 :
1040 1513 1144 1551 non
1185 1499 1473 1552 secundum
1521 1502 1709 1555 merita

134 1597 348 1643 nostra.
379 1588 474 1643 Ubi
501 1594 628 1642 sunt
665 1589 752 1656 qui
781 1587 962 1642 dicunt
988 1603 1083 1643 sua
1126 1589 1384 1643 industria
1411 1604 1569 1658 posse
1606 1593 1710 1645 sal-

135 1681 302 1734 vari?
333 1682 456 1745 Qua:
484 1680 911 1751 superabundavit
937 1680 989 1732 in
1039 1680 1181 1734 nobis
1213 1681 1266 1733 in
1291 1683 1428 1734 onmi
1457 1682 1711 1749 sapientia

1812 506 1956 560 nium
1983 524 2138 564 causa
2163 513 2404 565 voluntas
2423 503 2504 568 est
2535 515 2647 575 Dei,
2679 530 2834 582 quam
2867 516 3234 569 rationabilem
3259 531 3379 570 esse

1811 595 2044 652 ﬁdelium
2078 601 2251 654 nullus
2275 601 2499 672 ignorat,
2523 605 2637 659 sine
2675 606 2836 660 dubio
2857 607 3014 661 bona.
3043 608 3096 662 Si
3125 607 3238 675 ipse
3260 623 3376 662 om-

1812 688 1919 757 nia,
1953 691 2038 742 ubi
2063 701 2145 747 est
2171 695 2414 761 superbia
2455 697 2771 768 Pelagiana?
2800 700 2914 769 Ipse
2940 716 3064 770 ergo
3084 711 3138 754 et
3180 711 3235 756 ut
3265 717 3380 756 cre-

1812 783 1937 836 dere
1977 783 2311 852 incipiamus,
2343 799 2614 857 operatur,
2645 793 2734 860 qui
2774 794 2950 846 omnia
2977 800 3248 862 operatur.
3283 792 3380 848 Se-

1809 875 2033 924 cundum
2095 876 2365 928 consilium
2424 879 2692 946 roluntatis
2742 898 2867 935 suae.
2922 881 3036 935 Non
3087 881 3378 935 Secundum

1813 963 1998 1017 merita
2046 975 2244 1018 nostra.
2280 965 2378 1030 Qui
2403 966 2586 1020 dicunt
2615 986 2628 1020 :
2662 969 2912 1024 Voluntas
2942 986 3055 1026 mea
3088 971 3226 1025 bona
3258 971 3380 1025 fecit

1812 1069 1897 1106 tne
1928 1053 2322 1108 Christianum?
2351 1072 2470 1109 cum
2500 1059 2699 1113 audivit
2724 1077 2738 1113 :
2771 1061 3071 1116 Secundum
3096 1061 3377 1117 consilium

1813 1144 2101 1199 volunlalis
2121 1161 2253 1211 suat,
2274 1156 2484 1202 taceant
2505 1148 2569 1203 de
2588 1152 2811 1206 meritis.
2837 1152 2903 1206 Ut
2922 1155 3077 1207 simus
3100 1155 3152 1206 in
3175 1153 3378 1205 laudem

1809 1237 1988 1304 glorite
2005 1239 2135 1305 ejus.
2163 1237 2230 1292 Ut
2261 1253 2353 1306 per
2375 1240 2521 1306 signa
2545 1257 2659 1308 qua“:
2682 1242 2919 1305 facimus,
2948 1244 3188 1298 laudetur
3208 1245 3378 1315 gloria

1816 1323 1932 1379 Dei.
1969 1324 2078 1379 Nos
2114 1329 2203 1396 qui
2241 1338 2358 1382 ante
2384 1332 2696 1394 speravimus
2731 1332 2783 1385 in
2811 1330 3025 1386 Christo.
3057 1333 3163 1388 Nos
3190 1351 3254 1387 ex
3287 1334 3381 1388 Ju-

1811 1414 1966 1480 daeis,
1999 1416 2088 1485 qui
2116 1419 2317 1485 priores
2347 1421 2688 1485 credidimus,
2717 1421 2832 1476 sive
2860 1438 2922 1477 ex
2956 1424 3072 1491 lege
3113 1439 3231 1479 cum
3258 1440 3382 1490 spe-

1812 1507 2066 1563 ravimns.
2085 1506 2151 1563 In
2175 1527 2295 1576 quo.
2318 1511 2369 1564 In
2397 1528 2502 1582 quo
2526 1515 2684 1567 etiam
2699 1515 2848 1569 vobis
2871 1516 3177 1569 annuntiata
3202 1527 3380 1571 estsa-

1813 1597 1916 1650 lus.
1939 1597 2002 1650 Et
2028 1615 2110 1652 vos
2132 1617 2244 1652 cum
2271 1603 2536 1656 audissetis
2564 1604 2764 1658 uerbum
2786 1607 3027 1670 veritatis,
3045 1606 3380 1676 Euangelium

1812 1688 1990 1740 salutis
2013 1699 2209 1743 vestrm.
2226 1690 2422 1744 Gentes
2437 1693 2874 1750 subaudiendum.
2892 1694 2957 1749 In
2978 1713 3076 1765 quo
3097 1707 3143 1749 et
3164 1698 3379 1750 creden-

133 1782 186 1825 et
207 1774 475 1839 prudentia
499 1788 516 1826 :
539 1781 592 1825 ut
629 1783 801 1825 notum
830 1777 1017 1839 faceret
1055 1772 1197 1827 nobis
1226 1785 1592 1826 sacramentum
1625 1790 1710 1826 vo-
1741 1774 1784 1831 B
1813 1787 1885 1829 tes
1905 1778 2090 1846 signati
2109 1781 2248 1834 estis.
2273 1779 2326 1831 lu
2356 1797 2461 1850 quo
2484 1782 2788 1852 Evangelio,
2825 1785 2902 1840 vel
2935 1787 2985 1840 in
3009 1786 3239 1852 Christo,
3270 1803 3377 1842 uno

132 1865 360 1917 luntatis
375 1881 502 1930 sure,
525 1863 796 1916 secundum
814 1865 1002 1917 bonum
1023 1864 1262 1929 placitum
1278 1867 1407 1935 ejus.
1427 1864 1708 1933 Plusquam

131 1952 452 2018 abundavit,
492 1963 546 2006 ut
573 1968 680 2008 non
711 1952 880 2007 solum
915 1968 944 2006 a
976 1961 1148 2007 morte
1179 1953 1467 2022 redemptis
1497 1963 1710 2021 peccata

131 2044 456 2106 dimitteret,
483 2043 574 2098 sed
596 2044 754 2099 etiam
792 2051 994 2097 tantam
1025 2045 1175 2098 nobis
1205 2044 1515 2113 sapientiam
1548 2045 1712 2100 dona-

136 2145 247 2195 ret,
282 2145 337 2188 ut
364 2135 649 2190 voluntatis
677 2135 790 2204 eius
817 2137 1019 2192 occulta
1051 2137 1299 2208 mysteria
1332 2153 1706 2203 nosceremus;

133 2224 262 2290 ipso
291 2240 385 2292 pro
428 2240 523 2291 sua
545 2226 823 2281 clementia
870 2227 1135 2281 revelante
1167 2230 1217 2280 in
1250 2229 1349 2281 hoc
1379 2239 1712 2282 sacramento

133 2313 426 2368 voluntatis
456 2329 565 2368 sua:
596 2318 769 2384 posuit
804 2315 1017 2370 divitias
1047 2317 1228 2386 gratia:
1268 2332 1380 2371 sua:
1418 2321 1709 2372 secundum

134 2405 336 2458 bonum
372 2405 619 2472 placitum
643 2407 780 2474 ejus,
812 2422 915 2461 non
939 2407 1226 2460 secundum
1261 2420 1522 2463 nostrum.
1561 2410 1712 2475 Quod

134 2496 406 2564 proposuit
427 2496 481 2548 in
507 2512 583 2549 eo.
618 2496 672 2548 In
699 2496 934 2560 Christo,
960 2497 1138 2563 inquo
1167 2496 1323 2551 electi
1362 2505 1413 2552 et
1436 2498 1712 2565 priedesli-

136 2592 251 2645 u.ui
299 2607 504 2660 sumus,
557 2601 614 2645 ut
646 2606 741 2645 nos
776 2591 890 2660 ipse
923 2590 1120 2644 faceret
1157 2601 1368 2646 sanctos
1397 2609 1408 2644 :
1439 2607 1541 2645 nou
1571 2593 1711 2661 quod

136 2680 447 2746 przeviderit
494 2688 725 2734 sanctos.
785 2678 850 2732 In
902 2681 1329 2747 dispensationem
1381 2681 1712 2746 plenitudinis

135 2781 445 2839 temporum.
505 2769 558 2822 In
609 2769 912 2823 novissimis
963 2770 1310 2839 temporibus,
1345 2772 1556 2840 quando
1603 2772 1711 2840 jam

131 2860 311 2913 utIllliS
339 2859 664 2927 dispensatio
691 2869 986 2928 temporum
1031 2860 1162 2928 legis
1207 2869 1262 2914 et
1305 2871 1506 2915 natura:
1536 2871 1712 2916 trans-

132 2966 258 3009 τις-ιιι
288 2964 368 3008 est
397 2998 410 3014 ,
442 2965 598 3021 atque
629 2953 1041 3022 prophetarum,
1073 2953 1211 3008 sicut
1231 2954 1351 3009 alibi
1377 2954 1504 3008 dicit
1537 2973 1548 3007 ε
1578 2955 1710 3009 Cum

132 3048 374 3101 venisset
400 3047 670 3114 plenitudo
699 3056 1018 3112 temporum,
1061 3047 1204 3100 misit
1235 3047 1488 3102 Dominus
1521 3048 1709 3104 Filium

1810 1870 2118 1926 charactere
2155 1874 2367 1940 signati,
2408 1885 2460 1928 ct
2504 1875 2626 1929 hinc
2663 1880 3054 1947 cognoscemini
3095 1896 3228 1935 unus
3259 1897 3378 1935 esse

1810 1977 1961 2030 grex,
1989 1964 2108 2032 quia
2132 1974 2184 2017 et
2205 1980 2298 2020 vos
2316 1966 2561 2019 similiter
2580 1977 2634 2020 ut
2651 1981 2746 2020 nos
2773 1969 2991 2024 virtutes
3018 1986 3110 2039 per
3133 1971 3378 2039 Spiritum

1811 2053 2130 2120 operamini,
2169 2069 2287 2122 qmc
2314 2056 2533 2109 virtutes
2555 2056 2708 2110 arrha
2738 2067 2862 2111 sunt
2886 2059 3067 2114 futura:
3098 2061 3379 2116 heredum

1816 2142 1903 2194 tis.
1945 2143 1999 2195 Si
2032 2158 2158 2212 ergo
2189 2155 2424 2198 mortuos
2452 2145 2709 2200 suscitare
2736 2147 2892 2200 arrha
2921 2157 3018 2214 est,
3049 2163 3240 2218 quanta
3276 2153 3378 2204 erit

1814 2233 1925 2302 ipsa
1962 2235 2264 2302 possessio?
2293 2235 2491 2307 Spiritu
2523 2238 2872 2305 promissionis
2900 2250 3093 2293 sancto.
3127 2241 3225 2307 Qui
3260 2257 3380 2308 pro-

1813 2321 2006 2377 missus
2035 2333 2115 2376 est
2139 2340 2230 2392 per
2252 2323 2452 2378 Joelem
2479 2326 2810 2394 prophetam.
2835 2327 2935 2392 Qui
2965 2338 3041 2382 est
3062 2330 3244 2400 pignus
3269 2332 3377 2384 Iuc-

1811 2414 2038 2468 rcditatis
2059 2423 2267 2466 noque.
2300 2413 2494 2483 Pignus
2526 2417 2700 2483 datur,
2731 2425 2786 2468 ut
2813 2418 3085 2484 promissis
3107 2419 3377 2473 credatur.

1813 2505 1879 2561 In
1901 2508 2291 2575 redemptionem
2317 2509 2682 2578 acquisitionis.
2715 2509 2858 2576 Quos
2885 2509 2987 2564 sibi
3013 2509 3268 2578 sanguine
3293 2525 3382 2564 ac-

1813 2599 2045 2668 quisivit.
2096 2597 2161 2651 In
2191 2599 2394 2652 laudent
2441 2602 2618 2670 glorite
2665 2599 2841 2670 ipsius.
2873 2596 2944 2654 υι
2979 2600 3136 2654 etiam
3179 2599 3231 2652 in
3281 2599 3382 2653 hoc

1815 2707 2005 2744 nomen
2037 2690 2151 2758 ejus
2180 2690 2499 2759 gloriﬁt-etur
2527 2707 2555 2743 a
2590 2692 2764 2746 nobis.
2787 2687 3070 2758 'Propterea
3100 2700 3145 2744 et
3173 2707 3265 2762 ego
3290 2708 3384 2744 au-

1815 2783 1956 2835 diens
1978 2783 2129 2850 fidem
2159 2794 2396 2847 vestram,
2431 2798 2544 2851 qua:
2568 2791 2638 2838 est
2676 2784 2728 2835 in
2765 2782 2979 2840 Domino
3004 2781 3151 2851 Iesu,
3181 2795 3226 2835 et
3255 2783 3384 2836 dile-

1816 2877 2032 2929 ctionem
2058 2875 2109 2928 in
2139 2892 2309 2930 omnes
2339 2885 2561 2929 sanctos.
2587 2876 2766 2940 Quam
2784 2875 3002 2930 firmiter
3025 2876 3250 2929 credatis
3277 2875 3378 2929 Bo-

1818 2967 1962 3021 mino
1975 2965 2119 3028 .lesu,
2139 2977 2189 3020 ct
2206 2983 2391 3021 omnes
2412 2977 2645 3032 sanctos,
2664 2969 2778 3023 sine
2794 2971 3101 3037 except’one
3120 2984 3379 3036 personm,

1817 3055 1900 3109 vel
1928 3059 2128 3109 notitia:
2167 3057 2414 3124 diligatis.
2442 3057 2644 3112 Caverc
2688 3059 2829 3113 enim
2857 3075 2884 3112 a
2915 3059 3059 3114 falsis
3088 3061 3380 3128 prophetis,

130 3156 314 3196 suum.
370 3139 664 3195 Instaurate
706 3142 873 3194 omnia
916 3142 970 3194 in
1012 3141 1227 3195 Christo.
1261 3142 1370 3196 lloc
1413 3145 1706 3212 proposuit.
1740 3144 1782 3206 (ἶ
1815 3152 1868 3197 et
1896 3158 2000 3197 non
2030 3145 2174 3198 omni
2198 3146 2406 3212 Spiritui
2436 3149 2655 3200 credere
2686 3163 2700 3203 :
2730 3163 2832 3200 non
2862 3159 2986 3201 ante
3016 3149 3378 3216 probationem

134 3233 272 3296 Qua:
300 3233 351 3285 in
382 3233 541 3295 ctclis,
566 3241 612 3286 et
639 3249 750 3300 qua:
773 3233 974 3285 interra
997 3233 1207 3294 sunt,in
1230 3233 1357 3302 ipso.
1383 3234 1529 3287 Multi
1552 3251 1713 3303 super

133 3325 242 3378 hac
269 3340 326 3378 re
354 3324 558 3378 diversa
606 3333 919 3379 senserunt:
953 3325 1169 3394 quidam
1209 3326 1358 3378 aiunt
1399 3326 1563 3379 ctelos
1592 3328 1711 3381 ani-

133 3433 276 3482 mas,
296 3426 487 3471 terram
503 3432 724 3486 corpora
750 3415 1139 3485 accipiendum.
1166 3417 1267 3469 Alii
1291 3417 1456 3471 caelos
1473 3417 1712 3486 Juda-os,

131 3511 229 3580 qni
252 3511 488 3564 ccelestia
533 3517 790 3576 prtecepta
821 3508 1132 3572 habuerant,
1165 3516 1356 3562 terram
1385 3523 1504 3563 esse
1543 3511 1714 3580 genti-

133 3605 238 3659 les.
281 3605 381 3658 Alii
421 3620 547 3659 vcro
577 3612 824 3658 asserunt
858 3603 912 3656 in
942 3602 1092 3657 caalis
1119 3618 1221 3656 non
1257 3605 1476 3673 angelos
1503 3613 1710 3659 restau-

133 3707 306 3764 ratos,
341 3696 433 3751 sed
476 3711 658 3752 eorum
689 3696 962 3750 scientiam
992 3710 1055 3749 ex
1084 3693 1282 3749 Christi
1321 3706 1561 3764 tempore
1591 3711 1714 3765 pro-

137 3787 352 3850 iecisse,
399 3787 486 3856 qui
522 3792 767 3855 tinquam
805 3784 973 3855 ignari
1004 3784 1400 3853 interrogabant
1428 3787 1595 3852 :Quis
1631 3793 1716 3842 est

137 3880 240 3933 iste
273 3895 362 3933 rex
387 3879 604 3949 gloiire?
633 3889 682 3933 et
705 3878 966 3932 docentur
995 3877 1278 3933 Dominum
1305 3894 1428 3934 eum
1457 3894 1576 3935 esse
1605 3881 1710 3935 vir-

139 3978 333 4024 tutum.
366 3969 469 4025 Sed
515 3971 762 4039 quoniam
793 3968 1082 4024 restaurari
1109 3985 1213 4024 non
1241 3969 1458 4038 dicitur,
1492 3972 1591 4026 nisi
1635 3973 1713 4027 la—

141 4079 316 4129 psum,
348 4061 534 4117 melius
549 4072 651 4124 est.
683 4064 725 4116 si
753 4078 936 4117 eorum
959 4063 1204 4132 gaudium
1235 4079 1328 4132 per
1358 4067 1577 4119 salutem
1610 4066 1709 4120 ho.

138 4155 342 4208 minum
381 4162 731 4208 restauratum
756 4168 874 4208 esse
902 4153 1159 4221 dicamus,
1189 4155 1328 4224 quod
1357 4163 1478 4208 ante
1507 4156 1711 4211 habue-

137 4257 259 4302 rant
287 4260 442 4314 quam
472 4245 715 4301 homines
740 4259 769 4298 a
795 4245 996 4315 justitia
1043 4245 1250 4312 penitus
1279 4244 1625 4303 declinarent.
1656 4246 1710 4301 In

139 4347 281 4390 terra
329 4350 459 4390 vero
504 4350 672 4405 genus
712 4335 998 4388 humanum
1043 4345 1394 4388 restauratum
1435 4351 1554 4389 esse
1592 4336 1713 4405 quis

135 4426 405 4496 ambigat?
450 4426 578 4480 Item
609 4425 764 4478 aliter
809 4442 822 4476 :
862 4424 1155 4492 Reparatur
1201 4425 1251 4476 in
1296 4425 1434 4478 cmlo
1477 4427 1563 4478 illa
1594 4441 1711 4494 qum

1810 3233 2054 3303 judicare
2085 3236 2438 3304 principimur.
2467 3237 2582 3290 Non
2611 3253 2749 3290 cesso
2777 3241 2971 3306 gratias
2999 3255 3151 3308 agens
3178 3255 3269 3308 pro
3297 3255 3385 3291 ro-

1816 3325 1910 3378 bis.
1943 3325 2052 3378 Hoc
2077 3334 2178 3388 est,
2209 3325 2362 3378 iidem
2403 3326 2650 3393 operibus
2673 3327 3058 3393 comprobare:
3083 3328 3205 3397 quia
3233 3328 3384 3382 vobis

1815 3415 1958 3470 dono
1985 3416 2361 3470 misericordia:
2385 3433 2494 3470 sua:
2526 3417 2716 3472 infudit
2739 3418 2914 3484 iidem,
2943 3433 3042 3486 qua
3071 3421 3382 3484 crederetis,

1816 3518 1867 3562 et
1884 3508 2218 3572 charitatem,
2242 3523 2342 3577 qua
2360 3508 2670 3580 diligeretis.
2696 3507 2998 3561 Memoriam
3019 3510 3169 3561 vestri
3192 3511 3385 3578 faciens

1814 3599 1869 3651 in
1915 3600 2228 3652 orationibus
2270 3600 2414 3653 uicis.
2458 3600 2513 3654 In
2545 3599 2893 3664 oratiOuibus,
2933 3615 3036 3654 non
3067 3609 3122 3652 ut
3150 3600 3386 3668 quidam,

1813 3690 2146 3762 juruuditalc
2177 3693 2433 3758 convivii;
2487 3692 2613 3746 mihi
2660 3699 2836 3746 autem
2866 3690 2996 3744 nihil
3022 3691 3260 3745 oratione
3296 3690 3385 3760 ju-

1814 3789 2057 3842 cundius.
2113 3786 2180 3842 Ut
2230 3786 2366 3840 Deus
2400 3786 2603 3840 Domini
2645 3787 2808 3840 nostri
2846 3784 2971 3838 Jesu
3013 3783 3202 3837 Christi
3237 3783 3388 3836 l’ater

1815 3879 2012 3952 glorise.
2046 3879 2200 3932 Pater
2235 3879 2417 3948 gloria:
2448 3878 2652 3933 Domini
2687 3877 2852 3931 nostri
2880 3877 3005 3933 Jesu
3030 3876 3243 3930 Christi.
3289 3875 3384 3930 Det

1815 3969 1952 4024 vobis
1972 3967 2211 4038 spiritum
2228 3968 2488 4036 sapientite
2499 3979 2543 4022 et
2572 3966 2909 4021 reuelationis.
2923 3967 3197 4034 Quomodo
3216 3966 3388 4035 Ephe-

1819 4059 1918 4113 siis
1939 4075 1969 4112 a
1999 4060 2108 4113 Deo
2137 4059 2447 4126 sapientiam
2477 4060 2730 4128 postulat,
2751 4075 2871 4114 cum
2901 4059 3176 4114 scientiam
3200 4058 3386 4111 innare

1815 4149 2007 4204 dixerit
2028 4150 2091 4203 ad
2123 4151 2470 4204 Corinthios?
2499 4151 2590 4204 sed
2612 4151 2772 4205 distat
2794 4151 2846 4203 in
2873 4149 3083 4212 ell‘ectu,
3112 4149 3250 4216 quod
3278 4164 3381 4204 non

1814 4239 1973 4295 distat
2005 4239 2056 4293 in
2090 4242 2304 4294 nomine
2333 4257 2346 4293 :
2380 4255 2500 4292 nam
2524 4240 2592 4292 ibi
2619 4239 2839 4293 scientia
2859 4237 3102 4291 surculari
3128 4237 3382 4302 loquitur,

1813 4347 1938 4400 qua:
1982 4331 2206 4383 stultitia
2249 4341 2328 4384 est
2376 4329 2516 4397 apud
2576 4329 2740 4382 Deum
2774 4345 2790 4381 :
2821 4326 2910 4379 hic
2940 4340 3068 4380 vero
3111 4325 3383 4377 cmlcstem

1814 4420 2154 4486 divinumque
2183 4417 2497 4488 sapientiam
2523 4416 2670 4485 petii,
2702 4429 2859 4483 quam
2882 4415 2969 4482 qui
2994 4413 3259 4475 habuerit,
3290 4411 3387 4464 liii-

134 4532 261 4570 cum
287 4495 525 4584 principe
551 4531 649 4568 suo
674 4514 868 4568 cecidit
907 4515 1211 4583 angelorum
1246 4515 1441 4583 portio,
1469 4531 1562 4583 per
1585 4532 1717 4587 aug-
1746 4495 1794 4555 Ι)
1821 4507 2013 4562 miliari
2048 4508 2215 4576 magis
2237 4506 2600 4575 poteritquam
2632 4501 2800 4557 inﬂari
2823 4518 2836 4555 :
2856 4511 2910 4556 et
2939 4518 3032 4572 per
3059 4516 3214 4572 quam
3247 4501 3388 4554 dono

137 4614 379 4658 mentum
398 4613 448 4657 et
470 4605 778 4659 societatem
797 4613 1120 4669 sanctorum,
1136 4604 1202 4659 de
1219 4605 1410 4674 quibus
1430 4607 1710 4664 scribitur:

134 4693 244 4748 Sed
293 4701 412 4747 sunt
443 4691 582 4747 sicut
631 4693 800 4763 angeli
833 4697 886 4749 in
936 4696 1093 4749 cmlo.
1129 4695 1459 4764 Reparantur
1499 4713 1712 4767 quoque

136 4784 317 4840 omnia
347 4784 398 4837 itt
428 4792 591 4850 terra,
616 4799 736 4840 cum
765 4787 922 4841 etiam
955 4788 1073 4842 lo’co
1111 4789 1466 4843 deﬁcientium
1496 4789 1710 4845 Judreo-

140 4893 257 4932 rum
304 4865 652 4932 admittentur
697 4881 978 4934 credentes
1007 4896 1069 4934 ex
1114 4881 1380 4950 gentibus.
1429 4881 1493 4936 Et
1517 4882 1709 4938 aliter:

139 4970 524 5026 Restaurantur
551 4987 670 5040 qua:
691 4980 814 5027 sunt
843 4974 894 5026 in
927 4982 1090 5037 terra,
1118 4975 1240 5027 dum
1265 4988 1362 5028 nos
1383 4989 1477 5045 per
1503 4973 1708 5028 media-

140 5063 272 5116 toris
309 5063 478 5119 nostri
516 5064 825 5133 sanguinem
869 5066 1461 5136 reconciliationemque
1489 5082 1708 5137 repara-

142 5167 282 5205 mur.
337 5150 671 5222 [teparantur
723 5155 981 5218 coelestia,
1028 5169 1148 5208 cum
1199 5154 1266 5209 de
1313 5157 1482 5210 salute
1526 5165 1709 5210 nostra

140 5241 385 5310 gaudium
426 5243 658 5298 nascitur
678 5245 1010 5314 angelorum.
1048 5243 1230 5321 in'qua
1265 5246 1416 5298 etiam
1454 5261 1544 5298 nos
1576 5257 1711 5299 sorte

140 5335 304 5386 vocati
326 5350 518 5388 sumus.
551 5333 656 5388 Nos
685 5337 772 5405 qui
801 5351 864 5390 ex
893 5333 1090 5390 Judazis
1126 5336 1465 5390 credidimus.
1503 5335 1711 5390 Prterie-

141 5423 337 5479 stinati.
369 5425 506 5480 Ante
531 5424 804 5491 destinati,
835 5427 947 5480 sive
987 5427 1298 5496 praecogniti
1336 5438 1388 5482 et
1436 5426 1662 5494 priesciti
1692 5444 1706 5482 :

143 5529 246 5569 non
271 5515 395 5586 quia
435 5530 669 5580 eramus,
706 5517 800 5570 sed
843 5517 964 5585 quia
1010 5516 1076 5570 ab
1109 5520 1223 5586 ipso
1254 5518 1320 5571 de
1349 5518 1501 5570 malis
1549 5517 1707 5570 futuri

143 5619 350 5660 eramus
379 5605 523 5660 boni.
557 5605 851 5661 Secundum
872 5609 1182 5678 propositum
1204 5611 1332 5678 ejus.
1365 5609 1494 5675 Quia
1528 5622 1710 5674 propo-

135 5697 246 5752 suit
291 5697 503 5754 Judznos
543 5699 718 5768 primo
749 5707 1069 5769 restaurare,
1121 5708 1174 5755 ct
1217 5700 1297 5756 sic
1329 5709 1512 5770 gentes
1550 5700 1710 5754 :licct

1820 4599 1913 4655 Dei
1966 4613 2153 4652 omnes
2204 4607 2426 4668 possunt
2475 4595 2675 4666 acquiri
2708 4595 3115 4664 virtutes:quia
3165 4593 3386 4647 scientia

1819 4693 1956 4746 sicut
1985 4692 2101 4746 sine
2129 4691 2390 4746 charitate
2414 4689 2582 4756 iullat,
2616 4690 2684 4743 ita
2716 4703 2833 4742 cum
2859 4687 3116 4741 cbaritate
3142 4687 3386 4740 aulilieat.

1816 4785 1886 4840 In
1913 4787 2169 4857 agnitione
2191 4786 2322 4857 ejus.
2348 4781 2625 4851 Quomodo
2645 4789 2793 4850 optat
2812 4789 2867 4834 ut
2889 4792 3174 4850 agnoscant
3198 4779 3386 4842 Deum,

1817 4891 1977 4946 quem
2029 4890 2196 4944 usque
2243 4874 2378 4928 adeo
2421 4873 2682 4936 sciebant,
2732 4880 2788 4924 ut
2814 4873 2861 4926 ei
2892 4871 3172 4925 credentes
3202 4884 3296 4936 pro
3326 4883 3392 4923 eo

1821 4982 2012 5022 omnes
2060 4967 2344 5035 diligerent
2397 4963 2647 5020 sanctos?
2678 4963 2779 5017 Sed
2811 4971 2866 5016 ut
2907 4964 3143 5031 perfecte
3193 4976 3391 5028 cogno-

1818 5067 1973 5115 scant
2009 5059 2130 5128 quia
2168 5058 2258 5112 Dei
2306 5055 2498 5124 gratia,
2529 5071 2631 5108 non
2659 5070 2756 5109 suo
2784 5056 2973 5108 merito
3002 5059 3127 5104 sunt
3153 5051 3338 5104 salvati
3373 5067 3386 5104 :

1820 5161 1876 5206 et
1899 5161 2094 5217 quanta
2125 5149 2194 5203 sit
2225 5149 2392 5201 virtus
2429 5155 2483 5200 et
2521 5145 2828 5217 magnitudo
2858 5143 2995 5211 ejus.
3023 5141 3221 5206 Virtus,
3269 5141 3390 5208 quia

1821 5247 1996 5310 potest
2028 5240 2282 5307 promisa
2307 5237 2522 5307 priemia
2553 5238 2635 5292 vel
2662 5249 2845 5304 poenas
2876 5235 3133 5302 implere;
3184 5230 3388 5298 magni-

1823 5331 1970 5394 tudo,
2002 5329 2124 5400 quia
2149 5330 2341 5399 ubique
2371 5338 2474 5395 est,
2504 5339 2556 5382 et
2579 5327 2708 5380 nihil
2730 5341 2850 5379 eum
2883 5331 3055 5393 potest
3082 5323 3266 5375 latere.
3292 5318 3391 5385 Qui

1814 5422 1959 5476 enim
1986 5421 2097 5475 haec
2127 5421 2457 5490 cognoverit,
2487 5428 2542 5476 et
2570 5435 2666 5487 pro
2696 5426 2840 5472 certo
2870 5413 3129 5476 habuerit,
3172 5427 3393 5481 peccare

1812 5512 2055 5581 capitalia
2086 5511 2431 5580 pertimescit.
2467 5509 2598 5564 Nam
2627 5509 2713 5576 qui
2738 5507 3020 5560 humanam
3051 5501 3391 5572 pra-sentiam

1813 5605 2098 5668 erubescit,
2132 5603 2300 5658 multo
2327 5603 2497 5672 magis
2524 5601 2775 5654 divinam.
2804 5595 2929 5651 lude
2962 5595 3054 5648 ﬁlii
3089 5594 3166 5648 Eli
3201 5607 3384 5647 sacer-

1813 5696 1950 5750 dotis
1981 5696 2145 5751 Deum
2192 5698 2426 5755 nescisse
2455 5695 2726 5759 dicuntur,
2756 5691 2876 5762 quia
2903 5689 3014 5760 ejus
3057 5687 3389 5758 praesentiam
