3982 6352
558 343 653 397 Gil
1657 339 1951 394 PRIMASII
1989 336 2431 392 ADRUMETAM
2475 333 2680 388 EPISC.
2730 322 2734 324 ’
3716 331 3836 386 ora

541 475 609 518 et
658 459 943 530 potentiam
985 456 1199 511 minime
1239 456 1555 508 timuerunt.
1597 452 1924 506 Illuminatos
1953 451 2125 504 oculos
2156 454 2205 512 Α
2230 466 2335 520 quo
2366 450 2555 518 dignus
2585 460 2665 503 est
2698 467 2711 501 :
2740 448 3004 516 quomodo
3046 449 3138 501 ﬁlii
3161 449 3274 514 ira),
3317 461 3371 503 ct
3391 450 3604 514 mortis,
3637 459 3700 504 et
3731 467 3834 520 ge-

540 553 724 605 eordis
744 550 914 604 vestri.
946 548 1212 616 Spiritalia
1243 547 1499 614 promissa
1537 559 1638 597 non
1669 544 1766 596 nisi
1797 542 2126 612 spiritalibus
2230 545 2439 599 Ineunte.
2473 542 2539 596 In
2569 541 2750 612 quibus
2781 550 2826 593 et
2852 558 2959 594 nos.
3003 539 3115 594 Non
3146 540 3316 594 solum
3341 555 3458 594 vos.
3497 541 3702 596 Omnes
3727 546 3834 595 ati-

543 660 575 695 o
594 642 726 696 culis
757 639 1131 708 praavidentur.
1168 635 1232 688 Ut
1271 637 1437 687 sciatis
1465 651 1578 702 qua:
1615 634 1678 688 sit
1709 651 1818 699 spes
1854 633 2128 685 vocationis
2229 635 2434 702 quando
2462 635 2739 686 conversati
2760 628 3170 685 sumus.Gentes
3195 631 3357 684 Deum
3381 646 3487 685 non
3509 632 3827 696 credendo,

543 748 693 800 ejus,
723 746 835 801 quin
873 730 1061 781 diviticr
1091 726 1268 797 gloria:
1299 725 1607 778 hwreditatis
1647 728 1775 794 ejus.
1818 724 1871 777 Si
1903 723 2130 774 scieritis
2231 723 2398 778 Judaei
2432 723 2568 776 male
2601 721 2827 774 vivendo
2861 738 2871 771 :
2905 735 3092 777 omnes
3121 721 3359 788 originali
3408 730 3641 788 peccato
3691 721 3832 774 deti-

545 841 575 876 a
596 826 627 878 d
657 839 812 892 quam
842 837 986 888 spem
1024 819 1193 871 vocati
1230 819 1380 881 estis,
1422 833 1633 870 ouitiem
1672 831 1819 881 Spem
1851 815 2028 866 saeculi
2057 814 2131 866 fa-
2234 814 2511 867 nebamur.
2546 812 2609 865 In
2635 813 2897 866 desideriis
2927 813 3096 865 carnis
3123 823 3328 876 nostrae,
3358 813 3603 881 facientes
3635 815 3826 865 volun-

551 916 666 970 elle
695 911 1063 967 contemnetis.
1101 910 1162 962 Et
1188 911 1230 961 si
1277 908 1485 960 divitias
1515 907 1835 960 hatreditatis
1861 906 1948 958 Dei
1982 904 2132 957 vide-

559 1009 700 1073 titis,
733 1004 904 1061 omnis
935 1014 1142 1058 terrena
1172 1001 1326 1055 vobis
1367 1000 1604 1054 surdebit
1630 1000 1930 1052 haireditas.
1970 997 2135 1050 Nemo

571 1102 707 1155 enim
765 1114 984 1165 regnum
1033 1113 1150 1149 cum
1203 1095 1391 1160 Opibus
1436 1094 1546 1145 suis
1597 1107 1816 1159 sperans
1853 1131 1868 1154 ,
1939 1103 2010 1141 a-s
2049 1099 2138 1140 aut

566 1188 839 1260 plumbum
879 1187 1148 1256 possidere
1179 1186 1443 1253 dignatur.
1479 1182 1542 1234 In
1579 1183 1784 1234 sanctis.
1817 1181 1870 1233 ln
1899 1179 2057 1248 justis
2087 1188 2141 1231 et

567 1283 766 1335 sanctis
801 1296 815 1333 :
851 1295 954 1332 non
1002 1277 1248 1330 omnibus
1276 1277 1596 1329 hominibus.
1628 1273 1691 1325 Et
1721 1288 1832 1340 quce
1862 1275 1924 1324 sit
1971 1287 2142 1338 super-

573 1373 787 1426 eminens
814 1368 1108 1440 magnitudo
1140 1367 1337 1418 virtutis
1368 1368 1478 1433 ejus
1511 1366 1561 1416 in
1588 1381 1676 1416 nos
1707 1363 1791 1431 qui
1810 1363 2137 1415 credidimus.

573 1465 698 1530 Quis
750 1472 924 1530 potest
971 1459 1431 1528 comprehendere
1477 1456 1893 1523 magnitudinem
1937 1453 2142 1506 virtutis

575 1557 712 1625 ejus,
745 1563 799 1609 et
829 1552 1151 1607 ineffabilem
1194 1551 1504 1611 bonitatem,
1538 1565 1693 1617 quam
1729 1549 1810 1600 vel
1845 1547 1894 1598 in
1926 1561 2017 1598 eos
2056 1544 2144 1610 qui

575 1663 640 1702 ex
667 1646 1094 1706 circumcisione,
1123 1644 1200 1695 vel
1231 1643 1281 1695 in
1313 1657 1405 1694 eos
1429 1642 1513 1708 qui
1543 1657 1604 1693 ex
1634 1639 1877 1708 gentibus
1907 1635 2147 1691 credide-

582 1746 709 1791 runt
748 1736 992 1797 contulit,
1036 1743 1094 1788 ut
1123 1749 1213 1788 eos
1251 1733 1448 1785 faceret
1476 1731 1778 1792 credentes,
1805 1738 1857 1782 et
1891 1728 2022 1782 Filio
2049 1742 2147 1778 suo

2237 918 2359 961 tates
2410 909 2576 961 carnis
2622 917 2670 959 et
2710 908 3090 977 cogitationum.
3147 906 3368 972 Quando
3417 908 3598 960 anima
3637 918 3824 962 nostra

2237 998 2395 1052 rebus
2430 999 2655 1052 terrenis
2700 1009 2753 1052 et
2791 999 3094 1052 carnalibus
3131 998 3426 1052 itthzerebat
3452 1016 3466 1051 :
3497 1015 3608 1053 non
3639 999 3822 1054 solis

2238 1088 2571 1153 desiderans,
2607 1089 2698 1142 sed
2731 1097 2786 1142 et
2813 1089 3010 1142 faciens
3035 1104 3151 1157 qme
3181 1089 3432 1159 cogitatio
3468 1091 3821 1158 suggerebat.

2241 1179 2306 1233 Et
2328 1196 2530 1232 eramus
2562 1191 2761 1232 natura.
2794 1179 2865 1234 lta
2899 1195 2995 1232 nos
3024 1189 3257 1248 paternae
3278 1181 3498 1250 Originis
3527 1181 3674 1233 mala
3699 1195 3824 1235 con-

2240 1270 2466 1323 suetudo
2501 1269 2766 1335 possedit,
2799 1280 2854 1322 ut
2881 1285 3067 1324 omnes
3106 1272 3171 1323 ad
3201 1271 3602 1324 damnationem
3640 1287 3823 1326 nasce-

2243 1377 2440 1414 remur.
2474 1359 2599 1414 Filii
2625 1364 2733 1423 ine,
2759 1363 2887 1414 sicut
2908 1372 2956 1414 et
2977 1363 3160 1415 centeri.
3197 1363 3312 1415 Filii
3344 1363 3461 1429 ira),
3493 1365 3640 1416 sicut
3669 1378 3819 1432 supra

2243 1453 2572 1517 dil'ﬁdentirc,
2607 1453 2698 1509 ﬁlii
2740 1453 2890 1517 Adae,
2927 1453 3014 1506 lilii
3060 1454 3324 1507 vindictae.
3357 1455 3481 1507 llam
3523 1454 3750 1507 audiant
3774 1465 3823 1508 et

2243 1545 2580 1608 erubescant,
2619 1544 2708 1613 qui
2745 1554 2945 1597 tantum
2989 1547 3185 1599 vitiata:
3218 1555 3425 1598 naturae
3470 1545 3741 1606 tribuunt,
3771 1557 3821 1598 ut

2245 1639 2501 1705 Apostolo
2529 1637 2918 1704 eontradicant,
2942 1647 2995 1691 et
3019 1653 3048 1691 a
3072 1637 3174 1691 ﬁde
3197 1638 3525 1692 exorbitent.
3557 1637 3706 1691 Deus
3738 1653 3821 1688 αι-

2246 1738 2364 1792 tem,
2395 1729 2481 1797 qui
2503 1729 2640 1781 dives
2664 1739 2735 1783 est
2758 1730 2811 1782 in
2839 1731 3208 1782 misericordia.
3238 1729 3352 1782 Non
3375 1730 3556 1784 solum
3583 1731 3637 1783 in
3665 1733 3821 1783 virtu-

578 1828 780 1882 faceret
812 1829 1067 1888 membra,
1099 1826 1185 1892 qui
1233 1832 1316 1876 est
1361 1831 1517 1887 caput
1547 1820 1796 1874 Ecclesia!
1837 1835 1967 1882 suae,
1999 1828 2052 1870 et
2082 1817 2145 1869 ad
2181 1840 2225 1898 Β
2252 1829 2320 1884 te,
2353 1818 2446 1871 sed
2472 1820 2629 1872 etiam
2658 1820 2709 1872 in
2741 1819 3129 1873 misericordia.
3182 1819 3452 1874 Misereris
3477 1829 3694 1885 autem,
3736 1822 3818 1883 ait,

577 1933 729 1972 suam
760 1917 1030 1970 dexteram
1061 1915 1111 1968 in
1150 1913 1455 1967 cmlestibus
1500 1912 1822 1965 collocaret?
1853 1907 2148 1962 Secundum

578 2011 916 2079 operationem
943 2007 1192 2076 potentiae.
1225 2004 1338 2058 Non
1366 2003 1656 2057 secundum
1690 2003 1860 2070 legem
1893 2001 1974 2054 vel
2000 2008 2151 2053 natu-

576 2112 715 2152 ram.
754 2096 968 2150 Virtutis
994 2099 1128 2166 ejus,
1151 2111 1303 2160 quam
1325 2104 1561 2155 operatus
1588 2103 1660 2146 est
1687 2095 1736 2144 iu
1763 2091 1980 2145 Christo.
2025 2089 2151 2143 "me

584 2197 666 2241 est
693 2186 1094 2255 supereminens
1126 2185 1430 2253 magnitudo
1454 2184 1664 2237 virtutis
1689 2185 1803 2250 ejus
1828 2197 1989 2250 super
2029 2195 2149 2233 nos.

580 2277 845 2330 Suscitaus
873 2277 1019 2328 illum
1049 2293 1080 2327 a
1101 2275 1333 2328 mortuis.
1363 2274 1568 2327 Nostrae
1601 2281 1802 2326 natum
1832 2270 2153 2334 assumptio-

582 2383 670 2422 ne.
715 2367 779 2421 Et
826 2368 1131 2421 constituens
1184 2365 1252 2416 ad
1290 2365 1551 2417 dexteram
1595 2380 1739 2416 suam
1785 2363 1834 2415 in
1874 2360 2154 2415 coelestibus

581 2475 736 2526 super
759 2474 956 2512 omnem
991 2457 1354 2525 principatum,
1385 2464 1431 2507 et
1458 2463 1772 2522 potestatem,
1814 2462 1862 2505 et
1899 2451 2150 2504 virtutem.

587 2550 810 2606 Dextera
847 2565 942 2618 pro
970 2548 1172 2602 honore
1225 2546 1436 2616 ponitur
1461 2560 1523 2599 ac
1555 2543 1911 2606 beatitudine;
1945 2558 2047 2595 non
2097 2549 2157 2594 ut

587 2642 726 2696 Deus
744 2653 1032 2709 corporeus
1052 2653 1171 2694 esse
1197 2637 1444 2691 credatur
1466 2652 1480 2689 :
1508 2651 1628 2689 nam
1646 2645 1699 2688 et
1723 2635 1875 2687 Pater
1896 2648 1924 2686 a
1955 2632 2156 2686 dextris

587 2734 712 2790 Filii
758 2750 876 2790 esse
931 2733 1141 2798 dicitur,
1197 2733 1335 2785 sicut
1380 2730 1637 2797 scriptum
1687 2737 1810 2780 est:
1846 2725 2098 2779 Dominus
2127 2738 2155 2776 a

587 2828 788 2882 dextris
815 2828 918 2881 tuis
943 2824 1222 2894 confregit.
1255 2821 1424 2876 Ambo
1446 2836 1571 2888 ergo
1594 2834 1620 2872 a
1641 2818 1841 2872 dextris
1864 2826 2008 2882 sunt,
2038 2816 2156 2882 quia

589 2922 720 2976 nihil
757 2931 839 2974 est
881 2923 932 2975 in
979 2919 1262 2973 Divinitate
1300 2916 1594 2969 sinistrum.
1651 2912 1876 2965 Dextera
1906 2925 2034 2979 ergo
2066 2909 2156 2961 Dei

589 3009 893 3076 beatitudo;
929 3007 1121 3073 sessio,
1155 3007 1407 3060 habitatio
1443 3003 1779 3071 intelligenda
1820 3012 1923 3056 est.
1962 2999 2028 3052 Et
2067 2999 2160 3051 do-

591 3099 937 3152 minutionem.
969 3097 1099 3164 Quia
1131 3112 1291 3150 unum
1321 3110 1438 3149 eum
1464 3094 1593 3156 Deo,
1627 3094 1706 3145 vel
1741 3093 1791 3145 in
1825 3094 1934 3145 Deo
1959 3101 2058 3145 est.
2093 3089 2158 3144 Et

2253 1910 2512 1974 omnium,
2537 1913 2656 1981 quia
2679 1913 2853 1965 omnia
2887 1922 3058 1981 potes,
3087 1923 3139 1967 et
3159 1913 3335 1980 diligis
3357 1928 3422 1967 ea
3447 1928 3574 1982 quae
3595 1912 3816 1967 creasti:

2253 2017 2352 2057 nec
2371 2003 2511 2058 enim
2541 2003 2728 2058 odiens
2757 2004 2956 2073 aliquid
2987 2004 3333 2058 consﬁtuisti.
3365 2005 3596 2077 Propter
3624 2006 3819 2057 nimia:

2250 2097 2551 2149 charitatem
2572 2113 2737 2150 suam.
2767 2095 2936 2151 Nimia
2969 2097 3198 2152 charitas
3227 2109 3327 2162 est,
3359 2097 3601 2153 rebelles
3626 2112 3817 2163 servos,

2252 2195 2307 2240 et
2336 2189 2550 2254 impios,
2586 2188 2725 2242 velut
2757 2188 2890 2242 ﬁlios
2913 2188 3152 2257 diligere.
3197 2189 3347 2244 Unde
3375 2189 3819 2244 considerandum

2252 2288 2335 2334 est
2362 2289 2618 2348 quantum
2643 2280 2826 2350 dil'gat
2856 2281 2956 2348 iam
2986 2291 3198 2336 sanctos
3227 2265 3488 2350 effectos:
3504 2283 3603 2350 qui
3633 2291 3819 2335 tantum

2255 2370 2453 2423 amavit
2484 2379 2786 2439 peccatores
2813 2380 2865 2424 et
2888 2370 3095 2440 impios.
3133 2373 3248 2437 Qua
3271 2373 3454 2426 dilexit
3497 2388 3620 2426 nos.
3657 2374 3722 2425 Et
3749 2373 3824 2424 Ill-

2255 2471 2428 2515 sertus
2449 2471 2534 2516 est
2558 2463 2746 2516 nostri.
2774 2459 2839 2516 Et
2862 2479 2978 2516 cum
2998 2479 3218 2518 essemus
3245 2465 3432 2516 mortui
3461 2465 3713 2533 peccatis.
3744 2464 3820 2518 ﬁsi

2256 2551 2444 2606 mortis
2478 2549 2589 2620 jam
2635 2553 2782 2620 quasi
2821 2552 3014 2606 mortui
3049 2552 3376 2615 vivebamus,
3413 2567 3523 2606 non
3572 2554 3745 2606 solum
3782 2551 3822 2604 is

2256 2642 2502 2710 originali
2529 2652 2766 2708 peccato,
2798 2642 2892 2696 sed
2918 2644 3074 2696 etiam
3098 2642 3310 2696 actuali.
3338 2641 3729 2710 Convieiﬁcavit
3751 2658 3824 2694 nos

2257 2730 2480 2786 Christo.
2511 2731 2634 2786 Siue
2659 2743 2875 2801 peccato
2903 2749 2998 2801 per
3023 2733 3340 2800 baptismum
3369 2734 3646 2799 faciendo,
3675 2745 3732 2788 et
3760 2750 3828 2787 rc-

2259 2821 2566 2874 suscitando
2599 2839 2610 2874 :
2648 2837 2746 2876 nec
2795 2824 3051 2876 debemus
3099 2822 3384 2889 desperare
3430 2823 3481 2875 in
3524 2823 3688 2876 vobis
3731 2824 3826 2877 ﬁeri

2261 2911 2398 2978 quod
2447 2921 2626 2964 nostra
2675 2922 2862 2965 natura
2890 2912 3000 2981 jam
3032 2913 3267 2981 possidet
3315 2915 3365 2966 in
3393 2913 3631 2967 Christo.
3683 2914 3831 2985 Cujus

2260 3001 2423 3068 gratia
2453 3003 2568 3054 estis
2588 3003 2790 3055 saluati.
2825 3004 3021 3068 Gratis,
3055 3019 3160 3056 non
3189 3006 3375 3057 merito
3403 3012 3606 3068 nostro,
3644 3015 3702 3057 ut
3748 3005 3838 3057 bu-

2263 3091 2496 3145 milietur
2524 3092 2753 3145 humana
2782 3093 3050 3161 superbia,
3080 3109 3198 3162 qua:
3235 3109 3291 3148 se
3325 3095 3386 3147 de
3415 3096 3622 3147 meritis
3647 3095 3830 3161 iactat,

593 3206 740 3244 omne
767 3206 944 3243 nomen
973 3188 1107 3256 quod
1138 3190 1446 3240 nominatur.
1478 3185 1531 3239 Si
1570 3185 1708 3250 quod
1738 3194 1819 3237 est
1848 3183 1989 3235 aliud
2015 3182 2155 3250 quod
2188 3199 2231 3257 ο
2264 3188 2316 3232 et
2353 3182 2484 3234 sciat
2523 3182 2746 3250 gratiam
2782 3183 2946 3251 gratis
2986 3183 3181 3238 datam.
3217 3180 3283 3234 Et
3325 3183 3764 3246 conresuscitaeit,
3791 3196 3832 3236 et

592 3281 881 3334 nescimus.
917 3277 1034 3331 Non
1064 3278 1226 3330 solum
1265 3277 1316 3329 in
1339 3275 1433 3328 hoc
1459 3275 1669 3339 swculo,
1699 3274 1786 3325 sed
1807 3283 1854 3326 et
1880 3273 1933 3325 in
1963 3272 2157 3341 futuro.

591 3371 658 3426 Et
689 3371 860 3424 omnia
883 3369 1094 3440 subjecit
1123 3368 1213 3420 sub
1236 3367 1446 3434 pedibus
1476 3368 1606 3436 ejus.
1641 3366 1692 3418 In
1728 3365 1922 3427 futuro,
1954 3363 2053 3416 hoc
2080 3373 2160 3415 est

590 3462 644 3515 in
694 3460 920 3527 cmlesti,
969 3458 1108 3528 quod
1150 3457 1302 3511 nobis
1349 3457 1580 3509 futurum
1621 3465 1720 3519 est,
1756 3469 1859 3506 non
1889 3454 2019 3515 Deo,
2065 3466 2162 3506 nec

588 3551 714 3607 sibi.
751 3550 817 3604 Et
847 3553 1016 3618 ipsum
1062 3549 1205 3601 dedit
1251 3556 1402 3616 caput
1448 3546 1585 3598 omni
1630 3544 1889 3598 Ecclesiat.
1924 3543 2160 3598 Christus

591 3652 752 3711 caput
778 3621 1032 3695 Ecclesia:
1071 3648 1173 3702 est,
1202 3638 1436 3691 omnium
1474 3635 1745 3703 plenitudo
1776 3634 2157 3688 membrorum.

596 3733 725 3795 Qua:
751 3739 822 3784 est
852 3744 1036 3794 corpus
1065 3728 1224 3797 ipsius
1254 3737 1299 3778 et
1328 3727 1590 3796 plenitudo
1621 3728 1750 3796 ejus.
1793 3725 2010 3792 Capitis.
2065 3726 2162 3789 Qui

589 3820 763 3874 omnia
790 3820 842 3872 in
881 3817 1112 3870 omnibus
1152 3818 1477 3886 adimpletur.
1513 3816 1610 3883 Qui
1646 3826 1784 3870 totus
1828 3816 1879 3869 in
1911 3815 2162 3870 membris

587 3910 839 3965 omnibus
876 3908 1215 3976 adimpletur,
1265 3923 1370 3961 non
1399 3906 1450 3960 in
1482 3906 1728 3976 singulis,
1759 3923 1825 3961 ne
1852 3906 1955 3959 ulla
1986 3905 2163 3962 diver-

590 4003 722 4057 sitas
768 4001 1078 4056 meritorum
1109 4001 1178 4055 sit
1209 4018 1224 4056 :
1254 4001 1468 4071 quando
1495 4017 1681 4055 omnes
1708 4001 2054 4066 crediderint,
2107 4010 2163 4055 et

589 4093 811 4164 perfecti
845 4092 1060 4160 fuerint,
1086 4102 1211 4149 tunc
1236 4095 1339 4148 erit
1369 4109 1564 4164 corpus
1591 4094 1884 4162 perfectum
1912 4093 1963 4146 iu
1995 4093 2161 4147 omni-

588 4185 689 4245 bus
709 4182 981 4238 membris.
2145 4236 2156 4240 -

656 4273 782 4330 CAP.
817 4289 878 4330 ιι.
907 4272 974 4325 Et
995 4288 1080 4326 vos
1098 4289 1212 4326 cum
1241 4273 1430 4326 essetis.
1456 4271 1591 4326 Hinc
1613 4271 1717 4325 il-lis
1746 4269 1856 4324 vult
1877 4270 2161 4325 ostendere

585 4375 843 4436 quantum
865 4364 943 4418 eis
975 4363 1219 4418 beneﬁcii
1250 4364 1320 4417 sit
1343 4363 1616 4418 collatum.
1652 4360 1843 4414 Mortui
1872 4361 2071 4414 delictis
2115 4371 2161 4414 ct

589 4459 806 4524 peccatis
834 4458 1030 4511 vestris.
1059 4456 1226 4511 Morte
1253 4457 1474 4526 peccati,
1495 4464 1680 4510 contra
1708 4454 2039 4523 Pelagianos.
2071 4455 2158 4522 qui

2265 3277 2535 3328 consedere
2564 3277 2684 3345 fecit
2706 3278 2757 3328 in
2779 3277 3054 3329 calestibus
3089 3278 3140 3330 in
3164 3276 3368 3331 Christo
3395 3277 3546 3332 Jesu.
3589 3280 3724 3346 Quia
3754 3279 3827 3334 ubi

2264 3375 2421 3432 caput
2457 3377 2557 3430 est,
2591 3366 2660 3419 ibi
2687 3368 2789 3421 erit
2814 3377 2867 3420 et
2895 3381 3108 3436 corpus,
3141 3368 3276 3420 sicut
3303 3379 3358 3420 et
3395 3369 3509 3435 ipse
3549 3371 3630 3423 ait
3663 3388 3678 3424 :
3713 3371 3828 3424 Volo

2265 3469 2321 3512 ut
2351 3459 2436 3511 ubi
2467 3474 2563 3526 ego
2595 3474 2743 3524 sum,
2782 3470 2836 3513 et
2862 3461 2959 3528 ipsi
2994 3459 3117 3512 sint.
3155 3457 3222 3512 Ut
3251 3462 3536 3513 ostenderet
3573 3461 3626 3512 in
3649 3464 3828 3514 seculis

2263 3558 2746 3624 supervenientibus.
2781 3558 2919 3613 Ante
2941 3559 3337 3628 praedestinavit
3365 3557 3506 3627 quod
3543 3565 3664 3610 erat
3691 3554 3828 3608 modo

2266 3647 2518 3702 facturus.
2557 3649 2885 3701 Abundantes
2928 3651 3132 3702 diuitias
3171 3651 3348 3719 gratia:
3383 3664 3489 3701 sure
3517 3649 3574 3701 in
3606 3648 3823 3699 bonitate.

2266 3736 2402 3791 Vere
2423 3739 2695 3792 abundans
2722 3740 2912 3807 gratia,
2937 3749 2990 3792 ut
3013 3754 3119 3792 non
3150 3741 3320 3792 solum
3351 3749 3574 3808 peccata
3598 3738 3827 3797 donaret,

2264 3825 2356 3879 sed
2389 3827 2547 3879 etiam
2579 3843 2697 3881 cum
2728 3828 2937 3883 Christo
2964 3829 3306 3882 resuscitaret
3337 3845 3351 3882 :
3382 3837 3438 3881 et
3465 3843 3571 3882 nec
3608 3828 3710 3881 hoc
3733 3823 3829 3878 safe

2264 3915 2409 3980 fecit,
2453 3917 2551 3973 nisi
2591 3920 2746 3972 etiam
2788 3933 2884 3973 nos
2912 3919 2976 3972 ad
3016 3920 3286 3974 dexteram
3326 3919 3417 3974 Dei
3445 3921 3495 3972 in
3537 3918 3832 3973 caelestibus

2263 4006 2552 4062 collocaret
2582 4010 2633 4062 in
2663 4019 2940 4075 assumpto
2968 4012 3200 4065 homine.
3234 4011 3400 4080 Super
3428 4027 3524 4064 nos
3562 4012 3614 4063 in
3650 4009 3831 4064 Christo

2261 4092 2408 4149 Jesu.
2445 4096 2499 4151 In
2528 4113 2719 4163 corpus
2734 4096 2954 4164 Christi,
2979 4100 3321 4166 velexemplo
3338 4101 3475 4167 ejus.
3501 4099 3695 4153 Gratia
3716 4101 3829 4152 enim

2262 4188 2379 4239 estis
2416 4188 2615 4241 saluati.
2666 4188 2780 4242 Non
2825 4191 3025 4244 meritis
3065 4192 3278 4255 vestris,
3326 4191 3419 4244 sed
3462 4192 3638 4260 gratia
3680 4189 3832 4261 gratis

2263 4275 2405 4331 data.
2439 4277 2548 4330 Hoc
2578 4289 2761 4332 contra
2809 4294 2902 4334 eos
2931 4281 3019 4347 qui
3062 4281 3246 4334 dicunt
3297 4281 3438 4349 quod
3479 4283 3596 4334 suis
3637 4284 3832 4335 meritis

2262 4366 2553 4419 solventur.
2588 4363 2877 4436 Per/idem.
2905 4370 3005 4423 Per
3026 4373 3190 4423 solam
3223 4370 3401 4434 ﬁdem,
3439 4387 3600 4440 quam
3630 4381 3834 4426 sanctus

2262 4455 2487 4520 Spiritus
2513 4456 2653 4509 dono
2689 4471 2784 4510 suo
2811 4457 3060 4511 infundit.
3093 4459 3156 4510 Et
3193 4460 3286 4511 hoc
3314 4477 3418 4512 non
3448 4477 3511 4513 ex
3548 4461 3718 4526 vobis,
3755 4460 3834 4513 Dei

591 4559 831 4602 naturam
854 4556 1055 4598 tantum
1082 4546 1374 4599 defendunt
1398 4555 1650 4615 quantum
1681 4545 1818 4599 ratio
1841 4561 1946 4597 non
1972 4545 2156 4598 habet:
2189 4564 2242 4626 υ
2264 4547 2393 4597 enim
2418 4547 2605 4598 donum
2647 4557 2736 4599 est.
2773 4548 2876 4602 Sed
2908 4549 3048 4601 dono
3086 4550 3294 4616 gratiae,
3335 4564 3400 4602 ne
3429 4550 3682 4604 dicerent
3713 4551 3834 4619 quod

591 4643 646 4689 et
669 4634 850 4688 dicunt
887 4634 1041 4688 ﬁdem
1073 4650 1136 4688 ex
1166 4645 1350 4688 natura
1382 4651 1520 4691 esse.
1568 4635 1704 4701 Quid
1734 4636 1874 4688 enim
1906 4635 2028 4688 boni
2061 4651 2158 4703 po-

593 4734 699 4781 test
724 4731 962 4780 mortuus
991 4726 1198 4779 facere?
1231 4723 1296 4778 In
1319 4727 1496 4795 quibus
1529 4727 1806 4794 aliquando
1836 4727 2155 4780 ambulastis.

591 4817 706 4877 Jam
735 4833 864 4874 vero
908 4831 1014 4872 non
1052 4817 1357 4872 ambulatis.
1399 4816 1688 4871 Secundum
1713 4819 1954 4870 sarculum
1982 4819 2159 4871 mundi

592 4911 766 4981 hujus.
801 4907 924 4964 Ideo
969 4909 1222 4963 saeculum
1251 4908 1490 4962 homines
1519 4909 1698 4961 saeculi
1728 4907 1980 4971 dicimus,
2016 4910 2161 4962 sicut

592 4999 815 5053 dicimus
835 4998 1050 5053 domum
1072 4998 1157 5053 vel
1183 4998 1400 5065 bonam,
1425 4999 1507 5053 vel
1532 4999 1744 5064 malam,
1769 4998 1893 5053 dum
1919 4999 2163 5053 habitan-

591 5103 673 5146 tes
701 5091 755 5144 in
782 5105 845 5144 ea
875 5091 1215 5160 intelligimus
1246 5091 1493 5146 homines
1520 5091 1720 5145 saeculi.
1749 5090 1892 5146 ldola
1921 5092 2159 5146 colentes

593 5184 832 5237 nominat
857 5183 1131 5247 saeculum.
1161 5182 1296 5236 sicut
1320 5191 1372 5236 et
1395 5191 1931 5251 serpentes,quorum
1959 5182 2162 5237 similes

591 5288 806 5328 eramus
833 5284 1113 5342 sequentes
1133 5273 1329 5327 diaboli
1349 5265 2000 5327 voluntatemﬁccundum
2023 5274 2162 5342 prin-

592 5363 752 5430 cipem
803 5366 1061 5435 potestatis
1105 5365 1236 5417 aeris
1292 5363 1468 5436 hujus.
1523 5364 1823 5419 Secundum
1874 5364 2161 5433 princiletn

593 5455 735 5510 illius
762 5456 1060 5524 potestatis,
1094 5457 1180 5525 qui
1212 5456 1264 5510 in
1298 5456 1396 5509 hoc
1417 5472 1542 5510 aere
1567 5466 1789 5511 ventoso
1816 5466 1897 5510 est
1924 5455 1992 5509 de
2012 5457 2162 5511 ccelis

594 5546 856 5615 deiectus.
894 5548 1117 5618 Spiritus
1144 5549 1228 5617 qui
1257 5565 1394 5601 nunc
1435 5559 1692 5615 operatur.
1745 5550 2022 5610 Suasione,
2057 5565 2160 5602 non

597 5637 673 5690 vi.
722 5635 789 5691 In
827 5638 962 5706 ﬁlios
1004 5638 1314 5707 diﬁidentice.
1371 5638 1425 5689 lu
1470 5655 1562 5692 eos
1606 5640 1692 5707 qui
1745 5654 1848 5691 non
1899 5639 2162 5696 credunt:

602 5731 967 5803 unusquisque
994 5729 1135 5784 illius
1159 5729 1296 5784 ﬁlius
1318 5727 1566 5794 efﬁcitur,
1591 5745 1748 5799 quem
1777 5729 2031 5799 imitatur,
2053 5730 2164 5786 sive

2268 4637 2397 4690 ﬁdes
2422 4651 2484 4690 ex
2520 4635 2650 4704 ipsis
2679 4648 2840 4704 esset,
2870 4649 2922 4693 et
2961 4655 3066 4692 non
3097 4655 3163 4692 ex
3197 4639 3327 4694 Deo.
3372 4639 3492 4694 Non
3521 4658 3587 4694 ea:
3612 4642 3837 4711 operibus

2265 4728 2460 4791 vestris,
2494 4735 2547 4779 ut
2578 4743 2639 4779 ne
2666 4729 2776 4794 quis
2806 4728 3065 4799 glorietur.
3100 4729 3174 4783 Ne
3200 4731 3317 4798 quis
3355 4732 3614 4800 glorietur
3639 4747 3704 4786 se
3744 4733 3836 4787 suis

2267 4824 2468 4876 meritis
2503 4824 2790 4891 accepisse.
2831 4821 3003 4892 Ipsius
3040 4825 3172 4876 enim
3217 4841 3389 4876 sumus
3437 4828 3669 4892 factum.
3720 4823 3836 4891 Qui:

2267 4927 2436 4978 unpcr
2475 4927 2658 4966 sumus
2689 4914 2738 4966 in
2766 4911 2978 4966 Christo
3023 4915 3217 4978 renati,
3245 4924 3299 4967 ut
3328 4917 3378 4968 in
3409 4915 3566 4969 bonis
3593 4916 3837 4984 operibus

2269 5001 2362 5056 Dei
2393 5001 2658 5068 adjutorio
2679 5001 3036 5066 ambulemus,
3067 5019 3184 5070 quae
3212 5004 3263 5058 iu
3285 5005 3580 5071 Evangelio
3606 5017 3744 5060 sunt
3767 5021 3840 5056 os-

2269 5101 2438 5148 tensa.
2467 5093 2632 5147 Creati
2653 5096 2704 5146 in
2731 5095 2949 5159 Christo,
2993 5097 3043 5146 in
3067 5097 3298 5165 operibus
3327 5098 3491 5150 bonis.
3520 5097 3640 5152 Non
3674 5100 3745 5153 de
3767 5099 3840 5150 illa

2265 5186 2534 5240 creatione
2560 5187 2704 5248 dicit,
2737 5203 2840 5256 qua
2871 5190 2922 5242 in
2946 5189 3114 5242 Adam
3149 5191 3230 5243 vel
3262 5205 3325 5244 ex
3350 5189 3516 5244 Adam
3549 5192 3839 5248 nascimur,

2265 5277 2358 5330 sed
2385 5293 2485 5345 qua
2517 5278 2566 5330 in
2601 5278 2861 5346 baptismo
2889 5295 2986 5347 per
3016 5281 3239 5349 gratiam
3273 5281 3656 5344 reformamur,
3695 5291 3751 5334 ut
3780 5280 3842 5345 ip-

2265 5367 2376 5420 sius
2424 5367 2689 5434 adjutorio
2732 5368 2781 5421 iu
2827 5370 2981 5422 bouis
3031 5371 3280 5438 operibus
3327 5371 3695 5425 ambulemus.
3728 5371 3842 5424 lla-c

2266 5455 2440 5509 omnia
2458 5472 2520 5510 ex
2549 5458 2714 5524 gratia
2737 5459 3008 5526 eveniunt,
3035 5463 3114 5514 vel
3140 5473 3505 5529 praeparantur
3529 5479 3688 5516 :nam
3712 5458 3840 5530 quod

2266 5548 2522 5615 sequitur,
2581 5549 2711 5612 Qua:
2767 5550 3084 5617 prmparavit
3136 5552 3309 5618 Deus,
3355 5554 3403 5606 id
3426 5561 3510 5606 est
3566 5551 3841 5621 prmdesti~

2269 5637 2432 5689 navit.
2483 5637 2610 5699 Qua
2651 5640 2954 5708 preparavit
2988 5639 3142 5708 Deus,
3176 5651 3231 5694 ut
3275 5642 3328 5696 in
3361 5644 3468 5697 illis
3506 5645 3839 5696 ambulemus.

2270 5727 2588 5799 Prasparavit
2615 5729 2751 5785 Deus
2774 5731 2822 5784 in
2849 5736 3128 5800 prmsentia
3158 5749 3253 5789 sua
3280 5752 3295 5789 :
3329 5745 3382 5792 et
3405 5752 3548 5792 nunc
3573 5737 3720 5792 dedit
3753 5745 3839 5803 per
