3982 6352
124 331 241 389 8ιὸ

990 324 1052 379 ΙΝ
1096 321 1479 393 ΕΡᾸδΤΟΙδΑΜ
1522 321 1610 377 AD
1652 319 1977 379 EPIIESlils
2014 318 2531 380 (ΖΟΜΜΕΝΤᾹΒΙᾹ.

3285 334 3391 391 att
3446 325 3452 331 '

128 442 364 513 gratiam
394 454 571 505 suam,
620 440 909 495 secundum
960 455 1155 492 novum
1211 439 1479 491 hominem
1525 436 1712 490 ambu-
1742 438 1788 493 A
1820 435 1974 502 iunge
2004 452 2032 488 ει
2069 438 2175 489 "ea
2203 438 2601 491 discesserant:
2636 453 2737 491 non
2777 437 2914 503 loco,
2963 438 3054 494 sed
3107 441 3244 497 idola
3293 462 3387 500 cu-

133 530 342 587 lemns:
369 532 418 585 id
439 540 539 595 est,
562 533 981 601 pnedestinavit;
1012 531 1411 601 prtedcstinatio
1435 531 1549 583 sine
1581 545 1714 597 prse-

130 625 361 679 sciemia
413 638 536 678 esse
591 640 693 678 non
749 632 941 691 potest.
1006 624 1225 692 Propter
1262 599 1409 693 ijuod
1460 640 1709 677 memores

133 728 327 778 atate,
354 717 489 783 quod
514 715 792 785 aliquando
817 732 904 769 vos
928 725 1115 785 gentes.
1162 717 1558 769 Connuemorat
1594 716 1711 769 illos

130 809 208 862 de
247 818 442 876 quanta
486 806 813 875 ignobilitate
853 807 917 859 ad
961 820 1222 859 summam
1272 806 1421 874 regni
1471 807 1711 875 perducti

130 908 289 963 sunt,
319 906 376 951 ut
405 912 508 950 non
538 898 641 949 sint
675 898 863 965 ingrati
902 897 951 950 ei
991 898 1081 964 qtti
1122 897 1223 950 hoc
1264 897 1367 949 illis
1405 900 1573 963 gratia
1615 913 1709 951 sua

132 1000 396 1058 pra-stare
424 989 667 1058 dignatus
695 1000 797 1043 est.
834 973 904 1042 ‘ln
933 1005 1107 1053 carne,
1136 990 1223 1058 qui
1251 988 1551 1042 dicebamiui
1579 1006 1712 1059 pra:-

129 1084 360 1148 putium.
404 1078 603 1135 Gentes
633 1082 971 1148 prthtttittm,
1004 1080 1172 1135 Judaei
1202 1079 1539 1133 circumcisio
1568 1081 1713 1135 dice-

129 1174 354 1226 bantur.
403 1171 477 1224 Ab
508 1186 566 1222 ea
592 1186 707 1237 qua:
729 1171 916 1224 dicitur
938 1170 1273 1223 circumcisio.
1328 1168 1441 1223 Non
1470 1169 1521 1223 in
1548 1172 1711 1227 corde

127 1281 235 1333 per
262 1265 525 1334 spiritum.
578 1266 643 1320 In
674 1283 826 1321 carne
860 1284 1015 1320 manu
1050 1267 1211 1337 facta.
1262 1266 1522 1320 Humana.
1576 1267 1711 1330 Quia

127 1360 293 1411 eratis
318 1361 369 1411 in
396 1359 487 1411 illo
516 1368 736 1427 tempore
761 1360 870 1413 sine
896 1357 1117 1419 Christo,
1148 1358 1361 1412 alienati
1388 1376 1422 1413 a
1442 1376 1712 1415 conversa-

127 1451 271 1505 tione
289 1448 477 1505 Israel.
509 1450 640 1518 Quia
674 1451 749 1506 il‘i
772 1448 1043 1506 Christum
1078 1452 1131 1504 in
1159 1450 1341 1506 multis
1366 1452 1634 1521 mysteriis
1656 1463 1712 1507 et

127 1544 486 1599 sacramentis
526 1543 794 1597 habebant
831 1544 1187 1613 promissum:
1219 1558 1315 1598 vos
1351 1553 1530 1600 autem
1572 1545 1712 1599 idola

126 1650 275 1688 ctera
303 1644 358 1690 et
386 1646 527 1690 muta
557 1648 845 1705 sequentes
874 1679 890 1702 ,
947 1651 1048 1691 nec
1096 1637 1147 1690 in
1193 1638 1409 1691 nomine
1437 1637 1708 1693 Chrismm

126 1724 407 1791 sciebatis,
453 1726 543 1796 qui
595 1726 685 1780 Dei
737 1729 968 1795 populus
1009 1727 1323 1781 habebatur.
1374 1726 1441 1781 Et
1490 1730 1707 1799 hospites

1816 523 1992 579 lendo.
2030 524 2093 578 Et
2121 544 2291 594 pacem
2319 527 2398 580 his
2428 528 2515 597 qui
2540 544 2713 597 prope.
2768 529 2985 583 .lotltcis.
3019 530 3271 596 Quoniam
3300 552 3389 602 per

1815 634 1978 685 .psum
2010 617 2269 672 habemus.
2320 621 2430 673 Neu
2454 636 2487 672 ο
2514 621 2651 673 venit
2683 619 2746 673 ad
2787 621 2991 674 Patrem
3025 624 3121 677 nisi
3156 640 3249 691 per
3278 642 3384 680 me.

1814 708 1972 760 Ambo
2008 725 2280 763 accessum.
2336 711 2540 778 I‘Opnli.
2590 709 2652 762 In
2699 727 2798 765 uno
2842 714 3026 778 spiritu
3060 715 3126 766 ad
3159 714 3382 769 Putrem.

1818 794 1988 849 Unum
2016 812 2210 865 Corpus
2255 815 2414 853 unum
2452 802 2693 867 Spiritum
2728 802 2906 855 habet.
2959 803 3094 874 Ergo
3140 807 3251 875 jam
3283 822 3380 857 twn

1812 888 1929 939 estis
1957 889 2198 956 hospites,
2227 898 2273 941 et
2302 893 2543 953 aduente;
2583 894 2670 944 sed
2698 895 2813 946 estis
2839 896 2968 948 cives
3005 906 3300 949 sanctorum
3338 908 3383 951 et

1813 978 2070 1033 domestici
2103 980 2215 1033 Dei.
2264 983 2378 1035 Jan:
2411 1000 2514 1036 non
2543 986 2808 1046 extranei,
2842 1001 2939 1039 nec
2971 986 3253 1058 proselyti:
3286 1002 3386 1040 nec

1813 1070 1953 1122 enim
2005 1075 2272 1137 separavit
2310 1088 2403 1124 vos
2449 1088 2477 1125 a
2528 1075 2718 1143 p0polo
2766 1091 2895 1139 suo,
2948 1079 3085 1131 sicut
3138 1080 3384 1148 praedixit

1813 1160 2004 1215 Isaias:
2036 1163 2178 1216 cives
2204 1162 2442 1232 cjusdrm
2467 1176 2587 1217 sunt
2615 1174 2669 1219 et
2699 1169 2918 1234 originis
2941 1180 2992 1223 et
3020 1170 3382 1224 habitationis.

1815 1250 2229 1322 Supertediﬁcati
2281 1271 2433 1320 super
2482 1259 2887 1326 fundamentum.
2958 1262 3383 1315 Fundamentum

1812 1343 2173 1409 apostolorum
2209 1353 2265 1398 et
2291 1345 2665 1413 prophetarum
2694 1347 2937 1403 Christus
2966 1359 3076 1417 est,
3104 1355 3189 1421 qui
3220 1352 3382 1406 etiam

1814 1432 1949 1500 lapis
1995 1435 2190 1488 dicitur
2228 1436 2525 1504 angularis;
2568 1450 2627 1492 ttt
2664 1440 2920 1507 scriptum
2964 1451 3082 1494 cst:
3132 1442 3383 1512 Lapidem

1812 1539 1968 1590 quem
2003 1526 2417 1593 reprobaverunt
2456 1529 2798 1593 :rditicantes,
2827 1530 2960 1584 duos
2992 1533 3219 1600 parietes
3249 1549 3381 1588 con-

1808 1616 2037 1687 jungens
2083 1630 2136 1674 et
2177 1623 2477 1676 continens.
2532 1624 2590 1676 Et
2633 1624 3031 1679 fundamentum
3069 1637 3278 1691 autem,
3328 1638 3382 1681 et

1812 1725 2073 1776 summus,
2105 1713 2224 1781 quia
2264 1714 2314 1766 in
2361 1716 2474 1781 ipso
2512 1725 2567 1769 et
2603 1716 2855 1771 fundatur
2890 1728 2944 1772 et
2984 1730 3387 1773 consummatur

123 1824 565 1869 testamentorum.
620 1815 840 1870 Etiamsi
881 1817 1040 1884 aliqui
1071 1818 1380 1883 credebant,
1415 1821 1700 1891 proselyti,

1814 1800 2068 1856 Ecclesia.
2110 1806 2466 1891 Apostolorum
2512 1817 2558 1859 et
2601 1809 2982 1876 prophetarum,
3030 1812 3138 1880 ipso
3185 1828 3382 1865 summa

123 1914 239 1960 hoc
265 1915 365 1972 est,
408 1906 671 1976 peregrini
706 1907 1072 1962 habebantur:
1105 1910 1226 1977 quia
1259 1920 1527 1965 exuant-te
1555 1921 1708 1967 erant

121 2005 321 2062 gentes
345 1998 413 2052 ab
439 1998 600 2052 Israel
632 2006 686 2051 et
715 2013 745 2051 a
773 1996 1004 2054 Christo.
1049 1998 1415 2055 Promissionis
1439 2019 1580 2070 spem
1606 2021 1705 2058 non

120 2085 392 2140 habentes.
426 2086 573 2143 Sicut
602 2088 673 2142 illi
703 2088 990 2153 soerabmt
1018 2091 1281 2159 promissa
1317 2090 1410 2145 Dei
1441 2109 1558 2160 qua:
1586 2110 1709 2162 pro-

122 2179 356 2235 miserat
386 2180 630 2245 Abrahr,
678 2180 729 2235 in
757 2181 973 2238 Christo
1000 2183 1225 2238 salutem
1253 2199 1374 2239 esse
1403 2195 1701 2241 venturam.

122 2268 202 2321 Et
230 2271 342 2322 sine
371 2267 480 2324 Deo
510 2272 563 2323 in
593 2273 690 2324 hoc
730 2273 941 2327 mundo.
990 2273 1182 2329 Multos
1210 2276 1351 2329 enim
1384 2274 1545 2332 lalsos
1575 2277 1704 2333 deos

119 2368 436 2427 sequentes,
484 2376 642 2413 unuut
674 2370 728 2414 et
757 2377 938 2416 verum
970 2362 1279 2417 amiserant.
1329 2363 1488 2419 Nunc
1532 2380 1702 2421 autent

120 2450 179 2503 in
213 2447 413 2503 Christo
437 2447 581 2504 Jesu.
628 2450 803 2507 Unum
832 2452 963 2507 eatis
995 2454 1045 2506 in
1074 2468 1300 2522 corpore
1328 2455 1464 2525 ejus,
1507 2458 1557 2511 id
1588 2472 1699 2523 est,

122 2541 387 2596 Ecclesia.
425 2541 530 2596 Vos
558 2543 646 2612 qui
672 2544 946 2613 aliquando
983 2548 1137 2599 eratis
1176 2546 1325 2619 longe
1354 2566 1385 2600 a
1422 2549 1529 2603 Deo
1554 2552 1698 2622 filt‘ll,

124 2632 252 2687 estis
286 2648 461 2700 prope.
514 2632 587 2688 lta
617 2644 673 2689 ut
697 2634 893 2691 Judmis
932 2638 1299 2707 :eqnaremiui.
1350 2638 1414 2694 In
1457 2645 1702 2713 sanguine

120 2720 339 2775 Christi.
372 2724 585 2778 Credite
611 2740 705 2779 vos
734 2726 850 2795 ejus
880 2730 1135 2797 sanguine
1166 2730 1445 2797 liberatos,
1475 2737 1561 2801 qui
1608 2751 1701 2789 Vos

120 2813 229 2868 illis
261 2818 507 2887 aequavit.
544 2816 668 2879 Iise
694 2819 825 2872 enim
852 2831 927 2875 est
956 2839 1059 2891 pas:
1086 2835 1277 2878 nostra.
1312 2825 1701 2890 Reconciliatio

120 2908 305 2975 populi
336 2909 611 2978 utriusque
640 2911 705 2962 ad
736 2911 983 2975 invicem,
1024 2926 1075 2967 et
1104 2916 1167 2967 ad
1208 2916 1397 2972 Deum.
1449 2919 1550 2983 Qui
1580 2923 1696 2990 fecit

118 3006 338 3068 utraque
362 3016 536 3055 unum.
566 3000 812 3071 Gregezn.
843 3002 911 3056 Et
934 3005 1155 3058 medium
1179 3008 1420 3076 parietem
1445 3013 1696 3065 macerias.

118 3089 328 3144 Medius
376 3092 522 3158 quasi
577 3092 748 3160 paries
792 3106 846 3148 et
898 3097 1129 3149 maceria
1176 3108 1499 3164 sepserant:
1553 3100 1697 3155 inter

1809 1894 2044 1963 angulari
2073 1896 2244 1963 lapide
2274 1882 2474 1950 Ch‘risto
2489 1896 2634 1953 Iesu.
2659 1900 3062 1968 Prophetarum,
3095 1904 3249 1969 Noti,
3275 1921 3378 1960 non
3412 1928 3415 1931 ί

1809 1980 2021 2037 Veteris
2050 1984 2378 2040 Testamenti
2404 2003 2418 2039 :
2466 1988 2698 2053 alioquin
2739 1993 2942 2057 pri0res
2972 1993 3255 2063 prophetas
3282 2012 3379 2049 no-

1809 2073 2039 2129 minasse
2063 2074 2340 2131 debuerat.
2380 2074 2449 2130 In
2476 2093 2575 2143 quo
2607 2082 2770 2132 omnis
2800 2082 3071 2149 tediﬁcatio
3097 2094 3383 2139 constructa

1806 2165 2003 2217 crescit.
2053 2163 2135 2217 Ad
2176 2167 2627 2235 comparationem
2673 2170 2854 2235 templi
2905 2172 3209 2227 Salomonis
3253 2176 3382 2228 dicit

1807 2255 1994 2309 instrui
2025 2271 2219 2324 corpus
2248 2259 2480 2328 Christi,
2523 2259 2574 2313 id
2604 2272 2718 2327 est,
2755 2263 3043 2317 Ecclesiam
3071 2282 3084 2317 :
3126 2276 3182 2319 ut
3215 2267 3383 2320 multo

1807 2346 2061 2415 majorem
2102 2346 2296 2402 habeat
2350 2350 2660 2404 munditiam
2701 2362 2755 2405 et
2792 2356 3130 2409 sanctitatem
3188 2356 3381 2412 veritas

1804 2452 1960 2506 quam
2003 2439 2195 2506 imago.
2250 2438 2314 2493 In
2366 2442 2613 2509 templum
2650 2455 2884 2497 sanctum
2931 2446 2984 2498 in
3033 2445 3269 2501 Domino.
3325 2452 3379 2505 In

1805 2533 2000 2599 templo
2026 2544 2211 2586 sancto
2240 2548 2342 2586 non
2377 2544 2597 2602 possunt
2625 2535 2746 2603 poni
2783 2536 2981 2603 lapides
3012 2554 3116 2592 non
3144 2543 3380 2595 sanctifi-

1803 2629 1925 2677 Call.
1960 2622 2023 2678 lu
2053 2641 2152 2696 quo
2176 2634 2222 2679 et
2246 2640 2350 2680 vos.
2402 2626 2468 2682 Ut
2512 2636 2567 2680 ct
2608 2642 2698 2681 νος
2732 2630 2848 2683 sitis
2886 2631 2975 2685 Dei
3025 2634 3376 2690 habitaculum

1803 2718 2062 2782 spiritale,
2100 2719 2149 2771 id
2182 2728 2293 2783 est,
2327 2734 2432 2773 non
2464 2735 2619 2774 manu
2650 2720 2867 2778 factum.
2900 2722 3299 2792 Coa’diﬁcamini
3324 2729 3378 2782 in

1803 2806 2146 2861 habitaculum
2173 2807 2267 2863 Dei
2293 2810 2344 2862 in
2368 2810 2574 2880 spiritu.
2609 2814 2879 2881 Apostolis
2904 2824 2955 2869 et
2984 2818 3276 2886 pr0pbetis.

1870 2897 1998 2954 CAP.
2018 2916 2091 2955 Ill.
2111 2899 2285 2969 Hujus
2306 2904 2398 2956 rei.
2426 2902 2611 2970 llujus,
2628 2920 2782 2973 quam
2800 2907 3045 2973 superius
3064 2924 3255 2963 metunt
3270 2910 3375 2978 avi,

1803 2992 1941 3059 quod
1962 2992 2123 3045 Filius
2152 2992 2240 3048 Dei
2258 2994 2590 3049 descendens
2603 2997 2670 3050 de
2685 2998 2854 3061 ctelis,
2869 2999 3143 3054 etJudacos
3167 3011 3221 3057 et
3243 3019 3379 3071 gen-

1805 3090 1883 3135 tes
1910 3084 2223 3148 salvaverit,
2267 3094 2322 3140 et
2352 3102 2510 3140 unum
2539 3089 2721 3143 iecerit
2748 3090 3200 3160 grcgem.6'ratia.
3229 3095 3380 3151 Dono

116 3190 407 3249 mmmque
437 3181 685 3249 μυρυιωη
714 3196 877 3236 onem
908 3182 1063 3251 legis,
1097 3200 1213 3253 qua,
1240 3196 1427 3254 gemes
1454 3189 1694 3244 ἀειθη-θ,
1725 3167 1769 3226 C
1806 3173 1917 3227 Dei.
1952 3172 2063 3244 Ego
2090 3174 2284 3228 Paulus
2309 3178 2501 3231 uinctus
2525 3178 2713 3233 Christi
2734 3181 2878 3235 Jesu.
2911 3185 3037 3238 Sive
3058 3186 3265 3239 vinctus
3288 3201 3379 3241 ea-

115 3271 282 3339 bant,
317 3287 382 3325 ne
413 3272 704 3327 Israelitico
734 3272 927 3342 populo
950 3274 1321 3344 jungerentur.
1367 3278 1485 3347 Ipse
1520 3284 1695 3347 paries

116 3361 399 3415 inimicitia
425 3363 745 3417 nominatur.
778 3363 871 3418 Vel
896 3374 1042 3419 certe
1064 3374 1277 3433 peccata
1309 3377 1415 3420 tam
1443 3382 1693 3434 actua‘ta,

113 3467 283 3519 quam
330 3452 630 3522 originalia,
677 3468 797 3523 qua:
842 3469 873 3508 a
920 3454 1030 3510 Deo
1078 3470 1330 3527 separare
1377 3471 1693 3525 noscuntur,

116 3546 316 3599 merito
361 3544 652 3600 inimicitias
699 3545 967 3601 dicuntur.
1028 3546 1242 3603 Solvens
1296 3550 1589 3605 inimicitias
1640 3554 1691 3607 in

116 3651 277 3689 canae
297 3651 415 3699 sua,
436 3636 596 3707 legem
624 3635 1005 3690 mandatorum.
1038 3638 1147 3691 lloc
1168 3645 1252 3692 est
1273 3640 1695 3697 circumcisionis

115 3736 171 3781 et
195 3737 547 3792 ceterorum,
597 3743 715 3799 qua:
760 3745 865 3782 non
920 3728 1009 3783 Dei
1041 3730 1312 3799 voluntas,
1359 3733 1460 3786 sed
1509 3733 1692 3803 populi

118 3819 317 3875 duritia
346 3820 607 3890 exigebat.
664 3822 769 3877 llas
806 3823 1111 3877 inimicitias
1153 3824 1277 3877 tulit
1314 3825 1595 3892 Dominus,
1641 3836 1695 3881 et

121 3925 308 3978 pacem
338 3912 548 3978 refudit,
582 3912 857 3984 legemque
878 3929 1171 3980 encuans,
1203 3923 1259 3970 ut
1281 3916 1413 3971 duos
1436 3918 1695 3973 conderet

120 4003 174 4056 in
206 4016 317 4058 uno
344 4017 485 4057 novo
514 4003 731 4058 homine
760 4020 775 4059 :
825 4005 878 4058 in
907 4019 1014 4074 quo
1042 4020 1147 4060 non
1175 4006 1349 4059 solum
1380 4007 1692 4063 interiorem

118 4101 171 4145 et
198 4082 548 4160 exteriorem,
575 4093 670 4149 sed
696 4093 859 4148 etiam
887 4092 1126 4149 Judaeum
1156 4096 1437 4165 signiﬁcat,
1470 4108 1523 4151 et
1547 4098 1698 4153 Gm-

118 4199 266 4250 cum,
322 4194 382 4241 ut
422 4194 567 4241 esset
614 4185 792 4240 omnia
838 4187 890 4241 in
929 4186 1197 4241 omnibus.
1256 4188 1512 4244 Dominus
1546 4191 1693 4245 enim

119 4276 357 4344 sabbati,
401 4276 834 4346 superstitionem
864 4277 985 4331 tulit
1020 4277 1230 4333 sabbati
1258 4281 1599 4347 corporalis,
1642 4288 1698 4334 et

118 4367 274 4432 quasi
316 4365 548 4420 medium
586 4366 744 4420 solvit
782 4366 912 4435 legis
950 4367 1229 4434 parietem,
1257 4368 1346 4436 qui
1387 4384 1484 4423 nos
1521 4370 1592 4422 ab
1629 4384 1692 4423 ea

117 4456 338 4522 pietate,
366 4469 485 4524 quas
513 4454 805 4509 secundum
837 4454 1004 4508 Deum
1032 4464 1140 4517 est,
1173 4456 1514 4510 decretorum
1554 4456 1697 4509 ditii-

1802 3265 1958 3327 tenis,
1986 3267 2099 3318 sive
2124 3266 2330 3319 vinctus
2352 3281 2535 3321 amore
2562 3268 2781 3334 Christi,
2804 3287 2907 3325 non
2939 3289 3151 3340 possum
3178 3291 3372 3343 meam,

1800 3352 1903 3406 nisi
1936 3353 2190 3409 Dominus
2219 3357 2445 3424 dederit,
2479 3358 2656 3415 facere
2685 3363 3031 3418 voluntatem.
3063 3367 3287 3433 Quando
3315 3386 3378 3426 se

1801 3447 2032 3501 vinctum
2058 3451 2317 3513 nominat,
2348 3451 2629 3507 conﬁrmat.
2671 3454 3044 3525 Evangelutn,
3089 3462 3403 3516 ostendens

1797 3550 1991 3607 quanta
2023 3541 2091 3594 sit
2117 3557 2238 3610 spes
2266 3543 2411 3610 ejus,
2457 3560 2552 3613 pro
2576 3562 2677 3616 qua
2712 3548 2836 3602 talia
2872 3552 2975 3618 pati
3010 3552 3238 3608 libenter
3262 3572 3377 3610 atn-

1798 3632 2074 3700 plectitur,
2101 3647 2221 3686 cutn
2251 3635 2419 3703 possit
2446 3638 2583 3705 apud
2610 3638 2822 3694 .lndteos
2850 3651 2907 3694 ut
2934 3641 3066 3714 leng
3095 3645 3301 3715 doctor,
3321 3657 3378 3702 et

1797 3723 2004 3792 magnis
2034 3723 2232 3778 divitiis
2261 3725 2557 3791 abundare,
2596 3739 2651 3783 et
2690 3745 2900 3784 summo
2934 3733 3136 3789 honore
3166 3734 3374 3793 haberi.

1802 3811 1905 3867 Pro
1947 3814 2086 3868 vobis
2129 3817 2378 3886 gentibus.
2430 3818 2731 3874 Secundum
2778 3823 3121 3889 Evangelitun
3173 3826 3383 3884 inimici

1798 3916 2016 3975 propter
2040 3922 2155 3974 vos,
2186 3908 2304 3978 quia
2333 3923 2427 3964 eos
2456 3926 2618 3965 unum
2664 3928 2787 3968 esse
2834 3915 3066 3971 dicebat.
3120 3918 3181 3972 Si
3209 3930 3381 3974 tamen

1796 4000 2030 4053 audistis.
2081 3998 2137 4053 Si
2167 3999 2390 4055 firmiter
2418 4001 2676 4059 retinetis.
2727 4005 3165 4075 Dispensationem
3194 4011 3385 4076 gratiae

1797 4086 1917 4153 Dei,
1942 4102 2057 4155 qute
2081 4088 2202 4142 data
2227 4097 2298 4142 est
2329 4092 2454 4143 ntihi
2479 4092 2533 4145 in
2560 4094 2719 4146 vobis.
2751 4094 2882 4161 Quis
2914 4098 3087 4151 ﬁdelis
3115 4112 3302 4153 servus
3323 4108 3380 4155 et

1799 4177 2062 4245 prudens,
2104 4194 2263 4248 quem
2309 4180 2585 4235 constituit
2622 4182 2879 4236 Dominus
2918 4200 3082 4252 super
3121 4187 3376 4243 familiam

1797 4285 1971 4335 suam,
2003 4278 2061 4324 ut
2081 4271 2172 4324 det
2200 4270 2273 4324 illi
2300 4285 2478 4326 eseam
2507 4274 2558 4326 in
2588 4282 2829 4341 tempore
2848 4276 2873 4327 Ἰ
2903 4277 3024 4329 llaec
3052 4288 3132 4330 est
3157 4278 3378 4345 dispen-

1798 4362 1936 4415 satio
1962 4361 2375 4429 praedicstionis.
2418 4363 2711 4431 Diligenter
2735 4365 2976 4428 adverte,
3017 4369 3157 4434 quod
3192 4370 3379 4436 gratia:

1801 4450 1894 4503 Dei
1925 4449 2108 4503 tribuit
2132 4452 2272 4518 quod
2297 4460 2397 4513 est,
2425 4467 2492 4504 ne
2518 4451 2709 4519 aliquis
2731 4452 2798 4507 de
2823 4453 3027 4508 meritis
3056 4456 3380 4525 extollatur;

116 4546 322 4599 cultate
360 4543 710 4612 prohibebat:
752 4544 874 4612 quia
914 4543 1247 4612 impossibile
1286 4556 1402 4600 erat
1438 4547 1691 4617 gentibus
1725 4539 1775 4599 D
1800 4548 1856 4593 et
1886 4539 2011 4593 dum
2043 4539 2145 4594 sibi
2192 4539 2406 4607 tribuit,
2458 4541 2597 4610 quod
2649 4543 2838 4607 habnt,
2890 4546 3032 4601 dono
3062 4546 3151 4601 Dei
3182 4549 3382 4605 exists

112 4634 274 4704 juxta
304 4633 476 4703 legem
506 4633 669 4705 Moysi
711 4634 941 4689 militare
969 4635 1100 4690 Deo.
1152 4635 1379 4690 Deeretis
1419 4654 1692 4706 evacuans,

117 4735 175 4780 ut
196 4725 327 4780 duos
346 4725 531 4780 condat
552 4728 606 4780 in
623 4727 945 4798 semetipsum
965 4729 1018 4783 in
1038 4745 1194 4782 unum
1216 4746 1401 4784 novum
1416 4730 1688 4789 hominem.

120 4816 225 4872 Per
255 4816 411 4871 tidem
440 4818 607 4872 solam
641 4817 975 4888 justiticans:
1018 4830 1072 4875 et
1108 4820 1234 4876 dum
1270 4821 1545 4887 decernit,
1582 4823 1695 4880 sola

124 4910 344 4964 moralia
372 4911 476 4965 ista
501 4910 784 4976 destruxit,
805 4926 911 4982 quo
937 4928 1043 4967 non
1077 4913 1250 4968 solum
1281 4916 1611 4971 exteriorem
1636 4925 1694 4972 et

125 5004 456 5071 interiorem,
482 5001 577 5057 sed
607 5002 766 5057 etiam
796 5004 848 5056 in
878 5019 1041 5057 unum
1071 5005 1324 5074 populum
1347 5005 1695 5061 christianum

124 5109 188 5149 ex
217 5096 423 5150 duobus
448 5096 658 5165 populis
688 5094 903 5150 factum.
956 5093 1179 5151 Faciens
1207 5114 1404 5169 pacem,
1438 5106 1488 5154 et
1518 5116 1695 5154 recan-

124 5188 259 5242 ciliet
294 5188 465 5243 ambos
493 5190 546 5243 in
576 5205 677 5242 uno
707 5205 917 5259 corpore
947 5188 1073 5244 Deo.
1125 5190 1257 5257 Quia
1287 5193 1445 5247 ambo
1474 5191 1693 5248 fuerant

127 5294 219 5343 per
248 5290 521 5349 peccatum
551 5282 740 5336 aversi.
794 5282 895 5335 Per
918 5299 1138 5337 erucem.
1188 5283 1293 5340 Per
1325 5286 1493 5340 solam
1534 5286 1693 5342 iidem

124 5372 313 5435 crucis,
341 5386 462 5440 quae
487 5373 751 5427 neminem
780 5373 1037 5430 deterret.
1070 5375 1185 5429 Non
1213 5376 1355 5432 enim
1387 5377 1568 5448 gravis
1590 5390 1691 5446 est,

126 5476 280 5528 quam
309 5463 485 5517 subito
511 5464 756 5532 accipere
784 5467 943 5519 etiam
986 5466 1123 5520 latro
1170 5468 1340 5535 potuit
1385 5467 1694 5535 cruciﬁxus,

128 5554 442 5622 luterﬁriens
482 5556 820 5610 inimicitiam.
868 5558 1257 5626 Separationis.
1308 5556 1375 5611 In
1402 5560 1695 5627 semetipso.

129 5644 182 5695 In
205 5661 364 5702 carne
393 5663 508 5702 sua.
555 5648 619 5700 Et
646 5650 845 5703 ueniens
870 5650 1249 5720 eoangelizavit.
1287 5650 1365 5705 Ad
1399 5652 1500 5705 hoc
1526 5652 1690 5707 venit.

134 5730 312 5791 Pacem
336 5738 492 5805 vobis,
523 5740 611 5807 qui
639 5740 784 5810 longe
807 5741 996 5810 fuistis.
1026 5739 1284 5797 Gentibus
1303 5741 1553 5813 loquitur,
1578 5758 1698 5813 qua:

1803 4638 2059 4709 ingratus.
2096 4638 2347 4704 Quoniam
2371 4640 2647 4693 secundum
2674 4643 3027 4697 revelat‘onem
3057 4656 3230 4701 uotum
3254 4650 3386 4705 mihi

1805 4736 1996 4804 factum
2026 4743 2097 4787 est
2122 4744 2511 4787 sacramentum.
2543 4732 2755 4787 Judteos
2778 4744 2832 4789 et
2854 4748 3041 4805 gentes
3068 4754 3227 4793 unum
3258 4756 3386 4796 esse

1805 4826 1858 4880 in
1885 4826 2116 4891 Christo,
2161 4826 2452 4880 secundum
2499 4826 2898 4891 revelationem,
2945 4845 3050 4882 non
3082 4830 3381 4885 secundum

1807 4920 2093 4971 humanam
2145 4917 2464 4972 doctrinam.
2519 4917 2666 4972 Sicut
2712 4934 2867 4989 supra
2908 4920 3092 4986 scripsi
3119 4921 3170 4974 in
3217 4923 3381 4989 breui,

1805 5021 1955 5079 prout
1993 5011 2203 5078 potestis
2240 5011 2459 5079 legentes
2493 5011 2794 5082 intelligere.
2848 5012 2960 5066 Non
2989 5025 3243 5081 quantum
3275 5031 3393 5085 ego

1799 5104 2036 5158 scribere
2065 5110 2323 5171 poteram,
2356 5101 2448 5156 sed
2477 5114 2730 5173 quantum
2773 5105 3066 5174 intelligere
3095 5106 3375 5163 valebatis.

1802 5191 2133 5246 Prudentium
2146 5209 2309 5247 meam
2330 5194 2382 5248 in
2398 5196 2637 5263 mysterio
2651 5194 2860 5252 Christi.
2871 5195 2983 5249 Non
2997 5197 3048 5250 in
3073 5196 3377 5266 eloquentia

1799 5284 2064 5339 saeculari.
2115 5278 2268 5349 Quod
2290 5284 2407 5338 aliis
2436 5286 2839 5356 generationibus
2883 5303 2983 5340 non
3027 5295 3105 5341 est
3146 5289 3377 5356 agnitum

1804 5375 1930 5444 [iliis
1968 5376 2248 5430 hominum.
2308 5376 2557 5430 Sciebant
2593 5378 2805 5445 quidem
2854 5377 3053 5445 antiqui
3103 5378 3381 5446 prophetas

1804 5475 1991 5535 gentes
2017 5479 2137 5521 esse
2164 5469 2456 5533 vocandas;
2489 5469 2582 5523 sed
2612 5469 2918 5522 nesciebant
2946 5469 3146 5523 nullam
3170 5472 3374 5525 distan-

1802 5559 1926 5612 tiam
1966 5559 2195 5614 luturam
2235 5561 2374 5614 inter
2412 5560 2654 5615 Judaeum
2692 5570 2747 5615 et
2782 5562 3075 5630 gentilem:
3115 5564 3228 5618 sive
3265 5580 3376 5620 non

1799 5659 1855 5704 ιιι
1880 5650 2121 5706 homines
2139 5654 2411 5721 propheta:
2437 5652 2805 5721 loquebantur.
2832 5651 2999 5708 Sicuti
3020 5671 3154 5709 nunc
3176 5657 3370 5710 reuela-

1801 5751 1907 5796 tum
1935 5751 2006 5797 est
2032 5746 2222 5798 sanctis
2253 5745 2491 5813 apostolis
2529 5746 2639 5815 ejus
2677 5754 2722 5800 et
2763 5747 3041 5817 prophrtis.
3092 5748 3371 5821 Prnphetis
