  <div class='ocr_page' id='page_1' title='image "/cluster/home/n/w/nwhite01/storage/ocr_20150623/68/hvd.32044015469331/313.png"; bbox 0 0 3982 6352; ppageno 0'>
   <div class='ocr_carea' id='block_1_1' title="bbox 566 301 672 357">
    <p class='ocr_par' dir='ltr' id='par_1_1' title="bbox 566 301 672 357">
     <span class='ocr_line' id='line_1_1' title="bbox 566 301 672 357; baseline 0.038 -4"><span class='ocrx_word' id='word_1_1' title='bbox 566 301 672 357; x_wconf 72' lang='grc' dir='ltr'><strong>6ιὸ</strong></span> 
     </span>
    </p>
   </div>
   <div class='ocr_carea' id='block_1_2' title="bbox 1668 289 2695 354">
    <p class='ocr_par' dir='ltr' id='par_1_2' title="bbox 1668 289 2695 354">
     <span class='ocr_line' id='line_1_2' title="bbox 1668 289 2695 354; baseline -0.008 -1"><span class='ocrx_word' id='word_1_2' title='bbox 1668 295 1960 354; x_wconf 69' lang='grc' dir='ltr'>ριιιιιΑδιι</span> <span class='ocrx_word' id='word_1_3' title='bbox 2001 291 2445 349; x_wconf 80' lang='lat' dir='ltr'><strong>ADRUMETANI</strong></span> <span class='ocrx_word' id='word_1_4' title='bbox 2486 289 2695 348; x_wconf 78' lang='lat' dir='ltr'><strong>EPlSC.</strong></span> 
     </span>
    </p>
   </div>
   <div class='ocr_carea' id='block_1_3' title="bbox 3726 290 3844 351">
    <p class='ocr_par' dir='ltr' id='par_1_3' title="bbox 3726 290 3844 351">
     <span class='ocr_line' id='line_1_3' title="bbox 3726 290 3844 351; baseline -0.051 0"><span class='ocrx_word' id='word_1_5' title='bbox 3726 290 3844 351; x_wconf 69' lang='grc'><strong>616</strong></span> 
     </span>
    </p>
   </div>
   <div class='ocr_carea' id='block_1_4' title="bbox 565 401 3845 481">
    <p class='ocr_par' dir='ltr' id='par_1_4' title="bbox 565 401 3845 481">
     <span class='ocr_line' id='line_1_4' title="bbox 565 401 3845 481; baseline -0.005 -10"><span class='ocrx_word' id='word_1_6' title='bbox 565 417 695 471; x_wconf 82' lang='lat' dir='ltr'><strong>Novi</strong></span> <span class='ocrx_word' id='word_1_7' title='bbox 738 415 1098 477; x_wconf 80' lang='lat' dir='ltr'><strong>Testamenti,</strong></span> <span class='ocrx_word' id='word_1_8' title='bbox 1142 415 1338 481; x_wconf 80' lang='lat' dir='ltr'><strong>quibus</strong></span> <span class='ocrx_word' id='word_1_9' title='bbox 1388 428 1527 467; x_wconf 85' lang='lat' dir='ltr'><strong>nunc</strong></span> <span class='ocrx_word' id='word_1_10' title='bbox 1572 413 1766 467; x_wconf 88' lang='lat' dir='ltr'><strong>asserit</strong></span> <span class='ocrx_word' id='word_1_11' title='bbox 1815 411 2128 465; x_wconf 86' lang='lat' dir='ltr'><strong>revelatum.</strong></span> <span class='ocrx_word' id='word_1_12' title='bbox 2159 412 2208 466; x_wconf 76' lang='grc' dir='ltr'><strong>Δ</strong></span> <span class='ocrx_word' id='word_1_13' title='bbox 2239 408 2506 461; x_wconf 54' lang='lat' dir='ltr'><strong>benefit-iis</strong></span> <span class='ocrx_word' id='word_1_14' title='bbox 2552 405 2799 475; x_wconf 73' lang='lat' dir='ltr'><strong>diligatis.</strong></span> <span class='ocrx_word' id='word_1_15' title='bbox 2863 401 3092 457; x_wconf 82' lang='lat' dir='ltr'><strong>Radicati</strong></span> <span class='ocrx_word' id='word_1_16' title='bbox 3143 410 3187 455; x_wconf 87' lang='lat' dir='ltr'><strong>et</strong></span> <span class='ocrx_word' id='word_1_17' title='bbox 3232 401 3463 471; x_wconf 76' lang='lat' dir='ltr'><strong>fundati,</strong></span> <span class='ocrx_word' id='word_1_18' title='bbox 3510 409 3567 453; x_wconf 83' lang='lat' dir='ltr'><strong>ut</strong></span> <span class='ocrx_word' id='word_1_19' title='bbox 3618 404 3845 471; x_wconf 80' lang='lat' dir='ltr'><strong>possitis</strong></span> 
     </span>
    </p>
   </div>
   <div class='ocr_carea' id='block_1_5' title="bbox 509 500 2132 577">
    <p class='ocr_par' dir='ltr' id='par_1_5' title="bbox 509 500 2132 577">
     <span class='ocr_line' id='line_1_5' title="bbox 509 500 2132 577; baseline -0.007 -17"><span class='ocrx_word' id='word_1_20' title='bbox 509 508 517 577; x_wconf 61' lang='grc' dir='ltr'>ξ</span> <span class='ocrx_word' id='word_1_21' title='bbox 566 505 631 560; x_wconf 85' lang='grc' dir='ltr'><strong>1η</strong></span> <span class='ocrx_word' id='word_1_22' title='bbox 657 507 859 575; x_wconf 89' lang='lat' dir='ltr'><strong>spiritu.</strong></span> <span class='ocrx_word' id='word_1_23' title='bbox 902 508 1002 563; x_wconf 71' lang='lat' dir='ltr'><strong>Per</strong></span> <span class='ocrx_word' id='word_1_24' title='bbox 1027 504 1289 573; x_wconf 79' lang='lat' dir='ltr'><strong>spiritum.</strong></span> <span class='ocrx_word' id='word_1_25' title='bbox 1326 504 1452 557; x_wconf 85' lang='lat' dir='ltr'><strong>Esse</strong></span> <span class='ocrx_word' id='word_1_26' title='bbox 1478 514 1646 572; x_wconf 79' lang='lat' dir='ltr'><strong>gentes</strong></span> <span class='ocrx_word' id='word_1_27' title='bbox 1676 503 1979 556; x_wconf 80' lang='lat' dir='ltr'><strong>cohwredes.</strong></span> <span class='ocrx_word' id='word_1_28' title='bbox 2017 500 2132 554; x_wconf 81' lang='lat' dir='ltr'><strong>Non</strong></span> 
     </span>
    </p>
   </div>
   <div class='ocr_carea' id='block_1_6' title="bbox 565 596 2131 667">
    <p class='ocr_par' dir='ltr' id='par_1_6' title="bbox 565 596 2131 667">
     <span class='ocr_line' id='line_1_6' title="bbox 565 596 2131 667; baseline -0.004 -12"><span class='ocrx_word' id='word_1_29' title='bbox 565 604 736 657; x_wconf 86' lang='lat' dir='ltr'><strong>solum</strong></span> <span class='ocrx_word' id='word_1_30' title='bbox 765 602 1088 663; x_wconf 80' lang='lat' dir='ltr'><strong>colneredes,</strong></span> <span class='ocrx_word' id='word_1_31' title='bbox 1126 599 1263 667; x_wconf 89' lang='lat' dir='ltr'><strong>quod</strong></span> <span class='ocrx_word' id='word_1_32' title='bbox 1306 606 1480 666; x_wconf 88' lang='lat' dir='ltr'><strong>potest</strong></span> <span class='ocrx_word' id='word_1_33' title='bbox 1515 612 1632 651; x_wconf 79' lang='lat' dir='ltr'><strong>esse</strong></span> <span class='ocrx_word' id='word_1_34' title='bbox 1660 597 1852 651; x_wconf 82' lang='lat' dir='ltr'><strong>diversi</strong></span> <span class='ocrx_word' id='word_1_35' title='bbox 1881 596 2090 664; x_wconf 84' lang='lat' dir='ltr'><strong>generis</strong></span> <span class='ocrx_word' id='word_1_36' title='bbox 2117 611 2131 649; x_wconf 90' lang='lat'><strong>:</strong></span> 
     </span>
    </p>
   </div>
   <div class='ocr_carea' id='block_1_7' title="bbox 567 688 2135 759">
    <p class='ocr_par' dir='ltr' id='par_1_7' title="bbox 567 688 2135 759">
     <span class='ocr_line' id='line_1_7' title="bbox 567 688 2135 759; baseline -0.006 -13"><span class='ocrx_word' id='word_1_37' title='bbox 567 710 668 748; x_wconf 87' lang='lat' dir='ltr'><strong>nec</strong></span> <span class='ocrx_word' id='word_1_38' title='bbox 696 695 865 747; x_wconf 88' lang='lat' dir='ltr'><strong>solum</strong></span> <span class='ocrx_word' id='word_1_39' title='bbox 896 691 1219 759; x_wconf 77' lang='lat' dir='ltr'><strong>corporales,</strong></span> <span class='ocrx_word' id='word_1_40' title='bbox 1251 689 1374 758; x_wconf 84' lang='lat' dir='ltr'><strong>quia</strong></span> <span class='ocrx_word' id='word_1_41' title='bbox 1412 697 1629 755; x_wconf 83' lang='lat' dir='ltr'><strong>possunt</strong></span> <span class='ocrx_word' id='word_1_42' title='bbox 1657 688 1893 757; x_wconf 80' lang='lat' dir='ltr'><strong>ejusdem</strong></span> <span class='ocrx_word' id='word_1_43' title='bbox 1923 691 2135 756; x_wconf 80' lang='lat' dir='ltr'><strong>generis</strong></span> 
     </span>
    </p>
   </div>
   <div class='ocr_carea' id='block_1_8' title="bbox 568 778 2133 850">
    <p class='ocr_par' dir='ltr' id='par_1_8' title="bbox 568 778 2133 850">
     <span class='ocr_line' id='line_1_8' title="bbox 568 778 2133 850; baseline -0.004 -13"><span class='ocrx_word' id='word_1_44' title='bbox 568 784 682 845; x_wconf 80' lang='lat' dir='ltr'><strong>lilii,</strong></span> <span class='ocrx_word' id='word_1_45' title='bbox 717 800 816 837; x_wconf 89' lang='lat' dir='ltr'><strong>non</strong></span> <span class='ocrx_word' id='word_1_46' title='bbox 848 783 1082 850; x_wconf 82' lang='lat' dir='ltr'><strong>ejusdem</strong></span> <span class='ocrx_word' id='word_1_47' title='bbox 1105 796 1225 835; x_wconf 84' lang='lat' dir='ltr'><strong>esse</strong></span> <span class='ocrx_word' id='word_1_48' title='bbox 1253 782 1301 835; x_wconf 92' lang='lat' dir='ltr'><strong>in</strong></span> <span class='ocrx_word' id='word_1_49' title='bbox 1332 780 1639 834; x_wconf 79' lang='lat' dir='ltr'><strong>lucrcditate</strong></span> <span class='ocrx_word' id='word_1_50' title='bbox 1664 780 1994 833; x_wconf 82' lang='lat' dir='ltr'><strong>substantire.</strong></span> <span class='ocrx_word' id='word_1_51' title='bbox 2029 778 2133 834; x_wconf 96' lang='lat' dir='ltr'><strong>Sed</strong></span> 
     </span>
    </p>
   </div>
   <div class='ocr_carea' id='block_1_9' title="bbox 565 869 2136 942">
    <p class='ocr_par' dir='ltr' id='par_1_9' title="bbox 565 869 2136 942">
     <span class='ocr_line' id='line_1_9' title="bbox 565 869 2136 942; baseline -0.005 -12"><span class='ocrx_word' id='word_1_52' title='bbox 565 887 614 930; x_wconf 87' lang='lat' dir='ltr'><strong>ct</strong></span> <span class='ocrx_word' id='word_1_53' title='bbox 642 875 1045 942; x_wconf 87' lang='lat' dir='ltr'><strong>concorporales,</strong></span> <span class='ocrx_word' id='word_1_54' title='bbox 1068 884 1112 927; x_wconf 89' lang='lat' dir='ltr'><strong>et</strong></span> <span class='ocrx_word' id='word_1_55' title='bbox 1133 874 1516 941; x_wconf 86' lang='lat' dir='ltr'><strong>coniparticipes</strong></span> <span class='ocrx_word' id='word_1_56' title='bbox 1543 873 1890 933; x_wconf 77' lang='lat' dir='ltr'><strong>promissionis</strong></span> <span class='ocrx_word' id='word_1_57' title='bbox 1911 871 1961 923; x_wconf 89' lang='lat' dir='ltr'><strong>in</strong></span> <span class='ocrx_word' id='word_1_58' title='bbox 1984 869 2136 923; x_wconf 84' lang='lat' dir='ltr'><strong>Chri-</strong></span> 
     </span>
    </p>
   </div>
   <div class='ocr_carea' id='block_1_10' title="bbox 564 963 2134 1033">
    <p class='ocr_par' dir='ltr' id='par_1_10' title="bbox 564 963 2134 1033">
     <span class='ocr_line' id='line_1_10' title="bbox 564 963 2134 1033; baseline -0.005 -12"><span class='ocrx_word' id='word_1_59' title='bbox 564 979 643 1021; x_wconf 83' lang='lat' dir='ltr'><strong>sto</strong></span> <span class='ocrx_word' id='word_1_60' title='bbox 666 969 809 1022; x_wconf 84' lang='lat' dir='ltr'><strong>Jesu.</strong></span> <span class='ocrx_word' id='word_1_61' title='bbox 835 966 998 1021; x_wconf 83' lang='lat' dir='ltr'><strong>Unius</strong></span> <span class='ocrx_word' id='word_1_62' title='bbox 1019 967 1275 1032; x_wconf 82' lang='lat' dir='ltr'><strong>corporis.</strong></span> <span class='ocrx_word' id='word_1_63' title='bbox 1310 965 1408 1018; x_wconf 82' lang='lat' dir='ltr'><strong>Per</strong></span> <span class='ocrx_word' id='word_1_64' title='bbox 1429 963 1778 1033; x_wconf 78' lang='lat' dir='ltr'><strong>Evangelium,</strong></span> <span class='ocrx_word' id='word_1_65' title='bbox 1804 964 1949 1033; x_wconf 85' lang='lat' dir='ltr'><strong>cujus</strong></span> <span class='ocrx_word' id='word_1_66' title='bbox 1972 963 2134 1031; x_wconf 81' lang='lat' dir='ltr'><strong>factus</strong></span> 
     </span>
    </p>
   </div>
   <div class='ocr_carea' id='block_1_11' title="bbox 564 1053 2134 1121">
    <p class='ocr_par' dir='ltr' id='par_1_11' title="bbox 564 1053 2134 1121">
     <span class='ocr_line' id='line_1_11' title="bbox 564 1053 2134 1121; baseline -0.005 -10"><span class='ocrx_word' id='word_1_67' title='bbox 564 1076 675 1111; x_wconf 85' lang='lat' dir='ltr'><strong>sum</strong></span> <span class='ocrx_word' id='word_1_68' title='bbox 703 1059 945 1110; x_wconf 86' lang='lat' dir='ltr'><strong>minister.</strong></span> <span class='ocrx_word' id='word_1_69' title='bbox 986 1057 1244 1114; x_wconf 85' lang='lat' dir='ltr'><strong>Omnibus</strong></span> <span class='ocrx_word' id='word_1_70' title='bbox 1274 1056 1573 1119; x_wconf 86' lang='lat' dir='ltr'><strong>innotescit,</strong></span> <span class='ocrx_word' id='word_1_71' title='bbox 1618 1054 1828 1121; x_wconf 82' lang='lat' dir='ltr'><strong>praprie</strong></span> <span class='ocrx_word' id='word_1_72' title='bbox 1869 1056 1966 1107; x_wconf 91' lang='lat' dir='ltr'><strong>hoc</strong></span> <span class='ocrx_word' id='word_1_73' title='bbox 2005 1053 2134 1107; x_wconf 88' lang='lat' dir='ltr'><strong>mihi</strong></span> 
     </span>
    </p>
   </div>
   <div class='ocr_carea' id='block_1_12' title="bbox 565 1144 2131 1216">
    <p class='ocr_par' dir='ltr' id='par_1_12' title="bbox 565 1144 2131 1216">
     <span class='ocr_line' id='line_1_12' title="bbox 565 1144 2131 1216; baseline -0.002 -15"><span class='ocrx_word' id='word_1_74' title='bbox 565 1153 759 1202; x_wconf 81' lang='lat' dir='ltr'><strong>donum</strong></span> <span class='ocrx_word' id='word_1_75' title='bbox 785 1147 1037 1202; x_wconf 88' lang='lat' dir='ltr'><strong>collatum</strong></span> <span class='ocrx_word' id='word_1_76' title='bbox 1066 1163 1203 1202; x_wconf 87' lang='lat' dir='ltr'><strong>esse.</strong></span> <span class='ocrx_word' id='word_1_77' title='bbox 1253 1147 1543 1201; x_wconf 84' lang='lat' dir='ltr'><strong>Secundum</strong></span> <span class='ocrx_word' id='word_1_78' title='bbox 1588 1148 1776 1199; x_wconf 83' lang='lat' dir='ltr'><strong>donum</strong></span> <span class='ocrx_word' id='word_1_79' title='bbox 1816 1147 1994 1216; x_wconf 74' lang='lat' dir='ltr'><strong>gratim</strong></span> <span class='ocrx_word' id='word_1_80' title='bbox 2016 1144 2131 1207; x_wconf 89' lang='lat' dir='ltr'><strong>Dei,</strong></span> 
     </span>
    </p>
   </div>
   <div class='ocr_carea' id='block_1_13' title="bbox 562 1239 2129 1309">
    <p class='ocr_par' dir='ltr' id='par_1_13' title="bbox 562 1239 2129 1309">
     <span class='ocr_line' id='line_1_13' title="bbox 562 1239 2129 1309; baseline 0 -18"><span class='ocrx_word' id='word_1_81' title='bbox 562 1258 675 1309; x_wconf 76' lang='lat' dir='ltr'><strong>qua:</strong></span> <span class='ocrx_word' id='word_1_82' title='bbox 707 1243 827 1295; x_wconf 82' lang='lat' dir='ltr'><strong>data</strong></span> <span class='ocrx_word' id='word_1_83' title='bbox 863 1250 937 1295; x_wconf 86' lang='lat' dir='ltr'><strong>est</strong></span> <span class='ocrx_word' id='word_1_84' title='bbox 976 1243 1121 1295; x_wconf 86' lang='lat' dir='ltr'><strong>mihi.</strong></span> <span class='ocrx_word' id='word_1_85' title='bbox 1171 1242 1283 1295; x_wconf 84' lang='lat' dir='ltr'><strong>Non</strong></span> <span class='ocrx_word' id='word_1_86' title='bbox 1325 1241 1613 1295; x_wconf 82' lang='lat' dir='ltr'><strong>secundum</strong></span> <span class='ocrx_word' id='word_1_87' title='bbox 1644 1239 1885 1293; x_wconf 90' lang='lat' dir='ltr'><strong>meritum</strong></span> <span class='ocrx_word' id='word_1_88' title='bbox 1917 1253 2129 1292; x_wconf 89' lang='lat' dir='ltr'><strong>meum:</strong></span> 
     </span>
    </p>
   </div>
   <div class='ocr_carea' id='block_1_14' title="bbox 562 1328 2132 1401">
    <p class='ocr_par' dir='ltr' id='par_1_14' title="bbox 562 1328 2132 1401">
     <span class='ocr_line' id='line_1_14' title="bbox 562 1328 2132 1401; baseline 0 -17"><span class='ocrx_word' id='word_1_89' title='bbox 562 1333 703 1386; x_wconf 92' lang='lat' dir='ltr'><strong>unde</strong></span> <span class='ocrx_word' id='word_1_90' title='bbox 732 1348 1116 1401; x_wconf 78' lang='lat' dir='ltr'><strong>cognoscamus</strong></span> <span class='ocrx_word' id='word_1_91' title='bbox 1147 1347 1249 1386; x_wconf 92' lang='lat' dir='ltr'><strong>non</strong></span> <span class='ocrx_word' id='word_1_92' title='bbox 1281 1332 1348 1386; x_wconf 87' lang='lat' dir='ltr'><strong>de</strong></span> <span class='ocrx_word' id='word_1_93' title='bbox 1379 1333 1582 1385; x_wconf 88' lang='lat' dir='ltr'><strong>meritis</strong></span> <span class='ocrx_word' id='word_1_94' title='bbox 1610 1330 1943 1398; x_wconf 74' lang='lat' dir='ltr'><strong>gloriandum</strong></span> <span class='ocrx_word' id='word_1_95' title='bbox 1963 1375 1975 1394; x_wconf 91' lang='lat'><strong>,</strong></span> <span class='ocrx_word' id='word_1_96' title='bbox 2008 1328 2132 1397; x_wconf 87' lang='lat' dir='ltr'><strong>quia</strong></span> 
     </span>
    </p>
   </div>
   <div class='ocr_carea' id='block_1_15' title="bbox 562 1422 2134 1492">
    <p class='ocr_par' dir='ltr' id='par_1_15' title="bbox 562 1422 2134 1492">
     <span class='ocr_line' id='line_1_15' title="bbox 562 1422 2134 1492; baseline -0.002 -14"><span class='ocrx_word' id='word_1_97' title='bbox 562 1426 759 1478; x_wconf 88' lang='lat' dir='ltr'><strong>donttm</strong></span> <span class='ocrx_word' id='word_1_98' title='bbox 799 1424 963 1492; x_wconf 85' lang='lat' dir='ltr'><strong>gratis</strong></span> <span class='ocrx_word' id='word_1_99' title='bbox 1000 1425 1174 1479; x_wconf 90' lang='lat' dir='ltr'><strong>datur.</strong></span> <span class='ocrx_word' id='word_1_100' title='bbox 1228 1424 1521 1479; x_wconf 88' lang='lat' dir='ltr'><strong>Secundum</strong></span> <span class='ocrx_word' id='word_1_101' title='bbox 1559 1424 1897 1492; x_wconf 84' lang='lat' dir='ltr'><strong>operationem</strong></span> <span class='ocrx_word' id='word_1_102' title='bbox 1936 1422 2134 1475; x_wconf 85' lang='lat' dir='ltr'><strong>virtutis</strong></span> 
     </span>
    </p>
   </div>
   <div class='ocr_carea' id='block_1_16' title="bbox 561 1513 2133 1583">
    <p class='ocr_par' dir='ltr' id='par_1_16' title="bbox 561 1513 2133 1583">
     <span class='ocr_line' id='line_1_16' title="bbox 561 1513 2133 1583; baseline 0.001 -17"><span class='ocrx_word' id='word_1_103' title='bbox 561 1518 691 1583; x_wconf 86' lang='lat' dir='ltr'><strong>ejus.</strong></span> <span class='ocrx_word' id='word_1_104' title='bbox 733 1514 897 1581; x_wconf 86' lang='lat' dir='ltr'><strong>Cujus</strong></span> <span class='ocrx_word' id='word_1_105' title='bbox 926 1516 1094 1568; x_wconf 85' lang='lat' dir='ltr'><strong>virtus</strong></span> <span class='ocrx_word' id='word_1_106' title='bbox 1124 1530 1207 1568; x_wconf 91' lang='lat' dir='ltr'><strong>me</strong></span> <span class='ocrx_word' id='word_1_107' title='bbox 1237 1514 1597 1568; x_wconf 79' lang='lat' dir='ltr'><strong>confortavit:</strong></span> <span class='ocrx_word' id='word_1_108' title='bbox 1640 1513 1752 1568; x_wconf 86' lang='lat' dir='ltr'><strong>sive</strong></span> <span class='ocrx_word' id='word_1_109' title='bbox 1790 1529 1884 1583; x_wconf 89' lang='lat' dir='ltr'><strong>per</strong></span> <span class='ocrx_word' id='word_1_110' title='bbox 1910 1514 2133 1567; x_wconf 80' lang='lat' dir='ltr'><strong>virtutes</strong></span> 
     </span>
    </p>
   </div>
   <div class='ocr_carea' id='block_1_17' title="bbox 566 1604 2134 1673">
    <p class='ocr_par' dir='ltr' id='par_1_17' title="bbox 566 1604 2134 1673">
     <span class='ocr_line' id='line_1_17' title="bbox 566 1604 2134 1673; baseline -0.001 -15"><span class='ocrx_word' id='word_1_111' title='bbox 566 1604 908 1673; x_wconf 82' lang='lat' dir='ltr'><strong>Evangelium</strong></span> <span class='ocrx_word' id='word_1_112' title='bbox 938 1606 1303 1658; x_wconf 74' lang='lat' dir='ltr'><strong>confirmatur.</strong></span> <span class='ocrx_word' id='word_1_113' title='bbox 1353 1604 1483 1657; x_wconf 82' lang='lat' dir='ltr'><strong>Mihi</strong></span> <span class='ocrx_word' id='word_1_114' title='bbox 1512 1604 1641 1657; x_wconf 83' lang='lat' dir='ltr'><strong>enim</strong></span> <span class='ocrx_word' id='word_1_115' title='bbox 1682 1604 1905 1656; x_wconf 89' lang='lat' dir='ltr'><strong>omnium</strong></span> <span class='ocrx_word' id='word_1_116' title='bbox 1930 1614 2134 1657; x_wconf 86' lang='lat' dir='ltr'><strong>sancto—</strong></span> 
     </span>
    </p>
   </div>
   <div class='ocr_carea' id='block_1_18' title="bbox 565 1694 2133 1765">
    <p class='ocr_par' dir='ltr' id='par_1_18' title="bbox 565 1694 2133 1765">
     <span class='ocr_line' id='line_1_18' title="bbox 565 1694 2133 1765; baseline 0.003 -20"><span class='ocrx_word' id='word_1_117' title='bbox 565 1710 678 1745; x_wconf 86' lang='lat' dir='ltr'><strong>rum</strong></span> <span class='ocrx_word' id='word_1_118' title='bbox 717 1696 922 1747; x_wconf 89' lang='lat' dir='ltr'><strong>minimo</strong></span> <span class='ocrx_word' id='word_1_119' title='bbox 949 1694 1065 1746; x_wconf 88' lang='lat' dir='ltr'><strong>data</strong></span> <span class='ocrx_word' id='word_1_120' title='bbox 1091 1704 1162 1748; x_wconf 88' lang='lat' dir='ltr'><strong>est</strong></span> <span class='ocrx_word' id='word_1_121' title='bbox 1187 1696 1350 1763; x_wconf 87' lang='lat' dir='ltr'><strong>gratia</strong></span> <span class='ocrx_word' id='word_1_122' title='bbox 1376 1695 1484 1748; x_wconf 74' lang='lat' dir='ltr'><strong>hazc</strong></span> <span class='ocrx_word' id='word_1_123' title='bbox 1514 1696 1567 1747; x_wconf 87' lang='lat' dir='ltr'><strong>in</strong></span> <span class='ocrx_word' id='word_1_124' title='bbox 1592 1695 1840 1765; x_wconf 76' lang='lat' dir='ltr'><strong>gentibus.</strong></span> <span class='ocrx_word' id='word_1_125' title='bbox 1882 1695 1976 1750; x_wconf 84' lang='lat' dir='ltr'><strong>Est</strong></span> <span class='ocrx_word' id='word_1_126' title='bbox 2004 1710 2133 1765; x_wconf 85' lang='lat' dir='ltr'><strong>ergo</strong></span> 
     </span>
    </p>
   </div>
   <div class='ocr_carea' id='block_1_19' title="bbox 2235 491 3843 566">
    <p class='ocr_par' dir='ltr' id='par_1_19' title="bbox 2235 491 3843 566">
     <span class='ocr_line' id='line_1_19' title="bbox 2235 491 3843 566; baseline -0.003 -17"><span class='ocrx_word' id='word_1_127' title='bbox 2235 498 2669 566; x_wconf 79' lang='lat' dir='ltr'><strong>comprehendere.</strong></span> <span class='ocrx_word' id='word_1_128' title='bbox 2706 496 2770 548; x_wconf 73' lang='lat' dir='ltr'><strong>l&#39;t</strong></span> <span class='ocrx_word' id='word_1_129' title='bbox 2795 509 2857 548; x_wconf 80' lang='lat' dir='ltr'><strong>ex</strong></span> <span class='ocrx_word' id='word_1_130' title='bbox 2888 494 3032 546; x_wconf 89' lang='lat' dir='ltr'><strong>omni</strong></span> <span class='ocrx_word' id='word_1_131' title='bbox 3064 501 3211 561; x_wconf 89' lang='lat' dir='ltr'><strong>parte</strong></span> <span class='ocrx_word' id='word_1_132' title='bbox 3244 491 3613 560; x_wconf 79' lang='lat' dir='ltr'><strong>magnitudine</strong></span> <span class='ocrx_word' id='word_1_133' title='bbox 3647 492 3843 546; x_wconf 56' lang='lat' dir='ltr'><strong>scient</strong></span> 
     </span>
    </p>
   </div>
   <div class='ocr_carea' id='block_1_20' title="bbox 2236 582 3836 654">
    <p class='ocr_par' dir='ltr' id='par_1_20' title="bbox 2236 582 3836 654">
     <span class='ocr_line' id='line_1_20' title="bbox 2236 582 3836 654; baseline -0.004 -13"><span class='ocrx_word' id='word_1_134' title='bbox 2236 591 2321 643; x_wconf 66' lang='lat' dir='ltr'><strong>tiae</strong></span> <span class='ocrx_word' id='word_1_135' title='bbox 2360 588 2815 654; x_wconf 76' lang='lat' dir='ltr'><strong>comprehendere</strong></span> <span class='ocrx_word' id='word_1_136' title='bbox 2862 586 3098 640; x_wconf 83' lang='lat' dir='ltr'><strong>valeatis.</strong></span> <span class='ocrx_word' id='word_1_137' title='bbox 3152 582 3278 637; x_wconf 80' lang='lat' dir='ltr'><strong>Cum</strong></span> <span class='ocrx_word' id='word_1_138' title='bbox 3324 584 3558 636; x_wconf 82' lang='lat' dir='ltr'><strong>onwibus</strong></span> <span class='ocrx_word' id='word_1_139' title='bbox 3602 584 3836 638; x_wconf 77' lang='lat' dir='ltr'><strong>sanctis.</strong></span> 
     </span>
    </p>
   </div>
   <div class='ocr_carea' id='block_1_21' title="bbox 2234 672 3837 745">
    <p class='ocr_par' dir='ltr' id='par_1_21' title="bbox 2234 672 3837 745">
     <span class='ocr_line' id='line_1_21' title="bbox 2234 672 3837 745; baseline -0.004 -14"><span class='ocrx_word' id='word_1_140' title='bbox 2234 680 2439 744; x_wconf 78' lang='lat' dir='ltr'><strong>Quaeris</strong></span> <span class='ocrx_word' id='word_1_141' title='bbox 2460 679 2596 745; x_wconf 77' lang='lat' dir='ltr'><strong>apud</strong></span> <span class='ocrx_word' id='word_1_142' title='bbox 2622 678 2785 731; x_wconf 90' lang='lat' dir='ltr'><strong>malos</strong></span> <span class='ocrx_word' id='word_1_143' title='bbox 2814 676 3148 738; x_wconf 68' lang='lat' dir='ltr'><strong>sapientiam,</strong></span> <span class='ocrx_word' id='word_1_144' title='bbox 3174 684 3227 727; x_wconf 89' lang='lat' dir='ltr'><strong>et</strong></span> <span class='ocrx_word' id='word_1_145' title='bbox 3254 690 3356 726; x_wconf 89' lang='lat' dir='ltr'><strong>non</strong></span> <span class='ocrx_word' id='word_1_146' title='bbox 3386 672 3657 727; x_wconf 86' lang='lat' dir='ltr'><strong>invenies.</strong></span> <span class='ocrx_word' id='word_1_147' title='bbox 3703 673 3837 739; x_wconf 66' lang='lat' dir='ltr'><strong>Qua</strong></span> 
     </span>
    </p>
   </div>
   <div class='ocr_carea' id='block_1_22' title="bbox 2234 766 3831 839">
    <p class='ocr_par' dir='ltr' id='par_1_22' title="bbox 2234 766 3831 839">
     <span class='ocr_line' id='line_1_22' title="bbox 2234 766 3831 839; baseline -0.006 -15"><span class='ocrx_word' id='word_1_148' title='bbox 2234 774 2296 824; x_wconf 83' lang='lat' dir='ltr'><strong>sit</strong></span> <span class='ocrx_word' id='word_1_149' title='bbox 2336 772 2568 830; x_wconf 79' lang='lat' dir='ltr'><strong>latitudo,</strong></span> <span class='ocrx_word' id='word_1_150' title='bbox 2607 780 2650 821; x_wconf 77' lang='lat' dir='ltr'><strong>et</strong></span> <span class='ocrx_word' id='word_1_151' title='bbox 2680 769 2963 839; x_wconf 77' lang='lat' dir='ltr'><strong>longitudo,</strong></span> <span class='ocrx_word' id='word_1_152' title='bbox 2994 777 3036 819; x_wconf 85' lang='lat' dir='ltr'><strong>et</strong></span> <span class='ocrx_word' id='word_1_153' title='bbox 3060 766 3357 829; x_wconf 67' lang='lat' dir='ltr'><strong>sublimitas,</strong></span> <span class='ocrx_word' id='word_1_154' title='bbox 3392 776 3438 818; x_wconf 76' lang='lat' dir='ltr'><strong>et</strong></span> <span class='ocrx_word' id='word_1_155' title='bbox 3476 766 3831 835; x_wconf 75' lang='lat' dir='ltr'><strong>profundum.</strong></span> 
     </span>
    </p>
   </div>
   <div class='ocr_carea' id='block_1_23' title="bbox 2234 854 3827 931">
    <p class='ocr_par' dir='ltr' id='par_1_23' title="bbox 2234 854 3827 931">
     <span class='ocr_line' id='line_1_23' title="bbox 2234 854 3827 931; baseline -0.006 -16"><span class='ocrx_word' id='word_1_156' title='bbox 2234 866 2455 931; x_wconf 73' lang='lat' dir='ltr'><strong>Quidam</strong></span> <span class='ocrx_word' id='word_1_157' title='bbox 2506 864 2688 916; x_wconf 88' lang='lat' dir='ltr'><strong>dicunt</strong></span> <span class='ocrx_word' id='word_1_158' title='bbox 2735 856 2874 927; x_wconf 75' lang='lat' dir='ltr'><strong>quod</strong></span> <span class='ocrx_word' id='word_1_159' title='bbox 2930 859 3153 913; x_wconf 84' lang='lat' dir='ltr'><strong>latitudo</strong></span> <span class='ocrx_word' id='word_1_160' title='bbox 3197 857 3428 925; x_wconf 87' lang='lat' dir='ltr'><strong>spatiosa</strong></span> <span class='ocrx_word' id='word_1_161' title='bbox 3478 857 3565 908; x_wconf 82' lang='lat' dir='ltr'><strong>via</strong></span> <span class='ocrx_word' id='word_1_162' title='bbox 3620 854 3827 907; x_wconf 85' lang='lat' dir='ltr'><strong>intelli-</strong></span> 
     </span>
    </p>
   </div>
   <div class='ocr_carea' id='block_1_24' title="bbox 2234 950 3824 1027">
    <p class='ocr_par' dir='ltr' id='par_1_24' title="bbox 2234 950 3824 1027">
     <span class='ocr_line' id='line_1_24' title="bbox 2234 950 3824 1027; baseline -0.006 -18"><span class='ocrx_word' id='word_1_163' title='bbox 2234 958 2401 1027; x_wconf 86' lang='lat' dir='ltr'><strong>gitur;</strong></span> <span class='ocrx_word' id='word_1_164' title='bbox 2445 954 2736 1022; x_wconf 82' lang='lat' dir='ltr'><strong>longitudo,</strong></span> <span class='ocrx_word' id='word_1_165' title='bbox 2782 954 2885 1005; x_wconf 88' lang='lat' dir='ltr'><strong>vita</strong></span> <span class='ocrx_word' id='word_1_166' title='bbox 2924 962 3160 1013; x_wconf 81' lang='lat' dir='ltr'><strong>:eterna;</strong></span> <span class='ocrx_word' id='word_1_167' title='bbox 3204 950 3537 1010; x_wconf 73' lang='lat' dir='ltr'><strong>sublimitas.</strong></span> <span class='ocrx_word' id='word_1_168' title='bbox 3578 950 3824 1013; x_wconf 64' lang='lat' dir='ltr'><strong>caelum;</strong></span> 
     </span>
    </p>
   </div>
   <div class='ocr_carea' id='block_1_25' title="bbox 2222 1039 3827 1117">
    <p class='ocr_par' dir='ltr' id='par_1_25' title="bbox 2222 1039 3827 1117">
     <span class='ocr_line' id='line_1_25' title="bbox 2222 1039 3827 1117; baseline -0.007 -15"><span class='ocrx_word' id='word_1_169' title='bbox 2222 1046 2571 1117; x_wconf 38' lang='lat' dir='ltr'><strong>&#39;prolnndnm,</strong></span> <span class='ocrx_word' id='word_1_170' title='bbox 2605 1044 2844 1108; x_wconf 73' lang='lat' dir='ltr'><strong>inferna;</strong></span> <span class='ocrx_word' id='word_1_171' title='bbox 2876 1052 2931 1096; x_wconf 90' lang='lat' dir='ltr'><strong>ut</strong></span> <span class='ocrx_word' id='word_1_172' title='bbox 2958 1043 3159 1095; x_wconf 87' lang='lat' dir='ltr'><strong>scilicet</strong></span> <span class='ocrx_word' id='word_1_173' title='bbox 3186 1041 3373 1095; x_wconf 90' lang='lat' dir='ltr'><strong>borum</strong></span> <span class='ocrx_word' id='word_1_174' title='bbox 3404 1039 3656 1093; x_wconf 89' lang='lat' dir='ltr'><strong>omnium</strong></span> <span class='ocrx_word' id='word_1_175' title='bbox 3695 1039 3827 1091; x_wconf 59' lang='lat' dir='ltr'><strong>noti.</strong></span> 
     </span>
    </p>
   </div>
   <div class='ocr_carea' id='block_1_26' title="bbox 2238 1130 3821 1202">
    <p class='ocr_par' dir='ltr' id='par_1_26' title="bbox 2238 1130 3821 1202">
     <span class='ocr_line' id='line_1_26' title="bbox 2238 1130 3821 1202; baseline -0.004 -9"><span class='ocrx_word' id='word_1_176' title='bbox 2238 1142 2360 1193; x_wconf 76' lang='lat' dir='ltr'><strong>tiam</strong></span> <span class='ocrx_word' id='word_1_177' title='bbox 2407 1137 2682 1200; x_wconf 73' lang='lat' dir='ltr'><strong>habentes,</strong></span> <span class='ocrx_word' id='word_1_178' title='bbox 2731 1136 2901 1189; x_wconf 81' lang='lat' dir='ltr'><strong>sciant</strong></span> <span class='ocrx_word' id='word_1_179' title='bbox 2940 1134 3064 1202; x_wconf 89' lang='lat' dir='ltr'><strong>quid</strong></span> <span class='ocrx_word' id='word_1_180' title='bbox 3115 1133 3336 1202; x_wconf 80' lang='lat' dir='ltr'><strong>eligant,</strong></span> <span class='ocrx_word' id='word_1_181' title='bbox 3383 1132 3511 1199; x_wconf 88' lang='lat' dir='ltr'><strong>quid</strong></span> <span class='ocrx_word' id='word_1_182' title='bbox 3561 1130 3821 1187; x_wconf 75' lang='lat' dir='ltr'><strong>refutent.</strong></span> 
     </span>
    </p>
   </div>
   <div class='ocr_carea' id='block_1_27' title="bbox 2237 1219 3821 1289">
    <p class='ocr_par' dir='ltr' id='par_1_27' title="bbox 2237 1219 3821 1289">
     <span class='ocr_line' id='line_1_27' title="bbox 2237 1219 3821 1289; baseline -0.008 -5"><span class='ocrx_word' id='word_1_183' title='bbox 2237 1230 2363 1284; x_wconf 88' lang='lat' dir='ltr'><strong>Item</strong></span> <span class='ocrx_word' id='word_1_184' title='bbox 2392 1229 2583 1284; x_wconf 84' lang='lat' dir='ltr'><strong>aliter:</strong></span> <span class='ocrx_word' id='word_1_185' title='bbox 2626 1229 2676 1279; x_wconf 92' lang='lat' dir='ltr'><strong>in</strong></span> <span class='ocrx_word' id='word_1_186' title='bbox 2704 1223 3001 1286; x_wconf 69' lang='lat' dir='ltr'><strong>latitudine,</strong></span> <span class='ocrx_word' id='word_1_187' title='bbox 3034 1222 3167 1276; x_wconf 89' lang='lat' dir='ltr'><strong>bona</strong></span> <span class='ocrx_word' id='word_1_188' title='bbox 3208 1237 3366 1289; x_wconf 86' lang='lat' dir='ltr'><strong>opera</strong></span> <span class='ocrx_word' id='word_1_189' title='bbox 3400 1219 3727 1285; x_wconf 80' lang='lat' dir='ltr'><strong>charitatis;</strong></span> <span class='ocrx_word' id='word_1_190' title='bbox 3774 1222 3821 1272; x_wconf 91' lang='lat' dir='ltr'><strong>in</strong></span> 
     </span>
    </p>
   </div>
   <div class='ocr_carea' id='block_1_28' title="bbox 2236 1311 3819 1384">
    <p class='ocr_par' dir='ltr' id='par_1_28' title="bbox 2236 1311 3819 1384">
     <span class='ocr_line' id='line_1_28' title="bbox 2236 1311 3819 1384; baseline -0.006 -11"><span class='ocrx_word' id='word_1_191' title='bbox 2236 1319 2583 1384; x_wconf 72' lang='lat' dir='ltr'><strong>longitudine,</strong></span> <span class='ocrx_word' id='word_1_192' title='bbox 2619 1314 3065 1384; x_wconf 85' lang='lat' dir='ltr'><strong>perseverantiam</strong></span> <span class='ocrx_word' id='word_1_193' title='bbox 3097 1313 3217 1368; x_wconf 88' lang='lat' dir='ltr'><strong>boni</strong></span> <span class='ocrx_word' id='word_1_194' title='bbox 3247 1326 3412 1381; x_wconf 85' lang='lat' dir='ltr'><strong>usque</strong></span> <span class='ocrx_word' id='word_1_195' title='bbox 3442 1311 3495 1363; x_wconf 92' lang='lat' dir='ltr'><strong>in</strong></span> <span class='ocrx_word' id='word_1_196' title='bbox 3533 1312 3734 1371; x_wconf 83' lang='lat' dir='ltr'><strong>linem;</strong></span> <span class='ocrx_word' id='word_1_197' title='bbox 3774 1312 3819 1363; x_wconf 82' lang='lat' dir='ltr'><strong>in</strong></span> 
     </span>
    </p>
   </div>
   <div class='ocr_carea' id='block_1_29' title="bbox 2235 1401 3818 1474">
    <p class='ocr_par' dir='ltr' id='par_1_29' title="bbox 2235 1401 3818 1474">
     <span class='ocr_line' id='line_1_29' title="bbox 2235 1401 3818 1474; baseline -0.008 -12"><span class='ocrx_word' id='word_1_198' title='bbox 2235 1410 2532 1473; x_wconf 86' lang='lat' dir='ltr'><strong>altitudine,</strong></span> <span class='ocrx_word' id='word_1_199' title='bbox 2554 1424 2699 1474; x_wconf 75' lang='lat' dir='ltr'><strong>snam</strong></span> <span class='ocrx_word' id='word_1_200' title='bbox 2725 1405 3017 1460; x_wconf 73' lang='lat' dir='ltr'><strong>caelestium</strong></span> <span class='ocrx_word' id='word_1_201' title='bbox 3044 1402 3413 1471; x_wconf 71' lang='lat' dir='ltr'><strong>prmmiornm;</strong></span> <span class='ocrx_word' id='word_1_202' title='bbox 3448 1402 3497 1453; x_wconf 91' lang='lat' dir='ltr'><strong>in</strong></span> <span class='ocrx_word' id='word_1_203' title='bbox 3528 1401 3818 1467; x_wconf 74' lang='lat' dir='ltr'><strong>profundo,</strong></span> 
     </span>
    </p>
   </div>
   <div class='ocr_carea' id='block_1_30' title="bbox 2236 1492 3817 1568">
    <p class='ocr_par' dir='ltr' id='par_1_30' title="bbox 2236 1492 3817 1568">
     <span class='ocr_line' id='line_1_30' title="bbox 2236 1492 3817 1568; baseline -0.009 -12"><span class='ocrx_word' id='word_1_204' title='bbox 2236 1500 2590 1556; x_wconf 82' lang='lat' dir='ltr'><strong>inscrntabilia</strong></span> <span class='ocrx_word' id='word_1_205' title='bbox 2615 1498 2815 1568; x_wconf 87' lang='lat' dir='ltr'><strong>judicia</strong></span> <span class='ocrx_word' id='word_1_206' title='bbox 2849 1498 2960 1559; x_wconf 86' lang='lat' dir='ltr'><strong>Dei,</strong></span> <span class='ocrx_word' id='word_1_207' title='bbox 2989 1494 3127 1547; x_wconf 91' lang='lat' dir='ltr'><strong>unde</strong></span> <span class='ocrx_word' id='word_1_208' title='bbox 3158 1495 3253 1546; x_wconf 89' lang='lat' dir='ltr'><strong>ista</strong></span> <span class='ocrx_word' id='word_1_209' title='bbox 3287 1492 3456 1559; x_wconf 88' lang='lat' dir='ltr'><strong>gratia</strong></span> <span class='ocrx_word' id='word_1_210' title='bbox 3487 1493 3542 1544; x_wconf 89' lang='lat' dir='ltr'><strong>in</strong></span> <span class='ocrx_word' id='word_1_211' title='bbox 3577 1492 3817 1542; x_wconf 79' lang='lat' dir='ltr'><strong>homines</strong></span> 
     </span>
    </p>
   </div>
   <div class='ocr_carea' id='block_1_31' title="bbox 2235 1584 3813 1661">
    <p class='ocr_par' dir='ltr' id='par_1_31' title="bbox 2235 1584 3813 1661">
     <span class='ocr_line' id='line_1_31' title="bbox 2235 1584 3813 1661; baseline -0.007 -15"><span class='ocrx_word' id='word_1_212' title='bbox 2235 1595 2398 1661; x_wconf 86' lang='lat' dir='ltr'><strong>venit,</strong></span> <span class='ocrx_word' id='word_1_213' title='bbox 2425 1604 2476 1647; x_wconf 91' lang='lat' dir='ltr'><strong>et</strong></span> <span class='ocrx_word' id='word_1_214' title='bbox 2501 1594 2639 1647; x_wconf 84' lang='lat' dir='ltr'><strong>hanc</strong></span> <span class='ocrx_word' id='word_1_215' title='bbox 2661 1590 2983 1644; x_wconf 86' lang='lat' dir='ltr'><strong>intellectum</strong></span> <span class='ocrx_word' id='word_1_216' title='bbox 3013 1595 3222 1653; x_wconf 87' lang='lat' dir='ltr'><strong>coaptat</strong></span> <span class='ocrx_word' id='word_1_217' title='bbox 3247 1593 3593 1638; x_wconf 88' lang='lat' dir='ltr'><strong>sacramento</strong></span> <span class='ocrx_word' id='word_1_218' title='bbox 3624 1584 3813 1637; x_wconf 60' lang='lat' dir='ltr'><strong>crucis.</strong></span> 
     </span>
    </p>
   </div>
   <div class='ocr_carea' id='block_1_32' title="bbox 2239 1675 3814 1751">
    <p class='ocr_par' dir='ltr' id='par_1_32' title="bbox 2239 1675 3814 1751">
     <span class='ocr_line' id='line_1_32' title="bbox 2239 1675 3814 1751; baseline -0.006 -13"><span class='ocrx_word' id='word_1_219' title='bbox 2239 1684 2559 1751; x_wconf 79' lang='lat' dir='ltr'><strong>Longitudo,</strong></span> <span class='ocrx_word' id='word_1_220' title='bbox 2594 1691 2651 1735; x_wconf 87' lang='lat' dir='ltr'><strong>ut</strong></span> <span class='ocrx_word' id='word_1_221' title='bbox 2682 1679 3077 1749; x_wconf 81' lang='lat' dir='ltr'><strong>longanimitate</strong></span> <span class='ocrx_word' id='word_1_222' title='bbox 3108 1691 3202 1745; x_wconf 90' lang='lat' dir='ltr'><strong>pro</strong></span> <span class='ocrx_word' id='word_1_223' title='bbox 3232 1675 3512 1728; x_wconf 84' lang='lat' dir='ltr'><strong>cbaritatis</strong></span> <span class='ocrx_word' id='word_1_224' title='bbox 3541 1676 3814 1729; x_wconf 68' lang='lat' dir='ltr'><strong>lzttitudine</strong></span> 
     </span>
    </p>
   </div>
   <div class='ocr_carea' id='block_1_33' title="bbox 566 1768 2140 1848">
    <p class='ocr_par' dir='ltr' id='par_1_33' title="bbox 566 1783 2133 1848">
     <span class='ocr_line' id='line_1_33' title="bbox 566 1783 2133 1848; baseline 0.003 -11"><span class='ocrx_word' id='word_1_225' title='bbox 566 1783 705 1838; x_wconf 90' lang='lat' dir='ltr'><strong>inler</strong></span> <span class='ocrx_word' id='word_1_226' title='bbox 743 1793 955 1839; x_wconf 73' lang='lat' dir='ltr'><strong>sanctos</strong></span> <span class='ocrx_word' id='word_1_227' title='bbox 996 1785 1263 1847; x_wconf 88' lang='lat' dir='ltr'><strong>minimus,</strong></span> <span class='ocrx_word' id='word_1_228' title='bbox 1308 1785 1360 1839; x_wconf 90' lang='lat' dir='ltr'><strong>id</strong></span> <span class='ocrx_word' id='word_1_229' title='bbox 1401 1794 1502 1848; x_wconf 83' lang='lat' dir='ltr'><strong>est,</strong></span> <span class='ocrx_word' id='word_1_230' title='bbox 1533 1797 1804 1840; x_wconf 78' lang='lat' dir='ltr'><strong>extremus</strong></span> <span class='ocrx_word' id='word_1_231' title='bbox 1842 1789 2133 1842; x_wconf 88' lang='lat' dir='ltr'><strong>secundum</strong></span> 
     </span>
    </p>
   </div>
   <div class='ocr_carea' id='block_1_34' title="bbox 2245 1768 3811 1848">
    <p class='ocr_par' dir='ltr' id='par_1_34' title="bbox 2245 1768 3811 1836">
     <span class='ocr_line' id='line_1_34' title="bbox 2245 1768 3811 1836; baseline -0.008 -4"><span class='ocrx_word' id='word_1_232' title='bbox 2245 1779 2498 1832; x_wconf 64' lang='lat' dir='ltr'><strong>molestia?</strong></span> <span class='ocrx_word' id='word_1_233' title='bbox 2532 1776 2840 1830; x_wconf 86' lang='lat' dir='ltr'><strong>tolerentur.</strong></span> <span class='ocrx_word' id='word_1_234' title='bbox 2899 1770 3157 1835; x_wconf 85' lang='lat' dir='ltr'><strong>A‘titndo,</strong></span> <span class='ocrx_word' id='word_1_235' title='bbox 3206 1778 3465 1824; x_wconf 54' lang='lat' dir='ltr'><strong>mtt‘rnum</strong></span> <span class='ocrx_word' id='word_1_236' title='bbox 3518 1768 3811 1836; x_wconf 63' lang='lat' dir='ltr'><strong>prmmium,</strong></span> 
     </span>
    </p>
   </div>
   <div class='ocr_carea' id='block_1_35' title="bbox 567 1876 2137 1947">
    <p class='ocr_par' dir='ltr' id='par_1_35' title="bbox 567 1876 2137 1947">
     <span class='ocr_line' id='line_1_35' title="bbox 567 1876 2137 1947; baseline 0.004 -18"><span class='ocrx_word' id='word_1_237' title='bbox 567 1876 827 1940; x_wconf 86' lang='lat' dir='ltr'><strong>ordinem,</strong></span> <span class='ocrx_word' id='word_1_238' title='bbox 863 1885 915 1931; x_wconf 91' lang='lat' dir='ltr'><strong>et</strong></span> <span class='ocrx_word' id='word_1_239' title='bbox 940 1876 1199 1931; x_wconf 78' lang='lat' dir='ltr'><strong>maximus</strong></span> <span class='ocrx_word' id='word_1_240' title='bbox 1233 1893 1325 1944; x_wconf 86' lang='lat' dir='ltr'><strong>per</strong></span> <span class='ocrx_word' id='word_1_241' title='bbox 1355 1879 1599 1947; x_wconf 80' lang='lat' dir='ltr'><strong>gratiam.</strong></span> <span class='ocrx_word' id='word_1_242' title='bbox 1633 1880 1884 1946; x_wconf 85' lang='lat' dir='ltr'><strong>Quamvis</strong></span> <span class='ocrx_word' id='word_1_243' title='bbox 1909 1882 2050 1935; x_wconf 89' lang='lat' dir='ltr'><strong>enim</strong></span> <span class='ocrx_word' id='word_1_244' title='bbox 2078 1897 2137 1936; x_wconf 87' lang='lat' dir='ltr'><strong>se</strong></span> 
     </span>
    </p>
   </div>
   <div class='ocr_carea' id='block_1_36' title="bbox 570 1968 2139 2040">
    <p class='ocr_par' dir='ltr' id='par_1_36' title="bbox 570 1968 2139 2040">
     <span class='ocr_line' id='line_1_36' title="bbox 570 1968 2139 2040; baseline 0.004 -19"><span class='ocrx_word' id='word_1_245' title='bbox 570 1968 962 2033; x_wconf 88' lang='lat' dir='ltr'><strong>humiliaverit,</strong></span> <span class='ocrx_word' id='word_1_246' title='bbox 1017 1980 1191 2023; x_wconf 90' lang='lat' dir='ltr'><strong>tamen</strong></span> <span class='ocrx_word' id='word_1_247' title='bbox 1231 1981 1312 2023; x_wconf 89' lang='lat' dir='ltr'><strong>est</strong></span> <span class='ocrx_word' id='word_1_248' title='bbox 1358 1985 1491 2038; x_wconf 88' lang='lat' dir='ltr'><strong>opus</strong></span> <span class='ocrx_word' id='word_1_249' title='bbox 1540 1972 1590 2023; x_wconf 91' lang='lat' dir='ltr'><strong>in</strong></span> <span class='ocrx_word' id='word_1_250' title='bbox 1639 1986 1745 2040; x_wconf 90' lang='lat' dir='ltr'><strong>quo</strong></span> <span class='ocrx_word' id='word_1_251' title='bbox 1790 1986 1850 2027; x_wconf 88' lang='lat' dir='ltr'><strong>se</strong></span> <span class='ocrx_word' id='word_1_252' title='bbox 1899 1971 2139 2028; x_wconf 84' lang='lat' dir='ltr'><strong>humiliat</strong></span> 
     </span>
    </p>
   </div>
   <div class='ocr_carea' id='block_1_37' title="bbox 567 2061 2138 2132">
    <p class='ocr_par' dir='ltr' id='par_1_37' title="bbox 567 2061 2138 2132">
     <span class='ocr_line' id='line_1_37' title="bbox 567 2061 2138 2132; baseline 0.003 -17"><span class='ocrx_word' id='word_1_253' title='bbox 567 2062 948 2130; x_wconf 80' lang='lat' dir='ltr'><strong>unusquisque.</strong></span> <span class='ocrx_word' id='word_1_254' title='bbox 970 2061 1352 2132; x_wconf 77' lang='lat' dir='ltr'><strong>Evangelizare.</strong></span> <span class='ocrx_word' id='word_1_255' title='bbox 1372 2063 1703 2117; x_wconf 82' lang='lat' dir='ltr'><strong>Annuntiare</strong></span> <span class='ocrx_word' id='word_1_256' title='bbox 1725 2064 1933 2119; x_wconf 80' lang='lat' dir='ltr'><strong>divitias</strong></span> <span class='ocrx_word' id='word_1_257' title='bbox 1950 2066 2138 2120; x_wconf 73' lang='lat' dir='ltr'><strong>lutum</strong></span> 
     </span>
    </p>
   </div>
   <div class='ocr_carea' id='block_1_38' title="bbox 566 2150 2140 2225">
    <p class='ocr_par' dir='ltr' id='par_1_38' title="bbox 566 2150 2140 2225">
     <span class='ocr_line' id='line_1_38' title="bbox 566 2150 2140 2225; baseline 0.002 -19"><span class='ocrx_word' id='word_1_258' title='bbox 566 2151 912 2208; x_wconf 70' lang='lat' dir='ltr'><strong>htereditatis.</strong></span> <span class='ocrx_word' id='word_1_259' title='bbox 957 2150 1338 2222; x_wconf 79' lang='lat' dir='ltr'><strong>Investigabiles</strong></span> <span class='ocrx_word' id='word_1_260' title='bbox 1367 2153 1567 2206; x_wconf 80' lang='lat' dir='ltr'><strong>diritias</strong></span> <span class='ocrx_word' id='word_1_261' title='bbox 1593 2152 1802 2208; x_wconf 83' lang='lat' dir='ltr'><strong>Christi.</strong></span> <span class='ocrx_word' id='word_1_262' title='bbox 1854 2155 2140 2225; x_wconf 79' lang='lat' dir='ltr'><strong>Investiga-</strong></span> 
     </span>
    </p>
   </div>
   <div class='ocr_carea' id='block_1_39' title="bbox 566 2242 2135 2311">
    <p class='ocr_par' dir='ltr' id='par_1_39' title="bbox 566 2242 2135 2311">
     <span class='ocr_line' id='line_1_39' title="bbox 566 2242 2135 2311; baseline 0.001 -14"><span class='ocrx_word' id='word_1_263' title='bbox 566 2242 703 2299; x_wconf 84' lang='lat' dir='ltr'><strong>biles</strong></span> <span class='ocrx_word' id='word_1_264' title='bbox 732 2259 825 2311; x_wconf 90' lang='lat' dir='ltr'><strong>per</strong></span> <span class='ocrx_word' id='word_1_265' title='bbox 848 2258 909 2299; x_wconf 83' lang='lat' dir='ltr'><strong>se</strong></span> <span class='ocrx_word' id='word_1_266' title='bbox 942 2246 1170 2297; x_wconf 89' lang='lat' dir='ltr'><strong>humano</strong></span> <span class='ocrx_word' id='word_1_267' title='bbox 1197 2246 1399 2310; x_wconf 88' lang='lat' dir='ltr'><strong>sensui,</strong></span> <span class='ocrx_word' id='word_1_268' title='bbox 1444 2260 1547 2299; x_wconf 92' lang='lat' dir='ltr'><strong>non</strong></span> <span class='ocrx_word' id='word_1_269' title='bbox 1589 2246 1895 2300; x_wconf 86' lang='lat' dir='ltr'><strong>revelationi</strong></span> <span class='ocrx_word' id='word_1_270' title='bbox 1924 2248 2135 2301; x_wconf 66' lang='lat' dir='ltr'><strong>divinm.</strong></span> 
     </span>
    </p>
   </div>
   <div class='ocr_carea' id='block_1_40' title="bbox 568 2335 2139 2405">
    <p class='ocr_par' dir='ltr' id='par_1_40' title="bbox 568 2335 2139 2405">
     <span class='ocr_line' id='line_1_40' title="bbox 568 2335 2139 2405; baseline 0.001 -16"><span class='ocrx_word' id='word_1_271' title='bbox 568 2335 637 2389; x_wconf 82' lang='lat' dir='ltr'><strong>Et</strong></span> <span class='ocrx_word' id='word_1_272' title='bbox 672 2336 962 2390; x_wconf 83' lang='lat' dir='ltr'><strong>illuminare</strong></span> <span class='ocrx_word' id='word_1_273' title='bbox 1000 2351 1202 2399; x_wconf 85' lang='lat' dir='ltr'><strong>omnes,</strong></span> <span class='ocrx_word' id='word_1_274' title='bbox 1241 2351 1352 2403; x_wconf 75' lang='lat' dir='ltr'><strong>qua:</strong></span> <span class='ocrx_word' id='word_1_275' title='bbox 1389 2335 1455 2387; x_wconf 89' lang='lat' dir='ltr'><strong>sit</strong></span> <span class='ocrx_word' id='word_1_276' title='bbox 1492 2336 1801 2405; x_wconf 76' lang='lat' dir='ltr'><strong>dispensatio</strong></span> <span class='ocrx_word' id='word_1_277' title='bbox 1837 2339 2139 2391; x_wconf 78' lang='lat' dir='ltr'><strong>sacramenti</strong></span> 
     </span>
    </p>
   </div>
   <div class='ocr_carea' id='block_1_41' title="bbox 566 2423 2139 2499">
    <p class='ocr_par' dir='ltr' id='par_1_41' title="bbox 566 2423 2139 2499">
     <span class='ocr_line' id='line_1_41' title="bbox 566 2423 2139 2499; baseline 0.003 -23"><span class='ocrx_word' id='word_1_278' title='bbox 566 2425 867 2479; x_wconf 82' lang='lat' dir='ltr'><strong>absconditi.</strong></span> <span class='ocrx_word' id='word_1_279' title='bbox 918 2423 987 2479; x_wconf 84' lang='lat' dir='ltr'><strong>Ut</strong></span> <span class='ocrx_word' id='word_1_280' title='bbox 1040 2424 1252 2478; x_wconf 74' lang='lat' dir='ltr'><strong>Jttdznos</strong></span> <span class='ocrx_word' id='word_1_281' title='bbox 1290 2435 1344 2478; x_wconf 88' lang='lat' dir='ltr'><strong>et</strong></span> <span class='ocrx_word' id='word_1_282' title='bbox 1381 2434 1566 2493; x_wconf 76' lang='lat' dir='ltr'><strong>gentes</strong></span> <span class='ocrx_word' id='word_1_283' title='bbox 1624 2426 1941 2499; x_wconf 82' lang='lat' dir='ltr'><strong>sacramenti</strong></span> <span class='ocrx_word' id='word_1_284' title='bbox 1982 2426 2139 2495; x_wconf 85' lang='lat' dir='ltr'><strong>hujus</strong></span> 
     </span>
    </p>
   </div>
   <div class='ocr_carea' id='block_1_42' title="bbox 568 2513 2138 2583">
    <p class='ocr_par' dir='ltr' id='par_1_42' title="bbox 568 2513 2138 2583">
     <span class='ocr_line' id='line_1_42' title="bbox 568 2513 2138 2583; baseline 0.004 -16"><span class='ocrx_word' id='word_1_285' title='bbox 568 2513 817 2567; x_wconf 88' lang='lat' dir='ltr'><strong>docerem</strong></span> <span class='ocrx_word' id='word_1_286' title='bbox 866 2514 1146 2567; x_wconf 89' lang='lat' dir='ltr'><strong>rationem.</strong></span> <span class='ocrx_word' id='word_1_287' title='bbox 1196 2517 1239 2566; x_wconf 86' lang='grc' dir='ltr'><em>Α</em></span> <span class='ocrx_word' id='word_1_288' title='bbox 1276 2516 1476 2567; x_wconf 67' lang='lat' dir='ltr'><strong>sarculis</strong></span> <span class='ocrx_word' id='word_1_289' title='bbox 1516 2514 1734 2568; x_wconf 84' lang='lat' dir='ltr'><strong>in-Deo.</strong></span> <span class='ocrx_word' id='word_1_290' title='bbox 1791 2518 1831 2569; x_wconf 82' lang='lat' dir='ltr'><strong>A</strong></span> <span class='ocrx_word' id='word_1_291' title='bbox 1878 2517 2138 2583; x_wconf 80' lang='lat' dir='ltr'><strong>prioribus</strong></span> 
     </span>
    </p>
   </div>
   <div class='ocr_carea' id='block_1_43' title="bbox 569 2604 2132 2673">
    <p class='ocr_par' dir='ltr' id='par_1_43' title="bbox 569 2604 2132 2673">
     <span class='ocr_line' id='line_1_43' title="bbox 569 2604 2132 2673; baseline 0.003 -16"><span class='ocrx_word' id='word_1_292' title='bbox 569 2604 778 2658; x_wconf 71' lang='lat' dir='ltr'><strong>arcolis</strong></span> <span class='ocrx_word' id='word_1_293' title='bbox 815 2605 951 2657; x_wconf 89' lang='lat' dir='ltr'><strong>intra</strong></span> <span class='ocrx_word' id='word_1_294' title='bbox 992 2604 1187 2667; x_wconf 87' lang='lat' dir='ltr'><strong>Deum,</strong></span> <span class='ocrx_word' id='word_1_295' title='bbox 1231 2605 1330 2658; x_wconf 85' lang='lat' dir='ltr'><strong>hoc</strong></span> <span class='ocrx_word' id='word_1_296' title='bbox 1366 2613 1466 2669; x_wconf 88' lang='lat' dir='ltr'><strong>est,</strong></span> <span class='ocrx_word' id='word_1_297' title='bbox 1512 2605 1609 2673; x_wconf 47' lang='lat' dir='ltr'><strong>ipii</strong></span> <span class='ocrx_word' id='word_1_298' title='bbox 1648 2607 1746 2659; x_wconf 81' lang='lat' dir='ltr'><strong>Soli</strong></span> <span class='ocrx_word' id='word_1_299' title='bbox 1787 2618 1968 2660; x_wconf 90' lang='lat' dir='ltr'><strong>notum</strong></span> <span class='ocrx_word' id='word_1_300' title='bbox 1998 2618 2132 2664; x_wconf 85' lang='lat' dir='ltr'><strong>erat.</strong></span> 
     </span>
    </p>
   </div>
   <div class='ocr_carea' id='block_1_44' title="bbox 572 2694 2155 2764">
    <p class='ocr_par' dir='ltr' id='par_1_44' title="bbox 572 2694 2155 2764">
     <span class='ocr_line' id='line_1_44' title="bbox 572 2694 2155 2764; baseline 0.006 -18"><span class='ocrx_word' id='word_1_301' title='bbox 572 2694 671 2760; x_wconf 85' lang='lat' dir='ltr'><strong>Qui</strong></span> <span class='ocrx_word' id='word_1_302' title='bbox 694 2698 863 2747; x_wconf 85' lang='lat' dir='ltr'><strong>omnia</strong></span> <span class='ocrx_word' id='word_1_303' title='bbox 883 2696 1087 2747; x_wconf 86' lang='lat' dir='ltr'><strong>creavit.</strong></span> <span class='ocrx_word' id='word_1_304' title='bbox 1118 2694 1183 2748; x_wconf 87' lang='lat' dir='ltr'><strong>Et</strong></span> <span class='ocrx_word' id='word_1_305' title='bbox 1204 2695 1440 2760; x_wconf 71' lang='lat' dir='ltr'><strong>Judteos,</strong></span> <span class='ocrx_word' id='word_1_306' title='bbox 1462 2705 1515 2749; x_wconf 90' lang='lat' dir='ltr'><strong>et</strong></span> <span class='ocrx_word' id='word_1_307' title='bbox 1536 2705 1721 2764; x_wconf 81' lang='lat' dir='ltr'><strong>gentes</strong></span> <span class='ocrx_word' id='word_1_308' title='bbox 1744 2713 1758 2749; x_wconf 92' lang='lat'><strong><em>:</em></strong></span> <span class='ocrx_word' id='word_1_309' title='bbox 1792 2699 1903 2751; x_wconf 83' lang='lat' dir='ltr'><strong>sive</strong></span> <span class='ocrx_word' id='word_1_310' title='bbox 1924 2713 2155 2755; x_wconf 87' lang='lat' dir='ltr'><strong>omnem</strong></span> 
     </span>
    </p>
   </div>
   <div class='ocr_carea' id='block_1_45' title="bbox 569 2786 2131 2860">
    <p class='ocr_par' dir='ltr' id='par_1_45' title="bbox 569 2786 2131 2860">
     <span class='ocr_line' id='line_1_45' title="bbox 569 2786 2131 2860; baseline 0.003 -21"><span class='ocrx_word' id='word_1_311' title='bbox 569 2794 888 2847; x_wconf 85' lang='lat' dir='ltr'><strong>creaturam.</strong></span> <span class='ocrx_word' id='word_1_312' title='bbox 907 2795 1090 2841; x_wconf 82' lang='lat' dir='ltr'><strong>eontra</strong></span> <span class='ocrx_word' id='word_1_313' title='bbox 1109 2786 1445 2842; x_wconf 83' lang='lat' dir='ltr'><strong>Marcionem.</strong></span> <span class='ocrx_word' id='word_1_314' title='bbox 1483 2786 1549 2841; x_wconf 89' lang='lat' dir='ltr'><strong>Ut</strong></span> <span class='ocrx_word' id='word_1_315' title='bbox 1572 2790 1849 2842; x_wconf 83' lang='lat' dir='ltr'><strong>innotescat</strong></span> <span class='ocrx_word' id='word_1_316' title='bbox 1878 2792 2131 2860; x_wconf 62' lang='lat' dir='ltr'><strong>principao</strong></span> 
     </span>
    </p>
   </div>
   <div class='ocr_carea' id='block_1_46' title="bbox 572 2876 2135 2950">
    <p class='ocr_par' dir='ltr' id='par_1_46' title="bbox 572 2876 2135 2950">
     <span class='ocr_line' id='line_1_46' title="bbox 572 2876 2135 2950; baseline 0.003 -19"><span class='ocrx_word' id='word_1_317' title='bbox 572 2877 723 2943; x_wconf 83' lang='lat' dir='ltr'><strong>tibus,</strong></span> <span class='ocrx_word' id='word_1_318' title='bbox 754 2888 800 2930; x_wconf 82' lang='lat' dir='ltr'><strong>et</strong></span> <span class='ocrx_word' id='word_1_319' title='bbox 829 2876 1152 2944; x_wconf 83' lang='lat' dir='ltr'><strong>patestatibus</strong></span> <span class='ocrx_word' id='word_1_320' title='bbox 1184 2878 1233 2929; x_wconf 91' lang='lat' dir='ltr'><strong>in</strong></span> <span class='ocrx_word' id='word_1_321' title='bbox 1260 2877 1557 2931; x_wconf 69' lang='lat' dir='ltr'><strong>cwlestibus.</strong></span> <span class='ocrx_word' id='word_1_322' title='bbox 1592 2878 1657 2933; x_wconf 91' lang='lat' dir='ltr'><strong>Ut</strong></span> <span class='ocrx_word' id='word_1_323' title='bbox 1686 2894 1780 2947; x_wconf 88' lang='lat' dir='ltr'><strong>per</strong></span> <span class='ocrx_word' id='word_1_324' title='bbox 1811 2896 1894 2933; x_wconf 90' lang='lat' dir='ltr'><strong>me</strong></span> <span class='ocrx_word' id='word_1_325' title='bbox 1921 2880 2022 2944; x_wconf 89' lang='lat' dir='ltr'><strong>his,</strong></span> <span class='ocrx_word' id='word_1_326' title='bbox 2047 2882 2135 2950; x_wconf 86' lang='lat' dir='ltr'><strong>qui</strong></span> 
     </span>
    </p>
   </div>
   <div class='ocr_carea' id='block_1_47' title="bbox 569 2964 2134 3041">
    <p class='ocr_par' dir='ltr' id='par_1_47' title="bbox 569 2964 2134 3041">
     <span class='ocr_line' id='line_1_47' title="bbox 569 2964 2134 3041; baseline 0.002 -17"><span class='ocrx_word' id='word_1_327' title='bbox 569 2970 730 3026; x_wconf 88' lang='lat' dir='ltr'><strong>rebus</strong></span> <span class='ocrx_word' id='word_1_328' title='bbox 753 2969 1054 3025; x_wconf 71' lang='lat' dir='ltr'><strong>ctelestibus</strong></span> <span class='ocrx_word' id='word_1_329' title='bbox 1085 2985 1177 3039; x_wconf 88' lang='lat' dir='ltr'><strong>per</strong></span> <span class='ocrx_word' id='word_1_330' title='bbox 1198 2985 1410 3023; x_wconf 90' lang='lat' dir='ltr'><strong>omnem</strong></span> <span class='ocrx_word' id='word_1_331' title='bbox 1439 2970 1728 3024; x_wconf 81' lang='lat' dir='ltr'><strong>Ecclesiam</strong></span> <span class='ocrx_word' id='word_1_332' title='bbox 1754 2964 2134 3041; x_wconf 87' lang='lat' dir='ltr'><strong>principantur,</strong></span> 
     </span>
    </p>
   </div>
   <div class='ocr_carea' id='block_1_48' title="bbox 572 3064 2137 3134">
    <p class='ocr_par' dir='ltr' id='par_1_48' title="bbox 572 3064 2137 3134">
     <span class='ocr_line' id='line_1_48' title="bbox 572 3064 2137 3134; baseline 0.003 -15"><span class='ocrx_word' id='word_1_333' title='bbox 572 3064 910 3119; x_wconf 74' lang='lat' dir='ltr'><strong>multiformis</strong></span> <span class='ocrx_word' id='word_1_334' title='bbox 962 3064 1051 3120; x_wconf 91' lang='lat' dir='ltr'><strong>Dei</strong></span> <span class='ocrx_word' id='word_1_335' title='bbox 1106 3064 1274 3134; x_wconf 83' lang='lat' dir='ltr'><strong>gratia</strong></span> <span class='ocrx_word' id='word_1_336' title='bbox 1329 3067 1646 3122; x_wconf 81' lang='lat' dir='ltr'><strong>innotescat.</strong></span> <span class='ocrx_word' id='word_1_337' title='bbox 1702 3066 1804 3120; x_wconf 88' lang='lat' dir='ltr'><strong>Per</strong></span> <span class='ocrx_word' id='word_1_338' title='bbox 1856 3069 2137 3125; x_wconf 79' lang='lat' dir='ltr'><strong>Ecclesium</strong></span> 
     </span>
    </p>
   </div>
   <div class='ocr_carea' id='block_1_49' title="bbox 569 3154 2138 3228">
    <p class='ocr_par' dir='ltr' id='par_1_49' title="bbox 569 3154 2138 3228">
     <span class='ocr_line' id='line_1_49' title="bbox 569 3154 2138 3228; baseline 0.009 -23"><span class='ocrx_word' id='word_1_339' title='bbox 569 3154 896 3223; x_wconf 84' lang='lat' dir='ltr'><strong>multiformis</strong></span> <span class='ocrx_word' id='word_1_340' title='bbox 920 3156 1165 3225; x_wconf 79' lang='lat' dir='ltr'><strong>sapientia</strong></span> <span class='ocrx_word' id='word_1_341' title='bbox 1191 3155 1305 3223; x_wconf 88' lang='lat' dir='ltr'><strong>Dei,</strong></span> <span class='ocrx_word' id='word_1_342' title='bbox 1328 3159 1603 3211; x_wconf 81' lang='lat' dir='ltr'><strong>secundum</strong></span> <span class='ocrx_word' id='word_1_343' title='bbox 1629 3160 2010 3228; x_wconf 67' lang='lat' dir='ltr'><strong>prae/initianem</strong></span> <span class='ocrx_word' id='word_1_344' title='bbox 2037 3180 2138 3219; x_wconf 68' lang='lat' dir='ltr'><strong>sa:-</strong></span> 
     </span>
    </p>
   </div>
   <div class='ocr_carea' id='block_1_50' title="bbox 567 3251 2138 3322">
    <p class='ocr_par' dir='ltr' id='par_1_50' title="bbox 567 3251 2138 3322">
     <span class='ocr_line' id='line_1_50' title="bbox 567 3251 2138 3322; baseline 0.007 -20"><span class='ocrx_word' id='word_1_345' title='bbox 567 3251 814 3315; x_wconf 85' lang='lat' dir='ltr'><strong>culorum,</strong></span> <span class='ocrx_word' id='word_1_346' title='bbox 856 3268 1007 3321; x_wconf 79' lang='lat' dir='ltr'><strong>quam</strong></span> <span class='ocrx_word' id='word_1_347' title='bbox 1046 3252 1163 3322; x_wconf 77' lang='lat' dir='ltr'><strong>fecit</strong></span> <span class='ocrx_word' id='word_1_348' title='bbox 1200 3253 1252 3306; x_wconf 88' lang='lat' dir='ltr'><strong>in</strong></span> <span class='ocrx_word' id='word_1_349' title='bbox 1291 3252 1490 3307; x_wconf 82' lang='lat' dir='ltr'><strong>Christo</strong></span> <span class='ocrx_word' id='word_1_350' title='bbox 1530 3253 1655 3309; x_wconf 71' lang='lat' dir='ltr'><strong>Iesu</strong></span> <span class='ocrx_word' id='word_1_351' title='bbox 1694 3254 1911 3309; x_wconf 87' lang='lat' dir='ltr'><strong>Domino</strong></span> <span class='ocrx_word' id='word_1_352' title='bbox 1949 3266 2138 3313; x_wconf 78' lang='lat' dir='ltr'><strong>nostra.</strong></span> 
     </span>
    </p>
   </div>
   <div class='ocr_carea' id='block_1_51' title="bbox 570 3339 2142 3415">
    <p class='ocr_par' dir='ltr' id='par_1_51' title="bbox 570 3339 2142 3415">
     <span class='ocr_line' id='line_1_51' title="bbox 570 3339 2142 3415; baseline 0.006 -22"><span class='ocrx_word' id='word_1_353' title='bbox 570 3339 700 3408; x_wconf 64' lang='lat' dir='ltr'><strong>Quae</strong></span> <span class='ocrx_word' id='word_1_354' title='bbox 739 3343 1050 3409; x_wconf 68' lang='lat' dir='ltr'><strong>praelinivit,</strong></span> <span class='ocrx_word' id='word_1_355' title='bbox 1093 3354 1148 3397; x_wconf 93' lang='lat' dir='ltr'><strong>ut</strong></span> <span class='ocrx_word' id='word_1_356' title='bbox 1186 3342 1287 3399; x_wconf 88' lang='lat' dir='ltr'><strong>hoc</strong></span> <span class='ocrx_word' id='word_1_357' title='bbox 1328 3355 1598 3414; x_wconf 88' lang='lat' dir='ltr'><strong>tempore,</strong></span> <span class='ocrx_word' id='word_1_358' title='bbox 1650 3348 1858 3415; x_wconf 84' lang='lat' dir='ltr'><strong>quando</strong></span> <span class='ocrx_word' id='word_1_359' title='bbox 1898 3348 2142 3403; x_wconf 84' lang='lat' dir='ltr'><strong>homines</strong></span> 
     </span>
    </p>
   </div>
   <div class='ocr_carea' id='block_1_52' title="bbox 570 3433 2142 3505">
    <p class='ocr_par' dir='ltr' id='par_1_52' title="bbox 570 3433 2142 3505">
     <span class='ocr_line' id='line_1_52' title="bbox 570 3433 2142 3505; baseline 0.006 -19"><span class='ocrx_word' id='word_1_360' title='bbox 570 3433 727 3488; x_wconf 85' lang='lat' dir='ltr'><strong>aliter</strong></span> <span class='ocrx_word' id='word_1_361' title='bbox 746 3435 938 3489; x_wconf 75' lang='lat' dir='ltr'><strong>salvari</strong></span> <span class='ocrx_word' id='word_1_362' title='bbox 962 3452 1065 3489; x_wconf 90' lang='lat' dir='ltr'><strong>non</strong></span> <span class='ocrx_word' id='word_1_363' title='bbox 1087 3446 1350 3505; x_wconf 86' lang='lat' dir='ltr'><strong>poterant,</strong></span> <span class='ocrx_word' id='word_1_364' title='bbox 1376 3439 1487 3491; x_wconf 82' lang='lat' dir='ltr'><strong>sola</strong></span> <span class='ocrx_word' id='word_1_365' title='bbox 1518 3437 1621 3492; x_wconf 80' lang='lat' dir='ltr'><strong>[ide</strong></span> <span class='ocrx_word' id='word_1_366' title='bbox 1646 3438 1844 3494; x_wconf 56' lang='lat' dir='ltr'><strong>Christi</strong></span> <span class='ocrx_word' id='word_1_367' title='bbox 1872 3442 2142 3495; x_wconf 83' lang='lat' dir='ltr'><strong>salvaren-</strong></span> 
     </span>
    </p>
   </div>
   <div class='ocr_carea' id='block_1_53' title="bbox 568 3528 2143 3602">
    <p class='ocr_par' dir='ltr' id='par_1_53' title="bbox 568 3528 2143 3602">
     <span class='ocr_line' id='line_1_53' title="bbox 568 3528 2143 3602; baseline 0.004 -20"><span class='ocrx_word' id='word_1_368' title='bbox 568 3540 675 3585; x_wconf 89' lang='lat' dir='ltr'><strong>tur.</strong></span> <span class='ocrx_word' id='word_1_369' title='bbox 712 3528 775 3583; x_wconf 88' lang='lat' dir='ltr'><strong>In</strong></span> <span class='ocrx_word' id='word_1_370' title='bbox 796 3548 895 3599; x_wconf 87' lang='lat' dir='ltr'><strong>quo</strong></span> <span class='ocrx_word' id='word_1_371' title='bbox 919 3530 1157 3584; x_wconf 82' lang='lat' dir='ltr'><strong>habemus</strong></span> <span class='ocrx_word' id='word_1_372' title='bbox 1184 3533 1428 3599; x_wconf 74' lang='lat' dir='ltr'><strong>ﬁduciam</strong></span> <span class='ocrx_word' id='word_1_373' title='bbox 1452 3542 1498 3585; x_wconf 88' lang='lat' dir='ltr'><strong>et</strong></span> <span class='ocrx_word' id='word_1_374' title='bbox 1531 3549 1788 3588; x_wconf 82' lang='lat' dir='ltr'><strong>accessum</strong></span> <span class='ocrx_word' id='word_1_375' title='bbox 1809 3536 1860 3587; x_wconf 85' lang='lat' dir='ltr'><strong>in</strong></span> <span class='ocrx_word' id='word_1_376' title='bbox 1882 3537 2143 3602; x_wconf 80' lang='lat' dir='ltr'><strong>con/iden-</strong></span> 
     </span>
    </p>
   </div>
   <div class='ocr_carea' id='block_1_54' title="bbox 570 3623 2141 3691">
    <p class='ocr_par' dir='ltr' id='par_1_54' title="bbox 570 3623 2141 3691">
     <span class='ocr_line' id='line_1_54' title="bbox 570 3623 2141 3691; baseline 0.004 -17"><span class='ocrx_word' id='word_1_377' title='bbox 570 3623 665 3676; x_wconf 90' lang='lat' dir='ltr'><strong>tia.</strong></span> <span class='ocrx_word' id='word_1_378' title='bbox 717 3623 831 3677; x_wconf 82' lang='lat' dir='ltr'><strong>Non</strong></span> <span class='ocrx_word' id='word_1_379' title='bbox 872 3639 966 3691; x_wconf 87' lang='lat' dir='ltr'><strong>per</strong></span> <span class='ocrx_word' id='word_1_380' title='bbox 1004 3635 1242 3678; x_wconf 89' lang='lat' dir='ltr'><strong>nostram</strong></span> <span class='ocrx_word' id='word_1_381' title='bbox 1287 3624 1546 3691; x_wconf 75' lang='lat' dir='ltr'><strong>justitiam</strong></span> <span class='ocrx_word' id='word_1_382' title='bbox 1599 3626 1857 3681; x_wconf 87' lang='lat' dir='ltr'><strong>habemus</strong></span> <span class='ocrx_word' id='word_1_383' title='bbox 1897 3627 2141 3681; x_wconf 83' lang='lat' dir='ltr'><strong>liduciam</strong></span> 
     </span>
    </p>
   </div>
   <div class='ocr_carea' id='block_1_55' title="bbox 571 3713 2144 3784">
    <p class='ocr_par' dir='ltr' id='par_1_55' title="bbox 571 3713 2144 3784">
     <span class='ocr_line' id='line_1_55' title="bbox 571 3713 2144 3784; baseline 0.005 -19"><span class='ocrx_word' id='word_1_384' title='bbox 571 3721 628 3765; x_wconf 87' lang='lat' dir='ltr'><strong>et</strong></span> <span class='ocrx_word' id='word_1_385' title='bbox 651 3725 923 3766; x_wconf 78' lang='lat' dir='ltr'><strong>accessum</strong></span> <span class='ocrx_word' id='word_1_386' title='bbox 954 3714 1020 3765; x_wconf 89' lang='lat' dir='ltr'><strong>ad</strong></span> <span class='ocrx_word' id='word_1_387' title='bbox 1059 3713 1259 3778; x_wconf 83' lang='lat' dir='ltr'><strong>Deum;</strong></span> <span class='ocrx_word' id='word_1_388' title='bbox 1308 3714 1399 3769; x_wconf 87' lang='lat' dir='ltr'><strong>sed</strong></span> <span class='ocrx_word' id='word_1_389' title='bbox 1443 3716 1493 3768; x_wconf 91' lang='lat' dir='ltr'><strong>in</strong></span> <span class='ocrx_word' id='word_1_390' title='bbox 1538 3730 1605 3769; x_wconf 91' lang='lat' dir='ltr'><strong>eo</strong></span> <span class='ocrx_word' id='word_1_391' title='bbox 1628 3716 1777 3784; x_wconf 89' lang='lat' dir='ltr'><strong>cujus</strong></span> <span class='ocrx_word' id='word_1_392' title='bbox 1817 3718 1946 3771; x_wconf 81' lang='lat' dir='ltr'><strong>ﬁdes</strong></span> <span class='ocrx_word' id='word_1_393' title='bbox 1990 3718 2144 3774; x_wconf 86' lang='lat' dir='ltr'><strong>nobis</strong></span> 
     </span>
    </p>
   </div>
   <div class='ocr_carea' id='block_1_56' title="bbox 572 3802 2147 3875">
    <p class='ocr_par' dir='ltr' id='par_1_56' title="bbox 572 3802 2147 3875">
     <span class='ocr_line' id='line_1_56' title="bbox 572 3802 2147 3875; baseline 0.004 -22"><span class='ocrx_word' id='word_1_394' title='bbox 572 3811 786 3869; x_wconf 84' lang='lat' dir='ltr'><strong>peccata</strong></span> <span class='ocrx_word' id='word_1_395' title='bbox 814 3802 1053 3857; x_wconf 79' lang='lat' dir='ltr'><strong>dimisit.“</strong></span> <span class='ocrx_word' id='word_1_396' title='bbox 1079 3802 1183 3856; x_wconf 82' lang='lat' dir='ltr'><strong>Per</strong></span> <span class='ocrx_word' id='word_1_397' title='bbox 1210 3805 1360 3870; x_wconf 82' lang='lat' dir='ltr'><strong>ﬁdem</strong></span> <span class='ocrx_word' id='word_1_398' title='bbox 1396 3809 1528 3875; x_wconf 87' lang='lat' dir='ltr'><strong>ejus.</strong></span> <span class='ocrx_word' id='word_1_399' title='bbox 1569 3806 1705 3859; x_wconf 86' lang='lat' dir='ltr'><strong>Audi</strong></span> <span class='ocrx_word' id='word_1_400' title='bbox 1740 3806 1893 3861; x_wconf 87' lang='lat' dir='ltr'><strong>Iidem</strong></span> <span class='ocrx_word' id='word_1_401' title='bbox 1923 3808 2059 3875; x_wconf 87' lang='lat' dir='ltr'><strong>ejus.</strong></span> <span class='ocrx_word' id='word_1_402' title='bbox 2089 3814 2147 3861; x_wconf 88' lang='lat' dir='ltr'><strong>et</strong></span> 
     </span>
    </p>
   </div>
   <div class='ocr_carea' id='block_1_57' title="bbox 573 3890 2141 3963">
    <p class='ocr_par' dir='ltr' id='par_1_57' title="bbox 573 3890 2141 3963">
     <span class='ocr_line' id='line_1_57' title="bbox 573 3890 2141 3963; baseline 0.004 -19"><span class='ocrx_word' id='word_1_403' title='bbox 573 3890 683 3944; x_wconf 91' lang='lat' dir='ltr'><strong>noli</strong></span> <span class='ocrx_word' id='word_1_404' title='bbox 721 3890 822 3945; x_wconf 90' lang='lat' dir='ltr'><strong>hoc</strong></span> <span class='ocrx_word' id='word_1_405' title='bbox 860 3892 952 3946; x_wconf 92' lang='lat' dir='ltr'><strong>tibi</strong></span> <span class='ocrx_word' id='word_1_406' title='bbox 994 3907 1267 3962; x_wconf 83' lang='lat' dir='ltr'><strong>arrogare,</strong></span> <span class='ocrx_word' id='word_1_407' title='bbox 1308 3894 1448 3963; x_wconf 89' lang='lat' dir='ltr'><strong>quod</strong></span> <span class='ocrx_word' id='word_1_408' title='bbox 1487 3895 1555 3949; x_wconf 89' lang='lat' dir='ltr'><strong>do</strong></span> <span class='ocrx_word' id='word_1_409' title='bbox 1594 3903 1683 3948; x_wconf 91' lang='lat' dir='ltr'><strong>tuo</strong></span> <span class='ocrx_word' id='word_1_410' title='bbox 1722 3896 1917 3951; x_wconf 85' lang='lat' dir='ltr'><strong>habeas</strong></span> <span class='ocrx_word' id='word_1_411' title='bbox 1958 3897 2141 3963; x_wconf 83' lang='lat' dir='ltr'><strong>iidem,</strong></span> 
     </span>
    </p>
   </div>
   <div class='ocr_carea' id='block_1_58' title="bbox 573 3980 2143 4056">
    <p class='ocr_par' dir='ltr' id='par_1_58' title="bbox 573 3980 2143 4056">
     <span class='ocr_line' id='line_1_58' title="bbox 573 3980 2143 4056; baseline 0.004 -22"><span class='ocrx_word' id='word_1_412' title='bbox 573 3980 674 4036; x_wconf 87' lang='lat' dir='ltr'><strong>nisi</strong></span> <span class='ocrx_word' id='word_1_413' title='bbox 709 3983 775 4037; x_wconf 90' lang='lat' dir='ltr'><strong>ab</strong></span> <span class='ocrx_word' id='word_1_414' title='bbox 810 3983 899 4039; x_wconf 89' lang='lat' dir='ltr'><strong>illo</strong></span> <span class='ocrx_word' id='word_1_415' title='bbox 928 3984 1127 4038; x_wconf 88' lang='lat' dir='ltr'><strong>datam.</strong></span> <span class='ocrx_word' id='word_1_416' title='bbox 1160 3983 1379 4053; x_wconf 85' lang='lat' dir='ltr'><strong>Propter</strong></span> <span class='ocrx_word' id='word_1_417' title='bbox 1402 3987 1535 4054; x_wconf 85' lang='lat' dir='ltr'><strong>quod</strong></span> <span class='ocrx_word' id='word_1_418' title='bbox 1564 3996 1697 4055; x_wconf 84' lang='lat' dir='ltr'><strong>peto,</strong></span> <span class='ocrx_word' id='word_1_419' title='bbox 1729 4003 1790 4041; x_wconf 88' lang='lat' dir='ltr'><strong>ne</strong></span> <span class='ocrx_word' id='word_1_420' title='bbox 1818 3989 2064 4056; x_wconf 81' lang='lat' dir='ltr'><strong>deﬁciatis</strong></span> <span class='ocrx_word' id='word_1_421' title='bbox 2091 3990 2143 4040; x_wconf 85' lang='lat' dir='ltr'><strong>in</strong></span> 
     </span>
    </p>
   </div>
   <div class='ocr_carea' id='block_1_59' title="bbox 571 4074 2142 4148">
    <p class='ocr_par' dir='ltr' id='par_1_59' title="bbox 571 4074 2142 4148">
     <span class='ocr_line' id='line_1_59' title="bbox 571 4074 2142 4148; baseline 0.004 -23"><span class='ocrx_word' id='word_1_422' title='bbox 571 4074 981 4128; x_wconf 85' lang='lat' dir='ltr'><strong>tribulationibus</strong></span> <span class='ocrx_word' id='word_1_423' title='bbox 1019 4075 1142 4129; x_wconf 85' lang='lat' dir='ltr'><strong>meis</strong></span> <span class='ocrx_word' id='word_1_424' title='bbox 1178 4092 1269 4143; x_wconf 90' lang='lat' dir='ltr'><strong>pro</strong></span> <span class='ocrx_word' id='word_1_425' title='bbox 1306 4076 1462 4141; x_wconf 87' lang='lat' dir='ltr'><strong>vobis,</strong></span> <span class='ocrx_word' id='word_1_426' title='bbox 1503 4092 1616 4146; x_wconf 77' lang='lat' dir='ltr'><strong>qua:</strong></span> <span class='ocrx_word' id='word_1_427' title='bbox 1650 4086 1724 4130; x_wconf 85' lang='lat' dir='ltr'><strong>est</strong></span> <span class='ocrx_word' id='word_1_428' title='bbox 1759 4078 1927 4148; x_wconf 87' lang='lat' dir='ltr'><strong>gloria</strong></span> <span class='ocrx_word' id='word_1_429' title='bbox 1961 4088 2142 4132; x_wconf 81' lang='lat' dir='ltr'><strong>vestra.</strong></span> 
     </span>
    </p>
   </div>
   <div class='ocr_carea' id='block_1_60' title="bbox 572 4164 2148 4238">
    <p class='ocr_par' dir='ltr' id='par_1_60' title="bbox 572 4164 2148 4238">
     <span class='ocr_line' id='line_1_60' title="bbox 572 4164 2148 4238; baseline 0.004 -19"><span class='ocrx_word' id='word_1_430' title='bbox 572 4164 648 4220; x_wconf 83' lang='lat' dir='ltr'><strong>Ne</strong></span> <span class='ocrx_word' id='word_1_431' title='bbox 686 4179 772 4220; x_wconf 90' lang='lat' dir='ltr'><strong>me</strong></span> <span class='ocrx_word' id='word_1_432' title='bbox 809 4166 1084 4221; x_wconf 87' lang='lat' dir='ltr'><strong>audientes</strong></span> <span class='ocrx_word' id='word_1_433' title='bbox 1117 4168 1235 4221; x_wconf 87' lang='lat' dir='ltr'><strong>sine</strong></span> <span class='ocrx_word' id='word_1_434' title='bbox 1272 4182 1465 4231; x_wconf 83' lang='lat' dir='ltr'><strong>causa,</strong></span> <span class='ocrx_word' id='word_1_435' title='bbox 1503 4180 1557 4223; x_wconf 91' lang='lat' dir='ltr'><strong>et</strong></span> <span class='ocrx_word' id='word_1_436' title='bbox 1595 4169 1811 4238; x_wconf 86' lang='lat' dir='ltr'><strong>impune</strong></span> <span class='ocrx_word' id='word_1_437' title='bbox 1847 4171 2049 4237; x_wconf 81' lang='lat' dir='ltr'><strong>claudi,</strong></span> <span class='ocrx_word' id='word_1_438' title='bbox 2092 4180 2148 4226; x_wconf 90' lang='lat' dir='ltr'><strong>et</strong></span> 
     </span>
    </p>
   </div>
   <div class='ocr_carea' id='block_1_61' title="bbox 570 4258 2145 4332">
    <p class='ocr_par' dir='ltr' id='par_1_61' title="bbox 570 4258 2145 4332">
     <span class='ocr_line' id='line_1_61' title="bbox 570 4258 2145 4332; baseline 0.003 -18"><span class='ocrx_word' id='word_1_439' title='bbox 570 4260 906 4314; x_wconf 84' lang='lat' dir='ltr'><strong>contumeliis</strong></span> <span class='ocrx_word' id='word_1_440' title='bbox 949 4258 1116 4325; x_wconf 77' lang='lat' dir='ltr'><strong>afﬁci,</strong></span> <span class='ocrx_word' id='word_1_441' title='bbox 1161 4260 1227 4314; x_wconf 88' lang='lat' dir='ltr'><strong>ad</strong></span> <span class='ocrx_word' id='word_1_442' title='bbox 1278 4261 1441 4315; x_wconf 84' lang='lat' dir='ltr'><strong>Deum</strong></span> <span class='ocrx_word' id='word_1_443' title='bbox 1492 4276 1594 4316; x_wconf 90' lang='lat' dir='ltr'><strong>non</strong></span> <span class='ocrx_word' id='word_1_444' title='bbox 1643 4263 1907 4330; x_wconf 76' lang='lat' dir='ltr'><strong>pertinere</strong></span> <span class='ocrx_word' id='word_1_445' title='bbox 1951 4265 2145 4332; x_wconf 87' lang='lat' dir='ltr'><strong>putetis</strong></span> 
     </span>
    </p>
   </div>
   <div class='ocr_carea' id='block_1_62' title="bbox 570 4351 2138 4425">
    <p class='ocr_par' dir='ltr' id='par_1_62' title="bbox 570 4351 2138 4425">
     <span class='ocr_line' id='line_1_62' title="bbox 570 4351 2138 4425; baseline 0.004 -21"><span class='ocrx_word' id='word_1_446' title='bbox 570 4366 743 4405; x_wconf 87' lang='lat' dir='ltr'><strong>meam</strong></span> <span class='ocrx_word' id='word_1_447' title='bbox 783 4351 1065 4420; x_wconf 70' lang='lat' dir='ltr'><strong>iniuriam;</strong></span> <span class='ocrx_word' id='word_1_448' title='bbox 1111 4353 1204 4407; x_wconf 88' lang='lat' dir='ltr'><strong>sed</strong></span> <span class='ocrx_word' id='word_1_449' title='bbox 1244 4356 1410 4423; x_wconf 85' lang='lat' dir='ltr'><strong>magis</strong></span> <span class='ocrx_word' id='word_1_450' title='bbox 1447 4353 1665 4423; x_wconf 85' lang='lat' dir='ltr'><strong>gloriari</strong></span> <span class='ocrx_word' id='word_1_451' title='bbox 1705 4354 1933 4419; x_wconf 87' lang='lat' dir='ltr'><strong>debetis,</strong></span> <span class='ocrx_word' id='word_1_452' title='bbox 1977 4353 2138 4425; x_wconf 86' lang='lat' dir='ltr'><strong>intel-</strong></span> 
     </span>
    </p>
   </div>
   <div class='ocr_carea' id='block_1_63' title="bbox 571 4444 2141 4516">
    <p class='ocr_par' dir='ltr' id='par_1_63' title="bbox 571 4444 2141 4516">
     <span class='ocr_line' id='line_1_63' title="bbox 571 4444 2141 4516; baseline 0.002 -19"><span class='ocrx_word' id='word_1_453' title='bbox 571 4444 814 4512; x_wconf 81' lang='lat' dir='ltr'><strong>ligentes,</strong></span> <span class='ocrx_word' id='word_1_454' title='bbox 850 4460 934 4498; x_wconf 89' lang='lat' dir='ltr'><strong>me</strong></span> <span class='ocrx_word' id='word_1_455' title='bbox 964 4454 1105 4498; x_wconf 85' lang='lat' dir='ltr'><strong>tanta</strong></span> <span class='ocrx_word' id='word_1_456' title='bbox 1144 4447 1262 4498; x_wconf 90' lang='lat' dir='ltr'><strong>sine</strong></span> <span class='ocrx_word' id='word_1_457' title='bbox 1300 4445 1472 4500; x_wconf 78' lang='lat' dir='ltr'><strong>fructu</strong></span> <span class='ocrx_word' id='word_1_458' title='bbox 1514 4446 1618 4514; x_wconf 89' lang='lat' dir='ltr'><strong>pati</strong></span> <span class='ocrx_word' id='word_1_459' title='bbox 1648 4461 1752 4499; x_wconf 90' lang='lat' dir='ltr'><strong>non</strong></span> <span class='ocrx_word' id='word_1_460' title='bbox 1784 4460 1941 4514; x_wconf 86' lang='lat' dir='ltr'><strong>posse</strong></span> <span class='ocrx_word' id='word_1_461' title='bbox 1964 4485 1980 4512; x_wconf 93' lang='lat'><strong>,</strong></span> <span class='ocrx_word' id='word_1_462' title='bbox 2021 4446 2141 4516; x_wconf 89' lang='lat' dir='ltr'><strong>quia</strong></span> 
     </span>
    </p>
   </div>
   <div class='ocr_carea' id='block_1_64' title="bbox 569 4535 2147 4607">
    <p class='ocr_par' dir='ltr' id='par_1_64' title="bbox 569 4535 2147 4607">
     <span class='ocr_line' id='line_1_64' title="bbox 569 4535 2147 4607; baseline 0.004 -23"><span class='ocrx_word' id='word_1_463' title='bbox 569 4535 1051 4589; x_wconf 84' lang='lat' dir='ltr'><strong>remunerationem</strong></span> <span class='ocrx_word' id='word_1_464' title='bbox 1118 4535 1169 4590; x_wconf 92' lang='lat' dir='ltr'><strong>in</strong></span> <span class='ocrx_word' id='word_1_465' title='bbox 1217 4535 1449 4589; x_wconf 78' lang='lat' dir='ltr'><strong>futurum</strong></span> <span class='ocrx_word' id='word_1_466' title='bbox 1503 4537 1769 4590; x_wconf 81' lang='lat' dir='ltr'><strong>retribuit.</strong></span> <span class='ocrx_word' id='word_1_467' title='bbox 1852 4536 2024 4607; x_wconf 80' lang='lat' dir='ltr'><strong>Hujus</strong></span> <span class='ocrx_word' id='word_1_468' title='bbox 2072 4542 2147 4591; x_wconf 85' lang='lat' dir='ltr'><strong>rei</strong></span> 
     </span>
    </p>
   </div>
   <div class='ocr_carea' id='block_1_65' title="bbox 572 4621 2147 4694">
    <p class='ocr_par' dir='ltr' id='par_1_65' title="bbox 572 4621 2147 4694">
     <span class='ocr_line' id='line_1_65' title="bbox 572 4621 2147 4694; baseline 0.006 -23"><span class='ocrx_word' id='word_1_469' title='bbox 572 4621 759 4689; x_wconf 85' lang='lat' dir='ltr'><strong>gratia,</strong></span> <span class='ocrx_word' id='word_1_470' title='bbox 783 4622 925 4687; x_wconf 83' lang='lat' dir='ltr'><strong>ﬂecto</strong></span> <span class='ocrx_word' id='word_1_471' title='bbox 952 4640 1119 4694; x_wconf 76' lang='lat' dir='ltr'><strong>genua</strong></span> <span class='ocrx_word' id='word_1_472' title='bbox 1144 4640 1254 4677; x_wconf 86' lang='lat' dir='ltr'><strong>mea</strong></span> <span class='ocrx_word' id='word_1_473' title='bbox 1281 4628 1347 4677; x_wconf 86' lang='lat' dir='ltr'><strong>ad</strong></span> <span class='ocrx_word' id='word_1_474' title='bbox 1372 4623 1578 4677; x_wconf 85' lang='lat' dir='ltr'><strong>Patrem</strong></span> <span class='ocrx_word' id='word_1_475' title='bbox 1607 4626 1813 4679; x_wconf 84' lang='lat' dir='ltr'><strong>Domini</strong></span> <span class='ocrx_word' id='word_1_476' title='bbox 1836 4629 1995 4679; x_wconf 83' lang='lat' dir='ltr'><strong>nostri</strong></span> <span class='ocrx_word' id='word_1_477' title='bbox 2023 4627 2147 4681; x_wconf 72' lang='lat' dir='ltr'><strong>Iesu</strong></span> 
     </span>
    </p>
   </div>
   <div class='ocr_carea' id='block_1_66' title="bbox 575 4710 2147 4783">
    <p class='ocr_par' dir='ltr' id='par_1_66' title="bbox 575 4710 2147 4783">
     <span class='ocr_line' id='line_1_66' title="bbox 575 4710 2147 4783; baseline 0.004 -17"><span class='ocrx_word' id='word_1_478' title='bbox 575 4712 783 4767; x_wconf 86' lang='lat' dir='ltr'><strong>Christi.</strong></span> <span class='ocrx_word' id='word_1_479' title='bbox 825 4710 906 4767; x_wconf 75' lang='lat' dir='ltr'><strong>Ex</strong></span> <span class='ocrx_word' id='word_1_480' title='bbox 941 4730 1038 4781; x_wconf 90' lang='lat' dir='ltr'><strong>quo</strong></span> <span class='ocrx_word' id='word_1_481' title='bbox 1076 4717 1237 4769; x_wconf 74' lang='lat' dir='ltr'><strong>cuiuis</strong></span> <span class='ocrx_word' id='word_1_482' title='bbox 1275 4719 1552 4783; x_wconf 83' lang='lat' dir='ltr'><strong>paternitas</strong></span> <span class='ocrx_word' id='word_1_483' title='bbox 1583 4717 1635 4770; x_wconf 81' lang='lat' dir='ltr'><strong>in</strong></span> <span class='ocrx_word' id='word_1_484' title='bbox 1663 4719 1798 4770; x_wconf 76' lang='lat' dir='ltr'><strong>ctelis</strong></span> <span class='ocrx_word' id='word_1_485' title='bbox 1836 4728 1884 4773; x_wconf 89' lang='lat' dir='ltr'><strong>et</strong></span> <span class='ocrx_word' id='word_1_486' title='bbox 1920 4719 1972 4772; x_wconf 85' lang='lat' dir='ltr'><strong>in</strong></span> <span class='ocrx_word' id='word_1_487' title='bbox 2010 4729 2147 4773; x_wconf 88' lang='lat' dir='ltr'><strong>terra</strong></span> 
     </span>
    </p>
   </div>
   <div class='ocr_carea' id='block_1_67' title="bbox 576 4805 2143 4881">
    <p class='ocr_par' dir='ltr' id='par_1_67' title="bbox 576 4805 2143 4881">
     <span class='ocr_line' id='line_1_67' title="bbox 576 4805 2143 4881; baseline 0.006 -25"><span class='ocrx_word' id='word_1_488' title='bbox 576 4805 885 4863; x_wconf 83' lang='lat' dir='ltr'><strong>nominatur.</strong></span> <span class='ocrx_word' id='word_1_489' title='bbox 930 4805 1006 4860; x_wconf 82' lang='lat' dir='ltr'><strong>Ex</strong></span> <span class='ocrx_word' id='word_1_490' title='bbox 1034 4822 1138 4875; x_wconf 92' lang='lat' dir='ltr'><strong>quo</strong></span> <span class='ocrx_word' id='word_1_491' title='bbox 1168 4809 1341 4862; x_wconf 89' lang='lat' dir='ltr'><strong>omnis</strong></span> <span class='ocrx_word' id='word_1_492' title='bbox 1368 4809 1656 4876; x_wconf 85' lang='lat' dir='ltr'><strong>paternitas</strong></span> <span class='ocrx_word' id='word_1_493' title='bbox 1687 4825 1878 4864; x_wconf 89' lang='lat' dir='ltr'><strong>nomen</strong></span> <span class='ocrx_word' id='word_1_494' title='bbox 1910 4813 2143 4881; x_wconf 88' lang='lat' dir='ltr'><strong>accepit;</strong></span> 
     </span>
    </p>
   </div>
   <div class='ocr_carea' id='block_1_68' title="bbox 573 4896 2144 4972">
    <p class='ocr_par' dir='ltr' id='par_1_68' title="bbox 573 4896 2144 4972">
     <span class='ocr_line' id='line_1_68' title="bbox 573 4896 2144 4972; baseline 0.006 -23"><span class='ocrx_word' id='word_1_495' title='bbox 573 4896 686 4951; x_wconf 81' lang='lat' dir='ltr'><strong>sive</strong></span> <span class='ocrx_word' id='word_1_496' title='bbox 722 4910 785 4950; x_wconf 82' lang='lat' dir='ltr'><strong>ex</strong></span> <span class='ocrx_word' id='word_1_497' title='bbox 824 4911 931 4966; x_wconf 89' lang='lat' dir='ltr'><strong>quo</strong></span> <span class='ocrx_word' id='word_1_498' title='bbox 966 4898 1139 4952; x_wconf 87' lang='lat' dir='ltr'><strong>omnis</strong></span> <span class='ocrx_word' id='word_1_499' title='bbox 1178 4913 1261 4953; x_wconf 88' lang='lat' dir='ltr'><strong>res</strong></span> <span class='ocrx_word' id='word_1_500' title='bbox 1300 4900 1589 4967; x_wconf 85' lang='lat' dir='ltr'><strong>paternitas</strong></span> <span class='ocrx_word' id='word_1_501' title='bbox 1627 4901 1967 4957; x_wconf 85' lang='lat' dir='ltr'><strong>nominatur:</strong></span> <span class='ocrx_word' id='word_1_502' title='bbox 2022 4904 2144 4972; x_wconf 87' lang='lat' dir='ltr'><strong>quia</strong></span> 
     </span>
    </p>
   </div>
   <div class='ocr_carea' id='block_1_69' title="bbox 574 4987 2145 5060">
    <p class='ocr_par' dir='ltr' id='par_1_69' title="bbox 574 4987 2145 5060">
     <span class='ocr_line' id='line_1_69' title="bbox 574 4987 2145 5060; baseline 0.003 -16"><span class='ocrx_word' id='word_1_503' title='bbox 574 5002 693 5044; x_wconf 80' lang='lat' dir='ltr'><strong>eum</strong></span> <span class='ocrx_word' id='word_1_504' title='bbox 734 4987 823 5043; x_wconf 85' lang='lat' dir='ltr'><strong>ille</strong></span> <span class='ocrx_word' id='word_1_505' title='bbox 862 4989 1017 5044; x_wconf 89' lang='lat' dir='ltr'><strong>nobis</strong></span> <span class='ocrx_word' id='word_1_506' title='bbox 1050 4999 1199 5058; x_wconf 85' lang='lat' dir='ltr'><strong>pater</strong></span> <span class='ocrx_word' id='word_1_507' title='bbox 1238 4992 1439 5060; x_wconf 87' lang='lat' dir='ltr'><strong>primus</strong></span> <span class='ocrx_word' id='word_1_508' title='bbox 1476 5002 1531 5045; x_wconf 91' lang='lat' dir='ltr'><strong>et</strong></span> <span class='ocrx_word' id='word_1_509' title='bbox 1560 5007 1717 5047; x_wconf 85' lang='lat' dir='ltr'><strong>verus</strong></span> <span class='ocrx_word' id='word_1_510' title='bbox 1754 4993 1850 5057; x_wconf 87' lang='lat' dir='ltr'><strong>sit,</strong></span> <span class='ocrx_word' id='word_1_511' title='bbox 1894 4994 1959 5048; x_wconf 89' lang='lat' dir='ltr'><strong>ab</strong></span> <span class='ocrx_word' id='word_1_512' title='bbox 2003 4994 2145 5052; x_wconf 83' lang='lat' dir='ltr'><strong>illius</strong></span> 
     </span>
    </p>
   </div>
   <div class='ocr_carea' id='block_1_70' title="bbox 574 5078 2147 5152">
    <p class='ocr_par' dir='ltr' id='par_1_70' title="bbox 574 5078 2147 5152">
     <span class='ocr_line' id='line_1_70' title="bbox 574 5078 2147 5152; baseline 0.003 -19"><span class='ocrx_word' id='word_1_513' title='bbox 574 5078 788 5133; x_wconf 88' lang='lat' dir='ltr'><strong>nomine</strong></span> <span class='ocrx_word' id='word_1_514' title='bbox 816 5079 1105 5145; x_wconf 85' lang='lat' dir='ltr'><strong>derivatur,</strong></span> <span class='ocrx_word' id='word_1_515' title='bbox 1148 5095 1178 5134; x_wconf 88' lang='lat' dir='ltr'><strong>a</strong></span> <span class='ocrx_word' id='word_1_516' title='bbox 1214 5096 1320 5150; x_wconf 89' lang='lat' dir='ltr'><strong>quo</strong></span> <span class='ocrx_word' id='word_1_517' title='bbox 1353 5082 1534 5137; x_wconf 84' lang='lat' dir='ltr'><strong>Patres</strong></span> <span class='ocrx_word' id='word_1_518' title='bbox 1562 5084 1649 5137; x_wconf 83' lang='lat' dir='ltr'><strong>alii</strong></span> <span class='ocrx_word' id='word_1_519' title='bbox 1679 5085 2035 5152; x_wconf 80' lang='lat' dir='ltr'><strong>appellantur.</strong></span> <span class='ocrx_word' id='word_1_520' title='bbox 2078 5084 2147 5138; x_wconf 90' lang='lat' dir='ltr'><strong>Ut</strong></span> 
     </span>
    </p>
   </div>
   <div class='ocr_carea' id='block_1_71' title="bbox 574 5170 2150 5245">
    <p class='ocr_par' dir='ltr' id='par_1_71' title="bbox 574 5170 2150 5245">
     <span class='ocr_line' id='line_1_71' title="bbox 574 5170 2150 5245; baseline 0.003 -21"><span class='ocrx_word' id='word_1_521' title='bbox 574 5170 657 5225; x_wconf 88' lang='lat' dir='ltr'><strong>det</strong></span> <span class='ocrx_word' id='word_1_522' title='bbox 678 5171 817 5225; x_wconf 79' lang='lat' dir='ltr'><strong>vobis</strong></span> <span class='ocrx_word' id='word_1_523' title='bbox 842 5172 1122 5227; x_wconf 79' lang='lat' dir='ltr'><strong>secundum</strong></span> <span class='ocrx_word' id='word_1_524' title='bbox 1144 5174 1344 5227; x_wconf 84' lang='lat' dir='ltr'><strong>divitias</strong></span> <span class='ocrx_word' id='word_1_525' title='bbox 1366 5173 1546 5245; x_wconf 78' lang='lat' dir='ltr'><strong>gloria:</strong></span> <span class='ocrx_word' id='word_1_526' title='bbox 1565 5191 1689 5230; x_wconf 72' lang='lat' dir='ltr'><strong>suta.</strong></span> <span class='ocrx_word' id='word_1_527' title='bbox 1720 5175 1789 5230; x_wconf 88' lang='lat' dir='ltr'><strong>Ut</strong></span> <span class='ocrx_word' id='word_1_528' title='bbox 1809 5190 1901 5230; x_wconf 84' lang='lat' dir='ltr'><strong>vos</strong></span> <span class='ocrx_word' id='word_1_529' title='bbox 1924 5192 2016 5243; x_wconf 89' lang='lat' dir='ltr'><strong>per</strong></span> <span class='ocrx_word' id='word_1_530' title='bbox 2036 5176 2150 5231; x_wconf 86' lang='lat' dir='ltr'><strong>illu-</strong></span> 
     </span>
    </p>
   </div>
   <div class='ocr_carea' id='block_1_72' title="bbox 574 5263 2146 5335">
    <p class='ocr_par' dir='ltr' id='par_1_72' title="bbox 574 5263 2146 5335">
     <span class='ocr_line' id='line_1_72' title="bbox 574 5263 2146 5335; baseline 0.004 -20"><span class='ocrx_word' id='word_1_531' title='bbox 574 5263 918 5318; x_wconf 85' lang='lat' dir='ltr'><strong>minationem</strong></span> <span class='ocrx_word' id='word_1_532' title='bbox 937 5264 1172 5318; x_wconf 66' lang='lat' dir='ltr'><strong>scicntia:</strong></span> <span class='ocrx_word' id='word_1_533' title='bbox 1192 5265 1493 5319; x_wconf 78' lang='lat' dir='ltr'><strong>divitiarum</strong></span> <span class='ocrx_word' id='word_1_534' title='bbox 1516 5282 1627 5323; x_wconf 77' lang='lat' dir='ltr'><strong>sua:</strong></span> <span class='ocrx_word' id='word_1_535' title='bbox 1645 5267 1829 5335; x_wconf 61' lang='lat' dir='ltr'><strong>gloria;</strong></span> <span class='ocrx_word' id='word_1_536' title='bbox 1845 5267 2146 5323; x_wconf 82' lang='lat' dir='ltr'><strong>conﬁrmet.</strong></span> 
     </span>
    </p>
   </div>
   <div class='ocr_carea' id='block_1_73' title="bbox 582 5354 2152 5429">
    <p class='ocr_par' dir='ltr' id='par_1_73' title="bbox 582 5354 2152 5429">
     <span class='ocr_line' id='line_1_73' title="bbox 582 5354 2152 5429; baseline 0.003 -19"><span class='ocrx_word' id='word_1_537' title='bbox 582 5354 779 5411; x_wconf 82' lang='lat' dir='ltr'><strong>Virtute</strong></span> <span class='ocrx_word' id='word_1_538' title='bbox 822 5358 1138 5411; x_wconf 84' lang='lat' dir='ltr'><strong>corroborari</strong></span> <span class='ocrx_word' id='word_1_539' title='bbox 1184 5373 1275 5427; x_wconf 87' lang='lat' dir='ltr'><strong>per</strong></span> <span class='ocrx_word' id='word_1_540' title='bbox 1297 5359 1547 5429; x_wconf 86' lang='lat' dir='ltr'><strong>Spiritum</strong></span> <span class='ocrx_word' id='word_1_541' title='bbox 1583 5361 1714 5424; x_wconf 81' lang='lat' dir='ltr'><strong>eius.</strong></span> <span class='ocrx_word' id='word_1_542' title='bbox 1768 5359 2054 5428; x_wconf 64' lang='lat' dir='ltr'><strong>Sapientia:</strong></span> <span class='ocrx_word' id='word_1_543' title='bbox 2096 5369 2152 5414; x_wconf 87' lang='lat' dir='ltr'><strong>et</strong></span> 
     </span>
    </p>
   </div>
   <div class='ocr_carea' id='block_1_74' title="bbox 578 5447 2151 5514">
    <p class='ocr_par' dir='ltr' id='par_1_74' title="bbox 578 5447 2151 5514">
     <span class='ocr_line' id='line_1_74' title="bbox 578 5447 2151 5514; baseline 0.002 -15"><span class='ocrx_word' id='word_1_544' title='bbox 578 5447 922 5514; x_wconf 82' lang='lat' dir='ltr'><strong>protectionis</strong></span> <span class='ocrx_word' id='word_1_545' title='bbox 941 5462 1069 5501; x_wconf 66' lang='lat' dir='ltr'><strong>sum.</strong></span> <span class='ocrx_word' id='word_1_546' title='bbox 1100 5448 1163 5500; x_wconf 88' lang='lat' dir='ltr'><strong>In</strong></span> <span class='ocrx_word' id='word_1_547' title='bbox 1185 5449 1412 5503; x_wconf 85' lang='lat' dir='ltr'><strong>interiori</strong></span> <span class='ocrx_word' id='word_1_548' title='bbox 1432 5448 1634 5503; x_wconf 77' lang='lat' dir='ltr'><strong>herniae</strong></span> <span class='ocrx_word' id='word_1_549' title='bbox 1655 5448 1882 5502; x_wconf 75' lang='lat' dir='ltr'><strong>habitare</strong></span> <span class='ocrx_word' id='word_1_550' title='bbox 1899 5449 2151 5503; x_wconf 82' lang='lat' dir='ltr'><strong>Christum</strong></span> 
     </span>
    </p>
   </div>
   <div class='ocr_carea' id='block_1_75' title="bbox 580 5542 2154 5611">
    <p class='ocr_par' dir='ltr' id='par_1_75' title="bbox 580 5542 2154 5611">
     <span class='ocr_line' id='line_1_75' title="bbox 580 5542 2154 5611; baseline 0.001 -17"><span class='ocrx_word' id='word_1_551' title='bbox 580 5557 668 5609; x_wconf 78' lang='lat' dir='ltr'><strong>per</strong></span> <span class='ocrx_word' id='word_1_552' title='bbox 693 5542 846 5609; x_wconf 74' lang='lat' dir='ltr'><strong>[idem</strong></span> <span class='ocrx_word' id='word_1_553' title='bbox 884 5542 937 5595; x_wconf 86' lang='lat' dir='ltr'><strong>in</strong></span> <span class='ocrx_word' id='word_1_554' title='bbox 974 5542 1208 5595; x_wconf 85' lang='lat' dir='ltr'><strong>cordibus</strong></span> <span class='ocrx_word' id='word_1_555' title='bbox 1236 5544 1429 5596; x_wconf 71' lang='lat' dir='ltr'><strong>vestris.</strong></span> <span class='ocrx_word' id='word_1_556' title='bbox 1479 5543 1580 5598; x_wconf 89' lang='lat' dir='ltr'><strong>Ubi</strong></span> <span class='ocrx_word' id='word_1_557' title='bbox 1624 5543 1841 5595; x_wconf 86' lang='lat' dir='ltr'><strong>interior</strong></span> <span class='ocrx_word' id='word_1_558' title='bbox 1874 5544 2031 5595; x_wconf 87' lang='lat' dir='ltr'><strong>homo</strong></span> <span class='ocrx_word' id='word_1_559' title='bbox 2058 5559 2154 5611; x_wconf 88' lang='lat' dir='ltr'><strong>per</strong></span> 
     </span>
    </p>
   </div>
   <div class='ocr_carea' id='block_1_76' title="bbox 582 5630 2152 5698">
    <p class='ocr_par' dir='ltr' id='par_1_76' title="bbox 582 5630 2152 5698">
     <span class='ocr_line' id='line_1_76' title="bbox 582 5630 2152 5698; baseline 0.003 -15"><span class='ocrx_word' id='word_1_560' title='bbox 582 5630 738 5684; x_wconf 79' lang='lat' dir='ltr'><strong>ﬁdem</strong></span> <span class='ocrx_word' id='word_1_561' title='bbox 769 5632 1020 5687; x_wconf 85' lang='lat' dir='ltr'><strong>robustus</strong></span> <span class='ocrx_word' id='word_1_562' title='bbox 1045 5643 1153 5698; x_wconf 86' lang='lat' dir='ltr'><strong>est,</strong></span> <span class='ocrx_word' id='word_1_563' title='bbox 1187 5633 1258 5687; x_wconf 82' lang='lat' dir='ltr'><strong>ibi</strong></span> <span class='ocrx_word' id='word_1_564' title='bbox 1286 5632 1489 5687; x_wconf 79' lang='lat' dir='ltr'><strong>habitat</strong></span> <span class='ocrx_word' id='word_1_565' title='bbox 1516 5632 1775 5697; x_wconf 85' lang='lat' dir='ltr'><strong>Christus,</strong></span> <span class='ocrx_word' id='word_1_566' title='bbox 1804 5649 1907 5687; x_wconf 89' lang='lat' dir='ltr'><strong>non</strong></span> <span class='ocrx_word' id='word_1_567' title='bbox 1941 5633 2027 5688; x_wconf 90' lang='lat' dir='ltr'><strong>ubi</strong></span> <span class='ocrx_word' id='word_1_568' title='bbox 2056 5650 2152 5688; x_wconf 80' lang='lat' dir='ltr'><strong>ex-</strong></span> 
     </span>
    </p>
   </div>
   <div class='ocr_carea' id='block_1_77' title="bbox 582 5723 2154 5796">
    <p class='ocr_par' dir='ltr' id='par_1_77' title="bbox 582 5723 2154 5796">
     <span class='ocr_line' id='line_1_77' title="bbox 582 5723 2154 5796; baseline 0.002 -19"><span class='ocrx_word' id='word_1_569' title='bbox 582 5723 743 5778; x_wconf 88' lang='lat' dir='ltr'><strong>terior</strong></span> <span class='ocrx_word' id='word_1_570' title='bbox 768 5724 1058 5796; x_wconf 59' lang='lat' dir='ltr'><strong>saginatus.</strong></span> <span class='ocrx_word' id='word_1_571' title='bbox 1098 5723 1167 5780; x_wconf 71' lang='lat' dir='ltr'><strong>In</strong></span> <span class='ocrx_word' id='word_1_572' title='bbox 1201 5724 1463 5779; x_wconf 83' lang='lat' dir='ltr'><strong>charitate.</strong></span> <span class='ocrx_word' id='word_1_573' title='bbox 1514 5724 1580 5780; x_wconf 87' lang='lat' dir='ltr'><strong>Ut</strong></span> <span class='ocrx_word' id='word_1_574' title='bbox 1618 5739 1737 5780; x_wconf 87' lang='lat' dir='ltr'><strong>eum</strong></span> <span class='ocrx_word' id='word_1_575' title='bbox 1777 5724 1998 5796; x_wconf 74' lang='lat' dir='ltr'><strong>cognitis</strong></span> <span class='ocrx_word' id='word_1_576' title='bbox 2037 5724 2154 5796; x_wconf 81' lang='lat' dir='ltr'><strong>ejus</strong></span> 
     </span>
    </p>
   </div>
   <div class='ocr_carea' id='block_1_78' title="bbox 2240 1859 3812 1932">
    <p class='ocr_par' dir='ltr' id='par_1_78' title="bbox 2240 1859 3812 1932">
     <span class='ocr_line' id='line_1_78' title="bbox 2240 1859 3812 1932; baseline -0.008 -10"><span class='ocrx_word' id='word_1_577' title='bbox 2240 1868 2601 1932; x_wconf 77' lang='lat' dir='ltr'><strong>Profundum,</strong></span> <span class='ocrx_word' id='word_1_578' title='bbox 2648 1866 2785 1919; x_wconf 89' lang='lat' dir='ltr'><strong>unde</strong></span> <span class='ocrx_word' id='word_1_579' title='bbox 2828 1863 3051 1932; x_wconf 80' lang='lat' dir='ltr'><strong>gratuita</strong></span> <span class='ocrx_word' id='word_1_580' title='bbox 3083 1862 3247 1929; x_wconf 71' lang='lat' dir='ltr'><strong>gratia</strong></span> <span class='ocrx_word' id='word_1_581' title='bbox 3278 1859 3369 1913; x_wconf 91' lang='lat' dir='ltr'><strong>Dei</strong></span> <span class='ocrx_word' id='word_1_582' title='bbox 3404 1860 3705 1912; x_wconf 81' lang='lat' dir='ltr'><strong>secundum</strong></span> <span class='ocrx_word' id='word_1_583' title='bbox 3733 1876 3812 1921; x_wconf 81' lang='lat' dir='ltr'><strong>se-</strong></span> 
     </span>
    </p>
   </div>
   <div class='ocr_carea' id='block_1_79' title="bbox 2236 1952 3811 2023">
    <p class='ocr_par' dir='ltr' id='par_1_79' title="bbox 2236 1952 3811 2023">
     <span class='ocr_line' id='line_1_79' title="bbox 2236 1952 3811 2023; baseline -0.01 -7"><span class='ocrx_word' id='word_1_584' title='bbox 2236 1972 2441 2016; x_wconf 89' lang='lat' dir='ltr'><strong>cretum</strong></span> <span class='ocrx_word' id='word_1_585' title='bbox 2472 1958 2761 2013; x_wconf 83' lang='lat' dir='ltr'><strong>voluntatis</strong></span> <span class='ocrx_word' id='word_1_586' title='bbox 2787 1957 2901 2023; x_wconf 85' lang='lat' dir='ltr'><strong>eius</strong></span> <span class='ocrx_word' id='word_1_587' title='bbox 2930 1955 3129 2009; x_wconf 81' lang='lat' dir='ltr'><strong>existit.</strong></span> <span class='ocrx_word' id='word_1_588' title='bbox 3177 1952 3322 2007; x_wconf 86' lang='lat' dir='ltr'><strong>Scire</strong></span> <span class='ocrx_word' id='word_1_589' title='bbox 3349 1952 3505 2003; x_wconf 85' lang='lat' dir='ltr'><strong>etiam</strong></span> <span class='ocrx_word' id='word_1_590' title='bbox 3536 1954 3811 2015; x_wconf 58' lang='lat' dir='ltr'><strong>superanti.</strong></span> 
     </span>
    </p>
   </div>
   <div class='ocr_carea' id='block_1_80' title="bbox 2238 2042 3811 2111">
    <p class='ocr_par' dir='ltr' id='par_1_80' title="bbox 2238 2042 3811 2111">
     <span class='ocr_line' id='line_1_80' title="bbox 2238 2042 3811 2111; baseline -0.004 -9"><span class='ocrx_word' id='word_1_591' title='bbox 2238 2062 2434 2103; x_wconf 87' lang='lat' dir='ltr'><strong>nentem</strong></span> <span class='ocrx_word' id='word_1_592' title='bbox 2455 2050 2675 2103; x_wconf 77' lang='lat' dir='ltr'><strong>scientiw</strong></span> <span class='ocrx_word' id='word_1_593' title='bbox 2697 2047 2992 2100; x_wconf 85' lang='lat' dir='ltr'><strong>eharitatem</strong></span> <span class='ocrx_word' id='word_1_594' title='bbox 3015 2043 3220 2103; x_wconf 82' lang='lat' dir='ltr'><strong>Christi.</strong></span> <span class='ocrx_word' id='word_1_595' title='bbox 3251 2042 3409 2111; x_wconf 78' lang='lat' dir='ltr'><strong>Supe:</strong></span> <span class='ocrx_word' id='word_1_596' title='bbox 3424 2044 3633 2097; x_wconf 79' lang='lat' dir='ltr'><strong>eminet</strong></span> <span class='ocrx_word' id='word_1_597' title='bbox 3653 2043 3811 2097; x_wconf 83' lang='lat' dir='ltr'><strong>scien-</strong></span> 
     </span>
    </p>
   </div>
   <div class='ocr_carea' id='block_1_81' title="bbox 2243 2133 3811 2202">
    <p class='ocr_par' dir='ltr' id='par_1_81' title="bbox 2243 2133 3811 2202">
     <span class='ocr_line' id='line_1_81' title="bbox 2243 2133 3811 2202; baseline -0.008 -8"><span class='ocrx_word' id='word_1_598' title='bbox 2243 2143 2325 2194; x_wconf 71' lang='lat' dir='ltr'><strong>tia:</strong></span> <span class='ocrx_word' id='word_1_599' title='bbox 2373 2140 2605 2193; x_wconf 88' lang='lat' dir='ltr'><strong>charitas</strong></span> <span class='ocrx_word' id='word_1_600' title='bbox 2670 2136 2899 2202; x_wconf 51' lang='lat' dir='ltr'><strong>Christi,</strong></span> <span class='ocrx_word' id='word_1_601' title='bbox 2958 2144 3013 2187; x_wconf 91' lang='lat' dir='ltr'><strong>nt</strong></span> <span class='ocrx_word' id='word_1_602' title='bbox 3066 2148 3132 2192; x_wconf 81' lang='lat' dir='ltr'><strong>ex</strong></span> <span class='ocrx_word' id='word_1_603' title='bbox 3184 2135 3292 2201; x_wconf 88' lang='lat' dir='ltr'><strong>ipsa</strong></span> <span class='ocrx_word' id='word_1_604' title='bbox 3349 2144 3641 2197; x_wconf 81' lang='lat' dir='ltr'><strong>nascatur,</strong></span> <span class='ocrx_word' id='word_1_605' title='bbox 3694 2133 3811 2185; x_wconf 84' lang='lat' dir='ltr'><strong>sient</strong></span> 
     </span>
    </p>
   </div>
   <div class='ocr_carea' id='block_1_82' title="bbox 2238 2220 3810 2296">
    <p class='ocr_par' dir='ltr' id='par_1_82' title="bbox 2238 2220 3810 2296">
     <span class='ocr_line' id='line_1_82' title="bbox 2238 2220 3810 2296; baseline -0.006 -12"><span class='ocrx_word' id='word_1_606' title='bbox 2238 2230 2470 2284; x_wconf 90' lang='lat' dir='ltr'><strong>radicem</strong></span> <span class='ocrx_word' id='word_1_607' title='bbox 2494 2227 2852 2296; x_wconf 84' lang='lat' dir='ltr'><strong>supereminet</strong></span> <span class='ocrx_word' id='word_1_608' title='bbox 2875 2225 3093 2279; x_wconf 79' lang='lat' dir='ltr'><strong>fruetus.</strong></span> <span class='ocrx_word' id='word_1_609' title='bbox 3125 2222 3189 2276; x_wconf 88' lang='lat' dir='ltr'><strong>Ut</strong></span> <span class='ocrx_word' id='word_1_610' title='bbox 3213 2220 3531 2290; x_wconf 84' lang='lat' dir='ltr'><strong>impleamini</strong></span> <span class='ocrx_word' id='word_1_611' title='bbox 3553 2224 3607 2275; x_wconf 86' lang='lat' dir='ltr'><strong>in</strong></span> <span class='ocrx_word' id='word_1_612' title='bbox 3630 2239 3810 2277; x_wconf 73' lang='lat' dir='ltr'><strong>anima</strong></span> 
     </span>
    </p>
   </div>
   <div class='ocr_carea' id='block_1_83' title="bbox 2240 2312 3807 2389">
    <p class='ocr_par' dir='ltr' id='par_1_83' title="bbox 2240 2312 3807 2389">
     <span class='ocr_line' id='line_1_83' title="bbox 2240 2312 3807 2389; baseline -0.005 -16"><span class='ocrx_word' id='word_1_613' title='bbox 2240 2322 2600 2389; x_wconf 85' lang='lat' dir='ltr'><strong>plenitudinem</strong></span> <span class='ocrx_word' id='word_1_614' title='bbox 2626 2317 2738 2373; x_wconf 86' lang='lat' dir='ltr'><strong>Dei.</strong></span> <span class='ocrx_word' id='word_1_615' title='bbox 2780 2316 2846 2372; x_wconf 91' lang='lat' dir='ltr'><strong>Ut</strong></span> <span class='ocrx_word' id='word_1_616' title='bbox 2873 2314 3221 2385; x_wconf 84' lang='lat' dir='ltr'><strong>perﬁciamini</strong></span> <span class='ocrx_word' id='word_1_617' title='bbox 3258 2315 3311 2367; x_wconf 90' lang='lat' dir='ltr'><strong>in</strong></span> <span class='ocrx_word' id='word_1_618' title='bbox 3338 2312 3599 2367; x_wconf 80' lang='lat' dir='ltr'><strong>Omnibus</strong></span> <span class='ocrx_word' id='word_1_619' title='bbox 3626 2312 3807 2367; x_wconf 68' lang='lat' dir='ltr'><strong>ChriSIi</strong></span> 
     </span>
    </p>
   </div>
   <div class='ocr_carea' id='block_1_84' title="bbox 2237 2405 3813 2477">
    <p class='ocr_par' dir='ltr' id='par_1_84' title="bbox 2237 2405 3813 2477">
     <span class='ocr_line' id='line_1_84' title="bbox 2237 2405 3813 2477; baseline -0.006 -12"><span class='ocrx_word' id='word_1_620' title='bbox 2237 2412 2542 2466; x_wconf 84' lang='lat' dir='ltr'><strong>virtutibus.</strong></span> <span class='ocrx_word' id='word_1_621' title='bbox 2576 2408 2642 2463; x_wconf 86' lang='lat' dir='ltr'><strong>Ei</strong></span> <span class='ocrx_word' id='word_1_622' title='bbox 2666 2419 2832 2461; x_wconf 86' lang='lat' dir='ltr'><strong>autem</strong></span> <span class='ocrx_word' id='word_1_623' title='bbox 2855 2407 2942 2477; x_wconf 86' lang='lat' dir='ltr'><strong>qui</strong></span> <span class='ocrx_word' id='word_1_624' title='bbox 2968 2417 3143 2474; x_wconf 85' lang='lat' dir='ltr'><strong>potens</strong></span> <span class='ocrx_word' id='word_1_625' title='bbox 3167 2414 3242 2457; x_wconf 83' lang='lat' dir='ltr'><strong>est</strong></span> <span class='ocrx_word' id='word_1_626' title='bbox 3264 2405 3436 2456; x_wconf 90' lang='lat' dir='ltr'><strong>omnia</strong></span> <span class='ocrx_word' id='word_1_627' title='bbox 3460 2405 3636 2472; x_wconf 82' lang='lat' dir='ltr'><strong>facere</strong></span> <span class='ocrx_word' id='word_1_628' title='bbox 3659 2422 3813 2470; x_wconf 65' lang='lat' dir='ltr'><strong>supa-</strong></span> 
     </span>
    </p>
   </div>
   <div class='ocr_carea' id='block_1_85' title="bbox 2238 2495 3813 2571">
    <p class='ocr_par' dir='ltr' id='par_1_85' title="bbox 2238 2495 3813 2571">
     <span class='ocr_line' id='line_1_85' title="bbox 2238 2495 3813 2571; baseline -0.004 -14"><span class='ocrx_word' id='word_1_629' title='bbox 2238 2504 2550 2557; x_wconf 86' lang='lat' dir='ltr'><strong>abundanter</strong></span> <span class='ocrx_word' id='word_1_630' title='bbox 2580 2517 2732 2566; x_wconf 84' lang='lat' dir='ltr'><strong>quam</strong></span> <span class='ocrx_word' id='word_1_631' title='bbox 2756 2500 2970 2571; x_wconf 83' lang='lat' dir='ltr'><strong>petimus</strong></span> <span class='ocrx_word' id='word_1_632' title='bbox 2998 2507 3087 2550; x_wconf 88' lang='lat' dir='ltr'><strong>aut</strong></span> <span class='ocrx_word' id='word_1_633' title='bbox 3111 2497 3461 2566; x_wconf 84' lang='lat' dir='ltr'><strong>intelligimus.</strong></span> <span class='ocrx_word' id='word_1_634' title='bbox 3493 2495 3813 2564; x_wconf 81' lang='lat' dir='ltr'><strong>Frequenter</strong></span> 
     </span>
    </p>
   </div>
   <div class='ocr_carea' id='block_1_86' title="bbox 2241 2582 3811 2658">
    <p class='ocr_par' dir='ltr' id='par_1_86' title="bbox 2241 2582 3811 2658">
     <span class='ocr_line' id='line_1_86' title="bbox 2241 2582 3811 2658; baseline -0.004 -14"><span class='ocrx_word' id='word_1_635' title='bbox 2241 2590 2441 2658; x_wconf 88' lang='lat' dir='ltr'><strong>majora</strong></span> <span class='ocrx_word' id='word_1_636' title='bbox 2475 2589 2660 2643; x_wconf 82' lang='lat' dir='ltr'><strong>tribuit</strong></span> <span class='ocrx_word' id='word_1_637' title='bbox 2691 2602 2794 2640; x_wconf 88' lang='lat' dir='ltr'><strong>non</strong></span> <span class='ocrx_word' id='word_1_638' title='bbox 2826 2587 2995 2640; x_wconf 90' lang='lat' dir='ltr'><strong>solum</strong></span> <span class='ocrx_word' id='word_1_639' title='bbox 3028 2599 3183 2653; x_wconf 82' lang='lat' dir='ltr'><strong>quam</strong></span> <span class='ocrx_word' id='word_1_640' title='bbox 3217 2583 3480 2651; x_wconf 86' lang='lat' dir='ltr'><strong>petimus,</strong></span> <span class='ocrx_word' id='word_1_641' title='bbox 3526 2582 3625 2637; x_wconf 85' lang='lat' dir='ltr'><strong>sed</strong></span> <span class='ocrx_word' id='word_1_642' title='bbox 3668 2585 3811 2638; x_wconf 78' lang='lat' dir='ltr'><strong>etiam</strong></span> 
     </span>
    </p>
   </div>
   <div class='ocr_carea' id='block_1_87' title="bbox 2241 2673 3810 2750">
    <p class='ocr_par' dir='ltr' id='par_1_87' title="bbox 2241 2673 3810 2750">
     <span class='ocr_line' id='line_1_87' title="bbox 2241 2673 3810 2750; baseline -0.01 -13"><span class='ocrx_word' id='word_1_643' title='bbox 2241 2680 2605 2750; x_wconf 87' lang='lat' dir='ltr'><strong>intelligimus.</strong></span> <span class='ocrx_word' id='word_1_644' title='bbox 2628 2678 2921 2733; x_wconf 84' lang='lat' dir='ltr'><strong>Secundum</strong></span> <span class='ocrx_word' id='word_1_645' title='bbox 2946 2676 3179 2729; x_wconf 83' lang='lat' dir='ltr'><strong>virtutem</strong></span> <span class='ocrx_word' id='word_1_646' title='bbox 3201 2689 3313 2745; x_wconf 74' lang='lat' dir='ltr'><strong>qua:</strong></span> <span class='ocrx_word' id='word_1_647' title='bbox 3332 2684 3581 2741; x_wconf 82' lang='lat' dir='ltr'><strong>operatur</strong></span> <span class='ocrx_word' id='word_1_648' title='bbox 3597 2674 3649 2725; x_wconf 83' lang='lat' dir='ltr'><strong>in</strong></span> <span class='ocrx_word' id='word_1_649' title='bbox 3665 2673 3810 2728; x_wconf 76' lang='lat' dir='ltr'><strong>nobis.</strong></span> 
     </span>
    </p>
   </div>
   <div class='ocr_carea' id='block_1_88' title="bbox 2242 2760 3814 2840">
    <p class='ocr_par' dir='ltr' id='par_1_88' title="bbox 2242 2760 3814 2840">
     <span class='ocr_line' id='line_1_88' title="bbox 2242 2760 3814 2840; baseline -0.008 -12"><span class='ocrx_word' id='word_1_650' title='bbox 2242 2774 2320 2828; x_wconf 81' lang='lat' dir='ltr'><strong>Ex</strong></span> <span class='ocrx_word' id='word_1_651' title='bbox 2348 2760 2544 2827; x_wconf 77' lang='lat' dir='ltr'><strong>virtute</strong></span> <span class='ocrx_word' id='word_1_652' title='bbox 2571 2773 2841 2840; x_wconf 87' lang='lat' dir='ltr'><strong>signorum</strong></span> <span class='ocrx_word' id='word_1_653' title='bbox 2885 2770 2986 2822; x_wconf 90' lang='lat' dir='ltr'><strong>hoc</strong></span> <span class='ocrx_word' id='word_1_654' title='bbox 3016 2766 3382 2835; x_wconf 77' lang='lat' dir='ltr'><strong>intelligimus,</strong></span> <span class='ocrx_word' id='word_1_655' title='bbox 3415 2780 3537 2833; x_wconf 67' lang='lat' dir='ltr'><strong>qum</strong></span> <span class='ocrx_word' id='word_1_656' title='bbox 3570 2774 3814 2833; x_wconf 78' lang='lat' dir='ltr'><strong>Operalur</strong></span> 
     </span>
    </p>
   </div>
   <div class='ocr_carea' id='block_1_89' title="bbox 2241 2855 3815 2929">
    <p class='ocr_par' dir='ltr' id='par_1_89' title="bbox 2241 2855 3815 2929">
     <span class='ocr_line' id='line_1_89' title="bbox 2241 2855 3815 2929; baseline -0.006 -13"><span class='ocrx_word' id='word_1_657' title='bbox 2241 2863 2293 2916; x_wconf 93' lang='lat' dir='ltr'><strong>in</strong></span> <span class='ocrx_word' id='word_1_658' title='bbox 2336 2861 2530 2916; x_wconf 87' lang='lat' dir='ltr'><strong>nobis:</strong></span> <span class='ocrx_word' id='word_1_659' title='bbox 2575 2861 2657 2914; x_wconf 79' lang='lat' dir='ltr'><strong>vel</strong></span> <span class='ocrx_word' id='word_1_660' title='bbox 2699 2857 2953 2929; x_wconf 88' lang='lat' dir='ltr'><strong>quidquid</strong></span> <span class='ocrx_word' id='word_1_661' title='bbox 3004 2857 3125 2910; x_wconf 91' lang='lat' dir='ltr'><strong>boni</strong></span> <span class='ocrx_word' id='word_1_662' title='bbox 3173 2870 3267 2923; x_wconf 85' lang='lat' dir='ltr'><strong>per</strong></span> <span class='ocrx_word' id='word_1_663' title='bbox 3314 2869 3410 2908; x_wconf 92' lang='lat' dir='ltr'><strong>nos</strong></span> <span class='ocrx_word' id='word_1_664' title='bbox 3456 2856 3658 2923; x_wconf 84' lang='lat' dir='ltr'><strong>agitur,</strong></span> <span class='ocrx_word' id='word_1_665' title='bbox 3712 2855 3815 2922; x_wconf 79' lang='lat' dir='ltr'><strong>ipse</strong></span> 
     </span>
    </p>
   </div>
   <div class='ocr_carea' id='block_1_90' title="bbox 2240 2946 3816 3025">
    <p class='ocr_par' dir='ltr' id='par_1_90' title="bbox 2240 2946 3816 3025">
     <span class='ocr_line' id='line_1_90' title="bbox 2240 2946 3816 3025; baseline -0.006 -16"><span class='ocrx_word' id='word_1_666' title='bbox 2240 2964 2490 3025; x_wconf 89' lang='lat' dir='ltr'><strong>operatur</strong></span> <span class='ocrx_word' id='word_1_667' title='bbox 2522 2955 2573 3008; x_wconf 93' lang='lat' dir='ltr'><strong>in</strong></span> <span class='ocrx_word' id='word_1_668' title='bbox 2607 2953 2780 3008; x_wconf 89' lang='lat' dir='ltr'><strong>nobis.</strong></span> <span class='ocrx_word' id='word_1_669' title='bbox 2830 2951 2940 3022; x_wconf 80' lang='lat' dir='ltr'><strong>Ipsi</strong></span> <span class='ocrx_word' id='word_1_670' title='bbox 2966 2950 3131 3019; x_wconf 85' lang='lat' dir='ltr'><strong>gloria</strong></span> <span class='ocrx_word' id='word_1_671' title='bbox 3156 2949 3207 3001; x_wconf 88' lang='lat' dir='ltr'><strong>in</strong></span> <span class='ocrx_word' id='word_1_672' title='bbox 3240 2946 3479 3000; x_wconf 78' lang='lat' dir='ltr'><strong>Ecclesia.</strong></span> <span class='ocrx_word' id='word_1_673' title='bbox 3532 2946 3649 3000; x_wconf 86' lang='lat' dir='ltr'><strong>Nos</strong></span> <span class='ocrx_word' id='word_1_674' title='bbox 3678 2952 3816 2999; x_wconf 51' lang='lat' dir='ltr'><strong>enim</strong></span> 
     </span>
    </p>
   </div>
   <div class='ocr_carea' id='block_1_91' title="bbox 2242 3039 3821 3116">
    <p class='ocr_par' dir='ltr' id='par_1_91' title="bbox 2242 3039 3821 3116">
     <span class='ocr_line' id='line_1_91' title="bbox 2242 3039 3821 3116; baseline -0.01 -10"><span class='ocrx_word' id='word_1_675' title='bbox 2242 3067 2347 3106; x_wconf 92' lang='lat' dir='ltr'><strong>non</strong></span> <span class='ocrx_word' id='word_1_676' title='bbox 2377 3050 2633 3103; x_wconf 88' lang='lat' dir='ltr'><strong>habemus</strong></span> <span class='ocrx_word' id='word_1_677' title='bbox 2664 3049 2803 3101; x_wconf 90' lang='lat' dir='ltr'><strong>unde</strong></span> <span class='ocrx_word' id='word_1_678' title='bbox 2830 3044 3064 3116; x_wconf 84' lang='lat' dir='ltr'><strong>gloriari.</strong></span> <span class='ocrx_word' id='word_1_679' title='bbox 3102 3042 3167 3095; x_wconf 87' lang='lat' dir='ltr'><strong>In</strong></span> <span class='ocrx_word' id='word_1_680' title='bbox 3192 3040 3390 3095; x_wconf 84' lang='lat' dir='ltr'><strong>Christo</strong></span> <span class='ocrx_word' id='word_1_681' title='bbox 3411 3040 3531 3092; x_wconf 83' lang='lat' dir='ltr'><strong>Jesu</strong></span> <span class='ocrx_word' id='word_1_682' title='bbox 3557 3039 3613 3090; x_wconf 87' lang='lat' dir='ltr'><strong>in</strong></span> <span class='ocrx_word' id='word_1_683' title='bbox 3640 3055 3821 3097; x_wconf 72' lang='lat' dir='ltr'><strong>omnes</strong></span> 
     </span>
    </p>
   </div>
   <div class='ocr_carea' id='block_1_92' title="bbox 2166 3127 3819 3213">
    <p class='ocr_par' dir='ltr' id='par_1_92' title="bbox 2166 3127 3819 3213">
     <span class='ocr_line' id='line_1_92' title="bbox 2166 3127 3819 3213; baseline -0.009 -17"><span class='ocrx_word' id='word_1_684' title='bbox 2166 3127 2210 3189; x_wconf 73' lang='grc' dir='ltr'><strong>Ο</strong></span> <span class='ocrx_word' id='word_1_685' title='bbox 2242 3142 2613 3213; x_wconf 83' lang='lat' dir='ltr'><strong>generationes.</strong></span> <span class='ocrx_word' id='word_1_686' title='bbox 2654 3138 2784 3206; x_wconf 87' lang='lat' dir='ltr'><strong>Quia</strong></span> <span class='ocrx_word' id='word_1_687' title='bbox 2816 3138 3035 3191; x_wconf 88' lang='lat' dir='ltr'><strong>veniens</strong></span> <span class='ocrx_word' id='word_1_688' title='bbox 3061 3134 3303 3189; x_wconf 77' lang='lat' dir='ltr'><strong>Christus</strong></span> <span class='ocrx_word' id='word_1_689' title='bbox 3342 3129 3687 3198; x_wconf 79' lang='lat' dir='ltr'><strong>congregavit</strong></span> <span class='ocrx_word' id='word_1_690' title='bbox 3727 3128 3819 3182; x_wconf 79' lang='lat' dir='ltr'><strong>Ec-</strong></span> 
     </span>
    </p>
   </div>
   <div class='ocr_carea' id='block_1_93' title="bbox 2243 3220 3815 3299">
    <p class='ocr_par' dir='ltr' id='par_1_93' title="bbox 2243 3220 3815 3299">
     <span class='ocr_line' id='line_1_93' title="bbox 2243 3220 3815 3299; baseline -0.007 -13"><span class='ocrx_word' id='word_1_691' title='bbox 2243 3234 2458 3288; x_wconf 87' lang='lat' dir='ltr'><strong>clesiam</strong></span> <span class='ocrx_word' id='word_1_692' title='bbox 2486 3233 2551 3285; x_wconf 90' lang='lat' dir='ltr'><strong>ad</strong></span> <span class='ocrx_word' id='word_1_693' title='bbox 2578 3231 2801 3299; x_wconf 82' lang='lat' dir='ltr'><strong>gloriam</strong></span> <span class='ocrx_word' id='word_1_694' title='bbox 2839 3227 2953 3280; x_wconf 88' lang='lat' dir='ltr'><strong>Dei.</strong></span> <span class='ocrx_word' id='word_1_695' title='bbox 3004 3225 3216 3279; x_wconf 74' lang='lat' dir='ltr'><strong>chuli.</strong></span> <span class='ocrx_word' id='word_1_696' title='bbox 3270 3223 3531 3276; x_wconf 84' lang='lat' dir='ltr'><strong>Immensa</strong></span> <span class='ocrx_word' id='word_1_697' title='bbox 3563 3220 3815 3275; x_wconf 69' lang='lat' dir='ltr'><strong>beneﬁcia</strong></span> 
     </span>
    </p>
   </div>
   <div class='ocr_carea' id='block_1_94' title="bbox 2244 3314 3810 3379">
    <p class='ocr_par' dir='ltr' id='par_1_94' title="bbox 2244 3314 3810 3379">
     <span class='ocr_line' id='line_1_94' title="bbox 2244 3314 3810 3379; baseline -0.007 -1"><span class='ocrx_word' id='word_1_698' title='bbox 2244 3325 2518 3379; x_wconf 82' lang='lat' dir='ltr'><strong>immensis</strong></span> <span class='ocrx_word' id='word_1_699' title='bbox 2574 3322 2816 3376; x_wconf 86' lang='lat' dir='ltr'><strong>laudibus</strong></span> <span class='ocrx_word' id='word_1_700' title='bbox 2872 3317 3186 3373; x_wconf 82' lang='lat' dir='ltr'><strong>celebranda</strong></span> <span class='ocrx_word' id='word_1_701' title='bbox 3256 3322 3398 3369; x_wconf 68' lang='lat' dir='ltr'><strong>sunt.</strong></span> <span class='ocrx_word' id='word_1_702' title='bbox 3473 3314 3810 3367; x_wconf 77' lang='lat' dir='ltr'><strong>Strculorunt.</strong></span> 
     </span>
    </p>
   </div>
   <div class='ocr_carea' id='block_1_95' title="bbox 2245 3402 3810 3479">
    <p class='ocr_par' dir='ltr' id='par_1_95' title="bbox 2245 3402 3810 3479">
     <span class='ocr_line' id='line_1_95' title="bbox 2245 3402 3810 3479; baseline -0.008 -13"><span class='ocrx_word' id='word_1_703' title='bbox 2245 3412 2423 3466; x_wconf 84' lang='lat' dir='ltr'><strong>Amen.</strong></span> <span class='ocrx_word' id='word_1_704' title='bbox 2456 3412 2737 3479; x_wconf 80' lang='lat' dir='ltr'><strong>ﬂuensque</strong></span> <span class='ocrx_word' id='word_1_705' title='bbox 2776 3410 2843 3463; x_wconf 84' lang='lat' dir='ltr'><strong>de</strong></span> <span class='ocrx_word' id='word_1_706' title='bbox 2881 3408 3134 3478; x_wconf 84' lang='lat' dir='ltr'><strong>mysterio</strong></span> <span class='ocrx_word' id='word_1_707' title='bbox 3173 3405 3564 3459; x_wconf 84' lang='lat' dir='ltr'><strong>lncarnationis</strong></span> <span class='ocrx_word' id='word_1_708' title='bbox 3602 3402 3810 3461; x_wconf 86' lang='lat' dir='ltr'><strong>Christi.</strong></span> 
     </span>
    </p>
   </div>
   <div class='ocr_carea' id='block_1_96' title="bbox 2244 3496 3813 3571">
    <p class='ocr_par' dir='ltr' id='par_1_96' title="bbox 2244 3496 3813 3571">
     <span class='ocr_line' id='line_1_96' title="bbox 2244 3496 3813 3571; baseline -0.004 -16"><span class='ocrx_word' id='word_1_709' title='bbox 2244 3517 2293 3559; x_wconf 82' lang='lat' dir='ltr'><strong>et</strong></span> <span class='ocrx_word' id='word_1_710' title='bbox 2329 3504 2397 3560; x_wconf 87' lang='lat' dir='ltr'><strong>de</strong></span> <span class='ocrx_word' id='word_1_711' title='bbox 2431 3502 2706 3557; x_wconf 78' lang='lat' dir='ltr'><strong>vocatione</strong></span> <span class='ocrx_word' id='word_1_712' title='bbox 2734 3505 2992 3571; x_wconf 85' lang='lat' dir='ltr'><strong>gentium,</strong></span> <span class='ocrx_word' id='word_1_713' title='bbox 3026 3508 3079 3553; x_wconf 90' lang='lat' dir='ltr'><strong>et</strong></span> <span class='ocrx_word' id='word_1_714' title='bbox 3112 3497 3312 3555; x_wconf 85' lang='lat' dir='ltr'><strong>unitate</strong></span> <span class='ocrx_word' id='word_1_715' title='bbox 3343 3512 3465 3552; x_wconf 86' lang='lat' dir='ltr'><strong>cum</strong></span> <span class='ocrx_word' id='word_1_716' title='bbox 3498 3496 3708 3552; x_wconf 72' lang='lat' dir='ltr'><strong>.ludzeis</strong></span> <span class='ocrx_word' id='word_1_717' title='bbox 3736 3512 3813 3565; x_wconf 80' lang='lat' dir='ltr'><strong>per</strong></span> 
     </span>
    </p>
   </div>
   <div class='ocr_carea' id='block_1_97' title="bbox 2248 3588 3812 3662">
    <p class='ocr_par' dir='ltr' id='par_1_97' title="bbox 2248 3588 3812 3662">
     <span class='ocr_line' id='line_1_97' title="bbox 2248 3588 3812 3662; baseline -0.006 -14"><span class='ocrx_word' id='word_1_718' title='bbox 2248 3594 2590 3662; x_wconf 79' lang='lat' dir='ltr'><strong>Evangeliutn</strong></span> <span class='ocrx_word' id='word_1_719' title='bbox 2623 3593 2786 3655; x_wconf 80' lang='lat' dir='ltr'><strong>facta;</strong></span> <span class='ocrx_word' id='word_1_720' title='bbox 2816 3592 2930 3659; x_wconf 85' lang='lat' dir='ltr'><strong>ejus</strong></span> <span class='ocrx_word' id='word_1_721' title='bbox 2960 3589 3266 3661; x_wconf 76' lang='lat' dir='ltr'><strong>mysterium</strong></span> <span class='ocrx_word' id='word_1_722' title='bbox 3308 3588 3728 3657; x_wconf 18' lang='lat' dir='ltr'><strong>ipsersnscepit,</strong></span> <span class='ocrx_word' id='word_1_723' title='bbox 3768 3596 3812 3646; x_wconf 85' lang='lat' dir='ltr'><strong>ut</strong></span> 
     </span>
    </p>
   </div>
   <div class='ocr_carea' id='block_1_98' title="bbox 2247 3681 3812 3757">
    <p class='ocr_par' dir='ltr' id='par_1_98' title="bbox 2247 3681 3812 3757">
     <span class='ocr_line' id='line_1_98' title="bbox 2247 3681 3812 3757; baseline -0.004 -16"><span class='ocrx_word' id='word_1_724' title='bbox 2247 3703 2340 3757; x_wconf 87' lang='lat' dir='ltr'><strong>per</strong></span> <span class='ocrx_word' id='word_1_725' title='bbox 2361 3688 2538 3744; x_wconf 89' lang='lat' dir='ltr'><strong>omnia</strong></span> <span class='ocrx_word' id='word_1_726' title='bbox 2572 3702 2662 3753; x_wconf 89' lang='lat' dir='ltr'><strong>per</strong></span> <span class='ocrx_word' id='word_1_727' title='bbox 2688 3685 2909 3753; x_wconf 83' lang='lat' dir='ltr'><strong>gratiam</strong></span> <span class='ocrx_word' id='word_1_728' title='bbox 2941 3684 3031 3740; x_wconf 87' lang='lat' dir='ltr'><strong>Dei</strong></span> <span class='ocrx_word' id='word_1_729' title='bbox 3058 3682 3222 3737; x_wconf 85' lang='lat' dir='ltr'><strong>verbo</strong></span> <span class='ocrx_word' id='word_1_730' title='bbox 3251 3688 3305 3734; x_wconf 89' lang='lat' dir='ltr'><strong>et</strong></span> <span class='ocrx_word' id='word_1_731' title='bbox 3334 3681 3586 3735; x_wconf 89' lang='lat' dir='ltr'><strong>oratione</strong></span> <span class='ocrx_word' id='word_1_732' title='bbox 3615 3696 3713 3734; x_wconf 88' lang='lat' dir='ltr'><strong>sua</strong></span> <span class='ocrx_word' id='word_1_733' title='bbox 3738 3696 3812 3735; x_wconf 80' lang='lat' dir='ltr'><strong>eos</strong></span> 
     </span>
    </p>
   </div>
   <div class='ocr_carea' id='block_1_99' title="bbox 2244 3774 3046 3847">
    <p class='ocr_par' dir='ltr' id='par_1_99' title="bbox 2244 3774 3046 3847">
     <span class='ocr_line' id='line_1_99' title="bbox 2244 3774 3046 3847; baseline -0.007 -14"><span class='ocrx_word' id='word_1_734' title='bbox 2244 3779 2495 3833; x_wconf 81' lang='lat' dir='ltr'><strong>exhibere</strong></span> <span class='ocrx_word' id='word_1_735' title='bbox 2523 3776 2785 3847; x_wconf 79' lang='lat' dir='ltr'><strong>perfectos</strong></span> <span class='ocrx_word' id='word_1_736' title='bbox 2814 3774 3046 3830; x_wconf 87' lang='lat' dir='ltr'><strong>edocuit.</strong></span> 
     </span>
    </p>
   </div>
   <div class='ocr_carea' id='block_1_100' title="bbox 2314 3893 3817 3964">
    <p class='ocr_par' dir='ltr' id='par_1_100' title="bbox 2314 3893 3817 3964">
     <span class='ocr_line' id='line_1_100' title="bbox 2314 3893 3817 3964; baseline -0.006 -10"><span class='ocrx_word' id='word_1_737' title='bbox 2314 3897 2443 3954; x_wconf 79' lang='lat' dir='ltr'><strong>CAP.</strong></span> <span class='ocrx_word' id='word_1_738' title='bbox 2460 3915 2531 3953; x_wconf 88' lang='lat' dir='ltr'><strong>tv.</strong></span> <span class='ocrx_word' id='word_1_739' title='bbox 2556 3896 2770 3951; x_wconf 84' lang='lat' dir='ltr'><strong>Obsecro</strong></span> <span class='ocrx_word' id='word_1_740' title='bbox 2792 3896 2955 3964; x_wconf 85' lang='lat' dir='ltr'><strong>itaque</strong></span> <span class='ocrx_word' id='word_1_741' title='bbox 2975 3911 3078 3958; x_wconf 87' lang='lat' dir='ltr'><strong>vos,</strong></span> <span class='ocrx_word' id='word_1_742' title='bbox 3097 3910 3187 3963; x_wconf 88' lang='lat' dir='ltr'><strong>ego</strong></span> <span class='ocrx_word' id='word_1_743' title='bbox 3210 3894 3402 3947; x_wconf 83' lang='lat' dir='ltr'><strong>vinctus</strong></span> <span class='ocrx_word' id='word_1_744' title='bbox 3422 3893 3476 3945; x_wconf 88' lang='lat' dir='ltr'><strong>in</strong></span> <span class='ocrx_word' id='word_1_745' title='bbox 3504 3893 3746 3957; x_wconf 87' lang='lat' dir='ltr'><strong>Domino,</strong></span> <span class='ocrx_word' id='word_1_746' title='bbox 3772 3902 3817 3951; x_wconf 69' lang='lat' dir='ltr'><strong>ut</strong></span> 
     </span>
    </p>
   </div>
   <div class='ocr_carea' id='block_1_101' title="bbox 2247 3985 3821 4059">
    <p class='ocr_par' dir='ltr' id='par_1_101' title="bbox 2247 3985 3821 4059">
     <span class='ocr_line' id='line_1_101' title="bbox 2247 3985 3821 4059; baseline -0.006 -17"><span class='ocrx_word' id='word_1_747' title='bbox 2247 3990 2395 4059; x_wconf 81' lang='lat' dir='ltr'><strong>digne</strong></span> <span class='ocrx_word' id='word_1_748' title='bbox 2441 3989 2705 4042; x_wconf 86' lang='lat' dir='ltr'><strong>ambuletis</strong></span> <span class='ocrx_word' id='word_1_749' title='bbox 2739 3987 3000 4040; x_wconf 88' lang='lat' dir='ltr'><strong>vocatione</strong></span> <span class='ocrx_word' id='word_1_750' title='bbox 3036 4002 3135 4054; x_wconf 88' lang='lat' dir='ltr'><strong>qua</strong></span> <span class='ocrx_word' id='word_1_751' title='bbox 3178 3985 3339 4036; x_wconf 74' lang='lat' dir='ltr'><strong>vocati</strong></span> <span class='ocrx_word' id='word_1_752' title='bbox 3371 3986 3515 4036; x_wconf 85' lang='lat' dir='ltr'><strong>estis.</strong></span> <span class='ocrx_word' id='word_1_753' title='bbox 3573 3986 3686 4053; x_wconf 76' lang='lat' dir='ltr'><strong>Ego</strong></span> <span class='ocrx_word' id='word_1_754' title='bbox 3734 3999 3821 4038; x_wconf 71' lang='lat' dir='ltr'><strong>ros</strong></span> 
     </span>
    </p>
   </div>
   <div class='ocr_carea' id='block_1_102' title="bbox 2248 4077 3819 4150">
    <p class='ocr_par' dir='ltr' id='par_1_102' title="bbox 2248 4077 3819 4150">
     <span class='ocr_line' id='line_1_102' title="bbox 2248 4077 3819 4150; baseline -0.003 -15"><span class='ocrx_word' id='word_1_755' title='bbox 2248 4098 2397 4149; x_wconf 85' lang='lat' dir='ltr'><strong>rogo,</strong></span> <span class='ocrx_word' id='word_1_756' title='bbox 2431 4083 2519 4150; x_wconf 90' lang='lat' dir='ltr'><strong>qui</strong></span> <span class='ocrx_word' id='word_1_757' title='bbox 2550 4080 2716 4138; x_wconf 85' lang='lat' dir='ltr'><strong>vestri</strong></span> <span class='ocrx_word' id='word_1_758' title='bbox 2747 4094 2906 4134; x_wconf 88' lang='lat' dir='ltr'><strong>causa</strong></span> <span class='ocrx_word' id='word_1_759' title='bbox 2937 4093 3054 4132; x_wconf 89' lang='lat' dir='ltr'><strong>sum</strong></span> <span class='ocrx_word' id='word_1_760' title='bbox 3086 4077 3319 4145; x_wconf 87' lang='lat' dir='ltr'><strong>vinctus,</strong></span> <span class='ocrx_word' id='word_1_761' title='bbox 3362 4086 3422 4131; x_wconf 93' lang='lat' dir='ltr'><strong>ut</strong></span> <span class='ocrx_word' id='word_1_762' title='bbox 3447 4092 3545 4131; x_wconf 85' lang='lat' dir='ltr'><strong>vos</strong></span> <span class='ocrx_word' id='word_1_763' title='bbox 3576 4078 3668 4132; x_wconf 89' lang='lat' dir='ltr'><strong>Dei</strong></span> <span class='ocrx_word' id='word_1_764' title='bbox 3698 4079 3819 4133; x_wconf 75' lang='lat' dir='ltr'><strong>tilias</strong></span> 
     </span>
    </p>
   </div>
   <div class='ocr_carea' id='block_1_103' title="bbox 2248 4170 3823 4242">
    <p class='ocr_par' dir='ltr' id='par_1_103' title="bbox 2248 4170 3823 4242">
     <span class='ocr_line' id='line_1_103' title="bbox 2248 4170 3823 4242; baseline -0.002 -16"><span class='ocrx_word' id='word_1_765' title='bbox 2248 4181 2608 4242; x_wconf 82' lang='lat' dir='ltr'><strong>agnoscentes</strong></span> <span class='ocrx_word' id='word_1_766' title='bbox 2631 4172 2789 4241; x_wconf 80' lang='lat' dir='ltr'><strong>digne</strong></span> <span class='ocrx_word' id='word_1_767' title='bbox 2824 4178 2970 4225; x_wconf 87' lang='lat' dir='ltr'><strong>tanto</strong></span> <span class='ocrx_word' id='word_1_768' title='bbox 3010 4170 3212 4225; x_wconf 83' lang='lat' dir='ltr'><strong>honore</strong></span> <span class='ocrx_word' id='word_1_769' title='bbox 3240 4171 3635 4224; x_wconf 83' lang='lat' dir='ltr'><strong>conversemini</strong></span> <span class='ocrx_word' id='word_1_770' title='bbox 3662 4189 3675 4221; x_wconf 90' lang='lat'><strong>:</strong></span> <span class='ocrx_word' id='word_1_771' title='bbox 3708 4172 3823 4237; x_wconf 83' lang='lat' dir='ltr'><strong>quia</strong></span> 
     </span>
    </p>
   </div>
   <div class='ocr_carea' id='block_1_104' title="bbox 2246 4262 3823 4334">
    <p class='ocr_par' dir='ltr' id='par_1_104' title="bbox 2246 4262 3823 4334">
     <span class='ocr_line' id='line_1_104' title="bbox 2246 4262 3823 4334; baseline -0.003 -14"><span class='ocrx_word' id='word_1_772' title='bbox 2246 4280 2576 4334; x_wconf 74' lang='lat' dir='ltr'><strong>unaaneque</strong></span> <span class='ocrx_word' id='word_1_773' title='bbox 2606 4264 2834 4333; x_wconf 87' lang='lat' dir='ltr'><strong>dignitas</strong></span> <span class='ocrx_word' id='word_1_774' title='bbox 2874 4264 3036 4318; x_wconf 82' lang='lat' dir='ltr'><strong>habet</strong></span> <span class='ocrx_word' id='word_1_775' title='bbox 3074 4263 3287 4332; x_wconf 85' lang='lat' dir='ltr'><strong>propria</strong></span> <span class='ocrx_word' id='word_1_776' title='bbox 3326 4262 3603 4323; x_wconf 83' lang='lat' dir='ltr'><strong>instituta,</strong></span> <span class='ocrx_word' id='word_1_777' title='bbox 3635 4262 3823 4329; x_wconf 80' lang='lat' dir='ltr'><strong>quibus</strong></span> 
     </span>
    </p>
   </div>
   <div class='ocr_carea' id='block_1_105' title="bbox 2248 4352 3821 4426">
    <p class='ocr_par' dir='ltr' id='par_1_105' title="bbox 2248 4352 3821 4426">
     <span class='ocr_line' id='line_1_105' title="bbox 2248 4352 3821 4426; baseline -0.004 -16"><span class='ocrx_word' id='word_1_778' title='bbox 2248 4356 2574 4426; x_wconf 80' lang='lat' dir='ltr'><strong>agnoscitur,</strong></span> <span class='ocrx_word' id='word_1_779' title='bbox 2624 4362 2680 4408; x_wconf 89' lang='lat' dir='ltr'><strong>et</strong></span> <span class='ocrx_word' id='word_1_780' title='bbox 2728 4354 2955 4418; x_wconf 82' lang='lat' dir='ltr'><strong>mentis,</strong></span> <span class='ocrx_word' id='word_1_781' title='bbox 3007 4362 3063 4409; x_wconf 89' lang='lat' dir='ltr'><strong>et</strong></span> <span class='ocrx_word' id='word_1_782' title='bbox 3111 4352 3387 4420; x_wconf 87' lang='lat' dir='ltr'><strong>corporis.</strong></span> <span class='ocrx_word' id='word_1_783' title='bbox 3449 4367 3515 4406; x_wconf 90' lang='lat' dir='ltr'><strong>ne</strong></span> <span class='ocrx_word' id='word_1_784' title='bbox 3566 4352 3685 4405; x_wconf 80' lang='lat' dir='ltr'><strong>licta</strong></span> <span class='ocrx_word' id='word_1_785' title='bbox 3737 4352 3821 4403; x_wconf 84' lang='lat' dir='ltr'><strong>sit.</strong></span> 
     </span>
    </p>
   </div>
   <div class='ocr_carea' id='block_1_106' title="bbox 2250 4440 3825 4508">
    <p class='ocr_par' dir='ltr' id='par_1_106' title="bbox 2250 4440 3825 4508">
     <span class='ocr_line' id='line_1_106' title="bbox 2250 4440 3825 4508; baseline -0.006 -7"><span class='ocrx_word' id='word_1_786' title='bbox 2250 4446 2375 4501; x_wconf 87' lang='lat' dir='ltr'><strong>Cum</strong></span> <span class='ocrx_word' id='word_1_787' title='bbox 2400 4447 2535 4500; x_wconf 81' lang='lat' dir='ltr'><strong>omni</strong></span> <span class='ocrx_word' id='word_1_788' title='bbox 2559 4444 2865 4508; x_wconf 82' lang='lat' dir='ltr'><strong>humilitate,</strong></span> <span class='ocrx_word' id='word_1_789' title='bbox 2887 4452 2935 4497; x_wconf 87' lang='lat' dir='ltr'><strong>et</strong></span> <span class='ocrx_word' id='word_1_790' title='bbox 2961 4443 3364 4498; x_wconf 84' lang='lat' dir='ltr'><strong>mansuetudine.</strong></span> <span class='ocrx_word' id='word_1_791' title='bbox 3396 4441 3681 4495; x_wconf 78' lang='lat' dir='ltr'><strong>llumilitas</strong></span> <span class='ocrx_word' id='word_1_792' title='bbox 3700 4440 3825 4492; x_wconf 85' lang='lat' dir='ltr'><strong>nihil</strong></span> 
     </span>
    </p>
   </div>
   <div class='ocr_carea' id='block_1_107' title="bbox 2253 4532 3825 4595">
    <p class='ocr_par' dir='ltr' id='par_1_107' title="bbox 2253 4532 3825 4595">
     <span class='ocr_line' id='line_1_107' title="bbox 2253 4532 3825 4595; baseline -0.005 -6"><span class='ocrx_word' id='word_1_793' title='bbox 2253 4538 2351 4591; x_wconf 71' lang='lat' dir='ltr'><strong>sibi</strong></span> <span class='ocrx_word' id='word_1_794' title='bbox 2392 4537 2660 4593; x_wconf 86' lang='lat' dir='ltr'><strong>vindicat:</strong></span> <span class='ocrx_word' id='word_1_795' title='bbox 2703 4542 3015 4589; x_wconf 87' lang='lat' dir='ltr'><strong>mansuetus</strong></span> <span class='ocrx_word' id='word_1_796' title='bbox 3054 4532 3182 4586; x_wconf 91' lang='lat' dir='ltr'><strong>nihil</strong></span> <span class='ocrx_word' id='word_1_797' title='bbox 3222 4541 3417 4595; x_wconf 88' lang='lat' dir='ltr'><strong>nocet,</strong></span> <span class='ocrx_word' id='word_1_798' title='bbox 3460 4533 3590 4585; x_wconf 90' lang='lat' dir='ltr'><strong>nulli</strong></span> <span class='ocrx_word' id='word_1_799' title='bbox 3633 4532 3825 4583; x_wconf 67' lang='lat' dir='ltr'><strong>malum</strong></span> 
     </span>
    </p>
   </div>
   <div class='ocr_carea' id='block_1_108' title="bbox 2253 4624 3827 4699">
    <p class='ocr_par' dir='ltr' id='par_1_108' title="bbox 2253 4624 3827 4699">
     <span class='ocr_line' id='line_1_108' title="bbox 2253 4624 3827 4699; baseline -0.006 -15"><span class='ocrx_word' id='word_1_800' title='bbox 2253 4645 2349 4699; x_wconf 87' lang='lat' dir='ltr'><strong>pro</strong></span> <span class='ocrx_word' id='word_1_801' title='bbox 2380 4630 2518 4683; x_wconf 89' lang='lat' dir='ltr'><strong>malo</strong></span> <span class='ocrx_word' id='word_1_802' title='bbox 2546 4628 2743 4685; x_wconf 79' lang='lat' dir='ltr'><strong>reddit.</strong></span> <span class='ocrx_word' id='word_1_803' title='bbox 2787 4624 2914 4680; x_wconf 87' lang='lat' dir='ltr'><strong>Cum</strong></span> <span class='ocrx_word' id='word_1_804' title='bbox 2945 4627 3189 4693; x_wconf 86' lang='lat' dir='ltr'><strong>patientia</strong></span> <span class='ocrx_word' id='word_1_805' title='bbox 3219 4634 3581 4690; x_wconf 84' lang='lat' dir='ltr'><strong>supportantes</strong></span> <span class='ocrx_word' id='word_1_806' title='bbox 3621 4624 3827 4675; x_wconf 62' lang='lat' dir='ltr'><strong>intrii-ent</strong></span> 
     </span>
    </p>
   </div>
   <div class='ocr_carea' id='block_1_109' title="bbox 2253 4714 3830 4785">
    <p class='ocr_par' dir='ltr' id='par_1_109' title="bbox 2253 4714 3830 4785">
     <span class='ocr_line' id='line_1_109' title="bbox 2253 4714 3830 4785; baseline -0.004 -13"><span class='ocrx_word' id='word_1_807' title='bbox 2253 4720 2306 4779; x_wconf 86' lang='lat' dir='ltr'><strong>in</strong></span> <span class='ocrx_word' id='word_1_808' title='bbox 2352 4718 2619 4773; x_wconf 87' lang='lat' dir='ltr'><strong>charitate.</strong></span> <span class='ocrx_word' id='word_1_809' title='bbox 2677 4717 2744 4771; x_wconf 80' lang='lat' dir='ltr'><strong>Et</strong></span> <span class='ocrx_word' id='word_1_810' title='bbox 2792 4716 3093 4785; x_wconf 74' lang='lat' dir='ltr'><strong>philosonhi</strong></span> <span class='ocrx_word' id='word_1_811' title='bbox 3140 4714 3437 4778; x_wconf 73' lang='lat' dir='ltr'><strong>salierunt,</strong></span> <span class='ocrx_word' id='word_1_812' title='bbox 3489 4714 3584 4767; x_wconf 87' lang='lat' dir='ltr'><strong>sed</strong></span> <span class='ocrx_word' id='word_1_813' title='bbox 3634 4729 3741 4767; x_wconf 91' lang='lat' dir='ltr'><strong>non</strong></span> <span class='ocrx_word' id='word_1_814' title='bbox 3780 4714 3830 4765; x_wconf 86' lang='lat' dir='ltr'><strong>in</strong></span> 
     </span>
    </p>
   </div>
   <div class='ocr_carea' id='block_1_110' title="bbox 2252 4805 3833 4877">
    <p class='ocr_par' dir='ltr' id='par_1_110' title="bbox 2252 4805 3833 4877">
     <span class='ocr_line' id='line_1_110' title="bbox 2252 4805 3833 4877; baseline -0.004 -14"><span class='ocrx_word' id='word_1_815' title='bbox 2252 4808 2540 4872; x_wconf 85' lang='lat' dir='ltr'><strong>charitate,</strong></span> <span class='ocrx_word' id='word_1_816' title='bbox 2592 4822 2691 4861; x_wconf 87' lang='lat' dir='ltr'><strong>nec</strong></span> <span class='ocrx_word' id='word_1_817' title='bbox 2726 4814 2946 4877; x_wconf 87' lang='lat' dir='ltr'><strong>propter</strong></span> <span class='ocrx_word' id='word_1_818' title='bbox 2976 4807 3179 4868; x_wconf 85' lang='lat' dir='ltr'><strong>Deum;</strong></span> <span class='ocrx_word' id='word_1_819' title='bbox 3231 4805 3323 4859; x_wconf 87' lang='lat' dir='ltr'><strong>sed</strong></span> <span class='ocrx_word' id='word_1_820' title='bbox 3366 4814 3585 4873; x_wconf 88' lang='lat' dir='ltr'><strong>propter</strong></span> <span class='ocrx_word' id='word_1_821' title='bbox 3620 4806 3833 4858; x_wconf 67' lang='lat' dir='ltr'><strong>laudem</strong></span> 
     </span>
    </p>
   </div>
   <div class='ocr_carea' id='block_1_111' title="bbox 2255 4898 3835 4962">
    <p class='ocr_par' dir='ltr' id='par_1_111' title="bbox 2255 4898 3835 4962">
     <span class='ocr_line' id='line_1_111' title="bbox 2255 4898 3835 4962; baseline -0.001 -11"><span class='ocrx_word' id='word_1_822' title='bbox 2255 4899 2559 4953; x_wconf 86' lang='lat' dir='ltr'><strong>humanam.</strong></span> <span class='ocrx_word' id='word_1_823' title='bbox 2609 4898 2716 4952; x_wconf 86' lang='lat' dir='ltr'><strong>Nos</strong></span> <span class='ocrx_word' id='word_1_824' title='bbox 2745 4914 2872 4953; x_wconf 87' lang='lat' dir='ltr'><strong>vero</strong></span> <span class='ocrx_word' id='word_1_825' title='bbox 2901 4914 3006 4952; x_wconf 89' lang='lat' dir='ltr'><strong>non</strong></span> <span class='ocrx_word' id='word_1_826' title='bbox 3046 4907 3105 4951; x_wconf 94' lang='lat' dir='ltr'><strong>ut</strong></span> <span class='ocrx_word' id='word_1_827' title='bbox 3140 4898 3440 4962; x_wconf 88' lang='lat' dir='ltr'><strong>laudemur,</strong></span> <span class='ocrx_word' id='word_1_828' title='bbox 3491 4898 3585 4950; x_wconf 88' lang='lat' dir='ltr'><strong>sed</strong></span> <span class='ocrx_word' id='word_1_829' title='bbox 3639 4906 3701 4950; x_wconf 90' lang='lat' dir='ltr'><strong>ut</strong></span> <span class='ocrx_word' id='word_1_830' title='bbox 3746 4899 3835 4950; x_wconf 78' lang='lat' dir='ltr'><strong>illo</strong></span> 
     </span>
    </p>
   </div>
   <div class='ocr_carea' id='block_1_112' title="bbox 2253 4988 3835 5059">
    <p class='ocr_par' dir='ltr' id='par_1_112' title="bbox 2253 4988 3835 5059">
     <span class='ocr_line' id='line_1_112' title="bbox 2253 4988 3835 5059; baseline -0.001 -15"><span class='ocrx_word' id='word_1_831' title='bbox 2253 5004 2410 5059; x_wconf 87' lang='lat' dir='ltr'><strong>quem</strong></span> <span class='ocrx_word' id='word_1_832' title='bbox 2449 4992 2772 5044; x_wconf 84' lang='lat' dir='ltr'><strong>sustinemus</strong></span> <span class='ocrx_word' id='word_1_833' title='bbox 2832 4989 3104 5057; x_wconf 85' lang='lat' dir='ltr'><strong>proliciat,</strong></span> <span class='ocrx_word' id='word_1_834' title='bbox 3176 5004 3281 5041; x_wconf 92' lang='lat' dir='ltr'><strong>non</strong></span> <span class='ocrx_word' id='word_1_835' title='bbox 3318 5003 3441 5043; x_wconf 87' lang='lat' dir='ltr'><strong>cum</strong></span> <span class='ocrx_word' id='word_1_836' title='bbox 3479 4988 3702 5055; x_wconf 87' lang='lat' dir='ltr'><strong>dolore,</strong></span> <span class='ocrx_word' id='word_1_837' title='bbox 3740 4989 3835 5042; x_wconf 72' lang='lat' dir='ltr'><strong>Sed</strong></span> 
     </span>
    </p>
   </div>
   <div class='ocr_carea' id='block_1_113' title="bbox 2254 5080 3836 5149">
    <p class='ocr_par' dir='ltr' id='par_1_113' title="bbox 2254 5080 3836 5149">
     <span class='ocr_line' id='line_1_113' title="bbox 2254 5080 3836 5149; baseline -0.004 -12"><span class='ocrx_word' id='word_1_838' title='bbox 2254 5097 2377 5137; x_wconf 86' lang='lat' dir='ltr'><strong>cum</strong></span> <span class='ocrx_word' id='word_1_839' title='bbox 2403 5097 2588 5136; x_wconf 88' lang='lat' dir='ltr'><strong>amore</strong></span> <span class='ocrx_word' id='word_1_840' title='bbox 2617 5081 2953 5136; x_wconf 81' lang='lat' dir='ltr'><strong>sull&#39;eramus.</strong></span> <span class='ocrx_word' id='word_1_841' title='bbox 2988 5080 3213 5137; x_wconf 82' lang='lat' dir='ltr'><strong>Solliciti</strong></span> <span class='ocrx_word' id='word_1_842' title='bbox 3238 5097 3441 5135; x_wconf 82' lang='lat' dir='ltr'><strong>servare</strong></span> <span class='ocrx_word' id='word_1_843' title='bbox 3464 5082 3710 5133; x_wconf 72' lang='lat' dir='ltr'><strong>unitatem</strong></span> <span class='ocrx_word' id='word_1_844' title='bbox 3732 5082 3836 5149; x_wconf 55' lang='lat' dir='ltr'><strong>cpio</strong></span> 
     </span>
    </p>
   </div>
   <div class='ocr_carea' id='block_1_114' title="bbox 2255 5169 3837 5241">
    <p class='ocr_par' dir='ltr' id='par_1_114' title="bbox 2255 5169 3837 5241">
     <span class='ocr_line' id='line_1_114' title="bbox 2255 5169 3837 5241; baseline -0.002 -14"><span class='ocrx_word' id='word_1_845' title='bbox 2255 5175 2383 5227; x_wconf 78' lang='lat' dir='ltr'><strong>ritus</strong></span> <span class='ocrx_word' id='word_1_846' title='bbox 2434 5173 2488 5225; x_wconf 86' lang='lat' dir='ltr'><strong>in</strong></span> <span class='ocrx_word' id='word_1_847' title='bbox 2531 5172 2729 5226; x_wconf 83' lang='lat' dir='ltr'><strong>vinculo</strong></span> <span class='ocrx_word' id='word_1_848' title='bbox 2779 5171 2938 5241; x_wconf 81' lang='lat' dir='ltr'><strong>pacis.</strong></span> <span class='ocrx_word' id='word_1_849' title='bbox 2998 5171 3101 5226; x_wconf 90' lang='lat' dir='ltr'><strong>Per</strong></span> <span class='ocrx_word' id='word_1_850' title='bbox 3147 5170 3416 5226; x_wconf 78' lang='lat' dir='ltr'><strong>vinculum</strong></span> <span class='ocrx_word' id='word_1_851' title='bbox 3470 5170 3613 5238; x_wconf 86' lang='lat' dir='ltr'><strong>pacis</strong></span> <span class='ocrx_word' id='word_1_852' title='bbox 3662 5169 3837 5224; x_wconf 78' lang='lat' dir='ltr'><strong>unitas</strong></span> 
     </span>
    </p>
   </div>
   <div class='ocr_carea' id='block_1_115' title="bbox 2256 5262 3838 5332">
    <p class='ocr_par' dir='ltr' id='par_1_115' title="bbox 2256 5262 3838 5332">
     <span class='ocr_line' id='line_1_115' title="bbox 2256 5262 3838 5332; baseline -0.003 -14"><span class='ocrx_word' id='word_1_853' title='bbox 2256 5265 2427 5319; x_wconf 91' lang='lat' dir='ltr'><strong>sancti</strong></span> <span class='ocrx_word' id='word_1_854' title='bbox 2457 5262 2999 5332; x_wconf 84' lang='lat' dir='ltr'><strong>Spiritnsretinetur,</strong></span> <span class='ocrx_word' id='word_1_855' title='bbox 3048 5278 3203 5330; x_wconf 91' lang='lat' dir='ltr'><strong>quem</strong></span> <span class='ocrx_word' id='word_1_856' title='bbox 3249 5278 3410 5316; x_wconf 90' lang='lat' dir='ltr'><strong>unum</strong></span> <span class='ocrx_word' id='word_1_857' title='bbox 3459 5277 3652 5317; x_wconf 87' lang='lat' dir='ltr'><strong>omnes</strong></span> <span class='ocrx_word' id='word_1_858' title='bbox 3698 5262 3838 5315; x_wconf 59' lang='lat' dir='ltr'><strong>aecie</strong></span> 
     </span>
    </p>
   </div>
   <div class='ocr_carea' id='block_1_116' title="bbox 2262 5353 3837 5426">
    <p class='ocr_par' dir='ltr' id='par_1_116' title="bbox 2262 5353 3837 5426">
     <span class='ocr_line' id='line_1_116' title="bbox 2262 5353 3837 5426; baseline 0.003 -17"><span class='ocrx_word' id='word_1_859' title='bbox 2262 5358 2452 5426; x_wconf 90' lang='lat' dir='ltr'><strong>pimus,</strong></span> <span class='ocrx_word' id='word_1_860' title='bbox 2501 5364 2558 5410; x_wconf 89' lang='lat' dir='ltr'><strong>et</strong></span> <span class='ocrx_word' id='word_1_861' title='bbox 2604 5356 2903 5423; x_wconf 90' lang='lat' dir='ltr'><strong>ubicunque</strong></span> <span class='ocrx_word' id='word_1_862' title='bbox 2934 5358 3110 5409; x_wconf 88' lang='lat' dir='ltr'><strong>unitas</strong></span> <span class='ocrx_word' id='word_1_863' title='bbox 3156 5364 3214 5409; x_wconf 90' lang='lat' dir='ltr'><strong>et</strong></span> <span class='ocrx_word' id='word_1_864' title='bbox 3261 5355 3547 5411; x_wconf 84' lang='lat' dir='ltr'><strong>concordia</strong></span> <span class='ocrx_word' id='word_1_865' title='bbox 3596 5362 3719 5418; x_wconf 87' lang='lat' dir='ltr'><strong>est,</strong></span> <span class='ocrx_word' id='word_1_866' title='bbox 3774 5353 3837 5413; x_wconf 83' lang='lat' dir='ltr'><strong>ibi</strong></span> 
     </span>
    </p>
   </div>
   <div class='ocr_carea' id='block_1_117' title="bbox 2258 5447 3836 5517">
    <p class='ocr_par' dir='ltr' id='par_1_117' title="bbox 2258 5447 3836 5517">
     <span class='ocr_line' id='line_1_117' title="bbox 2258 5447 3836 5517; baseline -0.003 -14"><span class='ocrx_word' id='word_1_867' title='bbox 2258 5448 2513 5517; x_wconf 91' lang='lat' dir='ltr'><strong>Spiritum</strong></span> <span class='ocrx_word' id='word_1_868' title='bbox 2544 5456 2788 5502; x_wconf 87' lang='lat' dir='ltr'><strong>sanctum</strong></span> <span class='ocrx_word' id='word_1_869' title='bbox 2828 5447 3048 5517; x_wconf 74' lang='lat' dir='ltr'><strong>(jusque</strong></span> <span class='ocrx_word' id='word_1_870' title='bbox 3078 5447 3273 5501; x_wconf 91' lang='lat' dir='ltr'><strong>donum</strong></span> <span class='ocrx_word' id='word_1_871' title='bbox 3314 5462 3434 5502; x_wconf 87' lang='lat' dir='ltr'><strong>esse</strong></span> <span class='ocrx_word' id='word_1_872' title='bbox 3475 5463 3583 5503; x_wconf 91' lang='lat' dir='ltr'><strong>non</strong></span> <span class='ocrx_word' id='word_1_873' title='bbox 3622 5448 3836 5501; x_wconf 80' lang='lat' dir='ltr'><strong>dubite-</strong></span> 
     </span>
    </p>
   </div>
   <div class='ocr_carea' id='block_1_118' title="bbox 2258 5539 3839 5611">
    <p class='ocr_par' dir='ltr' id='par_1_118' title="bbox 2258 5539 3839 5611">
     <span class='ocr_line' id='line_1_118' title="bbox 2258 5539 3839 5611; baseline -0.004 -16"><span class='ocrx_word' id='word_1_874' title='bbox 2258 5556 2395 5595; x_wconf 90' lang='lat' dir='ltr'><strong>mus.</strong></span> <span class='ocrx_word' id='word_1_875' title='bbox 2453 5539 2551 5596; x_wconf 84' lang='lat' dir='ltr'><strong>Ubi</strong></span> <span class='ocrx_word' id='word_1_876' title='bbox 2590 5548 2768 5595; x_wconf 87' lang='lat' dir='ltr'><strong>autem</strong></span> <span class='ocrx_word' id='word_1_877' title='bbox 2808 5540 3076 5595; x_wconf 86' lang='lat' dir='ltr'><strong>discordia</strong></span> <span class='ocrx_word' id='word_1_878' title='bbox 3102 5548 3157 5595; x_wconf 88' lang='lat' dir='ltr'><strong>et</strong></span> <span class='ocrx_word' id='word_1_879' title='bbox 3178 5541 3466 5611; x_wconf 86' lang='lat' dir='ltr'><strong>dissensio,</strong></span> <span class='ocrx_word' id='word_1_880' title='bbox 3507 5540 3581 5594; x_wconf 84' lang='lat' dir='ltr'><strong>ibi</strong></span> <span class='ocrx_word' id='word_1_881' title='bbox 3619 5539 3839 5607; x_wconf 77' lang='lat' dir='ltr'><strong>spiritus</strong></span> 
     </span>
    </p>
   </div>
   <div class='ocr_carea' id='block_1_119' title="bbox 2257 5630 3815 5701">
    <p class='ocr_par' dir='ltr' id='par_1_119' title="bbox 2257 5630 3815 5701">
     <span class='ocr_line' id='line_1_119' title="bbox 2257 5630 3815 5701; baseline 0 -18"><span class='ocrx_word' id='word_1_882' title='bbox 2257 5632 2581 5693; x_wconf 85' lang='lat' dir='ltr'><strong>contrarius.</strong></span> <span class='ocrx_word' id='word_1_883' title='bbox 2620 5632 2670 5686; x_wconf 91' lang='lat' dir='ltr'><strong>id</strong></span> <span class='ocrx_word' id='word_1_884' title='bbox 2698 5641 2803 5697; x_wconf 82' lang='lat' dir='ltr'><strong>est,</strong></span> <span class='ocrx_word' id='word_1_885' title='bbox 2838 5634 3076 5701; x_wconf 83' lang='lat' dir='ltr'><strong>operatio</strong></span> <span class='ocrx_word' id='word_1_886' title='bbox 3102 5632 3421 5696; x_wconf 75' lang='lat' dir='ltr'><strong>antichristi,</strong></span> <span class='ocrx_word' id='word_1_887' title='bbox 3455 5630 3545 5699; x_wconf 87' lang='lat' dir='ltr'><strong>qui</strong></span> <span class='ocrx_word' id='word_1_888' title='bbox 3580 5630 3697 5700; x_wconf 86' lang='lat' dir='ltr'><strong>jam</strong></span> <span class='ocrx_word' id='word_1_889' title='bbox 3729 5644 3815 5698; x_wconf 82' lang='lat' dir='ltr'><strong>my</strong></span> 
     </span>
    </p>
   </div>
   <div class='ocr_carea' id='block_1_120' title="bbox 2260 5721 3831 5795">
    <p class='ocr_par' dir='ltr' id='par_1_120' title="bbox 2260 5721 3831 5795">
     <span class='ocr_line' id='line_1_120' title="bbox 2260 5721 3831 5795; baseline -0.001 -16"><span class='ocrx_word' id='word_1_890' title='bbox 2260 5722 2483 5779; x_wconf 83' lang='lat' dir='ltr'><strong>sterium</strong></span> <span class='ocrx_word' id='word_1_891' title='bbox 2523 5731 2774 5795; x_wconf 86' lang='lat' dir='ltr'><strong>operatur</strong></span> <span class='ocrx_word' id='word_1_892' title='bbox 2802 5722 3112 5795; x_wconf 82' lang='lat' dir='ltr'><strong>iniquitatis.</strong></span> <span class='ocrx_word' id='word_1_893' title='bbox 3164 5721 3334 5777; x_wconf 86' lang='lat' dir='ltr'><strong>Unum</strong></span> <span class='ocrx_word' id='word_1_894' title='bbox 3364 5738 3569 5793; x_wconf 72' lang='lat' dir='ltr'><strong>corpus,</strong></span> <span class='ocrx_word' id='word_1_895' title='bbox 3616 5733 3667 5774; x_wconf 84' lang='lat' dir='ltr'><strong>et</strong></span> <span class='ocrx_word' id='word_1_896' title='bbox 3706 5736 3831 5783; x_wconf 58' lang='lat' dir='ltr'><strong>una;</strong></span> 
     </span>
    </p>
   </div>
  </div>
