3996 6592
206 282 304 348 ω

1060 289 1126 345 IN
1168 286 1547 345 emsromu
1584 285 1676 344 AD
1715 284 2046 345 ernesxos
2084 270 2600 344 consummata.

3318 213 3450 373 ἤιε

207 410 429 480 spiritus,
459 407 589 461 sicut
614 406 779 462 vocati
804 406 920 460 estis
948 405 1000 459 in
1032 422 1132 460 una
1157 422 1245 475 spe
1273 405 1547 459 vocationis
1572 412 1767 457 vestrm.
1802 408 1853 465 Α
1879 401 2044 456 fendit
2075 402 2213 456 mala
2241 416 2366 466 sua;
2392 400 2532 471 quod
2562 410 2683 453 tunc
2713 397 2819 463 ﬁet,
2844 396 3057 467 quando
3088 395 3249 454 ﬁxerit
3275 405 3456 456 ornuia

208 497 371 553 Unum
428 497 961 562 consensumdehet
1018 497 1215 551 habere
1277 496 1328 550 in
1388 511 1494 549 uno
1549 510 1773 562 corpore

203 591 433 644 omnium
476 604 735 661 compago
767 589 1163 650 membrorum.
1195 602 1313 657 qua:
1339 589 1403 640 ad
1435 602 1592 640 unam
1622 600 1771 654 spem

203 690 321 736 sunt
354 689 564 736 vocata.
615 680 799 735 Potest
830 688 1015 736 contra
1046 681 1167 734 iilos
1194 679 1327 745 dici,
1359 678 1447 747 qui
1478 678 1578 732 sibi
1612 677 1774 732 licere

201 780 386 842 putant
417 785 657 841 peccare,
696 782 750 827 et
790 773 906 826 aliis
946 788 1051 826 non
1093 772 1285 825 licere:
1327 786 1447 825 cum
1489 780 1543 825 et
1581 770 1681 839 ipsi
1721 771 1774 826 in

202 878 304 917 uno
331 877 555 933 corpore
582 863 849 932 baptizati,
880 865 1123 918 eumdem
1143 862 1399 931 Spiritum
1428 864 1733 931 acceperint
1759 881 1771 915 :

202 966 252 1009 et
281 965 474 1010 caetera
505 970 621 1024 qua:
651 964 961 1025 sequuntur.
1017 955 1161 1010 Unus
1194 955 1458 1020 Dominus,
1488 972 1595 1008 una
1625 956 1772 1021 ﬁdes.

201 1045 312 1099 Una
343 1044 578 1099 omnium
604 1044 758 1108 ﬁdes,
792 1047 844 1099 in
875 1062 977 1115 qua
1008 1060 1196 1100 omnes
1225 1045 1551 1100 credidistis.
1600 1044 1776 1100 Unum

202 1138 473 1205 baptisma,
519 1154 653 1191 unus
684 1136 842 1192 Deus.
897 1138 1236 1207 CognOscant
1280 1137 1517 1192 haeretici
1549 1137 1639 1205 qui
1685 1153 1775 1192 re-

202 1229 487 1298 baptizant.
520 1227 587 1282 Et
618 1227 777 1282 Pater
799 1230 1043 1285 omnium.
1078 1228 1325 1282 Omnium
1340 1228 1514 1282 etiam
1542 1227 1776 1298 gentium

199 1318 552 1383 credentium,
578 1334 681 1374 non
708 1319 881 1373 solum
910 1319 1239 1374 Judteorum.
1277 1318 1378 1384 Qui
1403 1335 1557 1389 super
1580 1335 1775 1386 omnes,

200 1418 245 1461 et
279 1424 371 1477 per
402 1411 574 1463 omnia
612 1419 659 1462 et
694 1410 745 1463 in
775 1411 1006 1464 omnibus
1035 1411 1199 1465 nobis.
1252 1410 1427 1478 Super
1453 1425 1641 1466 omnes
1672 1412 1778 1465 vir-

201 1508 364 1565 tutes,
395 1501 516 1569 quia
549 1501 887 1567 omnipotens
934 1515 1029 1569 per
1052 1500 1231 1554 omnia
1273 1515 1436 1570 Opera
1485 1516 1614 1564 sua,
1655 1501 1776 1571 quia

198 1590 495 1644 immensus
526 1590 578 1644 in
608 1591 857 1644 omnibus
882 1589 1203 1646 Christianis
1227 1591 1518 1646 secundum
1543 1593 1779 1648 sanctiﬁ-

196 1683 466 1736 cationem
495 1682 736 1736 habitare
763 1681 1026 1751 dignatur.
1056 1681 1340 1751 Unicuique
1358 1693 1527 1738 autem
1550 1693 1777 1739 nostrum

1877 492 1931 545 iu
1962 492 2210 545 omnibus
2245 493 2535 549 Christus:
2589 499 2643 544 et
2690 504 2848 544 omne
2898 488 3157 554 schisma,
3201 489 3285 543 vel
3328 506 3457 544 cun-

1878 583 2046 638 tentio
2076 588 2271 637 mortis
2314 584 2597 653 carnisque
2637 582 2976 645 dis:.csserit,
3020 592 3077 636 ut
3115 597 3252 638 voce
3290 583 3455 636 libera

1877 674 2055 729 dicant
2083 675 2209 743 justi
2237 693 2248 728 :
2272 676 2375 731 Ubi
2407 685 2511 743 est»,
2548 690 2714 739 mors,
2742 676 3013 729 contentio
3059 676 3193 728 tua?
3234 684 3288 728 et
3327 676 3457 727 reti-

1876 780 1999 835 qua.
2039 765 2107 819 In
2135 767 2299 819 virum
2336 768 2636 836 perfectum.
2679 767 2829 823 Sicut
2851 767 3114 821 Christus.
3166 767 3269 833 Qui
3310 771 3454 822 enim

1877 858 2003 913 dicit
2040 872 2098 913 se
2137 859 2189 913 in
2229 859 2443 914 Christo
2483 876 2729 929 manere,
2772 861 2931 915 debet
2968 863 3105 916 sicut
3141 863 3232 916 ilie
3269 863 3459 917 ambu-

1878 949 2005 1003 lavit
2042 958 2099 1003 et
2137 951 2252 1019 ipse
2289 952 2584 1006 ambulare.
2644 950 2711 1005 In
2750 968 3039 1005 mensuram
3077 954 3241 1005 atatis
3292 954 3457 1021 pleni-

1878 1040 2071 1092 tudnis
2112 1040 2319 1095 Christi.
2374 1041 2438 1097 Ut
2476 1056 2581 1095 non
2620 1057 2880 1096 annorum
2921 1044 3035 1112 ejus
3074 1054 3318 1110 aetatem,
3359 1045 3454 1099 sed

1881 1134 2227 1201 plenitudmis
2269 1137 2558 1198 imitemur,
2610 1135 2729 1189 ﬁdei
2779 1135 2895 1202 ejus
2944 1135 3327 1203 perfectionem
3379 1146 3461 1189 te-

1881 1238 2121 1278 neamus.
2158 1224 2223 1279 Ut
2245 1227 2360 1295 jam
2386 1242 2485 1279 non
2513 1226 2671 1279 simus
2700 1226 2899 1293 parenti
2925 1228 3253 1293 ﬂuctuantes,
3282 1236 3330 1279 et
3356 1227 3459 1279 cir-

1880 1320 2224 1387 cumferuntur
2252 1319 2389 1371 omni
2417 1328 2559 1371 vento
2584 1317 2849 1383 doctrinm.
2884 1316 2951 1372 Ut
2982 1334 3084 1371 non
3113 1318 3278 1371 simus
3309 1318 3458 1387 igno—

1881 1416 2096 1470 rantes,
2151 1422 2325 1475 neque
2360 1406 2538 1474 dubii,
2596 1420 2769 1475 neque
2809 1407 3153 1470 vacillantes,
3209 1417 3259 1461 et
3308 1421 3457 1461 more

1883 1496 2117 1564 imperiti
2142 1496 2539 1565 gubernatoris,
2569 1497 2713 1549 omni
2733 1508 2894 1549 vento
2912 1505 3106 1549 nostra:
3128 1496 3318 1548 mentis
3341 1497 3457 1548 vela

1882 1584 2200 1653 paudamus,
2234 1593 2290 1638 ut
2320 1585 2474 1638 facile
2499 1584 2999 1654 uaul‘ragemus,aut
3026 1584 3091 1637 ad
3123 1595 3330 1651 portqu
3358 1582 3462 1637 ini-

1882 1676 2025 1727 nime
2054 1673 2348 1727 veniamus.
2380 1672 2445 1726 In
2480 1675 2703 1739 nequitia
2749 1674 3033 1728 hominum.
3086 1673 3330 1743 Nequitia
3358 1673 3458 1727 ltu-

196 1771 327 1823 tlata
353 1780 427 1824 est
451 1772 637 1843 gratia.
660 1766 781 1825 Non
806 1772 970 1826 multa
996 1783 1119 1826 sunt
1144 1786 1390 1842 corpora,
1418 1774 1513 1828 sed
1540 1774 1776 1828 membra

1892 1777 2036 1815 mana
2060 1773 2113 1817 et
2134 1762 2329 1817 astutia
2360 1778 2389 1815 a
2421 1762 2545 1817 ﬁdei
2578 1774 2725 1817 recto
2760 1778 2922 1818 cursu
2975 1765 3295 1834 detorquent
3322 1777 3459 1833 quos

197 1861 413 1915 diversa
456 1877 552 1929 per
580 1860 890 1917 varietatem
932 1864 1241 1932 gratiarum.
1293 1862 1589 1919 Secundum
1635 1881 1774 1918 men-

199 1967 400 2006 suram.
434 1951 735 2005 Secundum
766 1968 1073 2008 mensuram
1100 1968 1213 2008 sua:
1240 1953 1565 2021 donationis,
1595 1963 1648 2008 et
1673 1955 1781 2009 dis-

201 2043 494 2096 cretionem
529 2042 785 2112 largitatis
823 2058 933 2098 suae
958 2062 972 2097 :
1000 2060 1329 2111 mensuram,
1378 2046 1558 2101 ﬁdem.
1605 2046 1778 2100 Dona-

202 2134 358 2186 tionis
386 2131 615 2186 Christi:
650 2143 857 2205 propter
881 2136 1018 2204 quod
1059 2136 1203 2191 dicit.
1258 2138 1405 2191 Dona
1450 2137 1592 2192 illius
1627 2146 1780 2203 sunt,

203 2233 264 2278 ut
291 2239 347 2279 et
375 2240 737 2293 prteparemur
761 2227 1280 2297 unicuiquegratizn,
1306 2238 1361 2282 et
1383 2229 1651 2296 quomodo
1673 2230 1782 2283 vult

204 2319 325 2386 ipse
342 2315 1047 2388 diSpensat.Cugnoscamus
1076 2320 1236 2386 dona,
1266 2309 1783 2387 non‘prtesumamus

202 2407 274 2461 de
304 2406 530 2461 meritis.
573 2408 857 2461 Ascendens
877 2408 940 2461 in
969 2408 1130 2461 altum
1163 2409 1411 2478 captivam
1446 2410 1594 2463 duxit
1622 2410 1785 2478 copti-

200 2499 430 2565 oi:atem,
459 2499 594 2553 dona
620 2501 756 2552 ddit
783 2500 1090 2567 hominibus.
1118 2501 1262 2567 Quos
1287 2497 1529 2556 diabolus
1549 2502 1785 2570 captivos

203 2591 426 2645 tenebat
464 2591 515 2644 in
557 2601 815 2658 mortem,
864 2589 1110 2646 Christus
1154 2591 1441 2660 captivavit
1484 2592 1551 2646 ad
1600 2593 1784 2659 vitam,

200 2690 370 2750 eaput
399 2692 597 2735 nostra:
642 2690 848 2734 natura:
876 2696 1085 2735 sursum
1114 2680 1381 2736 vehendo.
1434 2681 1587 2747 Quod
1613 2692 1787 2735 autem

200 2774 469 2837 ascendit,
516 2773 638 2841 quid
682 2783 777 2839 est,
830 2774 930 2826 nisi
976 2773 1094 2841 quia
1140 2782 1187 2827 et
1236 2773 1493 2827 descendit
1543 2775 1787 2845 primunt.

199 2866 445 2933 Exponit
473 2880 568 2920 cur
594 2865 793 2919 deatur
826 2864 1141 2930 ascendere,
1190 2864 1279 2933 qui
1327 2865 1522 2935 ubique
1567 2876 1668 2931 est,
1700 2881 1787 2920 se-

200 2956 444 3011 cundum
480 2957 701 3010 turmam
728 2957 929 3011 scilicet
958 2956 1121 3020 servi,
1166 2954 1233 3009 ad
1281 2969 1438 3023 quam
1472 2964 1579 3011 nOn
1609 2955 1787 3010 loculis

204 3057 296 3101 ter
317 3046 643 3101 descendere
668 3056 770 3113 est,
800 3046 893 3101 sed
918 3047 1215 3115 dignanter.
1235 3049 1363 3104 Nam
1387 3047 1474 3118 qui
1490 3048 1783 3103 secundum

203 3137 466 3191 deitatem
508 3136 703 3206 ubique
740 3147 855 3205 est,
894 3153 1000 3207 quo
1037 3140 1306 3205 ascendit,
1347 3115 1428 3194 vel
1469 3115 1861 3193 deaeenditic

199 3228 422 3297 Corpus
476 3231 618 3283 enim
670 3228 904 3295 Domini,
954 3230 1006 3284 in
1053 3246 1159 3300 quo
1189 3245 1377 3300 passus
1407 3240 1489 3285 est
1527 3239 1580 3285 et
1611 3244 1791 3284 resur-

200 3322 383 3388 rexit,
435 3336 541 3375 uno
587 3320 706 3375 loco
760 3335 883 3376 esse
930 3332 1143 3391 potest:
1186 3323 1384 3377 veritas
1426 3321 1541 3390 ejus
1570 3330 1623 3376 et
1649 3321 1791 3375 divi-

198 3412 354 3465 nitas
398 3411 591 3479 ubijuc
619 3422 723 3465 est.
774 3410 842 3465 In
887 3413 1152 3483 inferiores
1196 3424 1363 3481 partes
1411 3414 1604 3467 terres?
1651 3412 1790 3480 Ergo

195 3504 311 3558 sub
344 3512 481 3556 terra
508 3513 592 3557 est
615 3503 873 3558 infernus.
918 3504 1019 3567 Qui
1056 3503 1345 3569 descendit,
1378 3505 1485 3574 ipse
1509 3512 1579 3558 est
1619 3517 1666 3557 et
1704 3503 1791 3574 qui

195 3594 443 3647 ascendit
493 3610 641 3669 super
680 3610 859 3649 entnes
902 3597 1053 3649 ccelos
1082 3637 1096 3661 ,
1153 3606 1207 3649 ut
1251 3596 1551 3661 adimpleret
1597 3597 1787 3649 omnia.

192 3687 310 3754 Qui
356 3686 633 3741 descendit
674 3701 796 3741 cum
843 3688 1021 3741 anima
1067 3688 1120 3741 in
1163 3687 1459 3751 internum,
1511 3689 1625 3755 ipse
1668 3702 1788 3741 eum

198 3779 396 3833 atiima
444 3785 499 3832 et
543 3792 767 3847 corpore
796 3780 1039 3833 ascendit
1086 3779 1152 3833 ad
1200 3779 1409 3844 caelos,
1451 3788 1509 3832 ut
1547 3780 1793 3847 impleret

191 3869 393 3926 omnia
423 3885 541 3938 quae
572 3871 769 3939 scripta
799 3881 944 3925 sunt.
995 3870 1059 3923 Et
1101 3872 1208 3941 ipse
1245 3872 1381 3925 dedit
1409 3871 1657 3939 quosdam
1682 3873 1793 3940 qui-

191 3962 331 4016 dem
360 3960 641 4025 apostolos.
692 3960 890 4015 Contra
923 3960 1169 4024 Arianos,
1198 3961 1337 4028 quod
1387 3976 1490 4014 una
1541 3971 1623 4015 est
1672 3960 1796 4018 Filii

186 4067 336 4107 cum
380 4050 538 4105 Patre
571 4051 844 4119 operatio;
896 4064 1019 4103 nam
1065 4050 1131 4103 ad
1162 4049 1466 4105 Corinthios
1498 4051 1661 4103 Deum
1693 4050 1792 4103 Pa-

187 4151 351 4196 trem
380 4140 510 4195 dicit
553 4140 793 4210 posuisse
832 4140 1007 4209 primo
1050 4142 1345 4210 apostolos,
1392 4141 1625 4195 secundo
1666 4157 1789 4209 pro-

188 4229 427 4301 phetas.
460 4231 554 4285 llic
579 4246 704 4286 vero
732 4230 999 4287 Christum
1026 4246 1121 4285 eos
1147 4230 1361 4286 dedisse
1381 4241 1790 4287 commemorat.

191 4319 487 4388 Quosdam
526 4330 699 4374 autem
742 4320 1038 4389 prophetas.
1088 4319 1225 4372 Novi
1256 4319 1608 4374 Tes‘tameuti.
1655 4320 1794 4373 Alios

1883 1855 2175 1922 decipiunt.
2202 1855 2268 1908 In
2293 1857 2481 1909 astutia
2507 1858 2576 1910 ad
2606 1858 3076 1913 circumventionem
3118 1860 3322 1914 erroris.
3357 1861 3461 1914 Er-

1884 1948 2124 2003 rant;bus
2180 1948 2475 2003 remedium
2507 1948 2664 2004 facile
2694 1950 3092 2018 promittentes,
3138 1966 3461 2021 permanere

1885 2039 2092 2091 Faciunt
2120 2038 2173 2091 in
2202 2054 2412 2103 errore,
2443 2038 2557 2093 sive
2579 2040 2874 2094 remed‘um
2898 2042 3100 2095 erroris
3139 2044 3219 2096 sui
3252 2054 3457 2112 putant,

1884 2132 1929 2184 si
1966 2130 2142 2196 plures
2174 2130 2372 2185 faciant
2400 2146 2582 2185 secum
2611 2146 2818 2187 errare.
2871 2132 3147 2186 Veritatem
3188 2146 3356 2189 autent
3379 2142 3464 2205 {au

1886 2224 2072 2276 cientes
2102 2224 2152 2276 in
2174 2223 2450 2288 charitate,
2484 2239 2768 2278 crescamus
2795 2227 2846 2277 in
2879 2226 2991 2278 illo.
3022 2226 3213 2284 Omnia
3243 2228 3297 2281 in
3324 2230 3465 2284 veria-

1888 2324 1997 2368 tate
2022 2324 2238 2384 propter
2264 2314 2580 2369 charitatcm
2605 2316 2826 2381 Christi,
2854 2326 2906 2371 et
2937 2319 3067 2371 nihil
3098 2319 3150 2372 in
3190 2319 3462 2390 hypocrisi

1886 2402 2162 2459 facientes.
2197 2403 2303 2457 Pcr
2329 2407 2500 2458 omnia
2521 2406 2609 2473 qui
2633 2416 2707 2459 est
2735 2417 2891 2473 caput
2924 2405 3176 2463 Christus.
3205 2410 3259 2463 In
3294 2411 3463 2480 ipsius

1888 2495 2219 2565 perfectione
2249 2511 2313 2551 cx
2353 2498 2496 2550 omni
2528 2507 2679 2565 parte
2706 2513 3033 2553 esescamus.
3067 2499 3149 2554 Ea:
3176 2518 3275 2571 quo
3306 2513 3468 2555 totum

1887 2602 2075 2654 corpus
2097 2596 2417 2656 compactum
2447 2596 2491 2640 et
2518 2604 2801 2641 connexum
2827 2605 2916 2657 per
2948 2606 3142 2643 omnem
3167 2592 3467 2659 juncturam

1887 2676 2372 2732 subministrationis
2425 2679 2704 2731 secundum
2752 2682 3118 2750 operationem.
3176 2682 3252 2736 Ex
3294 2684 3471 2753 capite

1889 2779 2222 2838 compactum
2237 2779 2294 2825 et
2313 2784 2610 2823 connexum
2627 2785 2822 2840 corpus
2847 2786 2940 2838 per
2956 2786 3171 2835 omnem
3190 2775 3471 2844 subjectio-

1890 2879 2011 2917 nem
2040 2864 2367 2932 Operationis
2391 2866 2607 2933 crescit,
2631 2864 2756 2919 dum
2782 2879 2845 2922 se
2867 2866 3179 2922 alterutrum
3204 2869 3471 2925 aediﬁcant

1890 2951 2193 3025 diligendo;
2246 2955 2319 3009 ita
2371 2965 2427 3009 ut
2474 2957 2892 3025 unumquodque
2938 2958 3236 3013 membrum
3278 2959 3332 3014 in
3371 2975 3470 3014 sua

1894 3058 2146 3097 mensura
2177 3056 2454 3112 augeatur,
2488 3045 2588 3098 hoc
2619 3056 2717 3108 est,
2742 3056 2802 3099 ut
2830 3048 2919 3115 qui
2949 3058 3031 3102 est
3059 3049 3267 3114 oculus,
3303 3049 3354 3103 in
3381 3064 3474 3103 eo-

1896 3149 2010 3188 rum
2035 3148 2260 3188 numero
2285 3145 2493 3189 crescat
2519 3180 2533 3202 ,
2566 3138 2656 3204 qui
2687 3138 2827 3191 oculi
2858 3137 3091 3192 ofﬁcium
3143 3150 3334 3208 gerunt
3362 3182 3377 3205 ,
3412 3151 3468 3194 et

1894 3227 2100 3295 singula
2136 3241 2234 3279 suo
2273 3226 2391 3280 loco
2437 3227 2677 3281 membra
2718 3228 3016 3294 proﬁciant.
3061 3228 3127 3282 In
3173 3246 3466 3284 mensuram

1894 3322 2297 3391 uniuscujusque
2339 3319 2568 3387 membri,
2601 3331 2929 3391 augmentum
2974 3324 3203 3391 corporis
3250 3325 3373 3394 facit
3417 3323 3474 3379 in

1893 3412 2286 3481 ced-[icationem
2311 3412 2393 3465 sui
2421 3412 2475 3464 in
2516 3413 2785 3466 charitate.
2817 3411 2951 3466 Dum
2994 3413 3199 3483 singula
3229 3416 3471 3470 membra

1894 3512 2168 3569 crescunt,
2190 3503 2364 3572 majus
2393 3503 2627 3558 efﬁcitur
2655 3518 2874 3575 cerpus,
2907 3506 3033 3558 dum
3067 3520 3127 3560 se
3155 3506 3471 3563 alterutrum

1897 3595 2138 3650 membra
2170 3596 2224 3648 in
2250 3595 2514 3650 charitate
2546 3595 2833 3650 aediﬁcant.
2859 3595 2977 3649 Hoc
3002 3597 3157 3666 igitur
3185 3598 3300 3653 dico
3330 3610 3377 3653 et
3400 3609 3477 3653 te—

1893 3686 2087 3756 stiﬁcor
2106 3687 2156 3739 in
2176 3685 2413 3740 Domino.
2430 3686 2579 3752 Quod
2597 3686 2841 3754 superius
2858 3687 3121 3755 obsecrat,
3150 3688 3236 3743 hic
3260 3690 3475 3746 Domini

1894 3777 2258 3832 obtestatione
2301 3777 2641 3847 constringit.
2679 3777 2748 3832 Ut
2770 3780 2882 3849 jam
2923 3795 3021 3832 non
3051 3780 3318 3837 ambuletis
3346 3783 3478 3836 sicut

1895 3878 2067 3935 gentes
2094 3868 2377 3921 ambulant.
2422 3867 2592 3932 Nolo,
2630 3870 2747 3933 ait,
2801 3870 2916 3924 solo
2961 3885 3057 3924 vos
3099 3886 3221 3927 esse
3262 3874 3479 3928 nomine

1900 3956 2238 4011 Christianos
2257 4000 2273 4023 ,
2318 3958 2485 4011 Deum
2515 3973 2610 4012 ore
2640 3960 2958 4014 conﬁtentes
2977 4003 2990 4026 ,
3034 3962 3286 4029 operibus
3314 3963 3479 4019 deae-

1899 4063 2059 4116 gare;
2092 4047 2185 4101 sed
2214 4057 2473 4117 quantum
2502 4047 2642 4101 inter
2669 4047 2943 4102 diabolum
2991 4050 3154 4103 distat
3195 4062 3249 4106 et
3287 4054 3476 4120 Deum,

1899 4150 2043 4193 tanta
2086 4137 2383 4195 differentia
2414 4139 2618 4192 debent
2640 4138 2734 4193 ﬁlii
2772 4140 2861 4193 Dei
2892 4156 2920 4191 a
2951 4140 3071 4193 ﬁliis
3099 4142 3315 4203 diaboli,
3371 4159 3476 4195 utin

1898 4229 2071 4283 solum
2097 4230 2332 4294 nomine,
2350 4228 2443 4282 sed
2466 4230 2627 4282 etiam
2649 4231 2901 4296 operibus
2924 4232 3191 4295 separari;
3218 4245 3286 4284 ne
3308 4232 3475 4283 Deum

1900 4320 2057 4372 labiis
2103 4319 2429 4372 honorantes
2456 4357 2472 4383 ,
2503 4318 2668 4372 corde
2693 4361 2708 4385 ,
2742 4319 2844 4373 hoc
2870 4332 2951 4372 est
2983 4320 3174 4374 aliectu
3208 4331 3259 4374 et
3288 4323 3480 4376 timore

182 4428 335 4468 tero
363 4412 712 4478 erangelistas.
764 4410 950 4463 Omnis
987 4411 1257 4476 apostolus
1293 4409 1615 4478 evangelista
1636 4448 1652 4474 ,
1693 4424 1795 4463 non
1827 4450 1878 4509 Β
1905 4410 2119 4479 longius
2149 4410 2496 4475 absistamus,
2528 4418 2579 4464 et
2606 4410 2819 4464 dicatur
2845 4411 2913 4466 de
2942 4411 3094 4465 nobis
3121 4428 3136 4466 :
3163 4413 3293 4469 Sine
3322 4430 3481 4471 causa

184 4516 400 4558 tamen
429 4502 605 4554 omnis
635 4501 956 4569 evangelista
984 4503 1294 4568 apostolus:
1336 4502 1474 4555 sicut
1499 4499 1796 4569 Phiiippns,

182 4593 308 4668 qui
370 4603 487 4647 erat
544 4607 681 4645 unus
732 4606 799 4647 ex
866 4602 1097 4661 septem.
1151 4593 1293 4648 Alios
1348 4603 1516 4648 autem
1569 4602 1798 4661 pastores

182 4699 255 4744 et
335 4687 586 4739 doctores.
652 4684 902 4740 Pastores
956 4693 1078 4740 sunt
1130 4686 1486 4752 sacerdotes,
1548 4684 1800 4740 doctores

182 4789 412 4834 omnes
464 4776 765 4843 quicunque
819 4786 941 4829 sunt
994 4776 1170 4832 idonei
1228 4778 1293 4831 ad
1332 4777 1468 4831 alios
1526 4776 1795 4830 instruen-

183 4871 343 4926 dos.
382 4867 581 4922 Omnes
629 4880 758 4936 ergo
809 4876 1047 4935 pastores
1078 4869 1238 4923 etiam
1285 4868 1535 4923 doctores
1583 4866 1798 4938 [‘Supp.,

184 4976 327 5016 non
376 4966 546 5011 autem
595 4971 781 5011 omnes
835 4956 1123 5027 doctores]
1178 4960 1342 5014 etiam
1400 4967 1660 5027 pastores.
1716 4956 1796 5008 Ad

182 5052 707 5108 consummationem
752 5059 1078 5115 sanctorum,
1126 5052 1180 5104 in
1227 5066 1351 5119 opus
1397 5049 1698 5111 ministerii,
1744 5048 1800 5101 in

188 5138 617 5207 gratiﬁcationem
671 5140 901 5207 corporis
954 5137 1165 5192 Christi.
1225 5139 1334 5194 llos
1384 5152 1571 5193 omnes
1625 5137 1803 5206 posuit

184 5233 280 5287 ad
347 5231 448 5284 hoc
498 5239 558 5284 ut
610 5230 876 5285 mdiﬁeent
918 5231 1211 5287 Ecclesiam
1239 5273 1255 5299 ,
1314 5246 1434 5301 qua:
1478 5245 1675 5298 corpus
1722 5237 1804 5285 est

186 5319 447 5383 Christi,
487 5328 542 5373 et
578 5334 767 5373 omnes
806 5319 871 5373 ad
911 5319 1033 5375 ﬁdei
1074 5322 1471 5391 perceptionem
1510 5320 1800 5375 adducant.

186 5408 406 5467 Donec
444 5425 767 5463 occurramus
806 5426 974 5464 omnes
1012 5412 1065 5464 in
1104 5412 1350 5465 unitatem
1402 5412 1522 5479 ﬁdei
1567 5420 1616 5464 et
1653 5413 1805 5481 agni-

186 5499 381 5557 tionis
411 5496 538 5551 Fitii
567 5498 683 5552 Dei.
717 5498 853 5553 Volo
879 5514 998 5556 esse
1026 5516 1215 5557 omnes
1244 5502 1485 5556 homines
1513 5501 1645 5555 sicut
1680 5517 1767 5558 me
1792 5522 1805 5560 :

187 5594 319 5651 itze
363 5589 451 5659 qui
491 5590 708 5658 agnovit
746 5589 937 5652 Filium
977 5592 1111 5661 Dei,
1166 5608 1271 5648 non
1322 5601 1581 5663 repugnat
1617 5603 1808 5660 contra

188 5682 498 5754 p’racapta
553 5682 682 5746 Dei,
739 5696 838 5737 nec
888 5685 1174 5740 committit
1224 5685 1505 5757 capitalia,
1562 5699 1661 5740 nec
1710 5689 1813 5759 de.

557 5793 828 5855 ΡΑἰ-ῐιοῑ..
874 5793 1071 5856 LXVI
1085 5796 1102 5855 Ι
1112 5795 1155 5858 1.

1902 4501 2088 4553 colunt
2113 4514 2233 4565 me,
2276 4501 2377 4554 hoc
2403 4509 2483 4554 est
2506 4541 2521 4564 .
2562 4500 2741 4554 nullos
2771 4516 2834 4556 ex
2869 4517 2984 4556 mea
3018 4504 3221 4559 cultura
3261 4507 3476 4574 capiunt

1902 4592 2123 4645 fructus.
2152 4589 2217 4643 In
2243 4591 2464 4645 vanitate
2505 4607 2682 4644 sensus
2712 4594 2811 4645 sui.
2846 4592 2979 4647 Varii
3010 4604 3134 4649 sunt
3165 4611 3353 4652 omnes
3380 4599 3478 4651 ho-

1905 4684 2095 4747 tuincs,
2126 4682 2320 4751 quibus
2349 4697 2453 4736 non
2495 4693 2578 4737 est
2607 4685 2829 4738 scientia
2872 4685 2986 4738 Dei.
3023 4684 3261 4741 Tenebris
3301 4689 3481 4741 obscu-

1902 4782 2071 4826 ratum
2096 4773 2334 4827 habentes
2362 4774 2695 4829 intellectum.
2732 4776 3004 4829 Habentes
3026 4776 3239 4843 quidem
3267 4789 3478 4834 natura-

1906 4866 2007 4918 lem
2035 4866 2382 4929 intellectum,
2403 4867 2496 4920 sed
2522 4866 2834 4933 ignorantia:
2853 4869 3088 4921 tenebris
3108 4868 3478 4938 obscuratum,

1909 4960 1977 5013 ita
2013 4968 2068 5011 ut
2097 4972 2195 5026 pro
2215 4957 2326 5010 Deo
2349 4957 2491 5009 idola
2515 4968 2868 5023 venerentur;
2894 4972 2998 5015 nos
3020 4973 3148 5012 vero
3170 4961 3483 5019 econtrario

1907 5050 2144 5103 scicntia:
2174 5048 2371 5103 lumine
2396 5048 2535 5101 dono
2574 5049 2757 5117 gratim
2802 5050 3140 5103 illustratum.
3185 5050 3411 5102 Alienati
3443 5066 3475 5102 a

1909 5145 2014 5196 vita
2042 5140 2157 5194 Der.
2191 5140 2273 5195 Iili
2304 5140 2425 5193 ideo
2453 5155 2482 5193 a
2513 5141 2616 5194 vita
2643 5141 2733 5193 Dei
2764 5142 2985 5195 alienati
3010 5152 3153 5210 sunt,
3178 5143 3301 5212 quia
3330 5143 3486 5213 igno-

1912 5241 2032 5285 rant
2059 5232 2247 5286 Deum.
2276 5230 2382 5285 Vos
2413 5237 2589 5283 autem
2620 5233 2708 5298 qui
2735 5231 3059 5298 COgnuvistis
3087 5233 3249 5287 Deum
3276 5272 3291 5297 ,
3325 5238 3481 5305 sequi
3572 5250 3577 5251 ί

1912 5322 2140 5378 debetis.
2176 5322 2279 5377 Per
2304 5322 2650 5392 ignorantiam
2676 5338 2789 5392 qut:
2821 5330 2897 5377 est
2922 5323 2976 5376 in
3006 5324 3129 5378 illis.
3159 5323 3482 5391 Notandum,

1911 5414 2034 5484 quia
2066 5414 2422 5468 idololatriam
2467 5413 2763 5481 ignorantia
2809 5414 3103 5482 generavit.
3138 5413 3359 5482 Propter
3388 5433 3488 5469 σαι-

1912 5507 2120 5561 ίὶιαέρηῑ
2150 5504 2321 5557 cordis
2349 5504 2602 5569 ipsorum.
2631 5503 2966 5557 Exctecatum
2994 5516 3076 5558 est
3107 5505 3364 5574 insipiens
3393 5521 3486 5560 eor

1917 5610 2104 5656 eorum
2143 5592 2475 5648 dicentium:
2509 5593 2622 5648 Non
2671 5604 2754 5648 est
2796 5594 2959 5649 Deus.
3012 5596 3111 5661 Qui
3142 5597 3492 5665 desperantes.

1922 5694 2282 5760 Desperantcs
2309 5699 2522 5760 pmnam
2549 5684 2851 5755 impiorum,
2876 5694 2930 5741 et
2957 5687 3231 5755 prmtnium
3257 5702 3375 5743 esse
3400 5688 3496 5759 ju-

3002 5796 3081 5854 20
