3982 6352
526 280 652 333 "M9

1658 268 1944 324 PIKIMAS"
1984 268 2429 328 ADRUMETANI
2470 268 2680 323 EPISC.

3720 264 3857 317 6‘20

550 402 774 457 slorum,
796 390 880 447 vel
905 389 975 445 de
998 389 1172 444 futura
1194 386 1319 441 vita.
1342 385 1651 454 Semetipsos
1674 384 1995 437 tradiderunt
2021 396 2116 434 im-
2144 379 2195 437 Δ
2226 383 2301 432 lus
2327 396 2389 434 ex
2413 396 2500 434 ore
2522 389 2683 433 vestro
2727 394 2828 432 non
2860 379 3117 447 procedat.
3168 375 3284 432 Non
3305 394 3441 435 unus
3464 422 3481 449 ,
3524 394 3637 437 non
3682 381 3845 447 duo,

552 486 834 553 pudicitia’.
878 484 1109 538 Necesse
1139 491 1242 543 est,
1271 488 1327 533 ut
1354 478 1442 547 qui
1468 476 1535 532 de
1579 478 1754 531 futura
1783 475 2074 542 deSperant
2106 511 2121 536 ,

553 576 908 645 przescntibus
936 578 1173 627 ntereant
1200 570 1581 639 voluptatibus,
1613 570 1753 623 sicut
1776 568 1829 621 in
1861 566 1998 620 libro
2026 564 2125 619 Sa-

554 668 772 735 pientia:
818 665 1011 719 dicitur
1063 678 1127 717 ex
1174 674 1397 730 persona
1440 674 1629 714 eorum
1670 658 1761 728 qui
1806 657 2038 711 animam
2071 654 2124 708 in

552 773 679 812 aere
705 756 836 810 solvi
867 761 1317 823 praesumpserant
1347 767 1359 805 :
1406 751 1590 808 Venite
1616 758 1670 804 et
1702 748 1939 802 fruamur
1971 746 2125 801 bonis

552 864 671 915 quze
700 856 843 911 sunt,
875 854 928 898 et
956 853 1171 898 czetera.
1195 841 1261 895 In
1283 845 1627 911 operationem
1648 838 1987 893 immunditia:
2014 853 2126 890 om-

553 941 671 1007 nis,
703 939 757 990 in
798 936 1083 989 avaritiam.
1134 933 1324 988 Omnia
1370 933 1594 987 crimina
1622 930 1862 984 avaritiae
1908 928 2126 981 nomine

552 1027 973 1099 comprehendit.
1000 1025 1107 1080 Vos
1136 1036 1301 1081 autem
1325 1042 1426 1078 non
1454 1026 1527 1078 ita
1556 1023 1813 1077 didicistis
1837 1019 2123 1075 Christum.

556 1125 621 1177 Ut
651 1123 787 1177 sicut
816 1121 893 1173 illi
920 1160 934 1183 ,
969 1118 1020 1172 id
1060 1126 1141 1173 est
1168 1117 1395 1187 gentiles
1416 1160 1430 1183 ,
1456 1115 1671 1169 vivatis.
1709 1113 1803 1167 llle
1830 1111 1971 1165 enim
2001 1123 2127 1165 vere

550 1214 821 1267 Christum
853 1211 1075 1277 audivit,
1109 1218 1163 1262 et
1191 1208 1259 1261 ab
1290 1209 1405 1273 ipso
1435 1206 1646 1271 didicit,
1677 1204 1766 1272 qni
1808 1202 1957 1256 nullo
1994 1199 2126 1253 vitio

550 1305 797 1373 gentibus
826 1302 1011 1357 similis
1035 1301 1325 1355 invenitur.
1359 1298 1421 1353 Si
1449 1309 1618 1351 tamen
1643 1298 1794 1349 illum
1824 1293 2042 1347 audistis
2076 1299 2125 1343 et

553 1397 605 1447 in
632 1394 740 1463 ipso
768 1391 931 1445 edocti
955 1392 1095 1454 estis,
1127 1389 1257 1440 sicut
1286 1398 1357 1441 est
1386 1390 1569 1440 veritas
1600 1388 1651 1438 in
1674 1384 1818 1439 Jesu.
1852 1384 2003 1439 Sicut
2033 1382 2121 1436 ille

553 1498 681 1537 vere
719 1491 801 1536 est
828 1492 1092 1541 mortuus,
1123 1488 1179 1533 et
1202 1494 1326 1532 vere
1356 1478 1668 1540 resurrexit,
1697 1486 1754 1530 ut
1784 1490 1881 1530 nos
1908 1489 2036 1529 vero
2066 1473 2118 1526 in

556 1573 795 1629 novitate
818 1572 944 1626 vita:
970 1570 1329 1633 ambulemus,
1361 1578 1418 1623 ut
1444 1569 1519 1622 ait
1547 1568 1613 1622 ad
1639 1568 1906 1621 Romanos
1940 1584 1952 1619 :
1979 1565 2127 1620 Sicut

558 1667 615 1719 in
638 1664 726 1719 die
752 1663 975 1718 honeste
1004 1661 1337 1717 ambulemus
1360 1702 1375 1726 ,
1410 1668 1463 1713 et
1503 1668 1719 1713 czetera.
1748 1657 2015 1725 Deponere
2041 1669 2125 1707 vos

2226 473 2321 527 sed
2342 486 2553 527 omnes.
2582 473 2687 529 Sed
2716 472 2898 541 siquis
2942 471 3104 525 bonus
3138 471 3207 523 ad
3234 469 3635 537 tediﬁcationem
3680 471 3857 538 fidei,

2224 568 2527 625 Notandum
2569 569 2715 637 quia,
2758 568 2881 623 licet
2909 567 3056 621 omni
3084 564 3338 621 Ecclesiae
3378 564 3698 634 praecipiat,
3740 568 3852 617 sed

2225 660 2491 730 praecipue
2512 659 2837 715 sacerdotali
2863 657 3043 713 ofﬁcio
3076 666 3167 712 :et
3193 671 3296 710 non
3326 656 3608 711 silentium
3642 654 3853 720 impo-

2225 750 2353 815 suit,
2379 751 2473 806 sed
2503 750 2810 820 qualitatem
2841 748 3091 819 loquendi
3120 746 3367 811 mutavit,
3398 753 3459 800 ut
3482 743 3675 799 omnis
3716 755 3857 795 ser-

2226 857 2315 897 mo
2344 842 2501 898 fltlem
2538 841 2769 898 aediﬁcet
2796 839 3193 903 Christianam,
3246 846 3300 892 et
3346 851 3409 890 os
3447 843 3715 889 nostrum
3776 845 3843 885 ac

2225 935 2398 989 solum
2430 944 2608 1003 pateat
2638 933 2731 989 Dei
2756 932 2996 987 verbum.
3021 930 3090 985 Ut
3112 931 3195 983 det
3219 928 3439 1000 gratiam
3461 925 3823 980 audientibus

2230 1026 2295 1080 Ut
2339 1042 2405 1081 ex
2436 1039 2684 1079 sermone
2729 1032 2915 1078 nostro
2940 1021 3164 1091 gratiam
3188 1019 3453 1087 accipiant
3481 1016 3793 1069 audientes
3818 1054 3836 1073 .

2226 1120 2366 1174 sicut
2388 1119 2511 1173 alibi
2534 1118 2661 1172 dicit
2702 1134 2717 1170 :
2754 1118 2943 1171 Sermo
2970 1123 3149 1169 vester
3174 1126 3389 1178 semper
3418 1111 3471 1163 in
3497 1107 3683 1178 gratia
3718 1107 3837 1160 sale

2228 1208 2298 1262 sit
2324 1208 2590 1262 conditus.
2640 1204 2707 1258 Et
2746 1205 2902 1258 nolite
2948 1203 3249 1256 contristare
3276 1199 3535 1269 Spiritum
3582 1206 3837 1249 sanctum

2231 1297 2348 1352 Dei.
2407 1299 2480 1351 Ex
2516 1297 2745 1350 humana
2773 1294 3171 1361 comparatione
3217 1291 3460 1360 loquitur
3483 1296 3547 1343 ut
3574 1286 3832 1340 homini-

2229 1388 2347 1453 bus,
2378 1396 2441 1439 ιιι
2468 1401 2534 1440 ex
2566 1386 2718 1440 nobis
2745 1384 3102 1451 intelligamus
3128 1389 3378 1450 quantam
3427 1378 3665 1448 Spiritui
3701 1392 3833 1430 san-

2229 1486 2317 1532 cto
2360 1477 2606 1546 iniuriam
2649 1474 2925 1539 faciamus,
2953 1488 3073 1527 cum
3104 1471 3316 1526 domum
3360 1469 3557 1539 (Alias,
3588 1467 3826 1532 donum)

2228 1568 2346 1636 ejus
2369 1569 2422 1620 iu
2450 1565 2605 1620 nobis
2629 1564 2801 1634 aliqua
2826 1561 3030 1631 peccati
3051 1560 3210 1615 sorde
3238 1558 3529 1629 polluimus
3566 1574 3582 1608 :
3613 1565 3669 1611 et
3701 1556 3828 1623 quia

2229 1656 2299 1711 de
2322 1654 2555 1724 hospitio
2576 1668 2678 1708 suo
2704 1653 2857 1707 nobis
2878 1651 3150 1716 condolet,
3179 1649 3301 1703 ideo
3322 1648 3398 1702 sic
3426 1646 3628 1701 dolens
3653 1646 3827 1699 tristis

557 1752 837 1808 secundum
866 1750 1130 1821 pristinam
1159 1748 1583 1801 conversationem
1605 1755 1817 1799 veterem
1846 1742 2121 1797 hominem.
2150 1733 2205 1796 Β
2232 1748 2488 1802 abscedit.
2515 1746 2777 1800 Craterum
2808 1741 3048 1807 tristitia,
3080 1748 3135 1795 et
3163 1741 3237 1795 ira
3259 1779 3275 1803 ,
3306 1749 3364 1793 et
3396 1747 3606 1792 extera
3637 1735 3826 1803 hujus-

560 1844 821 1912 Exposui’t
840 1841 964 1912 quid
978 1842 1049 1895 sit
1066 1849 1220 1895 vetus
1241 1839 1423 1904 homo,
1438 1849 1491 1893 et
1510 1837 1779 1908 quomodo
1801 1836 2123 1906 deponatur,

559 1933 768 1988 scilicet
790 1931 880 2001 qui
909 1930 1162 1999 pristinos
1194 1944 1409 1984 errores
1434 1928 1713 1997 repudiat,
1740 1935 1803 1981 et
1831 1924 2125 1980 secundum

558 2022 1016 2077 conversationem
1038 2019 1236 2075 Christi
1260 2028 1513 2074 mutatur.
1547 2017 1649 2084 Qui
1679 2017 2025 2082 corrumpitur
2047 2029 2127 2067 se-

556 2116 779 2169 cundum
794 2111 1042 2167 desideria
1058 2113 1262 2165 erroris.
1277 2111 1500 2165 Faciens
1523 2110 1849 2163 voluntatem
1871 2105 2047 2160 carnis
2074 2114 2129 2159 et

557 2206 958 2277 cogitationum.
984 2203 1317 2257 Renovamini
1334 2211 1503 2255 autem
1528 2201 1713 2269 spiritu
1731 2198 1911 2251 mentis
1927 2206 2122 2251 restria.

554 2299 704 2355 Sicut
730 2298 805 2351 ait
828 2296 1085 2352 Jeremias
1116 2310 1131 2347 :
1157 2292 1334 2348 Facite
1362 2292 1512 2347 vobis
1550 2306 1644 2345 cor
1682 2304 1875 2344 novum
1925 2297 1980 2342 et
2014 2287 2125 2356 spi-

558 2389 717 2443 ritum
740 2401 959 2441 novum.
984 2385 1050 2439 Et
1073 2392 1251 2441 mente
1275 2395 1554 2451 possumus
1576 2380 1817 2450 accipere
1840 2379 2119 2447 spiritum:

560 2478 893 2535 renovamini
922 2478 977 2532 in
1003 2477 1202 2533 anima.
1233 2476 1296 2530 Et
1312 2476 1516 2529 induite
1544 2489 1726 2528 novum
1746 2475 2021 2527 hominem.
2046 2472 2123 2526 Es

560 2579 745 2625 vetere
770 2582 969 2623 novum
998 2566 1259 2638 intellige.
1293 2565 1397 2630 Qui
1423 2565 1704 2619 secundum
1734 2563 1897 2617 Deum
1926 2576 2125 2617 creatus

558 2669 632 2715 est
654 2661 705 2714 in
718 2660 930 2731 justitia
952 2666 998 2714 et
1025 2659 1312 2713 sanctitate.
1333 2657 1595 2727 Exposuit
1613 2656 1735 2725 quid
1762 2656 1831 2709 sit
1853 2655 2122 2710 hominem

558 2751 625 2807 ad
656 2750 937 2821 imaginem
969 2749 1065 2805 Dei
1089 2763 1208 2804 esse
1229 2758 1490 2812 creatum,
1514 2756 1571 2801 ut
1599 2746 1669 2801 sit
1696 2746 1897 2801 scilicet
1924 2748 2120 2813 justus,

559 2855 614 2902 et
642 2854 881 2913 sanctus,
912 2853 967 2898 et
992 2857 1157 2897 verax
1190 2841 1329 2896 sicut
1356 2839 1519 2895 Deus.
1549 2838 1810 2895 Veritatis.
1839 2837 1952 2892 Non
1977 2838 2124 2891 vani-

563 2935 709 3003 tatis,
742 2949 860 3005 quze
889 2948 1081 2988 vanam
1112 2932 1385 2987 hominum
1409 2929 1629 3000 gloriam
1660 2936 1972 2999 aucupatur,
2001 2941 2123 2983 cum

561 3024 822 3093 scriptum
846 3021 917 3076 sit
947 3039 958 3073 :
988 3020 1139 3075 luste
1171 3019 1313 3089 quod
1335 3017 1536 3087 justum
1567 3024 1649 3072 est
1675 3016 2037 3086 persequeris,
2066 3024 2125 3071 et

2234 1838 2374 1893 modi
2400 1839 2451 1892 in
2478 1837 2632 1891 nobis
2657 1836 2932 1904 passiones
2957 1841 3101 1895 sunt,
3123 1832 3248 1902 quia
3275 1829 3569 1899 passibiles
3600 1842 3818 1890 sumus;

2231 1931 2285 1984 in
2316 1930 2428 1984 Deo
2455 1942 2581 1983 vero
2634 1925 3090 1996 dispensationes;
3122 1936 3219 1978 nos
3257 1920 3400 1977 enim
3430 1935 3495 1976 ea
3527 1919 3689 1974 inviti
3737 1933 3823 1986 pa-

2231 2024 2395 2076 timur
2422 2037 2437 2086 ;
2470 2020 2559 2074 ille
2593 2019 2867 2073 voluntate
2896 2016 2961 2069 ad
2992 2024 3226 2071 nostram
3254 2010 3701 2067 emendationem
3732 2023 3816 2062 as-

2228 2112 2415 2168 sumit.
2446 2111 2571 2165 Hazc
2602 2119 2683 2164 est
2714 2110 2853 2163 inter
2878 2109 3043 2162 Deum
3074 2115 3128 2161 et
3157 2104 3428 2159 hominem
3461 2102 3661 2155 barum
3688 2114 3818 2153 con-

2231 2202 2491 2257 ditionum
2538 2199 2859 2264 diversitas,
2907 2212 3025 2267 quae
3066 2206 3121 2252 et
3163 2204 3387 2250 naturas.
3418 2193 3557 2247 Item
3610 2191 3812 2245 aliter:

2231 2292 2414 2361 Neque
2455 2290 2598 2346 enim
2628 2288 2741 2358 ipsa
2770 2288 2997 2353 Spiritus
3036 2285 3242 2352 sancti,
3282 2298 3401 2352 quae
3443 2290 3530 2338 est
3562 2281 3815 2351 quidquid

2230 2386 2346 2456 ipse
2368 2390 2481 2451 est,
2521 2382 2819 2439 substantia
2862 2378 3166 2435 contristari
3209 2384 3427 2447 potest,
3457 2390 3588 2429 cum
3630 2376 3817 2429 hab-at

2231 2488 2491 2532 aeternam
2523 2485 2681 2545 atque
2710 2471 3201 2529 incommutabilem
3243 2469 3637 2525 beatitudinem
3661 2508 3677 2531 ,
3711 2482 3820 2520 ma-

2226 2570 2412 2641 gisque
2439 2567 2511 2622 sit
2549 2567 2660 2637 ipsa
2692 2574 2887 2621 aeterna
2914 2572 2973 2619 et
3001 2559 3453 2618 incommutabilis
3496 2560 3819 2641 beatitudo:

2226 2629 2465 2731 sed-quia
2492 2661 2546 2714 in
2570 2629 2774 2714 sanctis
2798 2657 3021 2725 habitat,
3055 2664 3114 2709 ut
3140 2669 3237 2710 eos
3265 2654 3488 2723 impleat
3512 2629 3821 2717 charitate:

2231 2768 2336 2824 qua
2364 2766 2586 2807 necesse
2613 2758 2697 2805 est
2726 2759 2781 2804 ut
2828 2747 3097 2818 spiritales
3121 2745 3361 2801 homines
3386 2746 3663 2815 gaudeant
3689 2761 3816 2814 prn-

2233 2845 2377 2903 fectu
2404 2843 2638 2898 fidelium
2663 2850 2723 2896 et
2758 2840 2914 2895 bonis
2957 2838 3242 2909 operibus,
3297 2837 3414 2891 ideo
3458 2850 3694 2890 necesse
3734 2844 3822 2890 est

2227 2935 2389 2992 etiam
2410 2932 2795 2989 contristentur
2815 2930 2967 2999 lapsu
2989 2929 3073 2984 vel
3098 2927 3329 2997 peccatis
3357 2940 3535 2980 eorum
3576 2926 3653 2979 de
3673 2942 3823 2988 quo-

2228 3041 2347 3081 rum
2378 3024 2485 3079 ﬁde
2512 3032 2670 3091 atque
2690 3021 2932 3091 profectu
2960 3018 3285 3089 gaudebant.
3312 3018 3590 3086 Propterea
3635 3015 3821 3084 Spiri-

558 3116 781 3169 itcrum:
808 3112 908 3181 Qui
938 3110 1287 3169 custodierint
1310 3110 1452 3177 juste
1474 3110 1638 3177 iusta,
1666 3107 2123 3177 justifieabuntur,

2233 3127 2317 3174 tus
2341 3124 2556 3171 sanctus
2582 3113 2776 3168 dicitur
2800 3113 3107 3168 contristari
3136 3110 3204 3165 ab
3242 3109 3321 3166 eis
3358 3110 3448 3179 qui
3479 3108 3555 3163 sic
3610 3119 3813 3178 agunt,

558 3220 663 3259 non
693 3204 783 3272 qui
814 3202 1011 3274 injuste
1052 3201 1345 3257 servaverit
1367 3198 1533 3268 justa.
1561 3198 1781 3269 Propter
1814 3198 1949 3267 quod
1973 3199 2130 3268 depo-

559 3303 732 3348 nentes
781 3294 1123 3356 mendacium,
1164 3290 1431 3359 loquimini
1479 3289 1744 3343 veritatem
1788 3288 2131 3356 unusquisque

560 3402 675 3440 cum
705 3386 939 3455 proximo
963 3400 1077 3438 suo.
1109 3383 1447 3450 Deponentes
1472 3380 1808 3434 mendacium
1832 3379 2130 3434 litterarum

559 3478 762 3544 sreculi,
790 3476 921 3545 legis
950 3475 1042 3529 Dei
1067 3471 1343 3542 loquimini
1365 3471 1670 3525 veritatem.
1705 3469 1852 3537 lpsas
1879 3470 2133 3524 describit

558 3568 766 3637 Species
812 3566 1136 3628 sanctitatis,
1164 3563 1360 3632 quibus
1387 3562 1547 3617 homo
1583 3576 1753 3616 novus
1779 3562 2130 3632 agnoscitur;

559 3659 654 3713 sed
696 3667 751 3713 et
789 3657 1117 3711 mendacium
1146 3670 1246 3711 nos
1284 3654 1466 3724 fugere
1493 3655 1695 3711 docuit.
1752 3656 2007 3723 Quoniam
2046 3673 2135 3712 su-

559 3766 672 3803 mus
694 3749 903 3803 invicem
931 3748 1171 3801 membra.
1202 3746 1369 3803 Nemo
1399 3763 1553 3803 suum
1586 3748 1802 3805 fratrem
1834 3750 2129 3807 circumve-

562 3841 695 3906 niat,
724 3840 847 3909 quia
880 3854 1040 3893 unum
1070 3853 1264 3908 corpus
1290 3852 1471 3895 sumus
1497 3881 1512 3906 ,
1544 3850 1597 3896 et
1640 3856 1743 3896 non
1791 3853 2016 3913 possunt
2052 3846 2131 3900 al-

565 3939 830 3984 terutrum
853 3930 1093 3985 membra
1121 3944 1180 3985 se
1206 3928 1422 3999 fallere,
1449 3932 1532 3987 vel
1564 3932 1833 3999 lacerare;
1863 3949 1962 3989 nec
1988 3938 2128 3991 enim

560 4036 753 4077 manus
781 4022 863 4077 orl
891 4021 1163 4086 mentitur,
1193 4036 1292 4078 nec
1320 4022 1508 4078 dentes
1531 4023 1732 4079 laniant
1768 4038 1987 4095 corpus,
2027 4027 2130 4083 nisi

560 4113 653 4168 ubi
681 4112 901 4183 spiritus
923 4113 1227 4168 immundus
1247 4112 1533 4168 inhabitat.
1557 4112 1873 4182 Irascimini,
1904 4126 1953 4170 et
1977 4118 2135 4172 nolite

558 4220 788 4274 peccare.
816 4204 933 4260 Non
962 4213 1193 4260 mentem
1224 4205 1301 4262 ira
1331 4205 1576 4271 inebriet,
1609 4207 1704 4262 sed
1731 4209 1998 4264 severitas
2024 4207 2133 4264 dis-

560 4304 845 4363 pensetur:
872 4310 971 4352 nec
994 4306 1137 4351 tuam
1161 4297 1431 4366 iniuriam,
1449 4297 1541 4352 sed
1566 4297 1746 4353 fratris
1768 4299 2133 4355 animadverte

558 4395 834 4454 peccatum
854 4404 867 4452 ;
890 4387 973 4441 vel
998 4387 1287 4442 irascimini
1312 4387 1614 4455 vobiscum,
1629 4388 1905 4458 inaliquod
1931 4404 2133 4458 praeve-

2236 3215 2294 3263 ut
2333 3221 2517 3263 eorum
2549 3204 2701 3258 lactis
2729 3205 3113 3259 contristentur
3141 3200 3310 3257 sancti
3334 3238 3351 3265 ,
3392 3215 3499 3254 non
3529 3199 3605 3255 ob
3632 3199 3772 3254 aliud
3792 3240 3809 3262 ,

2234 3297 2335 3352 nisi
2364 3297 2484 3367 quia
2514 3294 2770 3363 Spiritum
2797 3299 3038 3348 sanctum
3081 3291 3314 3357 habent,
3344 3288 3501 3358 cuius
3530 3289 3683 3343 dono
3711 3299 3809 3342 tam

2234 3390 2358 3446 boni
2384 3397 2527 3455 sunt,
2551 3395 2610 3441 ut
2631 3402 2726 3443 eos
2761 3385 2884 3439 mali
2915 3384 3257 3440 maestificent
3282 3383 3462 3437 :sicut
3489 3382 3659 3437 etiam
3688 3381 3806 3435 dici-

2237 3486 2324 3533 tur
2355 3479 2494 3534 Deus
2518 3480 2692 3533 facere
2713 3474 2969 3545 quidquid
3022 3475 3138 3544 ipso
3176 3473 3464 3528 ordinante
3508 3473 3803 3531 fecerimus,

2236 3567 2309 3622 ita
2338 3576 2484 3622 recte
2514 3566 2710 3622 dicitur
2728 3565 2869 3621 Deus
2908 3564 3262 3635 requiescere,
3295 3577 3415 3619 cum
3446 3565 3567 3632 eius
3596 3579 3806 3619 munere

2234 3658 2652 3729 requiescimus;
2675 3658 2813 3712 sicut
2832 3656 3026 3711 dicitur
3042 3669 3386 3726 cognoscere,
3405 3668 3531 3710 eum
3569 3654 3737 3709 efﬁcit
3759 3662 3810 3708 ut

2235 3766 2333 3807 nos
2346 3764 2731 3821 cognoscamus
2749 3766 2763 3815 ;
2782 3748 2919 3806 sicut
2934 3760 2983 3804 et
3000 3763 3234 3819 gemere,
3252 3762 3373 3803 cum
3391 3762 3492 3802 nos
3506 3761 3725 3817 gemere
3743 3747 3812 3800 fa-

2234 3842 2329 3898 cit.
2345 3841 2410 3896 ln
2424 3858 2526 3911 quo
2542 3842 2728 3912 signati
2744 3844 2882 3895 estis.
2896 3839 3097 3895 Novum
3114 3839 3321 3910 signum
3339 3838 3540 3893 habere
3553 3837 3809 3907 coepistis.

2234 3935 2302 3991 In
2330 3936 2412 3989 die
2435 3935 2813 4005 redemptionis.
2839 3933 2893 3988 In
2917 3934 3002 3988 die
3022 3932 3269 4002 baptismi
3290 3931 3627 4001 signaculum
3650 3930 3809 3999 Spiri-

2236 4036 2321 4084 tus
2340 4028 2505 4082 sancti
2529 4026 2825 4094 accepistis.
2845 4025 3023 4080 Omnis
3043 4025 3351 4078 amaritudo.
3366 4023 3618 4078 Ostendit
3640 4022 3692 4077 in
3713 4038 3814 4092 quo

2235 4120 2580 4175 contristetur
2608 4116 2839 4186 Spiritus
2867 4125 3106 4185 sanctus,
3129 4116 3334 4171 scilicet
3360 4117 3737 4181 amaritudine,
3758 4115 3811 4168 id

2234 4220 2318 4267 est
2346 4212 2744 4281 provocatione.
2769 4210 2837 4264 Et
2864 4212 2963 4265 ira.
2993 4210 3218 4265 Omnem
3244 4209 3585 4266 occasionem
3611 4208 3732 4263 tulit
3753 4223 3816 4263 ne

2235 4303 2547 4358 irascamur.
2582 4301 2649 4355 Et
2670 4303 2972 4373 indignatio,
3001 4310 3047 4356 et
3072 4301 3289 4355 clamor.
3322 4300 3625 4371 indignatio
3643 4315 3705 4356 ex
3728 4315 3814 4354 sn-

2237 4394 2417 4463 perbia
2447 4400 2550 4457 est,
2573 4407 2692 4449 cum
2715 4397 2944 4463 aliquem
2963 4393 3262 4463 judicamus
3291 4393 3586 4463 indignum,
3614 4404 3667 4447 et
3694 4392 3808 4446 ideo

562 4476 747 4528 nimini
768 4475 907 4544 (sic).
933 4476 1026 4529 Sol
1047 4492 1147 4530 non
1167 4478 1363 4531 occidat
1378 4494 1531 4547 super
1550 4479 1873 4533 iracundiam
1894 4489 2130 4534 uestram.
2162 4470 2216 4530 D
2239 4500 2361 4541 eum
2394 4499 2501 4540 non
2532 4486 2877 4543 sustinemus.
2900 4484 3016 4541 Non
3047 4484 3296 4540 clamabit
3325 4500 3500 4553 neque
3526 4484 3809 4540 contendet

564 4563 740 4616 Nolite
760 4563 929 4615 locum
953 4566 1076 4617 dare
1113 4566 1336 4621 diabolo.
1369 4568 1445 4621 Ne
1474 4568 1597 4622 fidei
1646 4569 1730 4624 vel
1779 4570 2018 4625 scientite
2045 4572 2129 4626 lu-

563 4668 682 4709 men
712 4653 764 4733 in
788 4660 876 4707 tua
894 4653 1255 4723 indignatione
1282 4655 1513 4710 deficiat.
1530 4658 1595 4711 Et
1615 4658 1788 4712 locum
1811 4659 2000 4714 damus
2017 4660 2132 4714 dia-

564 4744 685 4798 bolo
712 4742 1040 4798 iracundiam
1066 4743 1366 4813 retinendo,
1389 4744 1470 4800 vel
1492 4746 1536 4799 si
1561 4746 1851 4816 indignatio
1873 4749 1925 4803 in
1953 4749 2131 4805 odium

561 4844 920 4892 convertatur.
949 4836 1050 4904 Qui
1070 4837 1359 4908 furabatur,
1382 4838 1498 4907 jam
1525 4853 1626 4892 non
1648 4838 1873 4909 furetur.
1893 4839 2134 4897 irascen-

562 4932 630 4983 do
668 4931 752 4984 vel
801 4929 1023 4984 furando
1069 4930 1242 4986 locum
1273 4931 1463 4987 damus
1505 4933 1717 4990 diabolo
1741 4975 1757 5002 ,
1784 4936 1868 4991 vel
1897 4938 2136 5005 quolibet

563 5030 806 5085 peccato;
843 5030 994 5089 porta
1022 5022 1165 5077 enim
1187 5022 1383 5078 diaboli
1405 5032 1485 5078 est
1516 5025 1722 5093 rapina,
1741 5027 1877 5081 sicut
1904 5027 2135 5094 Spiritus

561 5112 731 5165 sancti
756 5121 903 5179 porta
924 5120 1006 5167 est
1025 5111 1045 5179 j
1053 5112 1151 5166 usti
1161 5113 1248 5167 tia.
1268 5111 1437 5182 Magis
1459 5125 1623 5169 autent
1642 5116 1854 5182 laboret,
1874 5119 2133 5186 operando

563 5201 813 5254 manibus.
839 5200 1056 5256 Alienos
1077 5202 1289 5259 labores
1316 5204 1531 5259 invasos
1548 5220 1646 5259 suo
1674 5206 1858 5263 labore
1883 5223 2135 5278 compen-

554 5300 643 5342 set
671 5331 685 5355 ,
718 5300 772 5345 et
811 5293 1080 5361 operando
1105 5295 1309 5350 tribuat
1347 5295 1708 5365 indigentibus
1734 5340 1747 5360 ,
1774 5313 1893 5366 qua:
1938 5302 2134 5357 multos

565 5379 791 5433 iurando
818 5382 939 5437 fecit
967 5397 1203 5454 egentes.
1222 5386 1372 5451 Quod
1402 5386 1586 5439 bonum
1603 5394 1698 5451 est,
1725 5396 1777 5438 ut
1800 5387 1975 5441 habeat
1998 5391 2134 5445 unde

568 5468 751 5519 tribuat
781 5475 1120 5529 necessitatem
1143 5476 1465 5543 patientibus.
1498 5474 1611 5529 Non
1635 5476 1773 5543 quod
1805 5477 1998 5531 malum
2030 5490 2132 5535 est.

570 5554 707 5606 Sunt
732 5558 871 5613 cnim
907 5563 1085 5621 multae
1112 5569 1197 5623 vel
1239 5567 1556 5629 inhonestae,
1589 5568 1671 5621 vel
1704 5571 1855 5622 mite
1885 5581 2049 5637 artes,
2080 5584 2137 5629 ut

564 5643 825 5701 maleficia
848 5661 898 5706 ct
920 5669 1037 5721 quae
1051 5660 1305 5729 voluptati
1330 5659 1629 5729 proﬁciunt.
1651 5658 1828 5715 Omnis
1850 5678 2015 5716 sermo
2034 5680 2134 5719 me-

2239 4578 2319 4630 vir
2345 4574 2536 4629 bonus.
2559 4576 2771 4630 Clamor
2793 4575 2881 4644 qui
2903 4590 2968 4629 ex
3000 4574 3179 4629 furore
3202 4574 3501 4641 descendit,
3525 4588 3684 4643 quem
3708 4588 3810 4626 nm

2240 4666 2429 4722 habuit
2452 4665 2717 4722 Christus.
2744 4667 3011 4722 Czeterum
3037 4674 3094 4722 et
3131 4667 3293 4721 Isaias
3318 4666 3553 4720 clamare
3577 4666 3807 4735 jnbetn';

2238 4767 2294 4812 et
2320 4758 2574 4813 Dominus
2597 4758 2849 4814 clamavit
2878 4761 2930 4814 in
2960 4761 3158 4831 templo
3188 4776 3202 4812 :
3226 4759 3284 4815 Si
3311 4761 3431 4831 quis
3472 4760 3607 4827 sitit,
3635 4762 3807 4816 veni-.t

2238 4859 2293 4905 et
2320 4850 2485 4905 bibat.
2512 4848 2581 4903 Et
2617 4850 2950 4922 blasphemia.
2991 4851 3061 4907 Ut
3102 4853 3367 4907 neminem
3411 4851 3815 4921 blasphemetis,

2240 4940 2478 4995 Tollatur
2507 4957 2539 4994 a
2569 4941 2707 4995 voltis
2736 4957 2851 4994 ctum
2879 4943 3019 4996 omni
3056 4944 3274 4996 malitia.
3321 4943 3449 5009 Quae
3488 4943 3573 4998 vel
3604 4944 3823 4999 inimico

2241 5034 2410 5087 vicem
2444 5033 2645 5088 referre
2674 5043 2865 5103 potest.
2921 5034 3100 5089 Estote
3137 5046 3307 5090 autem
3332 5038 3547 5091 invicem
3575 5038 3823 5107 benigni,

2240 5127 2611 5181 misericordes.
2633 5126 2822 5182 Servat
2851 5127 3091 5183 ordinem
3114 5129 3265 5197 legis,
3290 5138 3347 5183 ut
3377 5144 3480 5184 non
3504 5130 3675 5183 solum
3710 5147 3821 5184 nia-

2240 5217 2351 5271 litia
2384 5218 2615 5283 tollatur,
2650 5218 2742 5271 sed
2765 5218 2923 5273 etiam
2956 5219 3253 5289 benignitas
3282 5222 3571 5276 inseratur.
3600 5220 3822 5275 Donan-

2241 5318 2311 5361 tes
2332 5309 2563 5363 invicem.
2599 5308 2673 5363 Ne
2704 5309 2856 5364 nobis
2886 5311 3095 5365 dicatur
3126 5330 3139 5366 :
3174 5313 3344 5367 Serve
3381 5327 3633 5383 nequam,
3657 5328 3823 5369 omne

2240 5397 2475 5451 debitum
2505 5400 2684 5456 remisi
2712 5402 2828 5467 tibi,
2850 5410 2908 5456 et
2932 5412 3147 5458 cetera.
3182 5403 3325 5459 Sicut
3350 5415 3398 5459 et
3427 5405 3561 5458 Dius
3594 5407 3644 5458 in
3667 5405 3821 5460 Chri-

2236 5497 2335 5541 sto.
2369 5488 2471 5543 l’er
2491 5487 2787 5544 Christum.
2818 5493 3038 5547 Donavit
3068 5496 3231 5550 nobis.
3256 5496 3447 5550 Omnia
3473 5506 3713 5564 peccata.

2285 5575 2414 5631 Car.
2431 5594 2481 5633 v.
2504 5578 2675 5635 Estote
2690 5598 2809 5650 ergo
2820 5585 3099 5640 imitatores
3114 5586 3231 5653 Dei,
3245 5588 3373 5642 sicut
3393 5588 3493 5657 ﬁlii
3507 5590 3815 5646 charissimi.

2236 5666 2534 5725 lmitatione
2551 5673 2695 5727 enim
2717 5674 2799 5729 vel
2825 5676 3110 5739 adoritione
3134 5678 3263 5734 estis
3286 5680 3378 5735 Dei
3402 5680 3515 5736 lilii.
3534 5698 3637 5736 non
3657 5694 3787 5735 nam
3804 5712 3819 5726 ο
