3982 6352
102 347 203 405 εὲι

948 344 1018 402 IN
1055 338 1440 402 EPISTOLAM
1477 339 1569 394 AD
1610 338 1945 396 EPHESIUS
1980 332 2495 397 COMMENTARIA.

3254 344 3359 394 C22

102 478 184 528 ra,
207 462 344 518 sicut
362 460 436 517 ait
457 459 712 517 Dominus
732 478 745 513 :
766 458 833 516 Ut
851 458 968 514 sitis
989 457 1080 513 lilii
1101 456 1274 513 Patris
1295 454 1483 522 vestri,
1502 462 1555 508 et
1574 466 1677 508 οω-
1705 449 1757 511 Α
1782 453 1940 508 nolite
1983 454 2357 511 communicare
2386 454 2623 525 operibus
2661 453 2991 526 infructuosis
3020 453 3355 509 tenebrarum.

102 566 237 611 tera.
254 553 319 608 Et
337 554 597 609 ambulate
618 554 669 607 in
695 551 988 617 dilectione,
1012 552 1145 605 sicut
1172 559 1219 604 et
1249 548 1479 604 Christus
1501 547 1678 600 dilexit

101 640 210 699 uos.
245 643 470 700 Sicutet
494 642 725 697 Joannes
756 641 832 695 ait
864 659 877 694 :
907 642 962 696 In
1004 639 1104 695 hoc
1129 639 1479 708 cognovimus
1506 636 1705 692 chari—.

103 744 268 790 tatem
298 732 437 801 ejus,
462 734 589 801 quia
617 732 708 787 ille
735 745 830 801 pro
852 731 1006 785 nobis
1030 729 1261 785 animam
1287 743 1436 784 suam
1467 726 1679 797 posuit;

100 832 158 878 et
184 837 280 878 nos
300 822 557 878 debemus
584 835 682 891 pro
714 819 968 876 fratribus
990 820 1199 875 animas
1231 832 1450 887 ponere.
1480 816 1550 872 Et
1579 829 1683 879 tra-

102 914 237 967 didit
261 914 585 982 semetipsum
613 928 707 981 pro
728 912 871 966 nobis
892 910 1197 965 oblationem
1222 918 1275 964 et
1310 909 1527 964 hostiam
1553 906 1681 963 Deo.

102 1005 416 1061 Voluntaria
469 1007 584 1074 ipse
646 1019 708 1060 se
754 1003 993 1059 tradidit.
1034 1003 1101 1057 In
1137 1003 1345 1057 odorem
1396 998 1682 1055 suavitatis.

102 1096 466 1152 Suavissimus
487 1095 597 1150 Deo
616 1094 751 1149 odor
774 1102 861 1150 est
884 1094 1138 1150 charitas.
1160 1091 1466 1146 Fornicatio
1488 1100 1681 1146 autem.

101 1185 292 1241 Omnia
330 1185 555 1240 crimina
606 1185 840 1241 breviter
864 1183 1304 1251 comprehendit,
1332 1181 1466 1236 duas
1506 1182 1683 1237 nomi-

102 1277 558 1333 nandoradices.
611 1276 680 1330 Et
707 1277 873 1332 omnis
913 1277 1276 1342 intmunditia,
1320 1283 1412 1329 aut
1447 1276 1683 1330 avaritia.

100 1369 383 1437 Quomodo
413 1370 557 1424 enim
605 1370 659 1424 in
688 1369 857 1425 veteri
891 1368 1007 1439 lege
1027 1407 1045 1436 ,
1082 1369 1152 1424 de
1181 1366 1423 1423 nefandis
1450 1367 1687 1422 crimini-

102 1462 225 1529 bus,
254 1476 374 1532 qute
403 1462 456 1516 in
503 1462 717 1517 occulto
747 1462 902 1527 (lunt,
942 1469 997 1516 et
1024 1475 1086 1516 ea
1129 1461 1409 1523 nominare
1441 1457 1689 1527 turpissi-

101 1565 250 1605 mum
277 1558 380 1618 est,
407 1564 474 1606 ne
492 1565 555 1606 ea
581 1550 822 1605 dicentes
849 1564 909 1605 os
940 1558 995 1604 et
1026 1564 1186 1605 aures
1216 1548 1545 1603 audientium
1573 1545 1688 1616 pol-

102 1640 351 1706 luerent,
386 1642 710 1711 generaliter
739 1639 1014 1708 Scriptura
1040 1640 1318 1708 complexa
1348 1647 1433 1693 est
1457 1638 1643 1693 dicens
1670 1654 1683 1689 :

105 1728 455 1785 Verecundos
478 1769 495 1797 ,
533 1729 618 1785 vel
663 1730 989 1784 reverendos
1035 1728 1197 1784 facite
1232 1727 1370 1782 ﬁlios
1409 1726 1572 1783 Israel
1621 1726 1688 1781 ab

1782 544 1919 612 Quia
1948 559 2049 599 nec
2070 546 2159 599 lux
2191 555 2366 615 potest
2393 547 2791 603 communicare
2812 561 2931 602 cum
2958 544 3218 601 tenebris.
3247 545 3362 600 Non

1784 634 2003 706 prodest
2021 632 2276 706 quidquid
2301 638 2417 693 sine
2440 639 2629 693 timore
2656 640 2739 694 vel
2762 639 2985 693 scientia
3013 648 3094 693 est
3120 637 3234 704 Dei,
3275 638 3363 690 vel

1783 726 2040 796 quidquid
2065 743 2170 782 non
2205 738 2424 798 propter
2454 730 2620 785 Deum
2665 731 2741 785 lit.
2777 730 2944 801 Magis
2981 738 3148 783 autent
3188 730 3362 782 redar-

1782 819 1939 889 guite.
1967 817 2083 874 Non
2112 820 2286 874 solum
2318 822 2719 877 communicare
2742 822 2931 888 nolite,
2963 822 3057 877 sed
3086 808 3246 876 etiam
3280 836 3365 875 re-

1785 908 2030 977 darguite
2062 926 2075 961 :
2110 908 2240 973 Quae
2263 910 2396 963 enim
2428 912 2481 965 in
2510 912 2708 966 occulto
2738 913 2869 979 ﬁunt
2910 912 2973 965 ab
3002 913 3148 977 ipsis.
3182 912 3238 966 ln
3271 912 3364 964 do-

1786 997 1981 1065 mibus,
2015 998 2100 1053 vel
2129 999 2182 1052 in
2212 1000 2444 1068 templis.
2499 999 2671 1069 Turpe
2700 1011 2771 1055 est
2799 1012 2844 1056 et
2871 1004 3060 1058 dicere.
3094 1002 3257 1057 Nobis
3286 1002 3365 1055 di-

1788 1105 1913 1147 cere
1952 1099 2104 1161 turpe
2132 1100 2217 1147 est
2245 1106 2365 1162 quae
2414 1092 2493 1146 illi
2517 1095 2669 1163 quasi
2706 1093 2758 1148 in
2790 1096 3023 1149 tenebris
3053 1095 3227 1150 facere
3258 1111 3363 1148 non

1785 1183 2133 1239 erubescunt.
2170 1184 2356 1237 Omnia
2401 1193 2571 1238 autem
2612 1202 2723 1255 qua:
2752 1196 3074 1256 arguuntur,
3113 1205 3144 1240 (ι
3174 1189 3366 1241 lumine

1786 1278 2203 1346 manifestantur.
2230 1278 2419 1347 Incipit
2446 1279 2625 1333 lumen
2655 1292 2795 1343 esse,
2830 1295 2952 1333 cum
2978 1280 3169 1343 credit,
3196 1288 3249 1333 et
3274 1296 3369 1333 vo-

1787 1370 1870 1424 bis
1896 1368 2164 1438 jungitur.
2219 1368 2382 1421 Omne
2415 1368 2551 1422 enim
2592 1368 2728 1438 quod
2770 1369 3156 1439 manifestatur,
3199 1371 3369 1422 (uinea

1788 1467 1881 1512 est.
1932 1457 2083 1513 Sicut
2127 1458 2195 1512 ad
2235 1457 2544 1513 Corinthios
2589 1459 2705 1513 ait:
2740 1458 2961 1514 Occulta
2992 1462 3152 1514 etiam
3191 1460 3370 1514 cordis

1788 1547 1909 1616 ejus
1938 1547 2275 1602 manifestata
2297 1549 2451 1616 llunt,
2475 1559 2529 1604 et
2558 1559 2682 1605 tunc
2702 1550 2900 1606 cadens
2925 1550 2977 1605 in
3006 1550 3194 1605 faciem
3213 1567 3363 1606 suam

1788 1638 2033 1693 adorabit
2061 1638 2369 1705 Dominum,
2402 1644 2751 1708 pronuntians
2804 1642 2927 1713 quia
2961 1658 3084 1698 vere
3115 1644 3252 1698 Dens
3281 1654 3366 1697 est

1791 1728 1846 1783 in
1867 1729 2039 1784 vobis.
2064 1729 2285 1797 PrOpter
2304 1729 2444 1800 quod
2465 1731 2588 1784 dicit
2614 1747 2633 1785 :
2659 1732 2847 1804 Surge,
2868 1734 2953 1803 qui
2974 1735 3184 1788 dormis.
3206 1734 3369 1802 Quasi

98 1821 250 1877 omni
287 1818 645 1876 immunditia.
692 1819 760 1874 Et
796 1820 850 1874 in
878 1818 979 1875 hoc
1006 1819 1124 1875 loco
1151 1826 1363 1875 caetera:
1391 1816 1690 1873 extraordi—
1722 1808 1767 1868 Β
1793 1828 1977 1878 vocem
2009 1821 2237 1891 alicujus
2286 1823 2549 1893 sapientis
2596 1825 2983 1880 conscientiam
3014 1827 3207 1897 pagani
3248 1826 3368 1896 pul-

102 1910 275 1964 naria:
305 1911 631 1977 voluptates,
664 1908 900 1978 ipsarum
929 1923 1141 1978 quoque
1163 1922 1328 1977 opera
1360 1907 1684 1976 nuptiarum,

99 1999 146 2053 si
179 2014 288 2055 non
313 1999 623 2055 verecunde
666 2007 723 2054 et
747 2013 868 2054 eum
902 1998 1202 2067 honestate,
1227 1997 1378 2068 quasi
1399 1997 1501 2052 sub
1524 1997 1693 2052 oculis

100 2091 206 2145 Dei
246 2090 414 2157 ﬂant,
448 2097 653 2144 tantum
693 2100 752 2144 ut
796 2090 982 2145 liberis
1023 2090 1326 2155 serviatur,
1359 2089 1691 2143 immunditia

99 2178 475 2234 nominantur.
505 2178 620 2233 Nec
662 2181 946 2234 nominetur
970 2179 1023 2234 in
1046 2180 1207 2246 vobis,
1238 2180 1366 2233 sicut
1406 2179 1544 2233 decet
1573 2195 1693 2233 san-

94 2277 235 2322 ctos.
258 2268 672 2325 Consideretnus
696 2269 741 2324 si
764 2268 888 2325 licet
920 2269 1034 2325 ﬁeri
1060 2270 1204 2339 quod
1232 2285 1336 2325 non
1368 2271 1491 2325 licet
1518 2269 1692 2324 nomi-

105 2360 249 2415 nari.
279 2360 382 2413 Aut
406 2362 696 2429 turpitudo,
728 2370 817 2414 aut
844 2360 1240 2430 stultiloquium.
1290 2360 1688 2430 Stultiloquium

101 2453 270 2505 etiam
296 2450 351 2505 in
384 2450 654 2506 hominum
684 2450 806 2505 tiliis
831 2450 1264 2520 reprehenditur.
1303 2452 1407 2505 Aut
1458 2453 1691 2507 scurrili-

102 2550 205 2605 tas,
252 2556 367 2611 qua:
392 2541 460 2594 ad
488 2556 595 2594 rem
624 2556 724 2594 non
753 2540 989 2612 pertinet.
1022 2541 1329 2596 Scurrilitas
1356 2556 1480 2611 quas
1522 2543 1688 2597 risum

109 2638 314 2694 movet.
344 2639 399 2686 et
427 2628 671 2700 gravitati
694 2645 798 2685 non
824 2630 1076 2687 convenit
1098 2629 1440 2699 Christianae,
1470 2631 1591 2702 quia
1620 2633 1690 2688 ad

105 2738 221 2777 rem
266 2722 540 2777 ctelestcm
584 2721 925 2792 divinumque
966 2737 1072 2777 non
1110 2722 1363 2791 pertinet.
1397 2722 1503 2777 Sed
1529 2724 1691 2793 magis

102 2816 393 2886 gratiarum
421 2815 576 2869 actio.
612 2814 722 2869 lloc
756 2814 926 2885 magis
951 2828 1110 2884 agere
1138 2823 1193 2869 et
1214 2822 1441 2869 tractare
1461 2813 1689 2880 debetis,

112 2916 174 2961 ut
205 2906 319 2962 Deo
345 2920 453 2961 non
481 2907 599 2961 sitis
628 2906 841 2975 ingrati.
877 2906 991 2961 Hoc
1017 2907 1157 2960 enim
1182 2907 1380 2974 scitote,
1407 2907 1693 2977 intelligen-

1790 1915 1962 1970 santis
1991 1913 2214 1970 inducit.
2260 1912 2331 1968 Et
2371 1914 2684 1969 illuminabit
2721 1916 2813 1970 tibi
2853 1915 3104 1973 Christus.
3143 1917 3277 1972 Cum
3320 1920 3371 1973 ei

1790 2002 2114 2070 credideris,
2144 2002 2395 2060 elﬁcieris
2425 2003 2535 2058 lux.
2575 2004 2755 2059 Videte
2783 2005 2972 2074 itaque,
3012 2007 3218 2077 fratres,
3247 2025 3372 2076 quo-

1790 2093 1945 2147 modo
1993 2102 2140 2147 caute
2170 2092 2478 2161 ambuletis,
2504 2110 2607 2147 non
2646 2096 2793 2164 quasi
2832 2097 3157 2162 insipientes,
3201 2099 3288 2150 sed
3318 2107 3374 2149 ut

1795 2184 2071 2251 sapientes.
2096 2184 2260 2250 Quasi
2290 2184 2384 2239 lilii
2415 2185 2691 2254 sapientia:
2719 2192 2774 2240 et
2806 2185 2897 2239 lilii
2929 2186 3081 2252 lucis,
3117 2201 3185 2242 ne
3212 2186 3373 2241 alicui

1792 2274 2173 2331 oﬂ'endiculum
2198 2274 2365 2341 detis,
2399 2283 2453 2329 et
2492 2274 2757 2344 incipiatis
2794 2288 2955 2329 causa
2982 2276 3034 2330 ei
3064 2274 3375 2343 perditionis

1792 2363 2046 2418 existere.
2104 2361 2431 2416 Redimentes
2482 2369 2705 2432 tempus.
2739 2361 2927 2417 Vestra
2958 2362 3219 2431 sapientia
3242 2402 3259 2430 ,
3290 2365 3376 2418 vel

1789 2453 2020 2523 cautela,
2044 2461 2100 2509 et
2122 2468 2217 2521 pro
2238 2453 2417 2523 quiete
2435 2464 2633 2520 vestra,
2655 2454 3132 2509 calumniatoribus
3154 2470 3373 2510 necesse

1791 2553 1875 2601 est
1903 2552 1961 2600 ut
1984 2543 2189 2615 aliquid
2230 2552 2437 2614 pereat.
2480 2544 2734 2611 Quoniam
2773 2545 2881 2599 dies
2923 2547 3046 2600 ntali
3087 2555 3224 2601 sunt.
3256 2546 3372 2601 Non

1791 2635 1908 2691 dies
1938 2635 2065 2691 mali
2095 2644 2241 2701 sunt,
2272 2635 2365 2690 sed
2392 2634 2667 2701 homines;
2697 2635 2834 2691 sicut
2856 2636 3004 2690 locus
3034 2636 3226 2693 dicitur
3254 2652 3374 2691 ma-

1794 2725 1900 2792 lus,
1932 2726 1986 2781 in
2014 2739 2122 2796 quo
2143 2724 2343 2795 aliquid
2374 2725 2498 2780 mali
2527 2725 2896 2781 committitur.
2920 2726 3199 2796 Propterea
3219 2727 3374 2782 nolite

1793 2816 1909 2884 ﬁeri
1952 2816 2300 2887 imprudentes
2325 2856 2340 2881 ,
2380 2816 2471 2871 sed
2508 2818 2846 2889 intelligentes
2885 2834 2999 2888 quis
3034 2820 3099 2872 sit
3142 2820 3373 2873 voluntas

1794 2907 1913 2962 Dei.
1943 2908 2251 2978 Scripturas
2289 2910 2609 2965 scrutamini
2634 2952 2649 2976 ,
2679 2912 2805 2981 quia
2852 2910 2925 2966 ibi
2971 2910 3217 2967 voluntas
3256 2911 3372 2980 ejus

106 3007 179 3052 tes
202 2998 346 3069 quod
370 2999 535 3053 ontnis
587 2998 890 3066 fornicator.
926 2998 1125 3054 Contra
1165 2998 1286 3053 illos
1326 2999 1436 3069 agit
1475 2999 1564 3067 qui
1603 3013 1692 3053 so—
1792 3001 2119 3070 agnoscitur.
2149 3001 2213 3055 Et
2234 3002 2394 3056 nolite
2416 3002 2659 3056 inebriari
2679 3004 2817 3067 vino,
2841 3002 2895 3057 in
2921 3018 3019 3071 quo
3040 3012 3110 3057 est
3128 3002 3373 3069 luxuria;

109 3088 213 3143 lam
241 3087 403 3144 tidem
422 3088 608 3144 dicunt
632 3102 790 3159 posse
813 3088 1061 3146 sufﬁcere
1090 3091 1157 3144 ad
1183 3092 1409 3145 salutem
1429 3090 1546 3147 sine
1563 3106 1692 3161 ope-
1735 3160 1761 3162 _
1792 3091 1884 3144 sed
1910 3090 2229 3161 impleamini
2256 3092 2463 3160 spiritu,
2495 3092 2753 3162 loquentes
2784 3092 3168 3162 nobismetipsis.
3198 3094 3373 3160 Expo-

106 3182 278 3245 rihus,
301 3180 443 3249 quod
468 3180 535 3235 de
556 3181 661 3235 illis
689 3180 820 3236 solis
846 3182 984 3237 bene
1007 3182 1225 3247 dicitur,
1252 3180 1344 3251 qui
1379 3190 1501 3251 post
1519 3181 1694 3250 bapti-
1716 3160 1764 3223 ο
1796 3182 1875 3236 nit
1898 3160 2245 3238 continentiae
2274 3183 2472 3238 bonum
2499 3228 2513 3251 ,
2556 3160 2678 3252 quia
2718 3184 2943 3238 luxuria:
2973 3160 3251 3238 materiam
3281 3200 3375 3252 ap-

106 3286 280 3326 smum
312 3272 606 3340 rapiuntur,
635 3282 692 3327 et
714 3278 923 3341 tempus
938 3284 1045 3327 non
1080 3271 1277 3325 habent
1296 3272 1572 3340 operandi.
1592 3272 1692 3326 Aut

104 3362 432 3427 humandas,
465 3372 557 3417 aut
593 3378 813 3428 auarus,
853 3363 989 3432 quod
1031 3370 1104 3417 est
1153 3362 1410 3416 idolorum
1452 3364 1687 3417 servitus.

106 3453 243 3519 QuTa
278 3451 586 3522 hujusmodi
616 3461 768 3509 actus
809 3468 917 3507 non
949 3453 1088 3520 Deo,
1120 3453 1214 3508 sed
1243 3452 1573 3509 dmmonibus
1602 3469 1692 3509 ex-

108 3542 381 3602 hibentur.
428 3546 633 3598 Avarus
659 3544 805 3600 enim
851 3544 979 3600 dum
1010 3544 1213 3599 solidos
1242 3551 1423 3599 servat
1449 3551 1504 3599 et
1532 3558 1693 3614 pecu-

108 3634 207 3689 nite
240 3634 534 3689 tamnlatur
556 3674 575 3700 ,
620 3634 690 3689 de
724 3649 829 3705 qua
865 3649 965 3690 nec
991 3635 1090 3691 sibi
1120 3649 1219 3691 nec
1246 3635 1366 3689 aliis
1403 3636 1687 3707 prOSpicit,

106 3729 293 3799 utique
321 3727 549 3798 elﬁgiem
571 3727 855 3783 humanam
880 3728 1029 3795 colit,
1053 3729 1105 3783 in
1132 3730 1350 3784 modum
1378 3730 1691 3786 simulacro-

112 3832 227 3871 rum
248 3858 264 3884 ,
308 3832 418 3873 non
466 3831 704 3888 congrue
729 3818 890 3874 idolis
916 3819 1123 3874 servire
1145 3818 1362 3875 dicitur.
1394 3819 1516 3877 Non
1545 3820 1693 3875 habet

113 3908 459 3962 hereditatem
499 3908 553 3962 in
590 3921 747 3979 regno
789 3908 982 3964 Christi
1010 3919 1057 3963 et
1088 3909 1205 3967 Dei.
1251 3908 1381 3976 Qua:
1410 3909 1500 3965 Dei
1534 3910 1690 3977 (iliis,

113 4013 217 4053 non
247 3998 447 4053 diaboli
479 4006 832 4068 prteparatur.
855 3998 1054 4054 Contra
1073 3999 1319 4065 Arianos,
1349 3999 1441 4069 qui
1470 4000 1650 4055 dicunt
1676 4017 1692 4054 :

117 4089 289 4159 Major
314 4098 399 4146 est
423 4090 511 4158 qui
538 4090 686 4159 prior
714 4089 1039 4144 nominatur.
1061 4087 1227 4144 Nemo
1251 4105 1340 4144 vos
1358 4091 1567 4145 seducat
1589 4091 1697 4145 ina-

115 4184 266 4238 nibus
294 4182 476 4236 aerbis.
506 4181 767 4249 Dicendo,
793 4197 928 4253 opus
954 4192 1036 4237 est
1064 4189 1123 4237 ut
1152 4180 1287 4237 ﬁdes
1308 4182 1401 4245 sit,
1424 4191 1479 4237 et
1510 4184 1694 4249 homo,

111 4273 315 4328 Christi
364 4281 568 4328 tantum
617 4272 885 4342 baptisma
927 4280 1316 4342 consequatur,
1356 4272 1697 4341 quantumvis

114 4373 328 4435 peccet,
357 4366 533 4436 perire
562 4381 668 4420 non
720 4373 914 4435 potest.
945 4363 1163 4434 Propter
1196 4366 1302 4416 hare
1340 4365 1472 4417 venit
1499 4365 1576 4416 ira
1608 4346 1703 4418 Dei

111 4457 163 4509 in
192 4457 336 4522 ﬁlios
377 4456 690 4524 di/jidentiae.
725 4455 800 4507 Ex
834 4452 1117 4519 pra-teritis
1146 4453 1318 4505 futura
1346 4453 1654 4521 cognoscite
1681 4469 1697 4505 :

1796 3280 1982 3341 petere
2032 3286 2141 3327 non
2188 3273 2440 3327 convenit
2482 3272 2780 3342 crucifixis,
2809 3273 2904 3328 scd
2936 3273 3136 3342 Spiritu
3186 3284 3372 3327 sancto

1794 3362 2011 3433 repleri,
2044 3363 2164 3433 quia
2194 3363 2426 3419 ebrietas
2456 3373 2630 3419 mater
2657 3373 2741 3419 est
2769 3364 3038 3419 vitiorum.
3070 3363 3136 3417 In
3160 3363 3371 3433 psalmis

1794 3462 1842 3506 et
1888 3451 2112 3521 hymnis,
2145 3461 2195 3506 et
2226 3452 2443 3506 canticis
2464 3452 2821 3522 spiritualibus
2850 3462 3127 3509 cantantes.
3160 3453 3274 3508 Non
3304 3455 3372 3509 de

1793 3541 1955 3597 rebus
1989 3542 2174 3598 saeculi
2196 3585 2211 3609 ,
2255 3543 2397 3599 sicut
2438 3544 2516 3599 ait
2546 3543 2712 3600 David
2746 3561 2758 3597 :
2793 3544 2860 3601 Ut
2888 3560 2995 3600 non
3042 3546 3283 3615 loquatur
3310 3560 3373 3599 os

1798 3647 1978 3688 meum
2010 3646 2171 3703 opera
2196 3632 2493 3688 hominum.
2527 3632 2597 3689 Et
2634 3634 2908 3703 psallentes
2938 3636 2991 3688 in
3033 3634 3267 3689 cordibus
3290 3650 3373 3687 ve-

1792 3724 1913 3780 stris
1939 3724 2069 3781 Deo.
2105 3724 2221 3781 Non
2251 3740 2344 3781 ore
2370 3733 2575 3781 tantum
2609 3726 2701 3782 Dei
2728 3725 2889 3782 verba
2915 3735 3211 3781 cantemus.
3239 3725 3375 3780 Gra-

1794 3815 1891 3868 tias
1916 3825 2120 3885 agentes
2160 3829 2357 3885 semper
2406 3830 2498 3885 pro
2547 3816 2779 3870 omnibus
2818 3816 2873 3869 in
2914 3817 3116 3870 nomine
3161 3814 3374 3869 Domini

1794 3905 1956 3958 nostri
1981 3902 2108 3958 Jesu
2150 3903 2378 3970 Christi,
2419 3904 2529 3959 Deo
2550 3914 2598 3959 et
2628 3902 2799 3958 Patri.
2837 3904 2941 3960 Pro
2981 3904 3228 3961 omnibus
3255 3919 3374 3974 quae

1793 3998 2069 4063 eveniunt,
2091 3998 2233 4053 sicut
2256 3997 2377 4063 Job,
2409 4011 2505 4053 seu
2550 3998 2711 4064 bona,
2745 4013 2839 4054 seu
2870 3999 3031 4065 mala,
3060 3999 3259 4055 dicite:
3293 4000 3374 4055 Sit

1798 4104 1992 4145 nomen
2021 4091 2229 4145 Domini
2254 4090 2627 4157 benedictum;
2654 4091 2943 4146 secundum
2972 4090 3137 4145 David
3164 4108 3176 4144 :
3206 4091 3375 4144 Bene-

1797 4178 1970 4233 dicam
2000 4180 2281 4233 Dominum
2319 4181 2371 4234 in
2400 4180 2545 4233 omni
2592 4188 2856 4247 tempore.
2890 4179 3117 4251 Subjecti
3162 4181 3375 4233 invicem

1799 4270 1853 4323 in
1892 4271 2074 4323 timore
2104 4268 2313 4324 Christi.
2360 4269 2477 4324 Non
2507 4270 2741 4324 humano
2786 4268 2999 4335 timore,
3030 4268 3116 4323 vel
3140 4269 3376 4321 avaritiae.

1801 4374 1982 4427 causa,
2012 4359 2148 4414 sicut
2167 4360 2381 4429 quidam
2403 4360 2514 4414 suis
2538 4360 2778 4429 patronis
2797 4358 3098 4413 adulantur.
3136 4357 3376 4411 Mulieres

1805 4450 1926 4503 viris
1954 4448 2060 4502 suis
2088 4448 2302 4503 subdita:
2335 4450 2483 4516 sun‘t,
2526 4450 2657 4502 sicut
2682 4447 2925 4501 Domino.
2957 4448 3090 4516 Quia
3122 4463 3225 4504 non
3256 4463 3372 4515 eos,

116 4548 161 4603 si
182 4514 755 4611 Sodomitispepercit
791 4514 848 4598 et
870 4542 951 4597 his
973 4542 1061 4607 qui
1091 4543 1143 4596 in
1168 4541 1373 4596 diluvio
1403 4514 1692 4610 perierunt,
1726 4514 1778 4573 D
1803 4539 1944 4594 sicut
1981 4535 2306 4604 Corinthios,
2330 4514 2560 4593 lactabat
2581 4514 2997 4606 incontinentes,
3023 4538 3117 4595 sed
3141 4514 3376 4607 perfecto

111 4641 304 4707 parcet
323 4639 378 4687 et
406 4631 579 4686 vobis.
604 4630 782 4687 Nolite
808 4648 926 4703 ergo
952 4632 1082 4702 eﬁici
1122 4631 1392 4703 participes
1422 4645 1616 4685 eorum.
1638 4629 1696 4687 Si

116 4726 167 4783 in
201 4722 443 4795 peccatis
468 4721 756 4791 participes
785 4722 1018 4787 fueritis,
1047 4721 1200 4777 eritis
1229 4728 1283 4775 et
1313 4718 1366 4775 in
1394 4735 1549 4791 paena
1566 4735 1696 4776 con-

115 4824 318 4870 sortes.
353 4810 532 4865 Eratis
558 4821 728 4865 autem
761 4813 1040 4882 aliquando
1073 4812 1310 4866 tenebris.
1341 4811 1566 4880 Quando
1597 4829 1692 4868 ne-

118 4913 211 4963 SCit
232 4907 373 4961 batis
401 4906 615 4960 Domini
660 4906 1019 4967 voluntatem;
1065 4920 1203 4958 nunc
1240 4919 1367 4959 vero
1397 4906 1572 4961 omnia
1603 4920 1693 4961 co-

120 4996 401 5066 gnovistis.
432 4995 699 5062 Quantum
728 5008 858 5063 ergo
888 4994 1116 5049 interest
1147 4996 1285 5050 inter
1325 4994 1497 5050 lucem
1528 5007 1581 5050 et
1612 5003 1697 5050 te-

126 5088 360 5153 nebras,
419 5096 619 5141 tantum
668 5086 878 5141 debetis
926 5100 954 5139 a
1011 5084 1232 5154 pristina
1286 5086 1698 5141 conversatione

124 5180 347 5233 distare.
380 5176 537 5232 Nunc
556 5187 725 5231 autem
751 5177 840 5230 tua;
866 5178 918 5231 in
950 5174 1166 5229 Domino
1186 5190 1206 5228 :
1229 5184 1280 5227 ut
1313 5175 1408 5243 ﬁlii
1431 5175 1556 5229 lucis
1581 5193 1697 5229 ant-

128 5272 318 5325 bulate.
368 5268 661 5339 Diligenter
709 5264 1094 5321 advertendum
1155 5264 1274 5334 quia
1327 5265 1561 5320 tenebrat
1600 5280 1698 5320 nos

125 5375 350 5429 sumus;
379 5359 466 5414 lux
491 5366 674 5413 autem
700 5357 751 5411 in
780 5355 1028 5421 Domino,
1053 5362 1111 5409 ut
1133 5369 1291 5409 nemo
1313 5355 1384 5410 de
1407 5356 1519 5410 suis
1542 5357 1697 5410 meri-

125 5443 199 5498 tis
220 5443 497 5511 glorietur.
521 5445 746 5501 Fructus
773 5447 907 5500 enim
938 5446 1067 5501 lucis
1097 5455 1169 5500 est
1198 5448 1251 5500 in
1276 5447 1518 5511 bonitate,
1542 5458 1589 5500 et
1610 5448 1699 5514 ju-

124 5541 283 5605 stitia,
308 5548 355 5592 et
378 5539 605 5593 veritate.
641 5537 801 5593 Tales
841 5539 1003 5594 habet
1042 5553 1166 5594 vera
1214 5540 1437 5595 scientia
1472 5540 1695 5595 fructus.

134 5631 411 5684 Probantes
437 5632 562 5701 quid
585 5633 649 5685 sit
678 5630 1046 5698 beneplacitum
1070 5630 1197 5684 Deo.
1221 5631 1295 5685 De
1317 5629 1433 5701 lege
1454 5632 1696 5701 probate,

129 5721 251 5787 quid
284 5720 424 5776 Deus
462 5724 616 5786 velit,
672 5737 774 5776 non
808 5721 935 5791 quid
981 5721 1226 5779 homines
1266 5732 1597 5781 assert-rent.
1637 5723 1700 5777 Et

1755 4641 1758 4644 ’
1802 4627 1924 4683 cibo
1949 4628 2292 4684 continentiae
2334 4628 2640 4693 nutriebat,
2682 4628 2834 4683 timet
2874 4642 2940 4683 ne
2968 4629 3019 4683 in
3070 4630 3373 4700 plerisque,

1802 4728 2050 4776 cessante
2078 4720 2255 4775 carnis
2298 4720 2493 4785 cilicio,
2527 4730 2620 4775 aut
2648 4722 2701 4775 in
2730 4720 3042 4776 mulieribus
3071 4720 3332 4790 subjectio
3359 4762 3374 4784 ,

1801 4820 1892 4865 aut
1917 4811 1968 4865 in
1994 4808 2125 4865 viris
2153 4818 2393 4867 cessaret
2428 4810 2701 4867 charitatis
2729 4809 2950 4865 affectus
2975 4850 2992 4875 ,
3040 4818 3095 4864 et
3122 4825 3226 4864 non
3267 4820 3373 4864 tam

1802 4901 2184 4956 continentiam
2237 4916 2397 4972 quam
2453 4901 2741 4956 divortium
2789 4901 3036 4956 docuisse
3082 4900 3372 4955 videretur.

1805 4989 2066 5045 Caeterum
2089 4991 2247 5061 quale
2274 5000 2376 5057 est,
2406 4999 2464 5045 ut
2489 5006 2641 5046 nova:
2668 4991 2789 5045 vita:
2810 4989 3124 5060 praedicator
3144 4990 3285 5042 nulla
3308 5003 3375 5042 ex

1805 5094 1966 5136 causa
1998 5079 2099 5135 hoc
2127 5080 2344 5135 doceret
2369 5080 2509 5150 quod
2558 5081 2671 5150 ipsa
2701 5092 2888 5134 natura
2928 5077 3198 5149 poscebat.
3231 5076 3376 5143 Quo-

1803 5174 1941 5226 niam
1963 5174 2038 5226 vir
2060 5183 2215 5241 caput
2235 5182 2307 5227 est
2326 5173 2575 5239 mulieris,
2606 5174 2735 5227 sicut
2766 5173 2994 5228 Christus
3018 5178 3165 5240 caput
3194 5168 3376 5223 Eccleo

1801 5266 1910 5318 site.
1932 5262 1958 5317 Ι
1965 5280 2052 5332 pse
2071 5264 2295 5319 salvator
2322 5266 2549 5333 corporis
2568 5268 2702 5335 ejus.
2724 5264 2915 5319 Reddit
2932 5277 3145 5318 causam
3160 5261 3373 5328 suhjceo

1804 5356 1967 5410 tionis
1994 5372 2007 5408 :
2032 5355 2153 5424 quia
2184 5353 2327 5424 prior
2346 5365 2427 5410 est
2455 5356 2553 5421 vir,
2576 5364 2630 5409 et
2659 5356 2933 5423 utriusque
2955 5351 3191 5420 corporis
3216 5348 3378 5403 debet

1803 5460 1924 5500 esse
1941 5447 2188 5501 salvator.
2210 5446 2315 5501 Sed
2330 5446 2458 5498 sicut
2477 5444 2707 5498 Ecclesia
2719 5443 2943 5510 subjecta
2965 5452 3036 5495 est
3053 5441 3271 5504 Christo,
3300 5441 3378 5491 ita

1803 5550 1848 5594 et
1871 5538 2106 5593 mulieres
2124 5537 2243 5590 uiris
2272 5535 2377 5589 suis
2399 5536 2451 5588 in
2481 5534 2729 5587 omnibus.
2761 5533 3020 5587 Omnibus
3050 5532 3151 5600 piis
3180 5530 3378 5585 debent

1806 5646 1992 5703 parere
2016 5631 2313 5700 praecept's.
2352 5627 2479 5691 Viri,
2515 5627 2710 5695 diligite
2734 5641 2913 5680 uxores
2933 5637 3138 5689 vestras,
3171 5625 3300 5677 sicut
3328 5635 3380 5675 et

1805 5725 2039 5779 Christus
2062 5725 2239 5778 dilexit
2270 5721 2570 5775 Ecclesium.
2619 5719 2751 5774 Tam
2784 5729 2963 5774 sancta
2998 5718 3273 5774 charitate.
3312 5714 3378 5769 Et
