3982 6352
602 338 713 399 623

1712 335 2013 394 PRIMASII
2050 331 2504 391 ADRUMETANI
2534 332 2755 399 EPISC.

3823 339 3911 392 623

610 455 933 525 semetipsum
956 451 1181 506 tradidit
1206 466 1299 520 pro
1339 464 1421 504 ea.
1453 446 1524 501 ιω
1555 456 1607 502 et
1636 461 1733 501 vos
1760 461 1856 516 pro
1900 445 2185 501 sanctitate
2214 445 2264 503 Δ
2294 452 2398 498 tur.
2447 442 2554 498 Sed
2585 445 2795 498 educato
2832 443 2948 497 illcs
2975 444 3029 498 in
3055 444 3328 513 disciplina
3351 455 3402 499 et
3428 445 3795 501 correctione
3820 445 3915 500 Do-

607 558 837 600 uxorum
868 558 967 598 nec
994 543 1148 605 mori,
1172 541 1213 595 si
1246 553 1465 594 necesse
1498 537 1679 603 fuerit,
1711 538 1991 593 recnsetis.
2028 537 2094 591 Ut
2122 536 2186 588 il-

608 635 719 687 lam
747 634 1114 701 sancti/icaret,
1148 630 1401 683 mandans
1430 646 1540 683 eam
1587 628 1790 681 lavacro
1832 645 2001 695 aquw.
2036 628 2185 695 Aqua

608 726 738 782 lavit
765 738 981 791 corpus,
1024 722 1253 774 animam
1307 720 1726 773 sanctiﬁcatione
1755 718 1925 781 verbi,
1959 718 2044 772 vel
2091 716 2188 771 do-

616 816 803 880 ctrina,
820 814 959 867 sicut
975 812 1039 865 atl
1064 812 1317 865 llebrmus
1343 809 1445 863 ait:
1469 809 1646 864 Abluti
1668 823 1864 877 corpus
1883 823 2017 878 aqua
2041 823 2187 862 mun-

616 908 699 959 tla.
736 903 800 955 In
833 902 979 957 verba
1003 941 1020 966 ,
1062 911 1114 954 ut
1155 902 1403 954 exhiberet
1434 900 1540 969 ipse
1578 901 1675 953 sibi
1705 899 1979 968 gloriosam
2002 897 2188 952 Eccle-

610 996 763 1047 sium.
786 992 861 1044 ita
885 1000 938 1044 et
962 1004 1305 1059 vos-corpora
1328 1004 1551 1045 uxorum
1579 989 1927 1054 continentia,
1951 989 2185 1042 animam

614 1082 865 1138 inundate
896 1082 1169 1135 doctrina.
1206 1080 1327 1133 Non
1358 1081 1621 1134 habentem
1667 1080 1950 1144 maculam,
1980 1092 2067 1133 aut
2102 1097 2187 1135 ru-

610 1190 751 1241 qom,
780 1182 867 1226 aut
891 1173 1088 1241 aliquid
1113 1172 1384 1243 ejusmodi.
1411 1172 1485 1225 Ita
1512 1171 1612 1225 sibi
1640 1169 1886 1225 Christus
1915 1172 2190 1227 mnudavit

554 1280 564 1291 '
617 1266 908 1320 Ecclesiam
937 1306 953 1332 ,
992 1274 1050 1318 ut
1074 1274 1127 1319 et
1157 1274 1338 1319 vetera
1382 1263 1604 1316 crimina
1653 1262 1903 1326 tolleret,
1944 1272 1996 1317 ct
2024 1277 2188 1317 novas

610 1357 873 1411 maculas.
905 1356 1011 1411 Sed
1036 1365 1097 1409 ut
1143 1356 1208 1408 sit
1246 1364 1427 1408 sancta
1459 1364 1506 1407 et
1550 1354 1897 1408 immaculata.
1931 1355 1987 1409 Si
2019 1358 2189 1410 omni-

614 1457 715 1508 bus
738 1451 991 1508 membris
1018 1449 1354 1504 immaculata
1380 1458 1481 1514 est,
1506 1450 1751 1502 maculati
1778 1450 1827 1502 in
1851 1464 1913 1503 ea
1939 1464 2058 1504 esse
2082 1465 2186 1503 non

608 1541 1070 1608 censentur,~nisi
1102 1555 1312 1595 rursum
1346 1541 1516 1609 poenis
1542 1539 1863 1610 purgatoriis
1892 1555 2191 1609 expurgen-

615 1648 731 1701 tur;
763 1634 858 1689 sed
903 1634 1023 1689 sine
1067 1634 1270 1687 macula
1301 1642 1353 1685 ct
1383 1647 1509 1701 ruga
1555 1631 1606 1684 in
1655 1631 1830 1685 futuro
1869 1632 1971 1685 erit
2010 1649 2021 1683 :
2067 1647 2187 1685 nam

610 1725 778 1780 modo
804 1724 1062 1794 permixta
1090 1733 1193 1787 est,
1226 1723 1459 1789 utpalea
1476 1731 1543 1776 et
1574 1722 1810 1775 triticum
1842 1723 1893 1776 in
1920 1736 2045 1777 area
2066 1733 2189 1777 ante

616 1815 1039 1871 ventilatiouem.
1073 1810 1158 1866 Ita
1185 1822 1233 1865 et
1267 1813 1364 1866 viri
1407 1812 1586 1866 debent
1613 1812 1825 1881 diligere
1854 1828 2036 1867 uxores
2072 1830 2189 1867 suas

612 1919 671 1963 ut
696 1923 909 1979 corpora
936 1924 1051 1960 sua.
1082 1906 1154 1961 Ut
1183 1906 1365 1974 quales
1398 1905 1497 1974 ipsi
1525 1889 1749 1972 cupiunt
1777 1904 2023 1972 inveniri,
2059 1907 2189 1960 tales

616 2009 671 2054 ct
688 2014 881 2055 uxores
902 1998 1211 2054 exhibeant.
1239 1997 1340 2063 Qui
1359 2012 1504 2049 suam
1518 2010 1726 2048 osorem
1748 1994 1937 2065 diligit,
1960 1996 2193 2065 semetip-

615 2108 729 2144 sum
752 2086 1105 2159 diligit.Qnia
1137 2089 1244 2142 duo
1272 2086 1325 2141 in
1357 2100 1519 2139 carne
1548 2094 1673 2140 sunt
1698 2101 1821 2140 una.
1859 2086 2028 2140 Nemo
2058 2088 2189 2140 enim

613 2195 842 2249 unquam
880 2194 1084 2231 carnem
1119 2193 1265 2231 suam
1300 2176 1417 2230 odio
1447 2176 1655 2239 habuit;
1682 2177 1771 2229 sed
1799 2178 1957 2229 nutrit
1985 2187 2031 2230 et
2059 2179 2190 2246 [ovet

613 2286 746 2335 eam,
774 2269 902 2322 sicut
931 2277 977 2321 et
1003 2265 1233 2319 Christus
1254 2264 1557 2319 Ecclesium.
1584 2267 1698 2320 Non
1742 2273 1798 2319 ut
1823 2268 1869 2321 ei
1900 2267 2107 2321 labores
2136 2277 2191 2323 et

607 2359 828 2413 dolores
865 2358 1093 2425 inﬂigat,
1134 2356 1226 2412 sed
1257 2367 1314 2410 ut
1356 2370 1597 2411 securam
1651 2358 1807 2411 faciat
1830 2369 1889 2412 et
1928 2360 2187 2427 quietam.

614 2450 730 2503 Non
759 2448 969 2515 nuptias
990 2447 1229 2515 damnat,
1275 2447 1368 2502 sed
1409 2448 1475 2500 ad
1506 2449 1888 2503 continent‘am
1923 2450 2188 2507 hortatur.

617 2538 753 2605 Quia
783 2537 1007 2591 membra
1047 2552 1221 2590 sumus
1247 2538 1476 2605 corporis
1504 2539 1638 2606 ejus.
1688 2536 1923 2591 Membra
1951 2539 2068 2607 ejus
2096 2540 2190 2596 tle-

612 2628 880 2683 benteum
908 2628 959 2682 in
990 2628 1236 2682 omnibus
1264 2628 1485 2681 imitari.
1518 2626 1596 2681 De
1614 2644 1775 2682 carne
1803 2632 1913 2699 ejus
1938 2639 1989 2684 et
2019 2634 2081 2683 dc
2107 2649 2189 2685 os-

612 2719 752 2772 sibus
780 2720 912 2789 ejus.
940 2718 1023 2772 Ex
1050 2718 1194 2772 omni
1232 2717 1524 2771 substantia
1569 2732 1753 2772 sumus
1782 2720 2022 2789 corporis
2050 2724 2185 2790 ejus.

613 2810 836 2881 Propter
858 2810 952 2863 hoc
976 2810 1225 2879 relinquet
1250 2809 1401 2863 homo
1430 2818 1627 2879 patrem
1670 2820 1720 2863 et
1774 2820 1986 2864 matrem
2014 2828 2183 2877 suam,

610 2912 660 2957 et
690 2902 965 2956 adhterebit
987 2900 1137 2955 uxori
1157 2916 1262 2955 sua:
1285 2917 1305 2954 :
1334 2909 1379 2955 et
1403 2910 1548 2955 erant
1568 2902 1670 2955 duo
1698 2903 1750 2955 in
1773 2919 1924 2956 carne
1944 2919 2063 2957 una.
2088 2905 2183 2958 Sa-

612 3001 923 3048 cramentam
950 2993 1046 3047 hoc
1074 3010 1314 3065 magnum
1343 3002 1432 3047 est.
1464 2994 1681 3058 Amore,
1714 3008 1819 3047 non
1848 2993 1968 3049 loco
1990 2995 2184 3050 solum.

612 3086 727 3159 Ego
756 3096 924 3142 autem
952 3088 1066 3140 dico
1110 3086 1165 3137 in
1223 3084 1420 3138 Christo
1448 3090 1495 3136 et
1533 3084 1585 3136 in
1625 3081 1874 3138 Ecclesia.
1910 3083 2184 3138 Verumta-

612 3194 726 3231 mrn
749 3185 796 3232 et
816 3194 900 3232 vos
928 3176 1117 3247 singuli
1140 3174 1477 3243 unusquisque
1499 3189 1644 3227 suam
1667 3189 1877 3227 uxorem
1894 3175 2023 3228 sicut
2053 3176 2183 3245 δεῖμα

607 3287 725 3325 sum
754 3268 957 3339 diligat.
986 3269 1096 3339 Ego
1128 3268 1262 3332 hoc,
1300 3266 1504 3336 inquit,
1535 3266 1587 3319 iu
1632 3264 1843 3320 Christo
1870 3266 2107 3335 intelligo
2127 3276 2185 3322 et

609 3360 665 3417 in
694 3360 962 3426 Ecclesia;
993 3360 1088 3415 sed
1122 3368 1300 3412 tamen
1332 3371 1437 3410 non
1467 3355 1588 3410 ideo
1616 3369 1710 3409 vos
1741 3370 1846 3409 non
1876 3371 2059 3410 amare
2091 3357 2184 3411 de-

610 3452 771 3519 betis,
804 3451 910 3505 imo
935 3449 1189 3519 amplius,
1214 3457 1272 3501 ut
1296 3445 1543 3501 Christus
1573 3444 1891 3499 Ecclesiam.
1920 3443 2182 3511 Quonitm

588 3542 853 3596 "Christus
883 3539 1099 3608 reliquit
1128 3550 1376 3600 matrem,
1410 3535 1461 3588 id
1494 3543 1596 3598 est,
1633 3533 1983 3602 relinquendo
2011 3534 2184 3603 Syna-

608 3647 801 3701 gogam
829 3631 1171 3696 Judaaorum,
1201 3629 1269 3682 de
1309 3641 1411 3695 qua
1441 3626 1738 3681 secundum
1784 3641 1996 3682 carnem
2028 3635 2183 3681 natus

607 3730 720 3785 est,
751 3726 807 3773 et
836 3717 1145 3772 inhmrendo
1191 3716 1447 3769 Ecclesia:
1491 3729 1624 3777 suae,
1655 3730 1813 3784 quam
1842 3730 1909 3770 ex
1936 3716 2183 3771 omnibus

608 3808 856 3878 gentibus
885 3807 1244 3875 congregavit.
1269 3805 1544 3872 Quomodo
1568 3805 1780 3874 reliquit
1802 3803 2049 3860 Patrem?
2077 3822 2181 3862 non

609 3898 735 3968 quia
764 3897 989 3952 recessit
1017 3914 1046 3950 a
1076 3896 1253 3960 Patre,
1286 3896 1379 3950 sed
1421 3894 1541 3965 quia
1570 3896 1623 3949 in
1648 3911 1711 3950 ea
1744 3897 1909 3951 forma
1939 3899 2183 3966 apparuit

610 3991 663 4043 in
692 4004 794 4058 qua
825 3987 1042 4057 aequalis
1079 3995 1163 4042 est
1191 3987 1354 4041 Patri.
1402 3987 1544 4041 Uxor
1569 3996 1738 4040 autem
1779 3989 1951 4043 timeat
1997 3990 2178 4045 virum.

608 4080 858 4150 Subjecta
887 4081 959 4133 sit
980 4090 1226 4149 tanquam
1259 4078 1550 4143 i..lirmit-r,
1581 4086 1640 4132 ut
1665 4089 1899 4148 regatur.

674 4171 801 4228 CAP.
833 4188 904 4227 Vt.
937 4169 1082 4239 Filii,
1114 4170 1305 4225 obedite
1331 4172 1624 4238 parentibus
1649 4172 1820 4225 vxstris
1846 4171 1899 4223 in
1939 4169 2179 4227 Domino.

604 4264 796 4319 Parate
812 4277 906 4319 eos
925 4262 1225 4331 disciplina,
1257 4264 1377 4330 quia
1397 4276 1491 4317 eos
1505 4277 1534 4315 a
1554 4261 1863 4330 parentibus
1885 4262 2178 4316 secundum

603 4355 767 4417 Deum
793 4354 1026 4424 prtecipit
1048 4351 1265 4407 erudiri.
1294 4350 1408 4405 Hoc
1434 4353 1565 4405 enim
1586 4361 1656 4405 est
1666 4355 1887 4422 justum.
1912 4351 2179 4407 Utmutua

600 4446 772 4499 officia
790 4445 1115 4513 rependatis.
1134 4442 1349 4495 Honora
1364 4451 1711 4512 patremtuum
1727 4452 1771 4496 et
1790 4452 2174 4497 matrcmtuam.

2289 542 2436 595 mini.
2455 541 2532 597 Ne
2557 542 2681 597 dum
2707 542 2845 597 male
2867 542 3045 596 vivitis
3073 551 3164 596 aut
3183 558 3302 597 cum
3329 543 3646 605 uxoribus,
3672 552 3777 595 aut
3806 558 3911 611 post

2290 644 2504 694 uxores,
2539 632 2682 685 malo
2712 639 2891 687 vestro
2920 646 3015 685 eos
3053 633 3307 700 perdatis.
3339 633 3521 697 Servi,
3572 634 3800 686 obedire
3826 638 3907 685 dt-

2289 719 2440 773 minis
2473 720 2787 774 carnalibus.
2835 721 3121 776 Servitium
3169 739 3271 777 non
3327 735 3526 778 natura
3588 724 3779 789 dedit,
3824 728 3905 779 sed

2290 810 2573 878 captivitas
2598 810 2901 876 ad;nvenit;
2935 829 3108 882 neque
3135 830 3201 867 ex
3234 814 3533 869 maledicto
3565 814 3760 867 Cltam
3806 832 3895 869 cui.

2291 901 2389 969 pit,
2423 910 2481 953 ut
2508 902 2719 969 quidam
2770 910 2978 968 putant,
3026 918 3147 957 cum
3193 919 3416 971 exreges
3472 905 3753 973 legamus
3798 920 3890 959 est

2288 991 2714 1059 generatoszsed
2739 992 2791 1046 in
2814 992 3132 1047 Chananans
3159 993 3430 1062 impletum
3454 1002 3588 1057 est,
3618 996 3721 1062 qui
3753 994 3891 1049 istae!

2292 1086 2417 1132 sunt
2447 1078 2568 1133 filiis
2592 1080 2877 1150 suhjngati.
2909 1081 3147 1137 Providit
3172 1083 3466 1152 Apostolus
3524 1098 3608 1138 ne
3666 1084 3886 1138 doctrina

2294 1167 2386 1223 Dei
2419 1168 2471 1221 in
2500 1169 2675 1237 aliquo
2705 1171 3125 1239 blaSphetnetur,
3157 1171 3201 1224 si
3232 1171 3530 1226 credentes
3564 1173 3722 1225 servi
3750 1172 3864 1227 inuti

2292 1258 2370 1312 les
2398 1257 2510 1312 suis
2535 1258 2764 1313 domznis
2795 1261 2921 1314 ﬁant
2950 1276 2963 1314 :
2994 1268 3050 1313 et
3077 1261 3167 1329 qui
3201 1259 3337 1314 forte
3367 1261 3768 1329 permissurus
3794 1274 3883 1322 erat

2288 1348 2453 1401 etiam
2482 1348 2615 1401 alios
2637 1364 2819 1403 servos
2847 1349 2959 1402 ﬁeri
2982 1348 3335 1414 Christianos,
3354 1349 3423 1404 de
3441 1350 3601 1418 ipsis
3622 1350 3742 1418 jam
3758 1350 3878 1405 factis

2296 1438 2518 1505 incipiet
2548 1439 2809 1506 paenitere
2839 1456 2854 1494 :
2886 1440 2929 1494 si
2958 1455 3085 1495 vero
3112 1440 3306 1495 viderit
3334 1456 3429 1495 eos
3456 1442 3517 1495 in
3546 1442 3759 1496 melius
3785 1458 3865 1511 pro

2294 1529 2505 1595 fecisse,
2551 1538 2609 1584 et
2655 1520 2840 1586 fideles
2885 1522 3126 1596 cﬁ'ectos,
3154 1548 3261 1587 non
3291 1534 3470 1587 solum
3520 1534 3678 1587 alios
3704 1539 3873 1604 optata

2292 1619 2538 1686 credere,
2567 1621 2662 1675 sed
2700 1622 2859 1677 etiam
2890 1624 3005 1692 ipse
3030 1624 3319 1678 salvabitur
3349 1624 3523 1690 :,Non
3567 1626 3723 1678 enim
3761 1638 3872 1678 vent

2292 1711 2537 1766 Chiistus
2562 1721 2769 1768 mutare
2790 1714 3152 1779 conditiones,
3182 1714 3276 1769 sed
3308 1729 3517 1769 mores.
3557 1715 3697 1769 Cum
3719 1718 3865 1768 tim

2293 1814 2340 1857 et
2362 1816 2599 1870 tremore,
2630 1806 2682 1859 in
2707 1806 3029 1876 simplicitate
3068 1808 3237 1862 cordis
3264 1808 3434 1861 vestri.
3469 1808 3599 1861 Hoc
3631 1816 3737 1874 est,
3775 1824 3865 1861 eam

2293 1896 2438 1949 omni
2490 1896 2823 1961 humilitate,
2882 1898 3123 1968 exposita
3178 1898 3343 1965 priori
3390 1900 3690 1967 superbia.
3747 1900 3861 1955 Sta‘

2294 1987 2511 2042 Christo.
2545 1989 2757 2043 Christo
2806 1990 2998 2056 facitis,
3029 1991 3283 2061 quidquid
3332 2001 3569 2060 propter
3620 1989 3860 2045 Christum

2294 2080 2594 2135 horninibus
2625 2082 2907 2137 exhibctis.
2936 2082 3058 2137 Non
3082 2084 3152 2137 ad
3184 2083 3388 2136 oculum
3417 2084 3855 2151 serrientes,qw

2292 2170 2576 2227 hominibus
2613 2176 2912 2243 placentes;
2952 2177 3042 2230 sed
3088 2184 3144 2228 ut
3187 2178 3316 2230 servi
3354 2177 3582 2231 Christi.
3628 2176 3737 2231 Hoc
3776 2186 3855 2240 est,

2294 2265 2457 2319 nolite
2506 2276 2795 2333 prmsentes
2839 2277 3044 2321 tantum
3077 2268 3302 2323 Domino
3329 2270 3578 2338 operari.
3620 2266 3851 2322 Faciam

2290 2355 2602 2409 uoluntatem
2632 2355 2728 2410 Dei
2758 2374 2819 2411 ea:
2847 2359 3040 2421 animo,
3069 2374 3183 2411 cum
3212 2359 3342 2412 bona
3370 2360 3644 2413 voluntate
3666 2360 3849 2412 senius

2294 2457 2384 2515 tes,
2415 2450 2545 2503 sicut
2593 2448 2834 2514 Domino,
2864 2461 2911 2504 et
2952 2468 3051 2504 non
3090 2450 3398 2504 hominibus.
3431 2450 3492 2505 In
3528 2449 3617 2505 his
3645 2466 3755 2520 qua
3781 2450 3851 2504 Uri

2290 2554 2396 2592 non
2443 2546 2569 2593 sunt
2604 2541 2870 2595 contraria
2903 2541 3200 2607 voluntati;
3243 2541 3300 2595 in
3344 2542 3539 2597 multis
3565 2542 3711 2596 enim
3750 2557 3850 2594 ron-

2288 2638 2511 2683 currunt
2537 2646 2659 2684 cum
2679 2632 2792 2700 lege
2820 2632 3135 2687 naturaliter
3153 2632 3316 2687 animi
3336 2633 3688 2689 dominorum
3712 2674 3727 2695 ,
3752 2632 3851 2701 quia

2291 2735 2476 2776 servos
2507 2730 2560 2774 et
2604 2722 2809 2789 fideles,
2847 2731 2904 2777 et
2931 2723 3159 2791 sobrios,
3195 2734 3248 2779 et
3275 2733 3476 2790 castos,
3523 2733 3579 2779 et
3622 2725 3850 2793 benignos

2288 2810 2489 2868 habere
2515 2813 2837 2869 desiderant.
2866 2815 3073 2871 Servite
3101 2816 3319 2871 domino
3351 2830 3458 2871 non
3489 2833 3615 2871 cum
3641 2833 3850 2871 murmu-

2288 2900 2517 2955 ratione.
2546 2900 2775 2957 Scientes
2805 2906 3043 2972 quoniam
3061 2907 3403 2974 unusquisque
3425 2907 3769 2975 quodcunque
3794 2908 3849 2975 {c-

2286 2989 2413 3043 cerit
2465 2990 2685 3057 bonum,
2736 2992 2832 3047 hoc
2885 2995 3125 3065 percipiet
3180 3011 3213 3048 a
3270 2994 3497 3049 Domino.
3551 2996 3849 3063 Cuicnnquc

2290 3090 2507 3152 propter
2546 3084 2708 3137 Deum
2755 3084 3105 3147 brneleceris.
3134 3101 3164 3139 a
3202 3086 3313 3140 Deo
3348 3093 3626 3153 exspectas
3658 3102 3847 3140 nterce-

2210 3146 2256 3207 ο
2287 3146 2434 3230 dem.
2466 3174 2589 3231 Sive
2612 3191 2804 3241 seruus,
2843 3178 2946 3231 sive
2965 3179 3108 3233 liber.
3133 3178 3249 3233 Non
3279 3194 3374 3233 vos
3392 3146 3685 3247 desperare
3715 3179 3844 3231 faciat

2284 3265 2520 3321 conditio
2549 3267 2839 3321 servitutis.
2870 3266 2938 3321 Et
2963 3286 3069 3337 ros,
3098 3270 3313 3323 domini.
3345 3270 3545 3326 Audite
3575 3286 3696 3324 me:
3722 3268 3763 3323 si
3798 3279 3839 3321 et

2284 3356 2404 3412 illos
2434 3358 2591 3413 vultis
2614 3360 2819 3424 audire,
2848 3361 2969 3415 date
2996 3363 3102 3417 illis
3129 3362 3458 3431 exemplum.
3491 3360 3689 3415 Eadem
3716 3361 3838 3429 tarus

2283 3448 2408 3501 illis.
2435 3447 2511 3504 Ne
2547 3449 2591 3502 si
2640 3449 2886 3517 fugerint,
2930 3466 3034 3505 non
3077 3450 3339 3520 religioni,
3372 3450 3468 3505 sed
3501 3463 3611 3506 tua;
3650 3448 3831 3507 incipies

2284 3539 2501 3593 malitia:
2526 3539 2806 3609 imputare.
2841 3540 3163 3595 Remittentes
3195 3542 3360 3595 minas
3382 3557 3405 3594 ς
3430 3542 3655 3594 scientes
3678 3540 3775 3606 quia
3795 3546 3831 3589 es

2282 3629 2492 3683 illorum
2512 3642 2559 3685 et
2576 3642 2735 3684 vester
2753 3630 2998 3685 Dominus
3011 3642 3083 3686 est
3106 3634 3159 3686 in
3177 3633 3334 3687 mlis.
3353 3630 3635 3686 Minamini
3657 3638 3829 3697 propter

2282 3717 2636 3787 disciplinam,
2667 3720 2762 3774 sed
2791 3720 3049 3775 remittite
3082 3728 3297 3789 promer
3325 3717 3764 3779 misericordiam,
3784 3725 3831 3767 at

2283 3820 2337 3866 et
2363 3811 2511 3866 vobis
2540 3828 2567 3863 a
2600 3822 2780 3867 vestro
2816 3813 3039 3866 Domino
3069 3813 3389 3867 remittatur.
3436 3808 3507 3864 Et
3529 3820 3829 3877 personam

2281 3904 2505 3973 acceptio
2543 3919 2642 3956 non
2668 3916 2740 3957 est
2767 3904 2909 3971 apud
2944 3902 3128 3956 Deum.
3170 3901 3323 3969 Apud
3360 3901 3653 3956 Dominum
3696 3912 3830 3965 nstrae

2281 3991 2417 4044 adeo
2447 4007 2609 4046 unum
2649 3994 2801 4060 estis,
2832 4002 2889 4047 ut
2914 3992 3191 4062 :rqualtter
3219 3993 3382 4061 empti
3406 3990 3555 4057 sitis,
3593 4006 3692 4044 una
3712 3987 3831 4041 vobis

2281 4080 2352 4133 sit
2380 4079 2664 4135 haareditas
2693 4082 3038 4150 repromissa.
3065 4080 3139 4135 De
3167 4091 3370 4145 ca’tero,
3406 4081 3623 4145 fratres,
3661 4078 3829 4147 confar-

2284 4170 2461 4221 tamini
2486 4171 2539 4223 in
2570 4170 2809 4232 Domino,
2840 4180 2887 4223 et
2915 4173 2966 4224 in
2988 4174 3209 4241 potentia
3237 4170 3436 4224 virtutis
3463 4172 3603 4239 ejus.
3653 4169 3831 4236 Episto-

2282 4257 2387 4312 lam
2410 4260 2643 4328 generali
2671 4260 3041 4314 exhortatione
3068 4259 3357 4323 concludit,
3388 4258 3443 4313 in
3473 4258 3722 4327 exemplo
3750 4256 3833 4308 Do-

2281 4348 2413 4403 mini
2435 4358 2491 4404 et
2518 4351 2731 4404 virtute.
2767 4348 2976 4404 Induite
3002 4366 3086 4404 eos
3118 4362 3432 4403 armaturam
3468 4348 3584 4413 Dei,
3620 4358 3673 4402 ut
3699 4347 3831 4414 possi-

2284 4444 2348 4496 tis
2389 4451 2523 4495 stare
2559 4442 2799 4495 adversus
2834 4442 3050 4495 insidias
3093 4442 3302 4494 diaboli.
3352 4439 3550 4493 Contra
3597 4438 3831 4508 spiritales

600 4530 703 4585 Sed
728 4502 893 4585 bonos
912 4548 924 4583 :
946 4545 1065 4584 nam
1087 4532 1204 4600 ipse
1229 4502 1439 4599 Moyses
1460 4531 1660 4595 docuit,
1678 4540 1864 4585 contra
1892 4532 2055 4585 Deum
2078 4546 2173 4584 ve-
2209 4502 2256 4561 Β
2282 4530 2464 4586 hostes
2484 4530 2743 4600 spiritalia
2770 4546 2915 4585 arma
2943 4530 3197 4584 sumenda
3233 4539 3377 4593 sunt,
3403 4538 3457 4582 ut
3480 4526 3831 4581 dissitniiitudo

599 4620 809 4673 nientes
836 4632 938 4671 non
960 4617 1281 4687 sequendos,
1314 4618 1569 4673 honorem
1603 4626 1776 4671 tamen
1807 4620 1889 4672 eis
1916 4620 2173 4675 exhibere

597 4724 697 4779 pro
726 4708 816 4763 Dei
846 4708 1034 4761 timore
1059 4706 1334 4761 debemus.
1366 4707 1515 4773 Quod
1544 4717 1615 4761 est
1635 4708 1928 4761 mandatum
1946 4710 2171 4779 primum

595 4819 649 4856 sn
678 4799 1029 4870 promissione.
1079 4798 1454 4853 Promissionis
1484 4800 1708 4867 primum
1738 4800 1790 4853 in
1818 4802 2049 4855 secunda
2087 4812 2168 4855 ta-

595 4892 719 4948 bula
742 4931 759 4958 ,
790 4906 907 4961 qua:
934 4890 1001 4946 ad
1024 4892 1405 4946 humanitatem
1431 4890 1745 4962 pertinentia
1774 4902 2036 4962 praecepta
2067 4908 2166 4950 sex

594 5004 819 5044 numero
836 4987 1161 5043 continebat.
1182 4987 1352 5041 Prima
1381 4987 1523 5043 enim
1542 4987 1719 5042 tabula
1751 4990 1957 5059 propria
1990 4988 2168 5044 divina

590 5090 767 5145 ofﬁcia
796 5091 1060 5161 exigebat.
1090 5088 1157 5145 Ut
1189 5090 1308 5143 bene
1327 5091 1391 5145 sit
1424 5090 1534 5157 tibi,
1564 5099 1611 5144 et
1632 5090 1702 5144 sis
1734 5092 1990 5162 longwt‘us
2018 5106 2172 5159 super

591 5192 799 5236 terram.
829 5180 944 5235 Non
983 5180 1035 5235 in
1067 5181 1166 5234 hac
1198 5188 1359 5245 terra,
1388 5182 1437 5235 in
1463 5196 1563 5250 qua
1594 5182 1753 5235 etiam
1786 5182 1930 5250 impii
1964 5190 2023 5237 et
2049 5196 2167 5236 sce-

591 5270 710 5327 testi
748 5277 1090 5336 scnessunt,
1143 5270 1239 5324 sed
1294 5284 1453 5338 super
1489 5270 1633 5323 illam
1690 5279 1885 5323 terram
1912 5286 2069 5338 quam
2114 5278 2169 5324 ct

592 5363 849 5417 Dominus
878 5359 1092 5415 mitibus
1120 5359 1466 5429 repromittit.
1494 5367 1553 5413 et
1590 5360 1641 5413 in
1679 5375 1779 5428 qua
1801 5359 1932 5428 justi
1965 5359 2166 5414 inhabi-

590 5457 874 5519 tabant;et
901 5467 1058 5523 quam
1074 5452 1355 5507 Psalmista
1383 5452 1617 5506 visurum
1646 5465 1765 5507 esse
1788 5466 1847 5507 se
1881 5452 2068 5506 credit.
2098 5451 2165 5506 Et

586 5558 781 5616 patres,
808 5548 965 5603 nolite
1002 5548 1071 5599 ad
1104 5546 1423 5599 iracundiam
1462 5560 1733 5614 provocare
1771 5545 1902 5610 ﬁlios
1948 5552 2159 5597 vestros.

586 5640 710 5694 Sive
755 5638 1073 5708 simpliciter
1118 5636 1484 5705 accipiendum
1512 5676 1525 5700 ,
1584 5650 1652 5689 ne
1704 5634 2052 5689 immoderate
2110 5643 2164 5687 ct

584 5732 702 5789 sine
745 5744 904 5787 causa
934 5727 1168 5798 correpti
1198 5727 1364 5799 magis
1409 5726 1475 5782 ad
1506 5721 1830 5782 iracundiam
1862 5738 2154 5784 provocen-

1328 5854 1331 5857 η
1382 5840 1459 5857 ’τεν
1482 5841 1555 5857 ‘1?"
1606 5835 1629 5857 λ

1859 5882 1867 5886 ’
1885 5884 1934 5892 δή
1976 5888 1987 5891 -

2281 4632 2484 4677 natura:
2512 4638 2781 4676 armorum
2815 4622 3168 4691 spiritualium
3200 4620 3510 4675 fortitudine
3532 4628 3829 4689 protegatur.

2281 4713 2413 4776 Quia
2437 4729 2534 4765 non
2556 4721 2627 4765 est
2658 4713 2797 4766 nobis
2825 4711 3117 4766 colluctatio
3156 4716 3396 4764 adversus
3422 4726 3633 4765 carnem
3663 4722 3705 4762 et
3736 4724 3826 4760 sal-

2277 4790 2499 4881 guinein.
2528 4808 2667 4864 Caro
2710 4820 2766 4864 et
2792 4810 3007 4878 sanguis
3038 4811 3195 4862 homo
3221 4807 3439 4861 dicitur.
3481 4806 3589 4859 Sed
3620 4807 3832 4858 adrersss

2277 4909 2527 4977 principes
2560 4916 2607 4960 et
2638 4916 2926 4975 potestates.
2958 4907 3055 4973 Qui
3087 4920 3113 4959 s
3136 4905 3185 4960 bi
3216 4904 3568 4973 principatum
3616 4906 3667 4958 in
3702 4901 3832 4969 huius

2276 4997 2456 5052 mundi
2485 4996 2791 5050 hominibus
2821 5005 3161 5066 usurparunt,
3192 5005 3248 5049 et
3278 4996 3365 5064 qui
3407 4994 3663 5049 homines
3708 4995 3833 5062 igno-

2274 5096 2476 5155 rantes,
2502 5095 2559 5141 et
2589 5087 2780 5155 impios
2821 5088 2886 5139 ad
2932 5095 3149 5157 peccata
3189 5085 3573 5139 committenda
3612 5096 3667 5141 et
3705 5086 3831 5138 iusti.

2270 5189 2416 5247 gant,
2440 5188 2493 5233 et
2518 5178 2819 5247 gubernare
2851 5177 3114 5231 videntur.
3145 5178 3399 5230 Adversus
3433 5178 3620 5231 mundi
3648 5188 3834 5231 rectam

2273 5269 2594 5323 tenebrarum
2620 5270 2823 5322 harum.
2849 5268 2926 5322 Ne
2951 5269 3067 5337 quis
3089 5268 3313 5336 spiritus
3332 5268 3594 5322 nefandos
3625 5285 3740 5323 cum
3759 5282 3834 5317 an.

2270 5371 2422 5414 ctore
2469 5370 2523 5413 et
2566 5358 2810 5427 principe
2850 5374 2949 5413 suo
2977 5357 3192 5412 diabolo
3219 5373 3407 5427 regere
3432 5358 3635 5413 caelum
3666 5368 3718 5412 et
3746 5367 3835 5409 ter—

2276 5464 2387 5503 ram
2417 5459 2469 5501 et
2495 5463 2641 5502 mare
2671 5448 3047 5514 arbitraretur,
3072 5448 3301 5517 subjecit
3339 5455 3396 5502 et
3424 5448 3694 5516 expressit
3729 5444 3833 5515 quid

2271 5540 2507 5604 deceret,
2540 5539 2744 5594 mundi.
2792 5540 3175 5604 Tenebrarum.
3205 5539 3399 5608 inquit,
3438 5539 3659 5603 harum,
3692 5538 3740 5592 id
3766 5544 3836 5589 est

2273 5634 2609 5688 tenebrarum
2658 5635 2867 5697 harum,
2900 5634 3079 5702 utique
3124 5630 3418 5686 infidelium
3456 5640 3510 5685 et
3539 5632 3831 5702 impiorum,

2273 5723 2519 5795 qualibus
2560 5724 2670 5791 jam
2715 5723 3057 5781 credentibus
3085 5720 3285 5777 dictum
3325 5730 3409 5776 est
3452 5738 3465 5774 :
3516 5721 3716 5779 Fuisti:
3748 5718 3835 5774 ali-
