3982 6352
150 332 269 388 625·

949 332 1015 391 ίΝ
1052 335 1434 401 EPISTULA.“
1474 337 1565 393 AD
1603 334 2087 395 PillLiPPENSES
2124 338 2656 409 COMMENTARYA.

3318 357 3422 411 6'26

146 442 371 511 quando
403 442 661 509 tenebrae,
692 458 834 503 nunc
861 455 1037 503 autem
1064 449 1152 509 lux
1176 450 1229 513 in
1262 449 1507 512 Domino.
1538 449 1735 514 Fuistis
1762 460 1810 518 Α
1840 449 1918 506 Ne
1944 451 2439 521 impediarisorare
2468 472 2701 529 semper,
2728 461 2822 515 sed
2854 476 2948 531 pro
2977 465 3417 537 rebussliiritali-

145 532 416 601 tenebrae,
435 533 486 588 id
500 533 853 601 estinﬁdeles;
869 553 1007 597 nunc
1018 548 1194 594 autem
1214 555 1306 608 per
1318 541 1596 596 Dominum
1610 542 1732 596 facti

146 627 286 678 estis
315 626 519 705 ﬁdeles.
552 624 741 682 Contra
778 630 1028 699 spiritalia
1053 630 1319 707 nequitiae.
1347 633 1482 699 Sunt
1506 633 1647 688 enim
1679 643 1736 688 et

144 716 416 784 spiritalia
445 702 802 782 bonitatlan
832 702 1129 783 ctelestibus.
1156 721 1209 776 In
1230 706 1373 789 aere,
1399 724 1451 778 itt
1478 739 1583 794 quo
1608 740 1733 780 aves

144 806 418 875 volantes,
448 808 573 862 (εαξη
604 809 846 865 volucres
882 812 1237 881 appellantur.
1272 813 1552 885 Pr0pterea
1592 818 1732 869 acci-

142 903 258 969 pite
281 918 423 954 arma
444 901 556 956 Dei.
580 904 711 971 Quia
740 906 871 960 tales
903 907 1106 961 habetis
1131 908 1395 962 inimicos.
1431 908 1499 963 Ut
1529 910 1732 979 possitis

142 992 389 1044 resistere
424 993 476 1046 in
517 995 600 1047 die
646 996 797 1049 mtto.
834 997 954 1053 Dies
994 999 1167 1053 maius
1197 1010 1281 1055 est
1315 999 1487 1065 nobis,
1520 1002 1733 1070 quando

144 1083 530 1152 impugnantur
576 1102 606 1139 a
661 1088 823 1143 malo.
875 1088 940 1142 Et
970 1091 1021 1143 in
1054 1091 1306 1146 omnibus.
1356 1091 1472 1146 Non
1510 1091 1561 1147 in
1602 1108 1726 1147 uno.

141 1176 381 1247 Perfecti
405 1189 557 1233 stare.
586 1179 650 1236 Ut
674 1197 792 1235 cum
816 1183 907 1237 Dei
935 1184 1200 1254 adjutorio
1227 1184 1505 1240 diabolicis
1526 1185 1733 1240 insidiis

140 1272 386 1341 perfecte
412 1274 576 1327 armis
603 1276 931 1344 spiritalibus
976 1279 1309 1348 resistamus,
1346 1279 1553 1335 lumbos
1577 1294 1730 1342 men-

139 1361 219 1425 tis
248 1364 489 1427 accincti,
525 1363 625 1429 hoc
651 1375 732 1419 est
760 1367 937 1435 casti,
970 1378 1021 1421 et
1043 1368 1096 1421 in
1119 1369 1263 1422 omni
1298 1369 1480 1438 praelio
1509 1369 1733 1424 viriliter

139 1455 458 1523 prmparati.
481 1465 533 1511 et
556 1458 624 1509 ab
649 1457 898 1512 omnibus
924 1459 1065 1523 curis
1096 1459 1562 1529 sarculiexpediti.
1587 1460 1732 1515 State

137 1560 271 1615 ergo
290 1548 534 1601 succincti
558 1548 755 1603 lumbos
777 1561 963 1604 vestros
983 1552 1035 1615 in
1060 1553 1288 1606 veritate.
1308 1552 1419 1615 Non
1439 1553 1732 1624 hypocrisi.

147 1636 220 1700 Et
245 1639 407 1691 induti
433 1640 645 1695 loricam
662 1642 905 1711 justitiaz.
933 1642 1082 1697 Sicut
1110 1643 1273 1697 lorica
1303 1644 1486 1698 multis
1504 1646 1732 1709 armillis

138 1728 428 1795 itttexitur,
463 1731 544 1786 vel
575 1732 813 1797 circulis,
870 1732 941 1788 ita
973 1743 1029 1787 et
1070 1732 1277 1802 justitia
1307 1733 1534 1791 diversis
1566 1737 1732 1789 virtu-

140 1827 265 1878 tum
296 1821 636 1901 connectitur
685 1821 997 1892 speciebus;
1027 1824 1197 1878 munit
1220 1835 1396 1879 autem
1424 1840 1527 1880 non
1556 1826 1727 1882 solum
1759 1839 1807 1901 Β

138 1913 387 1983 pectoris
424 1914 830 1981 conscientiam,
864 1915 957 1969 sed
994 1926 1048 1971 et
1086 1918 1287 1973 ventris
1312 1918 1727 1988 continentiam,

140 2018 365 2059 necnon
383 2005 511 2059 etad
526 2005 787 2064 femorum
804 2008 1051 2078 pertingit
1068 2008 1342 2072 libidinem
1358 2011 1729 2066 coercendam.

138 2089 221 2142 Et
251 2093 455 2146 calciati
495 2096 649 2164 pedes
700 2098 753 2150 in
803 2099 1230 2165 prteparationem
1266 2096 1530 2171 Evangelii
1569 2103 1763 2179 pacis..

134 2177 305 2233 Sicut
330 2182 536 2236 calciati
583 2184 745 2253 pedes
776 2185 1091 2241 ﬁducialiter
1117 2187 1414 2253 ambulant,
1444 2191 1515 2245 ita
1555 2199 1610 2244 et
1638 2205 1732 2243 vos

136 2269 419 2338 intrepide
449 2274 756 2340 przcdicate.
782 2271 859 2329 ’1η
891 2277 1120 2332 omnibus
1149 2288 1417 2332 sumentes.
1466 2279 1519 2332 in
1561 2280 1733 2334 omni-

136 2360 250 2413 bus
281 2360 475 2427 pratliis
515 2361 619 2417 ﬁde
649 2373 912 2433 tegamur,
946 2367 1067 2435 quia
1094 2375 1300 2421 scutum
1334 2368 1567 2436 ipsorum
1598 2385 1730 2439 quo.

151 2463 267 2517 quc
296 2465 563 2505 armorum
594 2453 832 2508 defensio
857 2464 959 2523 est,
985 2465 1039 2511 et
1073 2456 1187 2512 sine
1222 2458 1320 2512 hoc
1352 2452 1560 2515 inﬁrma
1606 2471 1730 2515 sunt

142 2542 355 2595 omnia.
402 2542 474 2597 Ita
501 2554 555 2600 et
596 2545 680 2599 ha:
705 2548 928 2605 virtutes
956 2551 1073 2605 sine
1103 2550 1209 2606 ﬁde
1234 2552 1442 2609 salvare
1471 2568 1574 2609 non
1608 2571 1728 2624 pose

134 2643 290 2687 sunt.
325 2634 540 2689 Seutum
560 2637 703 2705 fidei,
731 2640 783 2692 in
806 2657 905 2710 quo
931 2643 1135 2711 possitis
1178 2645 1351 2699 omnia
1394 2645 1496 2699 tela
1524 2648 1728 2717 nequis-

135 2724 264 2787 simi
296 2725 444 2791 ignea
491 2729 829 2801 exstinguere.
880 2732 1028 2787 Sicut
1073 2746 1282 2789 scutum
1313 2737 1490 2791 omnia
1536 2738 1728 2807 injecta

137 2830 221 2879 re
240 2815 350 2883 puit
380 2826 432 2870 et
454 2819 678 2882 excutit,
733 2820 803 2873 ita
850 2831 904 2877 et
930 2822 1061 2877 ﬁdes
1088 2838 1276 2879 omnes
1306 2824 1424 2894 ejus
1451 2827 1729 2885 suasioncs

137 2905 457 2976 exstinguit,
512 2910 774 2977 quamvis,
805 2913 956 2981 quasi
987 2913 1291 2979 rationales,
1323 2914 1500 2971 lumen
1528 2916 1726 2981 habere

140 2994 449 3051 vidcantur.
498 2997 567 3051 Et
599 3002 797 3070 galeam
826 3004 1004 3057 salutis
1051 3006 1312 3060 assumife.
1358 3005 1489 3074 Quae
1538 3023 1727 3063 omnes

138 3102 339 3142 sensus
364 3088 552 3155 cogitis
590 3105 618 3142 a
650 3091 827 3161 pravis
859 3093 1049 3148 ofﬁciis
1079 3104 1324 3166 protegat
1373 3106 1464 3151 aut
1501 3098 1726 3152 abscon-

1835 544 1934 600 hus
1957 544 2273 613 deprecare.
2300 546 2367 601 Et
2389 549 2443 602 in
2469 550 2581 618 ipso
2610 551 2877 621 vigilantes
2902 557 2954 608 in
2985 560 3123 612 ontni
3152 562 3414 628 instantia,

1835 643 1881 689 et
1909 636 2272 703 obsecratione,
2326 655 2418 709 pro
2446 642 2680 695 omnibus
2716 647 2905 698 sanctis
2935 656 2983 700 et
3020 666 3112 716 pro
3140 668 3237 705 me.
3274 653 3415 712 Nihil

1834 725 1975 780 enim
1994 726 2210 796 prodest
2238 727 2551 785 dormientis
2574 747 2722 787 more
2741 733 2955 802 jacentc
2984 753 3207 807 corpore
3237 745 3417 797 animo

1835 816 2137 887 pervagari,
2168 818 2293 872 dum
2312 809 2426 875 'hac
2454 822 2687 877 vanitate
2730 840 2830 879 nec
2864 827 2940 892 ab_
2962 827 3175 885 homine
3215 824 3413 903 aliquid

1835 908 2168 969 imretretur.
2203 909 2270 965 Ut
2298 911 2443 965 detur
2465 914 2852 981 nti/tismno‘in
2888 920 3147 993 apertione
3188 925 3289 977 oris
3318 929 3415 987 mei

1834 1012 1947 1049 cum
1966 997 2159 1065 ﬁducia
2177 1009 2351 1053 notum
2370 1003 2537 1069 facere
2550 1007 2845 1083 mysterium
2864 1006 3151 1081 Evangelii.
3173 1011 3414 1068 Utabuu-

1833 1088 2023 1145 danter
2065 1100 2119 1145 et
2165 1092 2282 1148 sine
2311 1103 2455 1153 metu
2497 1101 2889 1165 persecutionis
2918 1102 3004 1157 vel
3045 1102 3149 1157 odii
3199 1103 3424 1166 Judaeov.

1834 1194 1951 1235 rum
1978 1196 2236 1253 exponam
2278 1185 2410 1240 uniti
2440 1185 2493 1241 in
2524 1186 2735 1243 Christo
2767 1192 2943 1261 populi
2992 1195 3273 1254 rationem.
3306 1196 3425 1259 Pro

1833 1288 1933 1338 quo
1986 1274 2234 1343 legatione
2283 1278 2470 1357 [ungor
2498 1280 2551 1332 in
2599 1292 2797 1345 catena.
2843 1283 3041 1349 Omnes
3079 1288 3220 1343 enim
3264 1290 3429 1353 verbi

1835 1360 2037 1431 legatos
2067 1364 2190 1418 talia
2222 1380 2441 1429 necesse
2469 1376 2551 1423 est
2573 1372 2857 1427 sustinere.
2891 1373 2975 1427 Ita
3008 1385 3060 1428 ut
3100 1378 3150 1429 in
3182 1380 3293 1445 ipso
3321 1397 3414 1441 au-

1835 1453 1983 1507 deam
2014 1464 2167 1522 prout
2195 1465 2389 1525 Oportet
2416 1473 2495 1512 me
2520 1460 2679 1529 loqui.
2726 1461 2875 1518 Tune
2904 1447 3045 1519 enim
3074 1465 3246 1536 major
3276 1468 3415 1522 ﬁdu-

1834 1542 1913 1596 cia
1942 1544 2062 1608 erit,
2111 1544 2156 1605 si
2203 1546 2591 1605 rationabiliter
2615 1551 2841 1619 dicatur,
2861 1564 2926 1625 et
2950 1556 3019 1611 sit
3064 1540 3430 1631 abundantia,

1834 1644 1952 1698 quae
1981 1633 2244 1701 exprimat
2282 1635 2563 1691 rationem.
2612 1638 2669 1693 In
2724 1640 2859 1708 ipso,
2894 1643 3082 1711 inquit,
3113 1655 3167 1701 et
3208 1662 3311 1699 non
3358 1648 3411 1701 itt

1835 1722 1971 1777 meis
2015 1723 2237 1783 viribus.
2290 1725 2357 1779 Ut
2387 1736 2554 1781 autem
2599 1739 2645 1793 et
2690 1747 2775 1785 vos
2810 1735 2981 1789 sciatis
3019 1753 3133 1806 qua?
3160 1740 3295 1794 circa
3334 1758 3414 1804 me

1833 1824 1976 1878 sunt,
2018 1816 2143 1893 quid
2180 1834 2354 1887 agam,
2402 1822 2573 1883 omnia
2628 1833 2749 1877 nota
2802 1828 2950 1895 facie:
2992 1830 3129 1887 vobis
3165 1831 3419 1903 Tgclticus,

1836 1905 2166 1961 charissimns
2196 1908 2376 1984 frater,
2406 1919 2453 1964 et
2474 1910 2641 1987 ﬁdelis
2662 1914 2889 1973 minister
2913 1918 2965 1969 in
2988 1916 3206 1973 Domino
3227 1937 3248 1975 :
3268 1938 3414 1990 quem

1796 2013 1805 2017 ‘
1835 1996 1957 2048 misi
1980 1996 2048 2049 ad
2074 2013 2160 2051 vos
2185 1999 2237 2051 in
2267 1998 2363 2051 hoc
2400 2001 2565 2070 ipsum
2595 2012 2649 2055 ut
2679 2008 2997 2074 cognoscatis
3020 2027 3135 2080 qua:
3161 2012 3294 2065 circa
3321 2029 3419 2075 nos

1836 2096 1973 2151 sunt,
1997 2099 2043 2141 et
2069 2092 2357 2145 consoletur
2387 2095 2546 2147 corda
2573 2108 2755 2151 vestra.
2782 2100 3019 2157 Sollicite
3039 2104 3166 2174 agit,
3195 2122 3299 2160 non
3327 2123 3414 2161 so-

1837 2177 1945 2232 lum
1976 2189 2034 2232 ttt
2065 2182 2361 2249 proﬁciant,
2393 2184 2486 2239 sed
2515 2186 2584 2240 eti
2606 2204 2673 2241 tm
2719 2204 2786 2244 ne
2829 2190 3078 2248 deﬁt-iant
3108 2196 3161 2250 in
3193 2198 3411 2252 tribula-

1835 2269 2066 2325 tionibus
2109 2272 2244 2340 ejus,
2291 2274 2371 2328 vel
2418 2290 2485 2329 ne
2519 2277 2569 2328 in
2612 2278 2791 2348 aliqua
2838 2285 3239 2341 contristentur.
3294 2287 3417 2353 Pax

1834 2358 2102 2425 fratribus.
2133 2362 2198 2416 Et
2225 2378 2349 2432 pax,
2394 2364 2624 2421 charitas
2652 2377 2706 2421 ct
2732 2368 2863 2424 ﬁdes
2890 2371 3181 2439 perfectum
3205 2377 3406 2432 iaciunt

1831 2446 2213 2506 Christianum.
2252 2452 2529 2521 Simulque
2568 2458 2856 2513 uitandum
2911 2464 3051 2529 quod
3100 2465 3211 2520 haec
3254 2469 3419 2539 nobis,

1831 2558 1936 2599 non
1966 2560 1994 2599 a
2024 2547 2198 2612 nt'bis,
2226 2548 2318 2604 sed
2346 2565 2374 2603 a
2405 2550 2516 2605 Deo
2548 2552 2725 2619 Patre,
2754 2565 2808 2610 et
2846 2556 3070 2611 Dontino
3095 2560 3221 2614 Jesu
3251 2561 3411 2625 Chri-

1831 2645 1916 2691 sto
1944 2653 2062 2695 esse
2083 2639 2385 2708 conﬁrmat,
2418 2652 2561 2698 utne
2589 2646 2706 2719 quis
2735 2646 2803 2700 de
2827 2649 2936 2702 suis
2964 2650 3410 2723 g_l_orietttr.meri-

1833 2728 1922 2793 tis,
1950 2738 2006 2783 et
2032 2745 2091 2784 sc
2112 2730 2251 2785 dicat
2279 2732 2434 2786 ﬁdem
2466 2750 2571 2787 non
2600 2748 2628 2787 a
2654 2735 2762 2789 Deo
2790 2740 3053 2807 accipere.
3080 2742 3121 2795 A
3148 2758 3254 2812 quo
3284 2760 3415 2816 ergo.

1831 2834 1932 2890 pas
1963 2833 2016 2876 et
2037 2822 2289 2889 charitas,
2312 2823 2492 2891 abillo
2521 2833 2601 2879 est
2624 2835 2677 2883 et
2718 2825 2866 2881 ﬁdes.
2895 2827 3122 2899 Propter
3160 2835 3302 2901 quod
3343 2835 3411 2888 ab

1829 2913 1920 2969 illo
1941 2929 2056 2971 eam
2083 2931 2240 2986 quam
2261 2933 2363 2971 non
2382 2918 2553 2973 solum
2579 2921 2760 2999 augeri
2784 2922 3101 2980 habentibus
3119 2928 3417 3007 poscimus,

1828 3005 1922 3059 sed
1958 3015 2012 3060 et
2038 3022 2141 3060 non
2170 3006 2486 3062 habentibus
2515 3007 2628 3063 dari
2658 3012 3027 3079 deprecamur.
3066 3014 3133 3068 Et
3162 3018 3411 3085 charitas.

1828 3095 2073 3151 Charitas
2112 3099 2279 3175 major
2324 3108 2404 3153 est
2452 3114 2621 3168 pace;
2653 3111 2827 3168 potest
2872 3105 3013 3158 enim
3044 3120 3162 3163 eam
3210 3108 3410 3164 habere

137 3179 256 3232 dat.
292 3178 357 3231 Et
385 3181 636 3250 gladium.
669 3182 840 3238 Nemo
870 3184 1023 3242 miles
1051 3187 1211 3241 audet
1240 3188 1305 3240 ad
1350 3202 1578 3261 pugnam
1609 3190 1723 3244 sine
1750 3197 1796 3260 ο
1828 3188 1967 3261 quis,
2000 3202 2104 3241 non
2136 3197 2311 3241 tamen
2343 3197 2397 3242 et
2422 3190 2609 3244 amari.
2635 3190 2759 3255 Cum
2790 3192 2911 3260 ﬁde,
2942 3210 2973 3245 α
3000 3194 3106 3248 Deo
3136 3194 3293 3250 Patre
3319 3215 3411 3251 no-

136 3271 322 3349 glidio
379 3273 685 3341 proﬁcisci;
732 3288 793 3331 se
838 3277 979 3330 enim
1040 3287 1310 3348 utcunque
1361 3281 1495 3334 tueri
1524 3290 1720 3349 potest,

135 3345 237 3418 sed
261 3364 464 3418 hostem
490 3381 595 3418 non
618 3366 758 3422 valet
787 3366 1125 3435 interimere;
1160 3384 1535 3439 nonnunquam
1562 3373 1720 3426 etiam

136 3455 210 3508 ab
238 3455 426 3510 audaci
457 3457 608 3513 hoste
638 3460 749 3513 suis
778 3460 945 3514 armis
974 3461 1302 3531 esspoliatus
1335 3462 1613 3517 occidi;ur.
1648 3463 1721 3517 ita

137 3545 263 3600 sine
295 3547 387 3601 Dei
436 3549 599 3602 verbo
637 3549 841 3618 justitia
891 3553 1065 3607 omnis
1116 3553 1310 3609 intecta
1340 3563 1440 3610 est.
1468 3555 1718 3625 Spiritus,

136 3638 280 3709 quod
300 3648 372 3693 est
401 3639 602 3693 verbum
630 3639 744 3696 Dei.
775 3641 1076 3710 Spiritalem
1108 3644 1364 3715 gladium.
1400 3643 1506 3700 Per
1524 3662 1724 3703 omnem.

138 3729 421 3782 orationem
446 3738 492 3783 et
521 3730 931 3787 obsecrationem.
974 3735 1124 3789 Nunc
1165 3736 1400 3805 gladium
1427 3738 1713 3807 postulate,

135 3829 195 3873 et
223 3835 434 3889 semper
462 3820 673 3879 habete.
729 3823 945 3879 Orontes
990 3828 1128 3892 omni
1169 3837 1394 3899 tempore
1434 3830 1486 3885 in
1513 3831 1716 3899 spiritu.

1831 3294 1937 3338 stro
1959 3296 2005 3339 et
2027 3286 2239 3339 Domino
2260 3285 2384 3341 Jesu
2406 3286 2625 3351 Christo.
2649 3290 2774 3344 Sine
2796 3289 2897 3351 ﬁde
2918 3292 3057 3345 enim
3082 3294 3415 3357 infructuosa

1830 3387 1949 3430 sunt
1981 3375 2179 3430 omnia.
2220 3377 2285 3432 Et
2326 3377 2609 3447 diligenter
2655 3380 2910 3437 attendite
2949 3382 3087 3451 quod
3119 3391 3169 3438 et
3201 3384 3311 3451 ipsa
3341 3384 3407 3448 ﬁ;

1828 3466 1922 3522 des
1968 3483 2087 3523 cum
2136 3468 2355 3539 reliquis
2404 3470 2685 3527 virtutibus
2734 3471 2887 3525 nobis
2937 3471 3184 3527 donatur.
3229 3473 3409 3536 Gratia

1828 3573 1943 3615 cum
1983 3557 2211 3613 omnibus
2258 3560 2344 3633 qui
2370 3560 2588 3629 diligunt
2639 3559 2913 3616 Dominum
2960 3572 3189 3617 nostrum
3229 3564 3405 3619 Iesum

1827 3648 2087 3702 Christum
2126 3649 2181 3701 in
2228 3651 2633 3719 incorruptione.
2667 3653 2847 3706 Amen.
2891 3652 3017 3709 Sive
3048 3655 3099 3709 in
3138 3657 3401 3724 castitate,

1826 3739 1941 3795 sive
1970 3740 2021 3793 in
2065 3754 2290 3809 quorum
2321 3742 2481 3796 corde
2511 3742 2659 3796 nullo
2683 3743 2981 3798 adulterino
3008 3747 3188 3802 smculi
3221 3764 3402 3805 amore

1825 3829 2023 3886 Christi
2048 3831 2260 3887 dilectio
2294 3833 2545 3890 violatur.
2572 3834 2776 3905 Scripta
2802 3836 2871 3891 ab
2902 3836 3060 3894 Urbe.

141 3956 3390 4027 MM,

756 4089 887 4167 AD
963 4042 1683 4166 PHILIPPENSES
1760 4089 1860 4166 D.
1940 4089 2241 4167 PAULI
2314 4089 2837 4178 EPISTOLA.

680 4334 1183 4393 ARGUMENTUM.

126 4429 279 4494 Quid
296 4424 515 4501 sanctus
545 4426 854 4501 Hieron‘sde
881 4426 996 4501 divo
1027 4424 1196 4478 Paulo
1230 4425 1416 4501 digerit
1442 4425 1495 4478 in
1520 4425 1716 4495 Apolo-
1743 4442 1794 4501 ο

201 4500 366 4570 getico
386 4500 454 4550 ad
478 4496 869 4549 Pammachium
893 4495 1150 4570 videamus
1175 4508 1229 4549 :t
1262 4493 1486 4570 Paulum
1512 4493 1714 4570 apostos

200 4565 312 4622 lum
337 4570 617 4636 proferam,
640 4581 785 4634 quem
812 4565 1204 4636 quotiescunque
1232 4571 1360 4636 tego,
1387 4567 1561 4636 videor
1586 4565 1711 4620 mihi

200 4653 306 4691 non
337 4632 507 4689 verba
556 4632 753 4699 audire,
802 4632 889 4687 sed
937 4632 1181 4688 tonitrua.
1210 4632 1406 4705 fiL'egite
1451 4632 1712 4703 Epistolas

198 4709 335 4776 ejus,
365 4716 412 4759 et
441 4708 658 4759 maxime
687 4708 753 4758 ad
790 4706 1067 4776 Romanos,
1097 4706 1166 4757 ad
1193 4704 1426 4769 Galatas,
1454 4717 1605 4773 atque
1642 4707 1712 4759 ad

204 4774 475 4846 Ephesios,
504 4778 560 4829 in
579 4776 754 4844 quibus
779 4784 910 4828 totus
925 4774 992 4846 in
1021 4778 1296 4829 certamine
1321 4776 1512 4846 positus
1533 4784 1606 4829 est
1622 4787 1711 4846 ,‘iet

200 4845 429 4901 videbitis
457 4863 572 4900 eum
600 4849 654 4899 in
680 4845 977 4899 testimoniis
1004 4860 1117 4913 qut:
1142 4848 1295 4903 sumit
1324 4862 1388 4899 ea:
1424 4845 1584 4899 Veteri
1618 4845 1709 4899 Te-

199 4924 468 4981 stamento,
485 4933 638 4984 (luam
656 4917 863 4986 artifex,
883 4930 1031 4986 quam
1048 4916 1289 4984 prudens,
1304 4931 1452 4986 quam
1467 4917 1707 4969 dissimu-

202 4987 337 5039 lator
360 4987 426 5040 sit
470 4983 581 5055 ejus
607 4988 742 5056 quod
757 4983 891 5055 agit.
917 4983 1390 5056 Videnturquidem
1417 4986 1564 5039 verba
1589 4988 1709 5038 sim-

200 5057 377 5122 plicia,
408 5065 455 5110 et
482 5054 628 5127 quasi
672 5054 954 5127 innocentis
987 5054 1230 5127 hominis,
1264 5056 1618 5127 ac_rusticani,
1657 5066 1708 5108 et

197 5128 287 5193 qui
311 5142 404 5180 nec
430 5124 613 5194 fabae,
644 5142 736 5180 nec
762 5125 1013 5178 declinare
1038 5127 1171 5177 norit
1196 5124 1411 5194 insidias
1430 5141 1450 5179 :
1469 5126 1558 5179 sed
1584 5141 1707 5192 quo-

201 5212 400 5264 cunque
427 5193 733 5265 respexeris,
761 5195 981 5264 fulntina
1016 5203 1150 5248 sunt.
1205 5193 1380 5248 eret
1422 5196 1474 5249 in
1509 5210 1706 5258 causa;

202 5267 339 5334 capit
366 5281 513 5320 omne
536 5267 673 5334 quod
694 5266 943 5336 tetigerit;
973 5273 1167 5336 tergum
1190 5265 1353 5331 vertit,
1384 5275 1439 5319 ut
1461 5276 1658 5334 superet
1686 5282 1704 5331 ;

202 5332 376 5405 fugam
399 5332 627 5397 simulat,
647 5347 701 5388 ut
725 5332 942 5388 occidat.
968 5353 986 5384 ι
1014 5332 1372 5405 Philippenses
1387 5348 1503 5389 sunt
1524 5332 1703 5388 Mace-

199 5408 375 5460 dones.
406 5405 480 5458 lli
501 5416 704 5476 accepto
719 5406 867 5459 verbo
880 5405 1124 5469 veritatis,
1153 5406 1469 5472 perstiterunt
1489 5406 1542 5458 in
1570 5408 1704 5473 ﬁde,

199 5492 291 5547 nec
311 5488 605 5545 receperunt
636 5476 796 5544 falsos
832 5476 1125 5547 apostolos;
1166 5476 1256 5547 hos
1284 5476 1555 5547 Apostolus
1598 5476 1705 5527 col-

202 5546 383 5598 laudat
409 5542 729 5600 scribenseis
757 5562 788 5597 a
818 5542 1001 5599 Roma.
1032 5542 1329 5615 In'Actibus
1358 5546 1704 5615 apostolorum

199 5614 435 5685 legimus,
460 5616 581 5684 quia
607 5619 718 5681 ipso
748 5615 1054 5685 prtvdicante
1069 5614 1376 5667 crediderint
1393 5613 1706 5684 Philippem

199 5701 279 5740 ses
302 5702 321 5739 :
350 5694 546 5739 tantum
575 5697 745 5739 autem
773 5689 1084 5753 profecerant
1108 5686 1163 5737 in
1186 5685 1287 5751 ﬁde
1321 5695 1369 5750 et
1390 5685 1620 5752 scientia,
1650 5696 1703 5737 ut

198 5757 353 5811 etiam
404 5756 704 5811 ﬁducialiter
748 5766 795 5811 et
847 5754 1185 5815 urwdicarent
1212 5795 1228 5820 ,
1276 5767 1323 5809 et
1374 5753 1704 5818 defenderent

1902 4338 2256 4406 Evangelium.
2308 4341 2633 4407 Quapmpter
2665 4340 2727 4392 ab
2768 4340 2878 4393 istis
2910 4343 3031 4393 solis
3075 4357 3128 4395 se
3155 4352 3420 4396 memorat

1900 4411 2175 4481 accepisse,
2230 4409 2383 4462 etiam
2432 4425 2547 4462 cum
2592 4410 2708 4463 aliis
2757 4410 3073 4481 prafdicaret.
3120 4411 3233 4465 llos
3279 4429 3397 4481 ergo

1888 4478 2189 4550 collaudans
2227 4487 2413 4550 monet,
2462 4494 2525 4531 ne
2563 4481 2682 4550 ejus
2729 4479 3046 4548 passionibus
3089 4478 3401 4550 terreantur,

1885 4548 2067 4619 quibus
2095 4564 2197 4621 non
2242 4549 2519 4621 destruitur
2549 4547 2737 4621 Christi
2771 4549 3121 4619 Evangelt‘um,
3165 4554 3255 4607 sed
3298 4547 3393 4621 [ἕν-ὲ

1886 4627 2075 4684 matur,
2124 4620 2249 4695 dum
2277 4634 2451 4695 omnes
2487 4620 2771 4695 intelligunt
2806 4628 2947 4673 tanta
2969 4638 3081 4695 eum
3122 4639 3221 4676 non
3249 4620 3395 4695 peste

1883 4707 1977 4760 pro
2025 4706 2080 4745 re
2122 4692 2256 4760 falsa
2300 4691 2375 4744 vel
2416 4690 2570 4743 dubia
2618 4692 2904 4755 sustinere;
2948 4701 2994 4745 et
3031 4690 3264 4747 hortatur
3308 4710 3393 4747 eos

1882 4760 2112 4833 taemplo
2145 4776 2239 4815 suo
2280 4761 2491 4815 libenter
2538 4776 2695 4830 usque
2730 4761 2798 4813 ad
2823 4772 3033 4816 mortem
3072 4772 3263 4825 certare
3297 4780 3390 4833 pro

1884 4830 2104 4885 Christo.

1881 4928 2059 4992 (ἰλιιυπ
2088 4944 2310 4984 rutuuu.
2340 4926 2541 4983 Paulus
2569 4938 2616 4982 et
2638 4927 2931 4989 Timotheus
2950 4926 3221 4991 servilesu
3239 4928 3390 4995 Chri-

1808 5029 1909 5075 sto.
1951 5019 2138 5075 Omnis
2182 5018 2453 5090 apostolus
2493 5029 2549 5077 et
2596 5033 2825 5086 servus,
2852 5034 2956 5080 non
2986 5020 3161 5073 omnis
3203 5034 3391 5082 servus

1810 5111 2101 5180 apostolus.
2155 5109 2404 5167 Omnibus
2427 5109 2618 5164 sanctis
2643 5110 2696 5162 in
2724 5106 2930 5164 Christo
2965 5107 3112 5175 Iesu,
3142 5110 3228 5176 qui
3271 5118 3390 5162 sunt

1813 5200 2094 5271 Philippis.
2120 5200 2237 5259 Non
2269 5200 2465 5269 passim
2497 5199 2741 5254 omnibus
2781 5199 3225 5269 Philippensibvs,
3263 5197 3388 5268 quia

1809 5302 1963 5348 erant
1987 5276 2060 5349 ibi
2089 5301 2140 5346 et
2167 5292 2372 5363 pagani.
2406 5290 2534 5345 Cum
2563 5290 2879 5361 episc0piset
2907 5288 3222 5353 diaconibus.
3256 5288 3385 5358 Epi-

1808 5398 2001 5454 scopos
2030 5383 2115 5438 hic
2159 5398 2263 5437 non
2302 5384 2474 5438 solum
2517 5381 2813 5451 pontiﬁces,
2846 5379 2937 5433 sed
2969 5390 3020 5435 et
3046 5379 3387 5449 presbyteros

1810 5476 2171 5547 intelligimus.
2202 5474 2316 5529 Non
2345 5475 2484 5531 enim
2517 5475 2570 5528 in
2611 5487 2713 5527 una
2759 5470 2974 5527 civitate
3019 5472 3195 5538 plures
3233 5478 3386 5523 erant

1807 5571 2079 5640 episcOpi:
2114 5570 2213 5624 hoc
2241 5570 2401 5625 etiam
2433 5569 2487 5621 in
2527 5564 2887 5637 apostolorum
2915 5562 3136 5617 Actibus
3178 5562 3384 5617 inveni.

1809 5672 1911 5715 tur.
1943 5660 2121 5719 Gratia
2149 5661 2286 5722 vobis
2313 5670 2358 5714 et
2379 5674 2480 5729 pax
2504 5673 2534 5712 a
2559 5654 2665 5710 Deo
2697 5653 2855 5709 Patre
2890 5663 3061 5707 nostro
3085 5662 3131 5707 et
3162 5652 3387 5724 Domino

1805 5754 1928 5807 Jcsu
1983 5753 2204 5809 Christo.
2286 5750 2549 5807 Bonorum
2601 5744 2858 5802 memoria
2915 5759 3033 5799 cum
3088 5747 3381 5815 gratiarum
