3982 6352
547 285 642 339 6T:
1658 291 1952 348 PRIMASII
1991 287 2135 346 ADR'

2241 287 2442 344 ETANI
2482 285 2699 348 EPISC.
3753 291 3876 350 6:38

547 403 754 456 actione
779 399 1100 458 celebratur.
1128 402 1334 457 Gratias
1363 420 1462 476 ago
1496 405 1601 461 Deo
1624 422 1736 461 meo
1757 408 1810 460 in
1842 408 1980 461 omni
2019 423 2126 460 me-
2155 405 2209 463 Α
2234 404 2364 458 mihi
2393 404 2653 460 vindicem
2685 404 2960 460 scientiam
2994 405 3340 476 praedicandi.
3368 404 3479 462 Alii
3498 406 3692 462 etiam
3719 408 3875 461 alios

548 493 714 546 moria
757 493 907 547 vestri
953 509 1150 564 semper
1178 494 1229 547 in
1276 495 1469 549 cunctis
1497 497 1810 550 orationibus
1838 498 1982 562 meis,
2033 514 2124 565 pro
2226 496 2420 550 salvari
2460 497 2719 563 volentes,
2761 496 2986 552 ﬁdeliter
3025 499 3340 553 annuntiant
3377 498 3703 563 Christum,
3740 502 3869 569 qui-

548 583 777 636 omnibus
804 583 959 638 vobis.
997 583 1241 638 Ostendit
1285 584 1426 640 circa
1467 599 1559 640 eos
1587 586 1925 642 dilectionem
1947 601 2122 654 suam,
2229 586 2349 641 dam
2374 597 2549 642 autem
2577 604 2640 642 ex
2667 588 2928 643 cbaritate
2951 589 3203 660 adjuvant
3232 606 3317 647 me
3349 590 3734 660 Evangelium
3767 592 3870 646 de.

549 689 644 741 pro
671 676 860 744 quibus
881 689 1091 744 semper
1120 687 1324 731 exorat.
1363 677 1490 731 Cum
1509 681 1703 750 gaudio
1726 681 2126 750 deprecationem
2233 676 2461 733 fensare.
2507 677 2612 733 Alii
2648 687 2830 734 autem
2861 678 3053 735 dolose
3075 681 3365 749 praedicant
3385 691 3444 736 ut
3473 696 3568 736 me
3604 683 3864 751 amplius

549 768 761 835 faciens.
823 768 934 823 Non
982 783 1101 823 cum
1150 784 1401 838 maerore,
1435 772 1572 825 sicut
1614 787 1710 841 pro
1741 773 2123 839 peccatoribus.
2230 778 2472 838 gravent,
2515 769 2666 839 quasi
2712 771 2889 839 plures
2938 772 3231 838 discipulos
3269 772 3590 839 facientem,
3630 783 3694 827 et
3756 774 3860 828 do-

554 859 721 928 Super
749 861 1202 915 communicatione
1222 870 1386 915 vestra
1414 863 1467 915 in
1498 862 1796 934 Evangelia.
1829 863 1964 930 Quia
1983 878 2128 918 com-
2231 862 2400 916 ctrina
2430 877 2544 915 mea
2573 871 2738 916 totum
2768 862 2951 917 orbem
2985 862 3207 933 implere
3233 873 3517 919 conantem
3557 881 3575 915 :
3616 873 3684 917 ut
3718 863 3857 918 mihi

552 953 831 1007 municatis
856 953 906 1006 in
932 953 1216 1022 Evangelio
1244 954 1600 1023 praedicando.
1626 957 1668 1007 Α
1690 957 1854 1025 prima
1876 957 1957 1008 die
1978 972 2132 1025 usque

551 1063 704 1099 nunc.
733 1046 813 1100 Ab
835 1045 988 1100 initio
1006 1047 1125 1100 ﬁdei
1157 1058 1348 1101 vestra:
1379 1048 1655 1116 deprecor,
1678 1058 1732 1101 ut
1756 1051 2127 1118 perseveretis.

553 1135 822 1204 Confidens
870 1137 966 1190 hoc
1010 1138 1196 1208 ipsutn.
1251 1135 1474 1192 Conﬁdo
1510 1153 1594 1193 me
1637 1139 1942 1206 impetrare.
1998 1139 2132 1202 Quia

549 1227 637 1293 qui
666 1227 811 1296 coepit
861 1228 912 1281 in
961 1229 1097 1281 vobis
1143 1244 1270 1298 Opus
1315 1230 1522 1294 bonum,
1565 1230 1804 1298 perﬁciet.
1836 1229 2130 1283 Notandum

552 1317 699 1384 quia,
733 1325 791 1370 ut
821 1317 1156 1385 incipiamus,
1209 1317 1373 1386 ipsius
1410 1320 1578 1387 gratia
1628 1328 1730 1383 est,
1764 1334 1828 1372 ne
1858 1319 1981 1388 quid
2030 1320 2131 1373 sibi

554 1408 783 1460 humana
812 1407 1057 1476 superbia
1089 1417 1301 1476 arroget
1330 1425 1345 1474 ;
1379 1409 1496 1478 quia
1528 1419 1579 1464 et
1610 1409 1760 1476 ﬁdes,
1793 1420 1846 1464 et
1872 1411 2130 1476 doctrina,

558 1506 612 1549 et
641 1497 860 1550 scientia
888 1497 954 1550 ab
984 1497 1072 1550 illo
1102 1499 1348 1565 donatur,
1373 1508 1427 1552 et
1455 1500 1568 1567 ipse
1600 1501 1649 1554 in
1679 1501 1830 1555 nobis
1853 1501 2035 1570 incipit
2083 1510 2136 1556 et

555 1597 909 1642 consummat.
962 1588 1132 1657 Usque
1162 1591 1213 1642 in
1259 1591 1393 1643 diem
1439 1590 1627 1644 Christi
1667 1590 1810 1645 Jestt.
1861 1592 2036 1661 Usque
2070 1592 2135 1646 ad

555 1680 694 1735 diem
738 1682 944 1737 mortis.
994 1682 1142 1735 Sicut
1187 1692 1259 1735 est
1284 1683 1408 1735 mihi
1444 1685 1646 1752 justum
1695 1684 1788 1737 hoc
1828 1686 2016 1738 sentire
2042 1701 2138 1753 pro

2233 957 2488 1024 majorem
2521 955 2771 1010 invidiam
2803 955 3158 1010 cumularent.
3207 955 3429 1019 Quidam
3459 971 3524 1010 ea:
3549 954 3850 1018 charitate,

2233 1047 2442 1100 scientes
2466 1048 2706 1116 quoniam
2737 1047 2789 1099 in
2816 1047 3160 1115 defensionem
3183 1046 3448 1118 Evangelii
3469 1049 3690 1118 positus
3713 1063 3850 1099 nm.

2233 1138 2474 1192 Scientes
2497 1138 2615 1207 quia
2647 1152 2750 1191 non
2775 1152 2802 1190 a
2830 1152 2938 1204 me,
2961 1137 3057 1192 sed
3083 1154 3111 1190 a
3146 1138 3254 1192 Deo
3277 1138 3344 1192 ad
3387 1138 3492 1193 hoc
3531 1153 3673 1193 sum
3707 1139 3848 1207 posi-

2237 1237 2338 1283 tus.
2391 1229 2615 1293 Quidam
2644 1237 2812 1281 autem
2863 1243 2927 1281 ea:
2960 1230 3279 1282 contentione
3318 1227 3590 1282 Christum
3638 1243 3846 1280 anm-

2237 1323 2389 1384 tiant,
2413 1337 2513 1374 non
2542 1321 2756 1386 sincere,
2790 1320 3135 1374 existimantes
3177 1335 3469 1388 pressuram
3495 1335 3554 1371 se
3593 1320 3846 1372 suscitare

2235 1411 2451 1465 vinculis
2482 1411 2625 1463 meis.
2657 1408 2771 1463 Non
2802 1408 3013 1462 sincera
3061 1407 3423 1472 conscientia;
3457 1408 3591 1477 quia
3629 1417 3843 1474 propter

2239 1502 2443 1556 lucrum
2479 1499 2761 1568 praesentis
2807 1498 3061 1568 temporis
3100 1497 3488 1565 przedicabant,
3549 1506 3616 1551 et
3647 1498 3724 1551 illi
3755 1511 3840 1551 sua

2241 1590 2624 1660 praedicatione
2658 1589 2906 1643 invidiam
2940 1588 3266 1654 excitabant,
3313 1597 3369 1642 et
3407 1585 3700 1656 augebant
3729 1601 3839 1655 pm-

2241 1699 2334 1737 nas
2364 1678 2698 1737 vinetilorum
2730 1681 2866 1750 ejus,
2909 1691 2962 1735 et
2999 1680 3068 1736 de
3096 1681 3241 1735 illius
3285 1680 3460 1749 pinnis
3503 1681 3834 1750 gaudebant.

557 1771 788 1826 omnibus
811 1772 968 1826 vobis.
997 1771 1239 1827 Charitas
1269 1776 1406 1826 enim
1438 1744 1611 1828 omnia
1641 1783 1838 1843 sperat.
1883 1773 1961 1828 Eo
1999 1744 2135 1844 quod
2169 1744 2214 1804 Β
2242 1775 2333 1828 llle
2367 1790 2491 1828 vero
2529 1744 2795 1844 gaudebat
2820 1744 2990 1842 ,unia
3014 1783 3067 1827 et
3096 1787 3190 1841 per
3219 1744 3436 1826 fallaces
3464 1744 3668 1828 verum
3713 1788 3836 1842 pra-

556 1862 769 1916 habeam
795 1879 882 1917 vos
913 1864 964 1918 in
992 1866 1165 1929 corde,
1196 1877 1241 1919 et
1277 1867 1328 1919 in
1358 1867 1572 1921 vinculis
1600 1869 1742 1921 meis.
1787 1867 2014 1922 Tantum
2043 1884 2136 1923 vos

559 1953 746 2023 diligo,
764 1964 820 2008 ut
839 1955 964 2009 mihi
985 1958 1292 2010 memoriam
1318 1957 1479 2012 vestri
1503 1974 1600 2029 nec
1621 1959 1700 2012 vis
1715 1959 2132 2026 tribulationum,

557 2059 656 2099 nec
685 2046 987 2100 sollicitudo
1023 2047 1348 2103 defensionis
1386 2048 1610 2103 auferat.
1643 2048 1708 2102 Et
1737 2049 1789 2102 in
1819 2050 2131 2118 defensione,

554 2145 602 2187 et
624 2137 1011 2204 confirmatione
1041 2138 1333 2210 Evangelii.
1362 2139 1708 2194 Conﬁrmatio
1733 2140 2001 2209 Evangelii
2030 2149 2133 2205 est,

558 2226 669 2280 Deo
697 2228 1066 2293 conﬁrmante,
1095 2230 1392 2283 constantia
1418 2230 1769 2298 praedicantis.
1808 2230 1984 2285 Socios
2011 2247 2136 2301 gau-

556 2317 631 2368 dii
657 2319 754 2370 mei
783 2335 954 2371 omnes
977 2335 1062 2372 vos
1092 2336 1216 2372 esse.
1268 2320 1378 2374 Hoc
1399 2321 1571 2374 sentio
1594 2321 1660 2374 de
1690 2321 1856 2385 vobis,
1890 2329 1942 2376 et
1972 2322 2137 2375 credo

557 2410 681 2476 quia
714 2409 850 2461 sicut
882 2409 1235 2463 tribulationis
1267 2425 1400 2465 mea:
1428 2412 1556 2465 socii
1584 2412 1736 2478 estis,
1777 2411 1846 2465 ita
1894 2412 2044 2468 eritis
2082 2421 2137 2466 et

560 2498 759 2567 gaudii.
790 2499 952 2554 Testis
992 2501 1126 2554 enim
1168 2503 1293 2554 mihi
1331 2512 1402 2556 est
1443 2501 1602 2569 Deus,
1646 2505 1900 2572 quomodo
1931 2507 2136 2574 cupiunt

559 2608 732 2646 omnes
767 2610 850 2646 vos
886 2596 938 2648 in
978 2595 1249 2649 visceribus
1273 2595 1459 2650 Christi
1484 2595 1628 2651 Iesu.
1660 2597 1783 2652 Sive
1819 2599 1932 2668 ejus
1963 2599 2136 2654 inesse

561 2686 880 2752 visceribus,
909 2687 1020 2741 sive
1062 2687 1134 2741 ita
1181 2703 1295 2748 vos.
1343 2696 1588 2758 tanquam
1621 2689 1822 2744 viscera
1853 2690 1965 2758 ejus
1996 2689 2137 2746 desi-

561 2775 730 2830 derio.
766 2775 832 2831 Et
858 2778 950 2831 hoc
974 2793 1083 2845 oro,
1113 2787 1164 2830 ut
1212 2778 1434 2832 charitas
1474 2791 1635 2834 vestra
1677 2782 1838 2852 magis
1883 2797 1942 2834 ac
1975 2782 2136 2850 magis

561 2868 803 2922 abundet.
847 2869 1141 2923 Notandum
1173 2872 1311 2938 quod
1342 2885 1447 2925 non
1478 2870 1914 2941 solum'praccipit
1959 2880 2015 2927 ut
2060 2873 2136 2926 fa-

561 2959 723 3029 ciant,
755 2960 846 3015 sed
870 2970 922 3015 et
941 2971 1054 3015 orat
1079 2976 1174 3030 pro
1196 2963 1273 3018 eis
1299 2981 1312 3029 ;
1345 2975 1401 3018 ut
1427 2965 1658 3020 sciamus
1679 2965 1798 3034 quia
1817 2979 1919 3019 nou
1943 2966 2138 3020 sufﬁcit

561 3051 646 3105 lex
670 3051 924 3120 jubendo,
960 3053 1059 3107 nisi
1086 3053 1250 3123 gratia
1274 3055 1578 3110 subvenerit
1592 3056 1852 3124 juvando.
1887 3056 1950 3110 In
1977 3059 2137 3110 scien-

562 3142 632 3194 tia
659 3153 706 3195 et
731 3145 866 3195 omni
892 3159 1063 3208 sensu,
1094 3155 1147 3198 ut
1169 3146 1391 3215 probetis
1419 3148 1638 3216 potiora.
1675 3147 1974 3203 Notandum
2017 3150 2138 3218 quia

562 3233 851 3289 scientibus
883 3236 1136 3304 majorem
1181 3237 1353 3291 adhuc
1398 3239 1672 3292 scientiam
1714 3241 2047 3309 deprecatur,
2084 3249 2140 3294 ut

561 3323 753 3378 sinceri
794 3339 909 3379 esse
953 3326 1311 3393 praevnleant:
1347 3343 1462 3396 quae
1488 3329 1705 3382 scientia
1734 3343 1852 3382 cum
1882 3328 2139 3383 charitale

561 3414 806 3469 aedificat.
839 3414 902 3468 Ut
929 3417 1039 3469 sitis
1079 3418 1261 3470 sinceri
1291 3426 1336 3471 et
1360 3419 1464 3472 sine
1486 3418 1682 3484 offensa
1706 3419 1755 3472 in
1784 3421 1916 3473 diem
1930 3420 2136 3476 Christi.

561 3503 787 3571 Sinceri,
814 3507 948 3561 sicut
978 3507 1222 3575 baptismi
1261 3514 1428 3577 gratia
1470 3513 1752 3579 reparavit.
1803 3511 2000 3582 Repleti
2027 3518 2140 3583 fru-

560 3606 643 3649 ctu
661 3599 882 3666 jusiitiw
908 3616 995 3667 per
1019 3599 1196 3653 Iesum
1224 3601 1500 3656 Christum.
1534 3603 1600 3657 Ut
1623 3619 1724 3657 non
1751 3604 1923 3659 solum
1945 3606 2138 3662 sinceri

561 3702 591 3738 a
622 3689 958 3756 corruptione
983 3691 1121 3756 sitis,
1146 3693 1237 3748 sed
1262 3693 1417 3748 etiam
1445 3695 1704 3750 fructibus
1724 3697 1944 3766 justitize
1967 3700 2135 3752 abun-

561 3775 698 3830 detis
725 3777 860 3831 dunt)
878 3780 1076 3836 Christi
1101 3823 1116 3847 ,
1138 3783 1227 3853 qui
1245 3800 1348 3838 non
1370 3786 1524 3840 modo
1547 3787 1798 3842 malitiam
1824 3806 1927 3844 non
1956 3791 2134 3858 hab:~t,

561 3867 655 3920 sed
709 3869 866 3922 etiam
911 3871 1145 3926 bonitate
1175 3875 1454 3929 redundat.
1506 3877 1573 3930 In
1613 3879 1829 3949 gloriam
1856 3891 1902 3933 et
1933 3881 2138 3935 laudent

562 3955 679 4010 Dei.
710 3958 775 4013 Ut
801 3960 1122 4029 gloriﬁcetur
1150 3964 1286 4017 Deus
1310 3965 1360 4018 in
1390 3966 1576 4020 nobis:
1613 3983 1716 4022 non
1749 3968 1975 4024 humana
1997 3987 2137 4040 prte-

564 4052 813 4121 sumptin,
841 4063 893 4108 et
925 4069 1056 4107 vana
1081 4056 1269 4125 gloria,
1298 4057 1399 4111 sibi
1448 4059 1683 4114 tribuens
1713 4061 1756 4114 si
1794 4062 1990 4132 aliquid
2013 4064 2138 4118 boni

565 4141 762 4198 habere
791 4146 1016 4200 videtur.
1041 4145 1145 4201 Sed
1180 4157 1234 4201 ut
1265 4148 1478 4204 videant
1508 4149 1748 4205 homines
1778 4167 1938 4220 opera
1976 4155 2135 4222 bona,

561 4243 614 4288 et
643 4235 940 4303 gloriﬁcent
969 4240 1154 4306 Deum,
1184 4241 1334 4311 cujus
1359 4242 1556 4297 donum
1578 4253 1659 4297 est
1686 4245 1827 4313 quod
1859 4245 2135 4301 habemus.

562 4325 710 4382 Scire
737 4338 901 4383 autem
928 4347 1011 4385 vos
1040 4332 1171 4400 volo,
1204 4337 1408 4403 fratres,
1433 4335 1555 4402 quia
1579 4351 1693 4405 qua:
1715 4337 1851 4388 circa
1889 4352 1969 4389 me
1995 4346 2135 4389 sunt.

557 4417 882 4474 Consolatur
909 4436 1002 4475 eos
1030 4424 1096 4477 de
1138 4425 1478 4479 tribulatione
1524 4440 1640 4491 sua,
1693 4427 1814 4495 quia
1863 4425 2139 4480 audierant

561 4525 684 4563 eum
724 4511 956 4565 vinctum
988 4514 1042 4566 in
1081 4518 1237 4568 domo
1273 4515 1497 4570 Caesaris
1539 4515 1814 4570 custodiri.
1864 4514 2034 4586 Magis
2071 4517 2138 4569 ad

563 4604 846 4669 profectum
875 4617 1110 4657 venerunt
1143 4604 1426 4676 Evangelii.
1456 4607 1569 4661 Non
1592 4607 1762 4661 solum
1786 4621 1889 4661 non
1919 4607 2133 4673 obsunt,

565 4689 659 4742 sed
709 4691 867 4744 etiam
902 4703 1141 4760 prosunt,
1189 4695 1312 4748 dum
1360 4696 1742 4762 manifestatur,
1775 4711 1861 4750 me
1905 4711 2009 4751 non
2042 4713 2138 4766 pro

563 4779 740 4849 aliquo
769 4782 1011 4849 crimine,
1047 4784 1137 4838 sed
1167 4799 1261 4848 pro
1289 4783 1500 4840 Christo
1529 4785 1706 4839 omnia
1734 4787 2017 4841 sustinere.
2052 4785 2138 4840 Ita

563 4881 621 4924 ut
663 4873 863 4927 vincula
907 4889 1018 4927 mea
1046 4875 1314 4945 manifesta
1358 4876 1537 4944 fierent
1580 4875 1633 4929 in
1659 4875 1858 4930 Christo
1903 4876 1958 4930 in
1998 4877 2136 4930 omni

561 4963 821 5032 prwtorio.
863 4964 1014 5034 Apud
1044 4979 1253 5020 omnem
1281 4965 1536 5034 judicem.
1570 4965 1636 5020 Et
1672 4967 1723 5021 in
1750 4967 1941 5021 cwteris
1971 4968 2136 5021 omni-

560 5054 672 5114 bus,
706 5052 1033 5109 Subauditur
1063 5054 1214 5109 locis.
1259 5053 1324 5108 Ut
1359 5055 1526 5124 plures
1562 5072 1624 5109 ea:
1663 5056 1910 5126 fratribus
1938 5056 1991 5109 in
2030 5056 2137 5109 Do-

558 5148 696 5200 mino
725 5149 1052 5217 confidentes,
1103 5151 1314 5205 vinculis
1357 5153 1480 5206 meis
1517 5153 1859 5207 abundantius
1889 5152 2134 5206 auderent

559 5236 669 5289 sine
711 5237 889 5291 timore
918 5239 1123 5292 verbum
1173 5240 1265 5294 Dei
1311 5241 1470 5307 loqui.
1516 5242 1856 5296 Vinculorum
1894 5255 2134 5295 meorum

559 5327 807 5394 exemplo
853 5327 1082 5394 incitati,
1119 5329 1243 5382 dum
1291 5345 1376 5385 me
1407 5330 1587 5385 vident
1630 5331 1745 5384 hare
1795 5344 1887 5396 pro
1924 5329 2137 5384 Christo

560 5415 916 5472 libentissime
946 5419 1071 5487 pati.
1107 5420 1328 5485 Quidam
1351 5423 1552 5484 quidem
1583 5431 1630 5474 et
1657 5431 1860 5492 propter
1886 5422 2132 5475 invidiam

561 5513 607 5556 et
633 5508 1002 5562 contentionem
1023 5550 1039 5575 ,
1069 5511 1275 5580 quidam
1305 5523 1473 5564 autem
1514 5519 1562 5563 et
1602 5519 1805 5579 propter
1839 5510 2019 5562 bonam
2051 5527 2134 5563 vo-

563 5597 810 5650 luntatem
852 5596 1107 5654 Christum
1150 5601 1448 5668 prwdicant.
1499 5601 1636 5653 Dum
1665 5598 1789 5652 mihi
1835 5601 1973 5668 apud
2021 5615 2137 5655 creo

566 5683 753 5743 dentes
780 5686 1001 5759 gloriam
1041 5691 1250 5748 auferre
1287 5689 1616 5760 desiderant,
1671 5689 1821 5761 quasi
1859 5690 1948 5762 qui
1991 5691 2137 5751 solus

2240 1867 2517 1922 dicabatur
2548 1908 2562 1930 ,
2593 1876 2647 1921 et
2675 1881 2772 1935 per
2803 1865 3062 1919 malorum
3111 1881 3202 1921 ora
3240 1865 3490 1921 Christus
3542 1868 3836 1920 annuntia-

2240 1961 2413 2014 batur.
2484 1959 2619 2026 Quid
2681 1956 2856 2011 enim?
2894 1961 3015 2012 dum
3061 1959 3198 2011 omni
3243 1958 3418 2024 modo,
3473 1958 3588 2012 sive
3639 1975 3728 2028 per
3755 1974 3834 2010 ee-

2241 2053 2512 2112 casionem,
2569 2049 2674 2102 sive
2729 2064 2817 2115 per
2871 2049 3149 2114 veritatem,
3191 2046 3424 2101 Christus
3456 2049 3826 2099 'annuntierar.

2242 2141 2354 2196 Non
2415 2139 2542 2192 mihi
2591 2153 2718 2193 cura
2772 2146 2854 2193 est
2911 2155 3014 2208 qua
3065 2147 3244 2193 mente
3289 2137 3638 2208 prtedicent,
3693 2137 3827 2190 dum-

2242 2231 2424 2292 modo,
2459 2229 2598 2296 quod
2647 2228 2824 2298 cupio,
2857 2229 3052 2284 Christi
3098 2243 3289 2283 nomen
3319 2228 3586 2284 omnibus
3634 2230 3825 2284 innote-

2240 2332 2356 2378 scat
2391 2331 2445 2376 et
2482 2337 2511 2374 a
2553 2320 2739 2375 multis
2765 2321 3038 2378 credatur.
3071 2320 3405 2389 Quapmpter
3435 2331 3494 2376 et
3521 2322 3690 2374 modo
3715 2337 3823 2389 gau-

2240 2415 2361 2476 deo,
2387 2423 2439 2468 et
2469 2415 2520 2468 in
2553 2413 2784 2467 futurum
2809 2411 3073 2480 gaudebo.
3118 2411 3186 2464 Et
3221 2413 3273 2464 in
3298 2412 3394 2464 hoc
3423 2412 3660 2482 gaudeo,
3682 2414 3762 2464 sed
3782 2422 3823 2463 ct

2240 2503 2493 2575 gaudebo.
2523 2503 2648 2558 Sive
2676 2517 2772 2572 per
2796 2500 3130 2556 occasionem
3157 2499 3286 2566 odii,
3316 2500 3404 2554 vel
3435 2501 3661 2553 invidia:
3686 2516 3700 2554 :
3733 2513 3823 2552 non

2240 2598 2365 2668 quia
2396 2594 2687 2650 malevolus
2713 2603 2850 2658 erat,
2898 2602 2952 2648 et
2991 2593 3058 2647 de
3108 2594 3285 2648 alieno
3329 2593 3477 2647 malo
3525 2592 3822 2663 gaudebat;

2240 2691 2336 2745 sed
2392 2688 2514 2758 quia
2562 2696 2620 2743 et
2663 2701 2692 2739 a
2751 2686 2904 2740 malis
2949 2686 3170 2740 verbum
3211 2685 3639 2754 praedicabatur,
3671 2695 3824 2752 etper

2242 2780 2503 2834 malorum
2526 2793 2617 2831 ora
2644 2776 2888 2832 Christus
2921 2776 3356 2830 annuntiabatur.
3397 2775 3523 2829 Scio
3551 2776 3694 2828 enim
3719 2776 3825 2844 quia

2241 2869 2338 2921 hoc
2375 2868 2500 2921 mihi
2530 2867 2808 2936 proveniet.
2842 2865 2992 2930 Quod
3039 2880 3146 2919 non
3173 2865 3344 2919 solum
3372 2879 3467 2933 per
3499 2863 3746 2918 Verbum
3779 2873 3825 2917 et

2244 2959 2546 3028 passionem
2568 2971 2764 3022 meam,
2786 2956 2878 3011 sed
2910 2958 3069 3010 etiam
3095 2971 3189 3024 per
3205 2955 3375 3010 odium
3404 2955 3612 3009 Christi
3641 2956 3824 3010 Eccle

2242 3053 2334 3106 size
2361 3058 2797 3121 augtnentantur;
2821 3049 2943 3119 quia
2966 3048 3115 3103 novit
3136 3048 3388 3101 Dominus
3410 3045 3478 3101 de
3497 3047 3668 3100 malis
3694 3049 3822 3102 bene

2167 3114 2213 3177 θ
2245 3114 2479 3213 operari.
2503 3143 2584 3195 Ad
2609 3114 2850 3207 salutem,
2884 3157 2973 3208 per
3009 3148 3225 3193 vestram
3257 3139 3540 3192 orationem
3566 3147 3615 3191 et
3648 3139 3822 3191 submi-

2245 3236 2590 3290 nistrationem
2622 3233 2846 3302 Spiritus
2866 3231 2992 3286 Jcsu
3012 3231 3218 3286 Christi.
3237 3230 3334 3296 Qui
3355 3229 3420 3283 ad
3448 3245 3631 3284 meam
3662 3231 3817 3284 omnia

2244 3328 2467 3382 salutem
2495 3326 2775 3396 gubernat,
2811 3332 2864 3380 et
2894 3324 3118 3378 adversa
3149 3323 3308 3377 vertit
3333 3321 3388 3375 in
3419 3336 3704 3391 proSpera.
3736 3322 3815 3375 Se-

2242 3421 2467 3474 cundum
2488 3419 2914 3487 exspectationem
2945 3432 3128 3479 meam,
3157 3423 3203 3467 et
3224 3429 3384 3484 spem.
3409 3413 3544 3479 Quia
3568 3414 3639 3466 de
3666 3414 3811 3467 omni«

2241 3511 2339 3567 bus
2368 3511 2450 3564 his
2485 3515 2738 3578 exspecto
2766 3506 3091 3572 mercedem,
3121 3513 3175 3559 et
3211 3514 3270 3558 ut
3294 3512 3683 3559 convertantur
3713 3519 3808 3558 sus-

2242 3603 2406 3655 tinco.
2463 3601 2599 3666 Quia
2655 3599 2710 3652 in
2777 3599 2918 3651 nullo
2964 3595 3268 3663 confundor.
3317 3595 3409 3650 Ille
3453 3595 3604 3650 enim
3663 3611 3811 3664 neque

2241 3693 2298 3747 in
2345 3691 2645 3760 opprobriis
2693 3703 2865 3758 neque
2922 3689 2972 3741 in
3023 3685 3394 3752 contumeliis,
3453 3700 3554 3739 nos
3605 3702 3726 3740 vero
3767 3687 3810 3739 in

2240 3783 2490 3839 omnibus
2531 3780 2905 3836 confundimur
2948 3796 2960 3832 :
3012 3778 3256 3848 quamvis
3311 3778 3611 3833 secundum
3667 3780 3810 3833 Deum

2240 3874 2308 3928 sit
2361 3890 2376 3926 :
2430 3872 2572 3927 unde
2628 3871 2963 3926 ostendimus
2997 3910 3011 3933 ,
3082 3882 3180 3922 nos
3235 3867 3480 3924 laudibus
3554 3868 3812 3922 hominum

2239 3963 2531 4024 deservire,
2581 3977 2686 4016 non
2717 3961 2950 4015 Christo.
2995 3960 3102 4014 Sed
3141 3959 3195 4013 in
3233 3959 3375 4013 omni
3435 3960 3655 4027 ﬁducia,
3694 3961 3810 4013 sicut

2240 4070 2456 4123 semper.
2517 4053 2673 4108 Nulla
2723 4065 2810 4106 res
2860 4066 2945 4105 me
2984 4058 3170 4106 terret.
3223 4049 3291 4102 Et
3342 4067 3479 4103 nunc
3524 4050 3811 4122 magniﬁca-

2240 4147 2374 4200 bitur
2415 4144 2645 4199 Christus
2693 4143 2746 4196 in
2792 4157 3002 4213 corpore
3049 4158 3183 4207 meo,
3226 4143 3327 4195 sive
3371 4158 3463 4210 per
3505 4143 3679 4206 vitam,
3724 4142 3814 4197 sive

2241 4252 2331 4303 per
2359 4243 2590 4288 mortem.
2635 4233 2696 4286 Et
2748 4233 2854 4286 vita
2883 4245 2997 4286 mea
3029 4240 3082 4285 et
3109 4245 3254 4285 mors
3281 4230 3348 4285 ad
3379 4231 3811 4300 magniﬁcentiam

2241 4327 2471 4397 pertinet
2496 4323 2717 4388 Christi,
2746 4323 2835 4392 qui
2867 4336 2952 4376 me
2982 4323 3035 4376 in
3064 4321 3310 4376 omnibus
3340 4321 3811 4377 confortatzinsul-

2245 4429 2320 4474 tat
2358 4417 2588 4472 inimicis
2626 4416 2760 4482 suis,
2803 4413 2943 4484 quod
2985 4413 3228 4479 habebit,
3277 4414 3322 4467 si
3361 4414 3654 4468 servaverit
3679 4413 3812 4468 Chri-

2245 4518 2391 4564 stum
2452 4504 2839 4570 annuntiando,
2897 4504 3184 4574 plurimum
3224 4503 3475 4558 fructum.
3523 4503 3657 4557 Mihi
3692 4505 3811 4556 enim

2244 4600 2404 4653 vivere
2425 4595 2652 4652 Christus
2666 4603 2762 4663 est,
2777 4603 2822 4649 et
2843 4596 2971 4648 mori
2989 4595 3206 4650 lucrum.
3225 4593 3378 4648 Nulla
3397 4594 3508 4661 jam
3533 4595 3620 4650 hic
3639 4595 3809 4648 volun-

2246 4699 2325 4744 tas
2357 4688 2568 4743 vivendi
2595 4697 2699 4752 est,
2728 4685 2829 4742 nisi
2883 4693 2942 4740 ut
2969 4683 3162 4754 corpus
3199 4685 3312 4754 ejus
3341 4683 3603 4738 aedificem
3643 4699 3810 4739 exem-

2244 4780 2333 4850 plo
2364 4794 2484 4834 meo
2514 4797 2527 4831 :
2559 4779 2762 4834 lucrum
2791 4778 3085 4830 maximum
3127 4782 3442 4842 computans
3468 4774 3578 4842 jam
3607 4775 3813 4829 sarcina-

2243 4871 2391 4926 ribus
2420 4869 2622 4938 laqueis
2652 4884 2759 4922 non
2795 4867 2987 4932 teneri,
3018 4866 3126 4934 jam
3158 4866 3319 4920 nullis
3347 4869 3582 4933 peccatis
3607 4874 3659 4919 et
3682 4865 3812 4918 vitiis

2243 4960 2418 5016 carnis
2463 4959 2750 5016 obnoxium
2794 4959 2934 5025 ﬁeri,
2980 4957 3122 5027 quod
3168 4964 3288 5027 post
3329 4957 3466 5011 hanc
3508 4957 3668 5010 vitam
3709 4957 3813 5011 sine

2242 5053 2406 5108 dubio
2445 5060 2529 5109 est
2565 5055 2820 5107 futurum.
2871 5053 3020 5118 Quod
3051 5052 3094 5105 si
3125 5053 3286 5106 vivere
3318 5051 3370 5104 in
3400 5067 3555 5104 carne
3589 5050 3669 5103 hic
3700 5051 3810 5103 mitti

2243 5146 2439 5214 fructus
2470 5144 2635 5212 operis
2661 5153 2755 5196 est.
2797 5143 2934 5208 Quia
2973 5155 3071 5197 nec
3105 5141 3194 5196 hic
3233 5143 3350 5197 sine
3392 5143 3568 5197 fructu
3608 5143 3811 5206 anima,

2241 5233 2382 5288 dono
2407 5233 2612 5289 Domini
2643 5234 2787 5288 vivo.
2820 5233 2888 5287 Et
2913 5235 3037 5304 quid
3065 5234 3272 5304 eligam,
3296 5235 3498 5305 ignoro.
3533 5235 3588 5290 In
3621 5245 3813 5290 tantum

2241 5323 2372 5377 mihi
2394 5331 2615 5392 utraque
2641 5323 2948 5392 expediunt,
2980 5332 3037 5378 ut
3063 5324 3190 5393 quid
3220 5324 3419 5394 eligere
3448 5325 3647 5394 possim
3674 5327 3814 5396 igno-

2243 5430 2378 5482 rem,
2402 5431 2520 5484 quae
2541 5417 2668 5469 mihi
2688 5430 2881 5472 nocere
2905 5425 3171 5485 putantur.
3195 5417 3436 5471 Coarctor
3456 5426 3627 5472 autem
3647 5435 3676 5473 e
3695 5423 3816 5472 dato-

2245 5507 2357 5573 bus,
2393 5507 2698 5562 desiderium
2733 5508 2920 5562 habens
2950 5508 3187 5571 dissolvi,
3226 5518 3274 5561 et
3305 5523 3418 5561 cum
3453 5508 3658 5562 Christo
3696 5527 3814 5572 csse,

2245 5598 2404 5654 multo
2437 5601 2597 5670 magis
2635 5601 2816 5654 melius
2853 5607 2947 5653 est.
2995 5594 3303 5654 Permanere
3347 5610 3519 5654 autent
3559 5601 3613 5654 in
3650 5618 3813 5666 carne,

2247 5691 2580 5748 necessarium
2603 5700 2807 5762 propter
2835 5706 2940 5748 vos.
2971 5689 3100 5749 illud
3121 5689 3255 5748 mihi
3277 5690 3488 5754 melius.
3512 5691 3642 5751 illud
3672 5693 3813 5751 vobis
