  <div class='ocr_page' id='page_1' title='image "/cluster/home/n/w/nwhite01/storage/ocr_20150623/68/hvd.32044015469331/320.png"; bbox 0 0 3982 6352; ppageno 0'>
   <div class='ocr_carea' id='block_1_1' title="bbox 162 356 264 411">
    <p class='ocr_par' dir='ltr' id='par_1_1' title="bbox 162 356 264 411">
     <span class='ocr_line' id='line_1_1' title="bbox 162 356 264 411; baseline -0.01 0"><span class='ocrx_word' id='word_1_1' title='bbox 162 356 264 411; x_wconf 68' lang='lat'><strong>629</strong></span> 
     </span>
    </p>
   </div>
   <div class='ocr_carea' id='block_1_2' title="bbox 932 345 2624 409">
    <p class='ocr_par' dir='ltr' id='par_1_2' title="bbox 932 345 2624 409">
     <span class='ocr_line' id='line_1_2' title="bbox 932 345 2624 409; baseline -0.002 -1"><span class='ocrx_word' id='word_1_2' title='bbox 932 352 998 408; x_wconf 65' lang='grc' dir='ltr'><strong>ιη</strong></span> <span class='ocrx_word' id='word_1_3' title='bbox 1037 350 1418 409; x_wconf 76' lang='lat' dir='ltr'><strong>EPISTOLAM</strong></span> <span class='ocrx_word' id='word_1_4' title='bbox 1458 345 2075 407; x_wconf 65' lang='lat' dir='ltr'><strong>AD&#39;PIIIL‘IPPENSES</strong></span> <span class='ocrx_word' id='word_1_5' title='bbox 2111 345 2624 405; x_wconf 64' lang='grc' dir='ltr'><strong>(ῚΟΜΜΕΝΤΑΠΙᾹ.</strong></span> 
     </span>
    </p>
   </div>
   <div class='ocr_carea' id='block_1_3' title="bbox 3293 354 3411 409">
    <p class='ocr_par' dir='ltr' id='par_1_3' title="bbox 3293 354 3411 409">
     <span class='ocr_line' id='line_1_3' title="bbox 3293 354 3411 409; baseline 0 0"><span class='ocrx_word' id='word_1_6' title='bbox 3293 354 3411 409; x_wconf 75' lang='lat'><strong>630&#39;</strong></span> 
     </span>
    </p>
   </div>
   <div class='ocr_carea' id='block_1_4' title="bbox 159 459 3401 535">
    <p class='ocr_par' dir='ltr' id='par_1_4' title="bbox 159 459 3401 535">
     <span class='ocr_line' id='line_1_4' title="bbox 159 459 3401 535; baseline 0 -10"><span class='ocrx_word' id='word_1_7' title='bbox 159 465 517 525; x_wconf 88' lang='lat' dir='ltr'><strong>necessarium</strong></span> <span class='ocrx_word' id='word_1_8' title='bbox 549 481 564 519; x_wconf 89' lang='lat'>:</span> <span class='ocrx_word' id='word_1_9' title='bbox 594 473 648 521; x_wconf 90' lang='lat' dir='ltr'><strong>et</strong></span> <span class='ocrx_word' id='word_1_10' title='bbox 675 472 900 522; x_wconf 87' lang='lat' dir='ltr'><strong>mortem</strong></span> <span class='ocrx_word' id='word_1_11' title='bbox 943 466 1066 521; x_wconf 90' lang='lat' dir='ltr'><strong>illos</strong></span> <span class='ocrx_word' id='word_1_12' title='bbox 1096 481 1202 520; x_wconf 89' lang='lat' dir='ltr'><strong>non</strong></span> <span class='ocrx_word' id='word_1_13' title='bbox 1244 466 1464 529; x_wconf 90' lang='lat' dir='ltr'><strong>timere,</strong></span> <span class='ocrx_word' id='word_1_14' title='bbox 1493 462 1586 519; x_wconf 88' lang='lat' dir='ltr'><strong>sed</strong></span> <span class='ocrx_word' id='word_1_15' title='bbox 1633 462 1729 516; x_wconf 49' lang='lat' dir='ltr'><strong>clis</strong></span> <span class='ocrx_word' id='word_1_16' title='bbox 1754 464 1801 520; x_wconf 76' lang='grc' dir='ltr'>Α</span> <span class='ocrx_word' id='word_1_17' title='bbox 1833 459 2019 527; x_wconf 88' lang='lat' dir='ltr'><strong>habes,</strong></span> <span class='ocrx_word' id='word_1_18' title='bbox 2057 462 2266 517; x_wconf 90' lang='lat' dir='ltr'><strong>etiamsi</strong></span> <span class='ocrx_word' id='word_1_19' title='bbox 2311 462 2509 529; x_wconf 84' lang='lat' dir='ltr'><strong>lateat;</strong></span> <span class='ocrx_word' id='word_1_20' title='bbox 2558 464 2610 517; x_wconf 91' lang='lat' dir='ltr'><strong>in</strong></span> <span class='ocrx_word' id='word_1_21' title='bbox 2653 476 2759 533; x_wconf 90' lang='lat' dir='ltr'><strong>quo</strong></span> <span class='ocrx_word' id='word_1_22' title='bbox 2798 463 2915 519; x_wconf 85' lang='lat' dir='ltr'><strong>sine</strong></span> <span class='ocrx_word' id='word_1_23' title='bbox 2953 463 3111 521; x_wconf 90' lang='lat' dir='ltr'><strong>dubio</strong></span> <span class='ocrx_word' id='word_1_24' title='bbox 3157 471 3320 535; x_wconf 91' lang='lat' dir='ltr'><strong>possit</strong></span> <span class='ocrx_word' id='word_1_25' title='bbox 3349 480 3401 525; x_wconf 91' lang='lat' dir='ltr'><strong>te</strong></span> 
     </span>
    </p>
   </div>
   <div class='ocr_carea' id='block_1_5' title="bbox 158 555 1722 629">
    <p class='ocr_par' dir='ltr' id='par_1_5' title="bbox 158 555 1722 629">
     <span class='ocr_line' id='line_1_5' title="bbox 158 555 1722 629; baseline -0.004 -14"><span class='ocrx_word' id='word_1_26' title='bbox 158 574 286 629; x_wconf 87' lang='lat' dir='ltr'><strong>gere</strong></span> <span class='ocrx_word' id='word_1_27' title='bbox 313 558 528 623; x_wconf 85' lang='lat' dir='ltr'><strong>debere,</strong></span> <span class='ocrx_word' id='word_1_28' title='bbox 560 570 657 611; x_wconf 89' lang='lat' dir='ltr'><strong>suo</strong></span> <span class='ocrx_word' id='word_1_29' title='bbox 681 557 834 612; x_wconf 88' lang='lat' dir='ltr'><strong>docet</strong></span> <span class='ocrx_word' id='word_1_30' title='bbox 854 557 1098 626; x_wconf 83' lang='lat' dir='ltr'><strong>exemplo</strong></span> <span class='ocrx_word' id='word_1_31' title='bbox 1123 573 1135 609; x_wconf 89' lang='lat'><strong>:</strong></span> <span class='ocrx_word' id='word_1_32' title='bbox 1160 565 1214 611; x_wconf 91' lang='lat' dir='ltr'><strong>et</strong></span> <span class='ocrx_word' id='word_1_33' title='bbox 1239 571 1305 611; x_wconf 89' lang='lat' dir='ltr'><strong>ne</strong></span> <span class='ocrx_word' id='word_1_34' title='bbox 1325 555 1722 618; x_wconf 87' lang='lat' dir='ltr'><strong>contristentur,</strong></span> 
     </span>
    </p>
   </div>
   <div class='ocr_carea' id='block_1_6' title="bbox 162 644 1724 717">
    <p class='ocr_par' dir='ltr' id='par_1_6' title="bbox 162 644 1724 717">
     <span class='ocr_line' id='line_1_6' title="bbox 162 644 1724 717; baseline -0.005 -12"><span class='ocrx_word' id='word_1_35' title='bbox 162 664 468 705; x_wconf 87' lang='lat' dir='ltr'><strong>mansurum</strong></span> <span class='ocrx_word' id='word_1_36' title='bbox 498 662 557 702; x_wconf 87' lang='lat' dir='ltr'><strong>se</strong></span> <span class='ocrx_word' id='word_1_37' title='bbox 586 648 636 703; x_wconf 91' lang='lat' dir='ltr'><strong>in</strong></span> <span class='ocrx_word' id='word_1_38' title='bbox 662 661 821 703; x_wconf 89' lang='lat' dir='ltr'><strong>carne</strong></span> <span class='ocrx_word' id='word_1_39' title='bbox 845 647 1031 717; x_wconf 79' lang='lat' dir='ltr'><strong>spiritu</strong></span> <span class='ocrx_word' id='word_1_40' title='bbox 1051 644 1724 715; x_wconf 54' lang='lat' dir='ltr'><strong>pr0pheticoorepromiitit.</strong></span> 
     </span>
    </p>
   </div>
   <div class='ocr_carea' id='block_1_7' title="bbox 164 735 1729 810">
    <p class='ocr_par' dir='ltr' id='par_1_7' title="bbox 164 735 1729 810">
     <span class='ocr_line' id='line_1_7' title="bbox 164 735 1729 810; baseline -0.003 -17"><span class='ocrx_word' id='word_1_41' title='bbox 164 738 232 794; x_wconf 81' lang='lat' dir='ltr'><strong>Et</strong></span> <span class='ocrx_word' id='word_1_42' title='bbox 257 741 353 794; x_wconf 83' lang='lat' dir='ltr'><strong>hoc</strong></span> <span class='ocrx_word' id='word_1_43' title='bbox 385 739 644 805; x_wconf 81' lang='lat' dir='ltr'><strong>conﬁdens</strong></span> <span class='ocrx_word' id='word_1_44' title='bbox 673 740 811 805; x_wconf 88' lang='lat' dir='ltr'><strong>scio,</strong></span> <span class='ocrx_word' id='word_1_45' title='bbox 859 739 979 810; x_wconf 88' lang='lat' dir='ltr'><strong>quia</strong></span> <span class='ocrx_word' id='word_1_46' title='bbox 1017 738 1229 792; x_wconf 72' lang='lat' dir='ltr'><strong>manebo</strong></span> <span class='ocrx_word' id='word_1_47' title='bbox 1270 747 1317 791; x_wconf 87' lang='lat' dir='ltr'><strong>et</strong></span> <span class='ocrx_word' id='word_1_48' title='bbox 1347 735 1643 805; x_wconf 84' lang='lat' dir='ltr'><strong>permanebo</strong></span> <span class='ocrx_word' id='word_1_49' title='bbox 1675 736 1729 789; x_wconf 90' lang='lat' dir='ltr'><strong>in</strong></span> 
     </span>
    </p>
   </div>
   <div class='ocr_carea' id='block_1_8' title="bbox 163 828 1728 896">
    <p class='ocr_par' dir='ltr' id='par_1_8' title="bbox 163 828 1728 896">
     <span class='ocr_line' id='line_1_8' title="bbox 163 828 1728 896; baseline -0.001 -13"><span class='ocrx_word' id='word_1_50' title='bbox 163 830 392 885; x_wconf 84' lang='lat' dir='ltr'><strong>omnibus</strong></span> <span class='ocrx_word' id='word_1_51' title='bbox 413 831 571 886; x_wconf 80' lang='lat' dir='ltr'><strong>vobis.</strong></span> <span class='ocrx_word' id='word_1_52' title='bbox 602 829 716 885; x_wconf 82' lang='lat' dir='ltr'><strong>Non</strong></span> <span class='ocrx_word' id='word_1_53' title='bbox 744 830 916 885; x_wconf 91' lang='lat' dir='ltr'><strong>solum</strong></span> <span class='ocrx_word' id='word_1_54' title='bbox 944 829 1128 896; x_wconf 86' lang='lat' dir='ltr'><strong>credo,</strong></span> <span class='ocrx_word' id='word_1_55' title='bbox 1160 828 1253 884; x_wconf 83' lang='lat' dir='ltr'><strong>sed</strong></span> <span class='ocrx_word' id='word_1_56' title='bbox 1280 829 1411 883; x_wconf 92' lang='lat' dir='ltr'><strong>scio.</strong></span> <span class='ocrx_word' id='word_1_57' title='bbox 1444 828 1524 881; x_wconf 81' lang='lat' dir='ltr'><strong>Ad</strong></span> <span class='ocrx_word' id='word_1_58' title='bbox 1554 828 1728 896; x_wconf 72' lang='lat' dir='ltr'><strong>prole~</strong></span> 
     </span>
    </p>
   </div>
   <div class='ocr_carea' id='block_1_9' title="bbox 162 918 1729 992">
    <p class='ocr_par' dir='ltr' id='par_1_9' title="bbox 162 918 1729 992">
     <span class='ocr_line' id='line_1_9' title="bbox 162 918 1729 992; baseline -0.002 -19"><span class='ocrx_word' id='word_1_59' title='bbox 162 931 299 974; x_wconf 86' lang='lat' dir='ltr'><strong>ctum</strong></span> <span class='ocrx_word' id='word_1_60' title='bbox 350 930 567 976; x_wconf 87' lang='lat' dir='ltr'><strong>vestrum</strong></span> <span class='ocrx_word' id='word_1_61' title='bbox 611 932 659 976; x_wconf 87' lang='lat' dir='ltr'><strong>et</strong></span> <span class='ocrx_word' id='word_1_62' title='bbox 697 922 939 991; x_wconf 79' lang='lat' dir='ltr'><strong>gaudium</strong></span> <span class='ocrx_word' id='word_1_63' title='bbox 976 921 1118 991; x_wconf 77' lang='lat' dir='ltr'><strong>ﬁdei,</strong></span> <span class='ocrx_word' id='word_1_64' title='bbox 1150 930 1204 974; x_wconf 88' lang='lat' dir='ltr'><strong>ut</strong></span> <span class='ocrx_word' id='word_1_65' title='bbox 1251 918 1528 992; x_wconf 75' lang='lat' dir='ltr'><strong>gratulatio</strong></span> <span class='ocrx_word' id='word_1_66' title='bbox 1567 928 1729 972; x_wconf 84' lang='lat' dir='ltr'><strong>vestra</strong></span> 
     </span>
    </p>
   </div>
   <div class='ocr_carea' id='block_1_10' title="bbox 155 1010 1730 1082">
    <p class='ocr_par' dir='ltr' id='par_1_10' title="bbox 155 1010 1730 1082">
     <span class='ocr_line' id='line_1_10' title="bbox 155 1010 1730 1082; baseline 0.001 -19"><span class='ocrx_word' id='word_1_67' title='bbox 155 1011 383 1066; x_wconf 79' lang='lat' dir='ltr'><strong>abundet</strong></span> <span class='ocrx_word' id='word_1_68' title='bbox 419 1012 473 1065; x_wconf 89' lang='lat' dir='ltr'><strong>in</strong></span> <span class='ocrx_word' id='word_1_69' title='bbox 510 1011 711 1066; x_wconf 75' lang='lat' dir='ltr'><strong>Christo</strong></span> <span class='ocrx_word' id='word_1_70' title='bbox 738 1010 862 1068; x_wconf 75' lang='lat' dir='ltr'><strong>Iesu</strong></span> <span class='ocrx_word' id='word_1_71' title='bbox 896 1014 949 1066; x_wconf 87' lang='lat' dir='ltr'><strong>in</strong></span> <span class='ocrx_word' id='word_1_72' title='bbox 977 1028 1075 1066; x_wconf 89' lang='lat' dir='ltr'><strong>me.</strong></span> <span class='ocrx_word' id='word_1_73' title='bbox 1120 1011 1186 1068; x_wconf 88' lang='lat' dir='ltr'><strong>Ut</strong></span> <span class='ocrx_word' id='word_1_74' title='bbox 1216 1026 1312 1082; x_wconf 89' lang='lat' dir='ltr'><strong>per</strong></span> <span class='ocrx_word' id='word_1_75' title='bbox 1345 1010 1636 1081; x_wconf 81' lang='lat' dir='ltr'><strong>profectum</strong></span> <span class='ocrx_word' id='word_1_76' title='bbox 1663 1011 1730 1064; x_wconf 90' lang='lat' dir='ltr'><strong>de</strong></span> 
     </span>
    </p>
   </div>
   <div class='ocr_carea' id='block_1_11' title="bbox 162 1090 1730 1174">
    <p class='ocr_par' dir='ltr' id='par_1_11' title="bbox 162 1090 1730 1174">
     <span class='ocr_line' id='line_1_11' title="bbox 162 1090 1730 1174; baseline -0.001 -19"><span class='ocrx_word' id='word_1_77' title='bbox 162 1098 339 1157; x_wconf 85' lang='lat' dir='ltr'><strong>fructu</strong></span> <span class='ocrx_word' id='word_1_78' title='bbox 366 1102 487 1159; x_wconf 88' lang='lat' dir='ltr'><strong>lldei</strong></span> <span class='ocrx_word' id='word_1_79' title='bbox 516 1110 708 1159; x_wconf 70' lang='lat' dir='ltr'><strong>vestra:</strong></span> <span class='ocrx_word' id='word_1_80' title='bbox 734 1090 982 1174; x_wconf 88' lang='lat' dir='ltr'><strong>gaudium</strong></span> <span class='ocrx_word' id='word_1_81' title='bbox 1011 1103 1271 1158; x_wconf 82' lang='lat' dir='ltr'><strong>habeatis.</strong></span> <span class='ocrx_word' id='word_1_82' title='bbox 1316 1101 1420 1156; x_wconf 87' lang='lat' dir='ltr'><strong>Per</strong></span> <span class='ocrx_word' id='word_1_83' title='bbox 1444 1117 1608 1156; x_wconf 84' lang='lat' dir='ltr'><strong>meum</strong></span> <span class='ocrx_word' id='word_1_84' title='bbox 1631 1101 1730 1154; x_wconf 87' lang='lat' dir='ltr'><strong>ad-</strong></span> 
     </span>
    </p>
   </div>
   <div class='ocr_carea' id='block_1_12' title="bbox 162 1191 1731 1258">
    <p class='ocr_par' dir='ltr' id='par_1_12' title="bbox 162 1191 1731 1258">
     <span class='ocr_line' id='line_1_12' title="bbox 162 1191 1731 1258; baseline 0.001 -16"><span class='ocrx_word' id='word_1_85' title='bbox 162 1201 365 1245; x_wconf 86' lang='lat' dir='ltr'><strong>ventum</strong></span> <span class='ocrx_word' id='word_1_86' title='bbox 397 1193 583 1247; x_wconf 83' lang='lat' dir='ltr'><strong>iterum</strong></span> <span class='ocrx_word' id='word_1_87' title='bbox 606 1194 675 1246; x_wconf 91' lang='lat' dir='ltr'><strong>ad</strong></span> <span class='ocrx_word' id='word_1_88' title='bbox 710 1208 813 1247; x_wconf 90' lang='lat' dir='ltr'><strong>vos.</strong></span> <span class='ocrx_word' id='word_1_89' title='bbox 858 1194 928 1250; x_wconf 91' lang='lat' dir='ltr'><strong>Ut</strong></span> <span class='ocrx_word' id='word_1_90' title='bbox 955 1207 1040 1248; x_wconf 89' lang='lat' dir='ltr'><strong>me</strong></span> <span class='ocrx_word' id='word_1_91' title='bbox 1067 1195 1203 1258; x_wconf 91' lang='lat' dir='ltr'><strong>viso,</strong></span> <span class='ocrx_word' id='word_1_92' title='bbox 1236 1193 1427 1248; x_wconf 86' lang='lat' dir='ltr'><strong>iterum</strong></span> <span class='ocrx_word' id='word_1_93' title='bbox 1460 1191 1731 1246; x_wconf 86' lang='lat' dir='ltr'><strong>abundan-</strong></span> 
     </span>
    </p>
   </div>
   <div class='ocr_carea' id='block_1_13' title="bbox 165 1280 1734 1354">
    <p class='ocr_par' dir='ltr' id='par_1_13' title="bbox 165 1280 1734 1354">
     <span class='ocr_line' id='line_1_13' title="bbox 165 1280 1734 1354; baseline -0.001 -20"><span class='ocrx_word' id='word_1_94' title='bbox 165 1280 269 1334; x_wconf 90' lang='lat' dir='ltr'><strong>tius</strong></span> <span class='ocrx_word' id='word_1_95' title='bbox 296 1283 650 1351; x_wconf 85' lang='lat' dir='ltr'><strong>gratulemini.</strong></span> <span class='ocrx_word' id='word_1_96' title='bbox 685 1283 901 1338; x_wconf 81' lang='lat' dir='ltr'><strong>Tantum</strong></span> <span class='ocrx_word' id='word_1_97' title='bbox 928 1284 1082 1354; x_wconf 82' lang='lat' dir='ltr'><strong>digne</strong></span> <span class='ocrx_word' id='word_1_98' title='bbox 1103 1282 1378 1352; x_wconf 84' lang='lat' dir='ltr'><strong>Evangelia</strong></span> <span class='ocrx_word' id='word_1_99' title='bbox 1397 1281 1584 1338; x_wconf 79' lang='lat' dir='ltr'><strong>Christi</strong></span> <span class='ocrx_word' id='word_1_100' title='bbox 1607 1296 1734 1335; x_wconf 85' lang='lat' dir='ltr'><strong>con-</strong></span> 
     </span>
    </p>
   </div>
   <div class='ocr_carea' id='block_1_14' title="bbox 164 1375 1734 1445">
    <p class='ocr_par' dir='ltr' id='par_1_14' title="bbox 164 1375 1734 1445">
     <span class='ocr_line' id='line_1_14' title="bbox 164 1375 1734 1445; baseline -0.001 -16"><span class='ocrx_word' id='word_1_101' title='bbox 164 1378 454 1445; x_wconf 86' lang='lat' dir='ltr'><strong>versamini,</strong></span> <span class='ocrx_word' id='word_1_102' title='bbox 502 1386 559 1432; x_wconf 88' lang='lat' dir='ltr'><strong>ut</strong></span> <span class='ocrx_word' id='word_1_103' title='bbox 592 1379 699 1433; x_wconf 88' lang='lat' dir='ltr'><strong>sive</strong></span> <span class='ocrx_word' id='word_1_104' title='bbox 733 1395 846 1432; x_wconf 81' lang='lat' dir='ltr'><strong>cum</strong></span> <span class='ocrx_word' id='word_1_105' title='bbox 885 1395 1063 1433; x_wconf 73' lang='lat' dir='ltr'><strong>venero</strong></span> <span class='ocrx_word' id='word_1_106' title='bbox 1100 1388 1148 1433; x_wconf 89' lang='lat' dir='ltr'><strong>et</strong></span> <span class='ocrx_word' id='word_1_107' title='bbox 1186 1379 1358 1431; x_wconf 86' lang='lat' dir='ltr'><strong>videro</strong></span> <span class='ocrx_word' id='word_1_108' title='bbox 1402 1393 1508 1432; x_wconf 89' lang='lat' dir='ltr'><strong>vos.</strong></span> <span class='ocrx_word' id='word_1_109' title='bbox 1544 1375 1734 1431; x_wconf 85' lang='lat' dir='ltr'><strong>Omnia</strong></span> 
     </span>
    </p>
   </div>
   <div class='ocr_carea' id='block_1_15' title="bbox 164 1467 1733 1538">
    <p class='ocr_par' dir='ltr' id='par_1_15' title="bbox 164 1467 1733 1538">
     <span class='ocr_line' id='line_1_15' title="bbox 164 1467 1733 1538; baseline -0.001 -17"><span class='ocrx_word' id='word_1_110' title='bbox 164 1467 280 1536; x_wconf 84' lang='lat' dir='ltr'><strong>ejus</strong></span> <span class='ocrx_word' id='word_1_111' title='bbox 308 1478 569 1538; x_wconf 63' lang='lat' dir='ltr'><strong>praecepta</strong></span> <span class='ocrx_word' id='word_1_112' title='bbox 597 1472 849 1526; x_wconf 83' lang='lat' dir='ltr'><strong>servetis.</strong></span> <span class='ocrx_word' id='word_1_113' title='bbox 875 1470 994 1526; x_wconf 87' lang='lat' dir='ltr'><strong>Sive</strong></span> <span class='ocrx_word' id='word_1_114' title='bbox 1022 1470 1225 1537; x_wconf 88' lang='lat' dir='ltr'><strong>absens,</strong></span> <span class='ocrx_word' id='word_1_115' title='bbox 1254 1469 1461 1522; x_wconf 79' lang='lat' dir='ltr'><strong>audiam</strong></span> <span class='ocrx_word' id='word_1_116' title='bbox 1490 1468 1553 1521; x_wconf 80' lang='lat' dir='ltr'><strong>de</strong></span> <span class='ocrx_word' id='word_1_117' title='bbox 1577 1467 1733 1531; x_wconf 87' lang='lat' dir='ltr'><strong>vobis,</strong></span> 
     </span>
    </p>
   </div>
   <div class='ocr_carea' id='block_1_16' title="bbox 163 1557 1736 1628">
    <p class='ocr_par' dir='ltr' id='par_1_16' title="bbox 163 1557 1736 1628">
     <span class='ocr_line' id='line_1_16' title="bbox 163 1557 1736 1628; baseline 0.003 -20"><span class='ocrx_word' id='word_1_118' title='bbox 163 1557 283 1624; x_wconf 83' lang='lat' dir='ltr'><strong>quia</strong></span> <span class='ocrx_word' id='word_1_119' title='bbox 307 1558 518 1612; x_wconf 76' lang='lat' dir='ltr'><strong>stetistis</strong></span> <span class='ocrx_word' id='word_1_120' title='bbox 543 1575 645 1613; x_wconf 88' lang='lat' dir='ltr'><strong>uno</strong></span> <span class='ocrx_word' id='word_1_121' title='bbox 673 1559 878 1628; x_wconf 84' lang='lat' dir='ltr'><strong>spiritu.</strong></span> <span class='ocrx_word' id='word_1_122' title='bbox 921 1558 1070 1615; x_wconf 90' lang='lat' dir='ltr'><strong>Sicut</strong></span> <span class='ocrx_word' id='word_1_123' title='bbox 1098 1558 1340 1628; x_wconf 79' lang='lat' dir='ltr'><strong>legimus,</strong></span> <span class='ocrx_word' id='word_1_124' title='bbox 1368 1558 1490 1627; x_wconf 83' lang='lat' dir='ltr'><strong>quia</strong></span> <span class='ocrx_word' id='word_1_125' title='bbox 1519 1566 1632 1611; x_wconf 80' lang='lat' dir='ltr'><strong>erat</strong></span> <span class='ocrx_word' id='word_1_126' title='bbox 1657 1557 1736 1612; x_wconf 88' lang='lat' dir='ltr'><strong>eis</strong></span> 
     </span>
    </p>
   </div>
   <div class='ocr_carea' id='block_1_17' title="bbox 163 1647 1738 1719">
    <p class='ocr_par' dir='ltr' id='par_1_17' title="bbox 163 1647 1738 1719">
     <span class='ocr_line' id='line_1_17' title="bbox 163 1647 1738 1719; baseline 0.001 -19"><span class='ocrx_word' id='word_1_127' title='bbox 163 1660 259 1700; x_wconf 92' lang='lat' dir='ltr'><strong>cor</strong></span> <span class='ocrx_word' id='word_1_128' title='bbox 286 1663 447 1704; x_wconf 90' lang='lat' dir='ltr'><strong>unum</strong></span> <span class='ocrx_word' id='word_1_129' title='bbox 478 1657 530 1703; x_wconf 92' lang='lat' dir='ltr'><strong>et</strong></span> <span class='ocrx_word' id='word_1_130' title='bbox 560 1648 737 1703; x_wconf 90' lang='lat' dir='ltr'><strong>anima</strong></span> <span class='ocrx_word' id='word_1_131' title='bbox 764 1664 892 1719; x_wconf 89' lang='lat' dir='ltr'><strong>una,</strong></span> <span class='ocrx_word' id='word_1_132' title='bbox 949 1663 1048 1704; x_wconf 90' lang='lat' dir='ltr'><strong>nec</strong></span> <span class='ocrx_word' id='word_1_133' title='bbox 1075 1647 1361 1719; x_wconf 83' lang='lat' dir='ltr'><strong>quidquam</strong></span> <span class='ocrx_word' id='word_1_134' title='bbox 1406 1663 1560 1702; x_wconf 89' lang='lat' dir='ltr'><strong>suum</strong></span> <span class='ocrx_word' id='word_1_135' title='bbox 1590 1648 1738 1702; x_wconf 87' lang='lat' dir='ltr'><strong>dice-</strong></span> 
     </span>
    </p>
   </div>
   <div class='ocr_carea' id='block_1_18' title="bbox 163 1736 1737 1803">
    <p class='ocr_par' dir='ltr' id='par_1_18' title="bbox 163 1736 1737 1803">
     <span class='ocr_line' id='line_1_18' title="bbox 163 1736 1737 1803; baseline 0.001 -12"><span class='ocrx_word' id='word_1_136' title='bbox 163 1736 312 1802; x_wconf 83' lang='lat' dir='ltr'><strong>bant,</strong></span> <span class='ocrx_word' id='word_1_137' title='bbox 337 1738 430 1792; x_wconf 88' lang='lat' dir='ltr'><strong>sed</strong></span> <span class='ocrx_word' id='word_1_138' title='bbox 456 1746 610 1793; x_wconf 90' lang='lat' dir='ltr'><strong>erant</strong></span> <span class='ocrx_word' id='word_1_139' title='bbox 628 1739 708 1793; x_wconf 91' lang='lat' dir='ltr'><strong>eis</strong></span> <span class='ocrx_word' id='word_1_140' title='bbox 735 1738 912 1793; x_wconf 89' lang='lat' dir='ltr'><strong>omnia</strong></span> <span class='ocrx_word' id='word_1_141' title='bbox 947 1740 1268 1794; x_wconf 82' lang='lat' dir='ltr'><strong>communia.</strong></span> <span class='ocrx_word' id='word_1_142' title='bbox 1301 1738 1596 1803; x_wconf 67' lang='lat' dir='ltr'><strong>Unaninm,</strong></span> <span class='ocrx_word' id='word_1_143' title='bbox 1630 1738 1737 1792; x_wconf 85' lang='lat' dir='ltr'><strong>cot-</strong></span> 
     </span>
    </p>
   </div>
   <div class='ocr_carea' id='block_1_19' title="bbox 1828 554 3403 624">
    <p class='ocr_par' dir='ltr' id='par_1_19' title="bbox 1828 554 3403 624">
     <span class='ocr_line' id='line_1_19' title="bbox 1828 554 3403 624; baseline 0.006 -19"><span class='ocrx_word' id='word_1_144' title='bbox 1828 565 1949 606; x_wconf 89' lang='lat' dir='ltr'><strong>esse</strong></span> <span class='ocrx_word' id='word_1_145' title='bbox 1988 554 2277 622; x_wconf 80' lang='lat' dir='ltr'><strong>superior:</strong></span> <span class='ocrx_word' id='word_1_146' title='bbox 2318 569 2437 623; x_wconf 65' lang='lat' dir='ltr'><strong>quas</strong></span> <span class='ocrx_word' id='word_1_147' title='bbox 2481 555 2729 624; x_wconf 77' lang='lat' dir='ltr'><strong>cogitatio</strong></span> <span class='ocrx_word' id='word_1_148' title='bbox 2768 556 2835 611; x_wconf 90' lang='lat' dir='ltr'><strong>ad</strong></span> <span class='ocrx_word' id='word_1_149' title='bbox 2873 558 3301 613; x_wconf 85' lang='lat' dir='ltr'><strong>contundendam</strong></span> <span class='ocrx_word' id='word_1_150' title='bbox 3349 572 3403 615; x_wconf 87' lang='lat' dir='ltr'><strong>et</strong></span> 
     </span>
    </p>
   </div>
   <div class='ocr_carea' id='block_1_20' title="bbox 1828 642 3401 720">
    <p class='ocr_par' dir='ltr' id='par_1_20' title="bbox 1828 642 3401 720">
     <span class='ocr_line' id='line_1_20' title="bbox 1828 642 3401 720; baseline 0.004 -23"><span class='ocrx_word' id='word_1_151' title='bbox 1828 642 2182 698; x_wconf 86' lang='lat' dir='ltr'><strong>edomandam</strong></span> <span class='ocrx_word' id='word_1_152' title='bbox 2212 647 2514 714; x_wconf 83' lang='lat' dir='ltr'><strong>superbiam</strong></span> <span class='ocrx_word' id='word_1_153' title='bbox 2540 648 2700 715; x_wconf 90' lang='lat' dir='ltr'><strong>valet,</strong></span> <span class='ocrx_word' id='word_1_154' title='bbox 2732 663 2798 703; x_wconf 89' lang='lat' dir='ltr'><strong>ne</strong></span> <span class='ocrx_word' id='word_1_155' title='bbox 2826 650 3118 716; x_wconf 84' lang='lat' dir='ltr'><strong>arbitreris,</strong></span> <span class='ocrx_word' id='word_1_156' title='bbox 3151 652 3401 720; x_wconf 88' lang='lat' dir='ltr'><strong>quoniam</strong></span> 
     </span>
    </p>
   </div>
   <div class='ocr_carea' id='block_1_21' title="bbox 1829 735 3402 811">
    <p class='ocr_par' dir='ltr' id='par_1_21' title="bbox 1829 735 3402 811">
     <span class='ocr_line' id='line_1_21' title="bbox 1829 735 3402 811; baseline 0.009 -26"><span class='ocrx_word' id='word_1_157' title='bbox 1829 741 1923 787; x_wconf 91' lang='lat' dir='ltr'><strong>aut</strong></span> <span class='ocrx_word' id='word_1_158' title='bbox 1965 735 2219 803; x_wconf 58' lang='lat' dir='ltr'><strong>quasdam</strong></span> <span class='ocrx_word' id='word_1_159' title='bbox 2253 737 2490 793; x_wconf 90' lang='lat' dir='ltr'><strong>eminent</strong></span> <span class='ocrx_word' id='word_1_160' title='bbox 2542 747 2597 793; x_wconf 89' lang='lat' dir='ltr'><strong>et</strong></span> <span class='ocrx_word' id='word_1_161' title='bbox 2663 750 2960 811; x_wconf 86' lang='lat' dir='ltr'><strong>apparent,</strong></span> <span class='ocrx_word' id='word_1_162' title='bbox 3008 742 3128 797; x_wconf 91' lang='lat' dir='ltr'><strong>ideo</strong></span> <span class='ocrx_word' id='word_1_163' title='bbox 3174 745 3402 799; x_wconf 89' lang='lat' dir='ltr'><strong>alterum</strong></span> 
     </span>
    </p>
   </div>
   <div class='ocr_carea' id='block_1_22' title="bbox 1830 824 3405 905">
    <p class='ocr_par' dir='ltr' id='par_1_22' title="bbox 1830 824 3405 905">
     <span class='ocr_line' id='line_1_22' title="bbox 1830 824 3405 905; baseline 0.009 -27"><span class='ocrx_word' id='word_1_164' title='bbox 1830 824 1971 879; x_wconf 87' lang='lat' dir='ltr'><strong>nulla</strong></span> <span class='ocrx_word' id='word_1_165' title='bbox 1994 824 2192 881; x_wconf 86' lang='lat' dir='ltr'><strong>habere</strong></span> <span class='ocrx_word' id='word_1_166' title='bbox 2229 841 2350 897; x_wconf 86' lang='lat' dir='ltr'><strong>quae</strong></span> <span class='ocrx_word' id='word_1_167' title='bbox 2376 828 2592 897; x_wconf 84' lang='lat' dir='ltr'><strong>lateant,</strong></span> <span class='ocrx_word' id='word_1_168' title='bbox 2625 840 2677 887; x_wconf 91' lang='lat' dir='ltr'><strong>et</strong></span> <span class='ocrx_word' id='word_1_169' title='bbox 2707 833 2929 890; x_wconf 77' lang='lat' dir='ltr'><strong>fortasse</strong></span> <span class='ocrx_word' id='word_1_170' title='bbox 2957 834 3170 903; x_wconf 91' lang='lat' dir='ltr'><strong>majoris</strong></span> <span class='ocrx_word' id='word_1_171' title='bbox 3212 838 3405 905; x_wconf 85' lang='lat' dir='ltr'><strong>ponde-</strong></span> 
     </span>
    </p>
   </div>
   <div class='ocr_carea' id='block_1_23' title="bbox 1829 916 3471 1003">
    <p class='ocr_par' dir='ltr' id='par_1_23' title="bbox 1829 916 3471 1003">
     <span class='ocr_line' id='line_1_23' title="bbox 1829 916 3471 1003; baseline 0.009 -35"><span class='ocrx_word' id='word_1_172' title='bbox 1829 918 1905 970; x_wconf 88' lang='lat' dir='ltr'><strong>ris</strong></span> <span class='ocrx_word' id='word_1_173' title='bbox 1941 916 2016 970; x_wconf 78' lang='lat' dir='ltr'><strong>illi</strong></span> <span class='ocrx_word' id='word_1_174' title='bbox 2057 917 2234 972; x_wconf 88' lang='lat' dir='ltr'><strong>inesse</strong></span> <span class='ocrx_word' id='word_1_175' title='bbox 2260 918 2433 987; x_wconf 75' lang='lat' dir='ltr'><strong>bona,</strong></span> <span class='ocrx_word' id='word_1_176' title='bbox 2475 921 2666 992; x_wconf 85' lang='lat' dir='ltr'><strong>quibus</strong></span> <span class='ocrx_word' id='word_1_177' title='bbox 2704 932 2755 979; x_wconf 90' lang='lat' dir='ltr'><strong>te</strong></span> <span class='ocrx_word' id='word_1_178' title='bbox 2795 936 3012 994; x_wconf 42' lang='lat' dir='ltr'><strong>superat</strong></span> <span class='ocrx_word' id='word_1_179' title='bbox 3054 927 3399 983; x_wconf 87' lang='lat' dir='ltr'><strong>nescientem.</strong></span> <span class='ocrx_word' id='word_1_180' title='bbox 3460 998 3471 1003; x_wconf 17' lang='grc' dir='ltr'><em>π</em></span> 
     </span>
    </p>
   </div>
   <div class='ocr_carea' id='block_1_24' title="bbox 1833 1006 3406 1090">
    <p class='ocr_par' dir='ltr' id='par_1_24' title="bbox 1833 1006 3406 1090">
     <span class='ocr_line' id='line_1_24' title="bbox 1833 1006 3406 1090; baseline 0.01 -31"><span class='ocrx_word' id='word_1_181' title='bbox 1833 1006 1956 1061; x_wconf 83' lang='lat' dir='ltr'><strong>Non</strong></span> <span class='ocrx_word' id='word_1_182' title='bbox 1987 1024 2101 1077; x_wconf 70' lang='lat' dir='ltr'><strong>qua!</strong></span> <span class='ocrx_word' id='word_1_183' title='bbox 2130 1025 2229 1063; x_wconf 85' lang='lat' dir='ltr'><strong>sua</strong></span> <span class='ocrx_word' id='word_1_184' title='bbox 2246 1021 2366 1066; x_wconf 88' lang='lat' dir='ltr'><strong>sunt</strong></span> <span class='ocrx_word' id='word_1_185' title='bbox 2391 1014 2580 1084; x_wconf 72' lang='lat' dir='ltr'><strong>singuli</strong></span> <span class='ocrx_word' id='word_1_186' title='bbox 2621 1018 2994 1073; x_wconf 83' lang='lat' dir='ltr'><strong>considerantes</strong></span> <span class='ocrx_word' id='word_1_187' title='bbox 3016 1062 3031 1086; x_wconf 87' lang='lat'><strong>,</strong></span> <span class='ocrx_word' id='word_1_188' title='bbox 3081 1022 3170 1073; x_wconf 84' lang='lat' dir='ltr'><strong>sed</strong></span> <span class='ocrx_word' id='word_1_189' title='bbox 3197 1036 3255 1074; x_wconf 89' lang='lat' dir='ltr'><strong>ea</strong></span> <span class='ocrx_word' id='word_1_190' title='bbox 3292 1037 3406 1090; x_wconf 77' lang='lat' dir='ltr'><strong>qute</strong></span> 
     </span>
    </p>
   </div>
   <div class='ocr_carea' id='block_1_25' title="bbox 1831 1101 3415 1181">
    <p class='ocr_par' dir='ltr' id='par_1_25' title="bbox 1831 1101 3415 1181">
     <span class='ocr_line' id='line_1_25' title="bbox 1831 1101 3415 1181; baseline 0.008 -28"><span class='ocrx_word' id='word_1_191' title='bbox 1831 1101 2070 1155; x_wconf 88' lang='lat' dir='ltr'><strong>aliorum.</strong></span> <span class='ocrx_word' id='word_1_192' title='bbox 2100 1102 2218 1157; x_wconf 84' lang='lat' dir='ltr'><strong>Non</strong></span> <span class='ocrx_word' id='word_1_193' title='bbox 2253 1119 2372 1173; x_wconf 70' lang='lat' dir='ltr'><strong>qua:</strong></span> <span class='ocrx_word' id='word_1_194' title='bbox 2400 1106 2553 1161; x_wconf 89' lang='lat' dir='ltr'><strong>nobis</strong></span> <span class='ocrx_word' id='word_1_195' title='bbox 2586 1108 2716 1163; x_wconf 89' lang='lat' dir='ltr'><strong>solis</strong></span> <span class='ocrx_word' id='word_1_196' title='bbox 2744 1110 3053 1179; x_wconf 81' lang='lat' dir='ltr'><strong>expediunt,</strong></span> <span class='ocrx_word' id='word_1_197' title='bbox 3083 1112 3175 1166; x_wconf 91' lang='lat' dir='ltr'><strong>sed</strong></span> <span class='ocrx_word' id='word_1_198' title='bbox 3206 1128 3322 1181; x_wconf 82' lang='lat' dir='ltr'><strong>quae</strong></span> <span class='ocrx_word' id='word_1_199' title='bbox 3349 1122 3415 1166; x_wconf 86' lang='lat' dir='ltr'><strong>et</strong></span> 
     </span>
    </p>
   </div>
   <div class='ocr_carea' id='block_1_26' title="bbox 1833 1189 3402 1261">
    <p class='ocr_par' dir='ltr' id='par_1_26' title="bbox 1833 1189 3402 1261">
     <span class='ocr_line' id='line_1_26' title="bbox 1833 1189 3402 1261; baseline 0.009 -19"><span class='ocrx_word' id='word_1_200' title='bbox 1833 1189 1950 1244; x_wconf 86' lang='lat' dir='ltr'><strong>aliis</strong></span> <span class='ocrx_word' id='word_1_201' title='bbox 1973 1193 2347 1261; x_wconf 85' lang='lat' dir='ltr'><strong>prosunt.Hoc</strong></span> <span class='ocrx_word' id='word_1_202' title='bbox 2371 1197 2507 1251; x_wconf 89' lang='lat' dir='ltr'><strong>enim</strong></span> <span class='ocrx_word' id='word_1_203' title='bbox 2532 1200 2708 1253; x_wconf 84' lang='lat' dir='ltr'><strong>sentite</strong></span> <span class='ocrx_word' id='word_1_204' title='bbox 2730 1201 2781 1253; x_wconf 91' lang='lat' dir='ltr'><strong>in</strong></span> <span class='ocrx_word' id='word_1_205' title='bbox 2804 1201 2964 1254; x_wconf 87' lang='lat' dir='ltr'><strong>vobis.</strong></span> <span class='ocrx_word' id='word_1_206' title='bbox 2994 1203 3160 1257; x_wconf 89' lang='lat' dir='ltr'><strong>Tanta</strong></span> <span class='ocrx_word' id='word_1_207' title='bbox 3189 1204 3402 1257; x_wconf 83' lang='lat' dir='ltr'><strong>humili-</strong></span> 
     </span>
    </p>
   </div>
   <div class='ocr_carea' id='block_1_27' title="bbox 1835 1283 3400 1362">
    <p class='ocr_par' dir='ltr' id='par_1_27' title="bbox 1835 1283 3400 1362">
     <span class='ocr_line' id='line_1_27' title="bbox 1835 1283 3400 1362; baseline 0.008 -27"><span class='ocrx_word' id='word_1_208' title='bbox 1835 1290 1916 1336; x_wconf 85' lang='lat' dir='ltr'><strong>tas</strong></span> <span class='ocrx_word' id='word_1_209' title='bbox 1945 1285 1996 1336; x_wconf 94' lang='lat' dir='ltr'><strong>in</strong></span> <span class='ocrx_word' id='word_1_210' title='bbox 2029 1283 2179 1338; x_wconf 85' lang='lat' dir='ltr'><strong>vobis</strong></span> <span class='ocrx_word' id='word_1_211' title='bbox 2213 1285 2284 1339; x_wconf 85' lang='lat' dir='ltr'><strong>sit</strong></span> <span class='ocrx_word' id='word_1_212' title='bbox 2315 1302 2331 1351; x_wconf 89' lang='lat'><strong>;</strong></span> <span class='ocrx_word' id='word_1_213' title='bbox 2364 1289 2484 1358; x_wconf 87' lang='lat' dir='ltr'><strong>quia</strong></span> <span class='ocrx_word' id='word_1_214' title='bbox 2521 1290 2764 1358; x_wconf 83' lang='lat' dir='ltr'><strong>quamvis</strong></span> <span class='ocrx_word' id='word_1_215' title='bbox 2795 1306 2855 1346; x_wconf 91' lang='lat' dir='ltr'><strong>se</strong></span> <span class='ocrx_word' id='word_1_216' title='bbox 2882 1294 3105 1362; x_wconf 88' lang='lat' dir='ltr'><strong>quisque</strong></span> <span class='ocrx_word' id='word_1_217' title='bbox 3146 1296 3400 1357; x_wconf 82' lang='lat' dir='ltr'><strong>humilior,</strong></span> 
     </span>
    </p>
   </div>
   <div class='ocr_carea' id='block_1_28' title="bbox 1835 1374 3425 1446">
    <p class='ocr_par' dir='ltr' id='par_1_28' title="bbox 1835 1374 3425 1446">
     <span class='ocr_line' id='line_1_28' title="bbox 1835 1374 3425 1446; baseline 0.011 -18"><span class='ocrx_word' id='word_1_218' title='bbox 1835 1374 2088 1430; x_wconf 87' lang='lat' dir='ltr'><strong>humilior</strong></span> <span class='ocrx_word' id='word_1_219' title='bbox 2115 1376 2330 1432; x_wconf 89' lang='lat' dir='ltr'><strong>Christo</strong></span> <span class='ocrx_word' id='word_1_220' title='bbox 2357 1393 2461 1434; x_wconf 91' lang='lat' dir='ltr'><strong>non</strong></span> <span class='ocrx_word' id='word_1_221' title='bbox 2492 1380 2620 1435; x_wconf 91' lang='lat' dir='ltr'><strong>erit.</strong></span> <span class='ocrx_word' id='word_1_222' title='bbox 2672 1381 2793 1437; x_wconf 79' lang='lat' dir='ltr'><strong>Vult</strong></span> <span class='ocrx_word' id='word_1_223' title='bbox 2822 1385 3107 1439; x_wconf 85' lang='lat' dir='ltr'><strong>ostendere</strong></span> <span class='ocrx_word' id='word_1_224' title='bbox 3133 1384 3425 1446; x_wconf 83' lang='lat' dir='ltr'><strong>Christum-</strong></span> 
     </span>
    </p>
   </div>
   <div class='ocr_carea' id='block_1_29' title="bbox 1835 1473 3404 1546">
    <p class='ocr_par' dir='ltr' id='par_1_29' title="bbox 1835 1473 3404 1546">
     <span class='ocr_line' id='line_1_29' title="bbox 1835 1473 3404 1546; baseline 0.008 -26"><span class='ocrx_word' id='word_1_225' title='bbox 1835 1480 1944 1521; x_wconf 90' lang='lat' dir='ltr'><strong>non</strong></span> <span class='ocrx_word' id='word_1_226' title='bbox 1986 1475 2203 1537; x_wconf 89' lang='lat' dir='ltr'><strong>propter</strong></span> <span class='ocrx_word' id='word_1_227' title='bbox 2238 1483 2299 1524; x_wconf 87' lang='lat' dir='ltr'><strong>se</strong></span> <span class='ocrx_word' id='word_1_228' title='bbox 2339 1484 2576 1541; x_wconf 90' lang='lat' dir='ltr'><strong>passum,</strong></span> <span class='ocrx_word' id='word_1_229' title='bbox 2616 1473 2709 1527; x_wconf 88' lang='lat' dir='ltr'><strong>sed</strong></span> <span class='ocrx_word' id='word_1_230' title='bbox 2760 1484 2978 1543; x_wconf 88' lang='lat' dir='ltr'><strong>propter</strong></span> <span class='ocrx_word' id='word_1_231' title='bbox 3026 1477 3184 1531; x_wconf 90' lang='lat' dir='ltr'><strong>alios.</strong></span> <span class='ocrx_word' id='word_1_232' title='bbox 3235 1480 3404 1546; x_wconf 80' lang='lat' dir='ltr'><strong>Aliqui</strong></span> 
     </span>
    </p>
   </div>
   <div class='ocr_carea' id='block_1_30' title="bbox 1836 1554 3405 1631">
    <p class='ocr_par' dir='ltr' id='par_1_30' title="bbox 1836 1554 3405 1631">
     <span class='ocr_line' id='line_1_30' title="bbox 1836 1554 3405 1631; baseline 0.007 -21"><span class='ocrx_word' id='word_1_233' title='bbox 1836 1554 1978 1611; x_wconf 90' lang='lat' dir='ltr'><strong>hunc</strong></span> <span class='ocrx_word' id='word_1_234' title='bbox 2008 1557 2182 1611; x_wconf 88' lang='lat' dir='ltr'><strong>locum</strong></span> <span class='ocrx_word' id='word_1_235' title='bbox 2211 1559 2280 1612; x_wconf 90' lang='lat' dir='ltr'><strong>ita</strong></span> <span class='ocrx_word' id='word_1_236' title='bbox 2310 1559 2629 1629; x_wconf 68' lang='lat' dir='ltr'><strong>intelligunt,</strong></span> <span class='ocrx_word' id='word_1_237' title='bbox 2663 1564 2802 1631; x_wconf 88' lang='lat' dir='ltr'><strong>quod</strong></span> <span class='ocrx_word' id='word_1_238' title='bbox 2834 1565 3125 1619; x_wconf 88' lang='lat' dir='ltr'><strong>secundum</strong></span> <span class='ocrx_word' id='word_1_239' title='bbox 3156 1566 3405 1621; x_wconf 89' lang='lat' dir='ltr'><strong>divinita-</strong></span> 
     </span>
    </p>
   </div>
   <div class='ocr_carea' id='block_1_31' title="bbox 1838 1647 3383 1721">
    <p class='ocr_par' dir='ltr' id='par_1_31' title="bbox 1838 1647 3383 1721">
     <span class='ocr_line' id='line_1_31' title="bbox 1838 1647 3383 1721; baseline 0.006 -20"><span class='ocrx_word' id='word_1_240' title='bbox 1838 1656 1945 1702; x_wconf 88' lang='lat' dir='ltr'><strong>tem</strong></span> <span class='ocrx_word' id='word_1_241' title='bbox 1973 1661 2033 1702; x_wconf 88' lang='lat' dir='ltr'><strong>se</strong></span> <span class='ocrx_word' id='word_1_242' title='bbox 2062 1647 2423 1704; x_wconf 77' lang='lat' dir='ltr'><strong>humiliaverit</strong></span> <span class='ocrx_word' id='word_1_243' title='bbox 2445 1649 2687 1707; x_wconf 86' lang='lat' dir='ltr'><strong>Christus</strong></span> <span class='ocrx_word' id='word_1_244' title='bbox 2713 1655 3001 1709; x_wconf 88' lang='lat' dir='ltr'><strong>secundum</strong></span> <span class='ocrx_word' id='word_1_245' title='bbox 3034 1656 3277 1721; x_wconf 87' lang='lat' dir='ltr'><strong>formam,</strong></span> <span class='ocrx_word' id='word_1_246' title='bbox 3305 1662 3383 1711; x_wconf 87' lang='lat' dir='ltr'><strong>sei</strong></span> 
     </span>
    </p>
   </div>
   <div class='ocr_carea' id='block_1_32' title="bbox 1836 1737 3399 1817">
    <p class='ocr_par' dir='ltr' id='par_1_32' title="bbox 1836 1737 3399 1817">
     <span class='ocr_line' id='line_1_32' title="bbox 1836 1737 3399 1817; baseline 0.004 -24"><span class='ocrx_word' id='word_1_247' title='bbox 1836 1739 1964 1794; x_wconf 86' lang='lat' dir='ltr'><strong>licet</strong></span> <span class='ocrx_word' id='word_1_248' title='bbox 1992 1737 2121 1805; x_wconf 89' lang='lat' dir='ltr'><strong>Dei,</strong></span> <span class='ocrx_word' id='word_1_249' title='bbox 2156 1740 2449 1794; x_wconf 83' lang='lat' dir='ltr'><strong>secundum</strong></span> <span class='ocrx_word' id='word_1_250' title='bbox 2487 1756 2646 1809; x_wconf 91' lang='lat' dir='ltr'><strong>quam</strong></span> <span class='ocrx_word' id='word_1_251' title='bbox 2676 1744 2972 1812; x_wconf 78' lang='lat' dir='ltr'><strong>tequalitem</strong></span> <span class='ocrx_word' id='word_1_252' title='bbox 3006 1748 3095 1801; x_wconf 91' lang='lat' dir='ltr'><strong>Dei</strong></span> <span class='ocrx_word' id='word_1_253' title='bbox 3129 1762 3232 1801; x_wconf 92' lang='lat' dir='ltr'><strong>non</strong></span> <span class='ocrx_word' id='word_1_254' title='bbox 3265 1750 3399 1817; x_wconf 76' lang='lat' dir='ltr'><strong>rapi-</strong></span> 
     </span>
    </p>
   </div>
   <div class='ocr_carea' id='block_1_33' title="bbox 159 1825 3386 1905">
    <p class='ocr_par' dir='ltr' id='par_1_33' title="bbox 159 1825 3386 1905">
     <span class='ocr_line' id='line_1_33' title="bbox 159 1825 3386 1905; baseline 0.005 -27"><span class='ocrx_word' id='word_1_255' title='bbox 159 1825 453 1882; x_wconf 81' lang='lat' dir='ltr'><strong>laborantes</strong></span> <span class='ocrx_word' id='word_1_256' title='bbox 481 1828 602 1897; x_wconf 79' lang='lat' dir='ltr'><strong>ﬁdei</strong></span> <span class='ocrx_word' id='word_1_257' title='bbox 625 1826 913 1900; x_wconf 81' lang='lat' dir='ltr'><strong>Evangelii.</strong></span> <span class='ocrx_word' id='word_1_258' title='bbox 949 1828 1146 1885; x_wconf 85' lang='lat' dir='ltr'><strong>Omnes</strong></span> <span class='ocrx_word' id='word_1_259' title='bbox 1175 1828 1449 1883; x_wconf 89' lang='lat' dir='ltr'><strong>unanimes</strong></span> <span class='ocrx_word' id='word_1_260' title='bbox 1478 1829 1529 1883; x_wconf 90' lang='lat' dir='ltr'><strong>in</strong></span> <span class='ocrx_word' id='word_1_261' title='bbox 1559 1842 1733 1897; x_wconf 83' lang='lat' dir='ltr'><strong>pugna</strong></span> <span class='ocrx_word' id='word_1_262' title='bbox 1766 1826 1809 1884; x_wconf 82' lang='grc' dir='ltr'><strong><em>Β</em></strong></span> <span class='ocrx_word' id='word_1_263' title='bbox 1838 1845 1960 1883; x_wconf 75' lang='lat' dir='ltr'><strong>nam</strong></span> <span class='ocrx_word' id='word_1_264' title='bbox 2002 1831 2373 1899; x_wconf 87' lang='lat' dir='ltr'><strong>usurpaverit,</strong></span> <span class='ocrx_word' id='word_1_265' title='bbox 2417 1846 2573 1901; x_wconf 90' lang='lat' dir='ltr'><strong>quam</strong></span> <span class='ocrx_word' id='word_1_266' title='bbox 2627 1835 2940 1890; x_wconf 88' lang='lat' dir='ltr'><strong>naturaliter</strong></span> <span class='ocrx_word' id='word_1_267' title='bbox 2989 1838 3308 1905; x_wconf 86' lang='lat' dir='ltr'><strong>possidebat,</strong></span> <span class='ocrx_word' id='word_1_268' title='bbox 3356 1855 3386 1892; x_wconf 88' lang='lat' dir='ltr'><strong>e</strong></span> 
     </span>
    </p>
   </div>
   <div class='ocr_carea' id='block_1_34' title="bbox 159 1915 1731 1983">
    <p class='ocr_par' dir='ltr' id='par_1_34' title="bbox 159 1915 1731 1983">
     <span class='ocr_line' id='line_1_34' title="bbox 159 1915 1731 1983; baseline 0.002 -14"><span class='ocrx_word' id='word_1_269' title='bbox 159 1915 436 1971; x_wconf 78' lang='lat' dir='ltr'><strong>Victoriam</strong></span> <span class='ocrx_word' id='word_1_270' title='bbox 452 1918 671 1972; x_wconf 83' lang='lat' dir='ltr'><strong>faciunt.</strong></span> <span class='ocrx_word' id='word_1_271' title='bbox 687 1917 755 1972; x_wconf 86' lang='lat' dir='ltr'><strong>Et</strong></span> <span class='ocrx_word' id='word_1_272' title='bbox 779 1920 833 1972; x_wconf 87' lang='lat' dir='ltr'><strong>in</strong></span> <span class='ocrx_word' id='word_1_273' title='bbox 854 1920 995 1973; x_wconf 88' lang='lat' dir='ltr'><strong>nullo</strong></span> <span class='ocrx_word' id='word_1_274' title='bbox 1016 1921 1305 1973; x_wconf 87' lang='lat' dir='ltr'><strong>terreamini</strong></span> <span class='ocrx_word' id='word_1_275' title='bbox 1325 1920 1386 1972; x_wconf 89' lang='lat' dir='ltr'><strong>ab</strong></span> <span class='ocrx_word' id='word_1_276' title='bbox 1408 1919 1731 1983; x_wconf 83' lang='lat' dir='ltr'><strong>adversariis;</strong></span> 
     </span>
    </p>
   </div>
   <div class='ocr_carea' id='block_1_35' title="bbox 154 2008 1734 2081">
    <p class='ocr_par' dir='ltr' id='par_1_35' title="bbox 154 2008 1734 2081">
     <span class='ocr_line' id='line_1_35' title="bbox 154 2008 1734 2081; baseline 0.004 -23"><span class='ocrx_word' id='word_1_277' title='bbox 154 2020 276 2074; x_wconf 78' lang='lat' dir='ltr'><strong>quae</strong></span> <span class='ocrx_word' id='word_1_278' title='bbox 309 2016 382 2060; x_wconf 87' lang='lat' dir='ltr'><strong>est</strong></span> <span class='ocrx_word' id='word_1_279' title='bbox 411 2008 514 2062; x_wconf 89' lang='lat' dir='ltr'><strong>illis</strong></span> <span class='ocrx_word' id='word_1_280' title='bbox 543 2023 699 2062; x_wconf 88' lang='lat' dir='ltr'><strong>causa</strong></span> <span class='ocrx_word' id='word_1_281' title='bbox 728 2010 1051 2079; x_wconf 84' lang='lat' dir='ltr'><strong>perditionis.</strong></span> <span class='ocrx_word' id='word_1_282' title='bbox 1090 2011 1273 2081; x_wconf 84' lang='lat' dir='ltr'><strong>Neque</strong></span> <span class='ocrx_word' id='word_1_283' title='bbox 1312 2012 1517 2067; x_wconf 88' lang='lat' dir='ltr'><strong>callidis</strong></span> <span class='ocrx_word' id='word_1_284' title='bbox 1566 2011 1734 2081; x_wconf 70' lang='lat' dir='ltr'><strong>Iispu-</strong></span> 
     </span>
    </p>
   </div>
   <div class='ocr_carea' id='block_1_36' title="bbox 155 2096 1732 2173">
    <p class='ocr_par' dir='ltr' id='par_1_36' title="bbox 155 2096 1732 2173">
     <span class='ocr_line' id='line_1_36' title="bbox 155 2096 1732 2173; baseline 0.006 -24"><span class='ocrx_word' id='word_1_285' title='bbox 155 2096 468 2163; x_wconf 85' lang='lat' dir='ltr'><strong>tationibus,</strong></span> <span class='ocrx_word' id='word_1_286' title='bbox 498 2112 669 2168; x_wconf 89' lang='lat' dir='ltr'><strong>neque</strong></span> <span class='ocrx_word' id='word_1_287' title='bbox 694 2099 1046 2168; x_wconf 87' lang='lat' dir='ltr'><strong>passionibus,</strong></span> <span class='ocrx_word' id='word_1_288' title='bbox 1073 2117 1247 2173; x_wconf 89' lang='lat' dir='ltr'><strong>neque</strong></span> <span class='ocrx_word' id='word_1_289' title='bbox 1272 2103 1586 2173; x_wconf 85' lang='lat' dir='ltr'><strong>opprobriis.</strong></span> <span class='ocrx_word' id='word_1_290' title='bbox 1628 2102 1732 2157; x_wconf 85' lang='lat' dir='ltr'><strong>Vo-</strong></span> 
     </span>
    </p>
   </div>
   <div class='ocr_carea' id='block_1_37' title="bbox 156 2184 1729 2263">
    <p class='ocr_par' dir='ltr' id='par_1_37' title="bbox 156 2184 1729 2263">
     <span class='ocr_line' id='line_1_37' title="bbox 156 2184 1729 2263; baseline 0.008 -26"><span class='ocrx_word' id='word_1_291' title='bbox 156 2184 240 2238; x_wconf 89' lang='lat' dir='ltr'><strong>bis</strong></span> <span class='ocrx_word' id='word_1_292' title='bbox 269 2194 467 2252; x_wconf 88' lang='lat' dir='ltr'><strong>autem,</strong></span> <span class='ocrx_word' id='word_1_293' title='bbox 503 2188 699 2242; x_wconf 83' lang='lat' dir='ltr'><strong>salutis.</strong></span> <span class='ocrx_word' id='word_1_294' title='bbox 748 2189 878 2255; x_wconf 84' lang='lat' dir='ltr'><strong>Quia</strong></span> <span class='ocrx_word' id='word_1_295' title='bbox 906 2191 1016 2246; x_wconf 88' lang='lat' dir='ltr'><strong>vult</strong></span> <span class='ocrx_word' id='word_1_296' title='bbox 1041 2207 1165 2248; x_wconf 90' lang='lat' dir='ltr'><strong>suos</strong></span> <span class='ocrx_word' id='word_1_297' title='bbox 1192 2194 1441 2263; x_wconf 90' lang='lat' dir='ltr'><strong>probatos</strong></span> <span class='ocrx_word' id='word_1_298' title='bbox 1466 2196 1729 2249; x_wconf 70' lang='lat' dir='ltr'><strong>coronari.</strong></span> 
     </span>
    </p>
   </div>
   <div class='ocr_carea' id='block_1_38' title="bbox 161 2274 1731 2355">
    <p class='ocr_par' dir='ltr' id='par_1_38' title="bbox 161 2274 1731 2355">
     <span class='ocr_line' id='line_1_38' title="bbox 161 2274 1731 2355; baseline 0.006 -24"><span class='ocrx_word' id='word_1_299' title='bbox 161 2274 319 2332; x_wconf 86' lang='lat' dir='ltr'><strong>Unde</strong></span> <span class='ocrx_word' id='word_1_300' title='bbox 370 2280 597 2347; x_wconf 89' lang='lat' dir='ltr'><strong>apostoli</strong></span> <span class='ocrx_word' id='word_1_301' title='bbox 637 2278 785 2333; x_wconf 84' lang='lat' dir='ltr'><strong>ibant</strong></span> <span class='ocrx_word' id='word_1_302' title='bbox 841 2283 1171 2351; x_wconf 78' lang='lat' dir='ltr'><strong>gaudentes,</strong></span> <span class='ocrx_word' id='word_1_303' title='bbox 1218 2286 1339 2355; x_wconf 91' lang='lat' dir='ltr'><strong>quia</strong></span> <span class='ocrx_word' id='word_1_304' title='bbox 1386 2285 1529 2355; x_wconf 81' lang='lat' dir='ltr'><strong>d&#39;gni</strong></span> <span class='ocrx_word' id='word_1_305' title='bbox 1571 2286 1731 2341; x_wconf 74' lang='lat' dir='ltr'><strong>habiti</strong></span> 
     </span>
    </p>
   </div>
   <div class='ocr_carea' id='block_1_39' title="bbox 159 2370 1733 2445">
    <p class='ocr_par' dir='ltr' id='par_1_39' title="bbox 159 2370 1733 2445">
     <span class='ocr_line' id='line_1_39' title="bbox 159 2370 1733 2445; baseline 0.007 -24"><span class='ocrx_word' id='word_1_306' title='bbox 159 2376 285 2422; x_wconf 85' lang='lat' dir='ltr'><strong>sunt</strong></span> <span class='ocrx_word' id='word_1_307' title='bbox 331 2384 428 2438; x_wconf 91' lang='lat' dir='ltr'><strong>pro</strong></span> <span class='ocrx_word' id='word_1_308' title='bbox 471 2370 684 2427; x_wconf 90' lang='lat' dir='ltr'><strong>nomine</strong></span> <span class='ocrx_word' id='word_1_309' title='bbox 726 2374 852 2428; x_wconf 85' lang='lat' dir='ltr'><strong>Jesu</strong></span> <span class='ocrx_word' id='word_1_310' title='bbox 896 2375 1270 2430; x_wconf 88' lang='lat' dir='ltr'><strong>contumeliam</strong></span> <span class='ocrx_word' id='word_1_311' title='bbox 1321 2377 1463 2445; x_wconf 90' lang='lat' dir='ltr'><strong>pati;</strong></span> <span class='ocrx_word' id='word_1_312' title='bbox 1533 2385 1586 2431; x_wconf 92' lang='lat' dir='ltr'><strong>et</strong></span> <span class='ocrx_word' id='word_1_313' title='bbox 1631 2377 1733 2432; x_wconf 85' lang='lat' dir='ltr'><strong>Job</strong></span> 
     </span>
    </p>
   </div>
   <div class='ocr_carea' id='block_1_40' title="bbox 159 2458 1733 2535">
    <p class='ocr_par' dir='ltr' id='par_1_40' title="bbox 159 2458 1733 2535">
     <span class='ocr_line' id='line_1_40' title="bbox 159 2458 1733 2535; baseline 0.005 -22"><span class='ocrx_word' id='word_1_314' title='bbox 159 2458 490 2527; x_wconf 88' lang='lat' dir='ltr'><strong>permittitur</strong></span> <span class='ocrx_word' id='word_1_315' title='bbox 520 2463 732 2530; x_wconf 88' lang='lat' dir='ltr'><strong>tentari,</strong></span> <span class='ocrx_word' id='word_1_316' title='bbox 758 2462 883 2532; x_wconf 86' lang='lat' dir='ltr'><strong>quia</strong></span> <span class='ocrx_word' id='word_1_317' title='bbox 903 2462 995 2518; x_wconf 90' lang='lat' dir='ltr'><strong>Dei</strong></span> <span class='ocrx_word' id='word_1_318' title='bbox 1021 2464 1287 2533; x_wconf 87' lang='lat' dir='ltr'><strong>adjutorio</strong></span> <span class='ocrx_word' id='word_1_319' title='bbox 1314 2474 1605 2535; x_wconf 91' lang='lat' dir='ltr'><strong>protectus,</strong></span> <span class='ocrx_word' id='word_1_320' title='bbox 1634 2483 1733 2521; x_wconf 87' lang='lat' dir='ltr'><strong>nec</strong></span> 
     </span>
    </p>
   </div>
   <div class='ocr_carea' id='block_1_41' title="bbox 161 2548 1732 2623">
    <p class='ocr_par' dir='ltr' id='par_1_41' title="bbox 161 2548 1732 2623">
     <span class='ocr_line' id='line_1_41' title="bbox 161 2548 1732 2623; baseline 0.005 -22"><span class='ocrx_word' id='word_1_321' title='bbox 161 2548 300 2602; x_wconf 87' lang='lat' dir='ltr'><strong>vinci</strong></span> <span class='ocrx_word' id='word_1_322' title='bbox 332 2548 577 2617; x_wconf 85' lang='lat' dir='ltr'><strong>habebat,</strong></span> <span class='ocrx_word' id='word_1_323' title='bbox 610 2559 665 2605; x_wconf 90' lang='lat' dir='ltr'><strong>et</strong></span> <span class='ocrx_word' id='word_1_324' title='bbox 689 2551 805 2621; x_wconf 90' lang='lat' dir='ltr'><strong>ejus</strong></span> <span class='ocrx_word' id='word_1_325' title='bbox 828 2552 997 2621; x_wconf 76' lang='lat' dir='ltr'><strong>gloria</strong></span> <span class='ocrx_word' id='word_1_326' title='bbox 1022 2554 1323 2623; x_wconf 87' lang='lat' dir='ltr'><strong>amplianda</strong></span> <span class='ocrx_word' id='word_1_327' title='bbox 1344 2563 1458 2609; x_wconf 88' lang='lat' dir='ltr'><strong>erat</strong></span> <span class='ocrx_word' id='word_1_328' title='bbox 1484 2556 1732 2609; x_wconf 81' lang='lat' dir='ltr'><strong>adversa-</strong></span> 
     </span>
    </p>
   </div>
   <div class='ocr_carea' id='block_1_42' title="bbox 161 2640 1733 2715">
    <p class='ocr_par' dir='ltr' id='par_1_42' title="bbox 161 2640 1733 2715">
     <span class='ocr_line' id='line_1_42' title="bbox 161 2640 1733 2715; baseline 0.004 -22"><span class='ocrx_word' id='word_1_329' title='bbox 161 2640 243 2693; x_wconf 91' lang='lat' dir='ltr'><strong>rio</strong></span> <span class='ocrx_word' id='word_1_330' title='bbox 262 2648 510 2708; x_wconf 90' lang='lat' dir='ltr'><strong>superato</strong></span> <span class='ocrx_word' id='word_1_331' title='bbox 542 2650 700 2711; x_wconf 89' lang='lat' dir='ltr'><strong>atque</strong></span> <span class='ocrx_word' id='word_1_332' title='bbox 731 2641 971 2697; x_wconf 88' lang='lat' dir='ltr'><strong>confuso.</strong></span> <span class='ocrx_word' id='word_1_333' title='bbox 1006 2642 1074 2697; x_wconf 86' lang='lat' dir='ltr'><strong>Et</strong></span> <span class='ocrx_word' id='word_1_334' title='bbox 1101 2644 1195 2697; x_wconf 90' lang='lat' dir='ltr'><strong>hoc</strong></span> <span class='ocrx_word' id='word_1_335' title='bbox 1222 2661 1253 2696; x_wconf 92' lang='lat' dir='ltr'><strong>a</strong></span> <span class='ocrx_word' id='word_1_336' title='bbox 1274 2644 1383 2698; x_wconf 90' lang='lat' dir='ltr'><strong>Deo</strong></span> <span class='ocrx_word' id='word_1_337' title='bbox 1406 2662 1425 2711; x_wconf 81' lang='lat'><strong>,-</strong></span> <span class='ocrx_word' id='word_1_338' title='bbox 1452 2646 1573 2715; x_wconf 86' lang='lat' dir='ltr'><strong>quia</strong></span> <span class='ocrx_word' id='word_1_339' title='bbox 1598 2646 1733 2699; x_wconf 84' lang='lat' dir='ltr'><strong>vobis</strong></span> 
     </span>
    </p>
   </div>
   <div class='ocr_carea' id='block_1_43' title="bbox 161 2730 1730 2802">
    <p class='ocr_par' dir='ltr' id='par_1_43' title="bbox 161 2730 1730 2802">
     <span class='ocr_line' id='line_1_43' title="bbox 161 2730 1730 2802; baseline 0.007 -20"><span class='ocrx_word' id='word_1_340' title='bbox 161 2730 401 2784; x_wconf 87' lang='lat' dir='ltr'><strong>donatum</strong></span> <span class='ocrx_word' id='word_1_341' title='bbox 424 2739 499 2785; x_wconf 85' lang='lat' dir='ltr'><strong>est</strong></span> <span class='ocrx_word' id='word_1_342' title='bbox 519 2749 611 2802; x_wconf 83' lang='lat' dir='ltr'><strong>pro</strong></span> <span class='ocrx_word' id='word_1_343' title='bbox 632 2732 852 2799; x_wconf 82' lang='lat' dir='ltr'><strong>Christo,</strong></span> <span class='ocrx_word' id='word_1_344' title='bbox 882 2751 982 2788; x_wconf 88' lang='lat' dir='ltr'><strong>non</strong></span> <span class='ocrx_word' id='word_1_345' title='bbox 1008 2735 1248 2789; x_wconf 86' lang='lat' dir='ltr'><strong>solumut</strong></span> <span class='ocrx_word' id='word_1_346' title='bbox 1277 2737 1329 2789; x_wconf 90' lang='lat' dir='ltr'><strong>in</strong></span> <span class='ocrx_word' id='word_1_347' title='bbox 1355 2752 1468 2789; x_wconf 89' lang='lat' dir='ltr'><strong>eum</strong></span> <span class='ocrx_word' id='word_1_348' title='bbox 1492 2740 1730 2793; x_wconf 87' lang='lat' dir='ltr'><strong>credatis.</strong></span> 
     </span>
    </p>
   </div>
   <div class='ocr_carea' id='block_1_44' title="bbox 162 2823 1735 2897">
    <p class='ocr_par' dir='ltr' id='par_1_44' title="bbox 162 2823 1735 2897">
     <span class='ocr_line' id='line_1_44' title="bbox 162 2823 1735 2897; baseline 0.004 -20"><span class='ocrx_word' id='word_1_349' title='bbox 162 2823 382 2878; x_wconf 88' lang='lat' dir='ltr'><strong>Occasio</strong></span> <span class='ocrx_word' id='word_1_350' title='bbox 426 2824 547 2880; x_wconf 85' lang='lat' dir='ltr'><strong>fidei</strong></span> <span class='ocrx_word' id='word_1_351' title='bbox 590 2839 619 2879; x_wconf 89' lang='lat' dir='ltr'><strong>a</strong></span> <span class='ocrx_word' id='word_1_352' title='bbox 668 2826 778 2881; x_wconf 90' lang='lat' dir='ltr'><strong>Deo</strong></span> <span class='ocrx_word' id='word_1_353' title='bbox 815 2825 1011 2880; x_wconf 84' lang='lat' dir='ltr'><strong>donata</strong></span> <span class='ocrx_word' id='word_1_354' title='bbox 1056 2835 1158 2894; x_wconf 89' lang='lat' dir='ltr'><strong>est,</strong></span> <span class='ocrx_word' id='word_1_355' title='bbox 1204 2828 1325 2897; x_wconf 89' lang='lat' dir='ltr'><strong>quia</strong></span> <span class='ocrx_word' id='word_1_356' title='bbox 1371 2829 1471 2883; x_wconf 80' lang='lat' dir='ltr'><strong>nisi</strong></span> <span class='ocrx_word' id='word_1_357' title='bbox 1501 2830 1735 2884; x_wconf 84' lang='lat' dir='ltr'><strong>venisset</strong></span> 
     </span>
    </p>
   </div>
   <div class='ocr_carea' id='block_1_45' title="bbox 161 2911 1733 2985">
    <p class='ocr_par' dir='ltr' id='par_1_45' title="bbox 161 2911 1733 2985">
     <span class='ocr_line' id='line_1_45' title="bbox 161 2911 1733 2985; baseline 0.004 -17"><span class='ocrx_word' id='word_1_358' title='bbox 161 2911 440 2981; x_wconf 83' lang='lat' dir='ltr'><strong>Christus,</strong></span> <span class='ocrx_word' id='word_1_359' title='bbox 483 2926 536 2970; x_wconf 91' lang='lat' dir='ltr'><strong>et</strong></span> <span class='ocrx_word' id='word_1_360' title='bbox 564 2930 667 2970; x_wconf 92' lang='lat' dir='ltr'><strong>non</strong></span> <span class='ocrx_word' id='word_1_361' title='bbox 698 2917 867 2971; x_wconf 89' lang='lat' dir='ltr'><strong>solum</strong></span> <span class='ocrx_word' id='word_1_362' title='bbox 907 2917 1209 2985; x_wconf 88' lang='lat' dir='ltr'><strong>docuisset,</strong></span> <span class='ocrx_word' id='word_1_363' title='bbox 1250 2920 1342 2975; x_wconf 91' lang='lat' dir='ltr'><strong>sed</strong></span> <span class='ocrx_word' id='word_1_364' title='bbox 1373 2920 1530 2975; x_wconf 86' lang='lat' dir='ltr'><strong>etiam</strong></span> <span class='ocrx_word' id='word_1_365' title='bbox 1571 2921 1733 2975; x_wconf 88' lang='lat' dir='ltr'><strong>corda</strong></span> 
     </span>
    </p>
   </div>
   <div class='ocr_carea' id='block_1_46' title="bbox 162 3007 1734 3081">
    <p class='ocr_par' dir='ltr' id='par_1_46' title="bbox 162 3007 1734 3081">
     <span class='ocr_line' id='line_1_46' title="bbox 162 3007 1734 3081; baseline 0.004 -21"><span class='ocrx_word' id='word_1_366' title='bbox 162 3007 445 3077; x_wconf 80' lang='lat' dir='ltr'><strong>tetigisset,</strong></span> <span class='ocrx_word' id='word_1_367' title='bbox 474 3008 644 3063; x_wconf 86' lang='lat' dir='ltr'><strong>inanis</strong></span> <span class='ocrx_word' id='word_1_368' title='bbox 673 3010 844 3065; x_wconf 82' lang='lat' dir='ltr'><strong>fuerat</strong></span> <span class='ocrx_word' id='word_1_369' title='bbox 874 3010 1178 3079; x_wconf 67' lang='lat' dir='ltr'><strong>praedicatio</strong></span> <span class='ocrx_word' id='word_1_370' title='bbox 1207 3020 1387 3067; x_wconf 89' lang='lat' dir='ltr'><strong>nostra</strong></span> <span class='ocrx_word' id='word_1_371' title='bbox 1422 3029 1434 3065; x_wconf 94' lang='lat'><strong>:</strong></span> <span class='ocrx_word' id='word_1_372' title='bbox 1466 3021 1520 3067; x_wconf 92' lang='lat' dir='ltr'><strong>et</strong></span> <span class='ocrx_word' id='word_1_373' title='bbox 1548 3029 1734 3081; x_wconf 88' lang='lat' dir='ltr'><strong>quam-</strong></span> 
     </span>
    </p>
   </div>
   <div class='ocr_carea' id='block_1_47' title="bbox 161 3098 1731 3169">
    <p class='ocr_par' dir='ltr' id='par_1_47' title="bbox 161 3098 1731 3169">
     <span class='ocr_line' id='line_1_47' title="bbox 161 3098 1731 3169; baseline 0.004 -18"><span class='ocrx_word' id='word_1_374' title='bbox 161 3098 241 3152; x_wconf 88' lang='lat' dir='ltr'><strong>vis</strong></span> <span class='ocrx_word' id='word_1_375' title='bbox 279 3098 333 3152; x_wconf 91' lang='lat' dir='ltr'><strong>in</strong></span> <span class='ocrx_word' id='word_1_376' title='bbox 362 3098 580 3154; x_wconf 75' lang='lat' dir='ltr'><strong>Actibus</strong></span> <span class='ocrx_word' id='word_1_377' title='bbox 632 3099 871 3169; x_wconf 81' lang='lat' dir='ltr'><strong>legamus</strong></span> <span class='ocrx_word' id='word_1_378' title='bbox 911 3100 1069 3156; x_wconf 87' lang='lat' dir='ltr'><strong>fidem</strong></span> <span class='ocrx_word' id='word_1_379' title='bbox 1099 3102 1448 3156; x_wconf 87' lang='lat' dir='ltr'><strong>voluntariam</strong></span> <span class='ocrx_word' id='word_1_380' title='bbox 1477 3118 1614 3165; x_wconf 81' lang='lat' dir='ltr'><strong>esse,</strong></span> <span class='ocrx_word' id='word_1_381' title='bbox 1650 3114 1731 3157; x_wconf 92' lang='lat' dir='ltr'><strong>ta-</strong></span> 
     </span>
    </p>
   </div>
   <div class='ocr_carea' id='block_1_48' title="bbox 1836 1922 3392 1997">
    <p class='ocr_par' dir='ltr' id='par_1_48' title="bbox 1836 1922 3392 1997">
     <span class='ocr_line' id='line_1_48' title="bbox 1836 1922 3392 1997; baseline 0.004 -20"><span class='ocrx_word' id='word_1_382' title='bbox 1836 1922 2185 1979; x_wconf 81' lang='lat' dir='ltr'><strong>exinaniverit</strong></span> <span class='ocrx_word' id='word_1_383' title='bbox 2220 1937 2299 1987; x_wconf 88' lang='lat' dir='ltr'><strong>se,</strong></span> <span class='ocrx_word' id='word_1_384' title='bbox 2341 1937 2447 1978; x_wconf 91' lang='lat' dir='ltr'><strong>non</strong></span> <span class='ocrx_word' id='word_1_385' title='bbox 2485 1924 2831 1980; x_wconf 89' lang='lat' dir='ltr'><strong>substantiam</strong></span> <span class='ocrx_word' id='word_1_386' title='bbox 2868 1940 3147 1997; x_wconf 79' lang='lat' dir='ltr'><strong>evacuans,</strong></span> <span class='ocrx_word' id='word_1_387' title='bbox 3180 1933 3273 1985; x_wconf 87' lang='lat' dir='ltr'><strong>sed</strong></span> <span class='ocrx_word' id='word_1_388' title='bbox 3314 1932 3392 1984; x_wconf 83' lang='lat' dir='ltr'><strong>hc.</strong></span> 
     </span>
    </p>
   </div>
   <div class='ocr_carea' id='block_1_49' title="bbox 1838 2012 3405 2081">
    <p class='ocr_par' dir='ltr' id='par_1_49' title="bbox 1838 2012 3405 2081">
     <span class='ocr_line' id='line_1_49' title="bbox 1838 2012 3405 2081; baseline 0.004 -14"><span class='ocrx_word' id='word_1_389' title='bbox 1838 2027 2024 2067; x_wconf 89' lang='lat' dir='ltr'><strong>norem</strong></span> <span class='ocrx_word' id='word_1_390' title='bbox 2065 2012 2423 2080; x_wconf 90' lang='lat' dir='ltr'><strong>abscondens,</strong></span> <span class='ocrx_word' id='word_1_391' title='bbox 2457 2013 2682 2068; x_wconf 90' lang='lat' dir='ltr'><strong>formam</strong></span> <span class='ocrx_word' id='word_1_392' title='bbox 2712 2016 2872 2081; x_wconf 86' lang='lat' dir='ltr'><strong>servi,</strong></span> <span class='ocrx_word' id='word_1_393' title='bbox 2906 2017 3005 2072; x_wconf 88' lang='lat' dir='ltr'><strong>hoc</strong></span> <span class='ocrx_word' id='word_1_394' title='bbox 3032 2027 3114 2073; x_wconf 82' lang='lat' dir='ltr'><strong>est</strong></span> <span class='ocrx_word' id='word_1_395' title='bbox 3156 2021 3405 2073; x_wconf 83' lang='lat' dir='ltr'><strong>substan-</strong></span> 
     </span>
    </p>
   </div>
   <div class='ocr_carea' id='block_1_50' title="bbox 1836 2102 3405 2175">
    <p class='ocr_par' dir='ltr' id='par_1_50' title="bbox 1836 2102 3405 2175">
     <span class='ocr_line' id='line_1_50' title="bbox 1836 2102 3405 2175; baseline 0.004 -19"><span class='ocrx_word' id='word_1_396' title='bbox 1836 2103 1964 2157; x_wconf 84' lang='lat' dir='ltr'><strong>tiam</strong></span> <span class='ocrx_word' id='word_1_397' title='bbox 1996 2102 2227 2157; x_wconf 91' lang='lat' dir='ltr'><strong>hominis</strong></span> <span class='ocrx_word' id='word_1_398' title='bbox 2254 2103 2543 2172; x_wconf 89' lang='lat' dir='ltr'><strong>induendo,</strong></span> <span class='ocrx_word' id='word_1_399' title='bbox 2578 2113 2631 2160; x_wconf 87' lang='lat' dir='ltr'><strong>et</strong></span> <span class='ocrx_word' id='word_1_400' title='bbox 2663 2121 2757 2175; x_wconf 80' lang='lat' dir='ltr'><strong>per</strong></span> <span class='ocrx_word' id='word_1_401' title='bbox 2794 2108 2970 2161; x_wconf 92' lang='lat' dir='ltr'><strong>omnia</strong></span> <span class='ocrx_word' id='word_1_402' title='bbox 3011 2116 3069 2162; x_wconf 88' lang='lat' dir='ltr'><strong>ut</strong></span> <span class='ocrx_word' id='word_1_403' title='bbox 3106 2109 3265 2163; x_wconf 92' lang='lat' dir='ltr'><strong>homo</strong></span> <span class='ocrx_word' id='word_1_404' title='bbox 3296 2119 3405 2163; x_wconf 85' lang='lat' dir='ltr'><strong>tan-</strong></span> 
     </span>
    </p>
   </div>
   <div class='ocr_carea' id='block_1_51' title="bbox 1838 2194 3411 2266">
    <p class='ocr_par' dir='ltr' id='par_1_51' title="bbox 1838 2194 3411 2266">
     <span class='ocr_line' id='line_1_51' title="bbox 1838 2194 3411 2266; baseline 0.004 -19"><span class='ocrx_word' id='word_1_405' title='bbox 1838 2194 2111 2248; x_wconf 89' lang='lat' dir='ltr'><strong>tummodo</strong></span> <span class='ocrx_word' id='word_1_406' title='bbox 2148 2195 2488 2263; x_wconf 88' lang='lat' dir='ltr'><strong>apparendo,</strong></span> <span class='ocrx_word' id='word_1_407' title='bbox 2535 2204 2696 2266; x_wconf 89' lang='lat' dir='ltr'><strong>atque</strong></span> <span class='ocrx_word' id='word_1_408' title='bbox 2736 2196 2921 2251; x_wconf 90' lang='lat' dir='ltr'><strong>humili</strong></span> <span class='ocrx_word' id='word_1_409' title='bbox 2965 2196 3267 2253; x_wconf 87' lang='lat' dir='ltr'><strong>obedientia</strong></span> <span class='ocrx_word' id='word_1_410' title='bbox 3311 2213 3411 2254; x_wconf 82' lang='lat' dir='ltr'><strong>nec</strong></span> 
     </span>
    </p>
   </div>
   <div class='ocr_carea' id='block_1_52' title="bbox 1835 2283 3381 2359">
    <p class='ocr_par' dir='ltr' id='par_1_52' title="bbox 1835 2283 3381 2359">
     <span class='ocr_line' id='line_1_52' title="bbox 1835 2283 3381 2359; baseline 0.005 -22"><span class='ocrx_word' id='word_1_411' title='bbox 1835 2283 2007 2337; x_wconf 87' lang='lat' dir='ltr'><strong>erucis</strong></span> <span class='ocrx_word' id='word_1_412' title='bbox 2029 2291 2252 2338; x_wconf 90' lang='lat' dir='ltr'><strong>mortem</strong></span> <span class='ocrx_word' id='word_1_413' title='bbox 2284 2285 2601 2340; x_wconf 90' lang='lat' dir='ltr'><strong>recusando.</strong></span> <span class='ocrx_word' id='word_1_414' title='bbox 2643 2287 2749 2341; x_wconf 88' lang='lat' dir='ltr'><strong>Sed</strong></span> <span class='ocrx_word' id='word_1_415' title='bbox 2774 2288 3040 2356; x_wconf 91' lang='lat' dir='ltr'><strong>quomodo</strong></span> <span class='ocrx_word' id='word_1_416' title='bbox 3061 2288 3174 2343; x_wconf 67' lang='lat' dir='ltr'><strong>haec</strong></span> <span class='ocrx_word' id='word_1_417' title='bbox 3200 2292 3381 2359; x_wconf 82' lang='lat' dir='ltr'><strong>exposi</strong></span> 
     </span>
    </p>
   </div>
   <div class='ocr_carea' id='block_1_53' title="bbox 1836 2374 3403 2447">
    <p class='ocr_par' dir='ltr' id='par_1_53' title="bbox 1836 2374 3403 2447">
     <span class='ocr_line' id='line_1_53' title="bbox 1836 2374 3403 2447; baseline 0.003 -18"><span class='ocrx_word' id='word_1_418' title='bbox 1836 2375 1911 2429; x_wconf 91' lang='lat' dir='ltr'><strong>tio</strong></span> <span class='ocrx_word' id='word_1_419' title='bbox 1943 2374 2054 2428; x_wconf 82' lang='lat' dir='ltr'><strong>Arii</strong></span> <span class='ocrx_word' id='word_1_420' title='bbox 2099 2374 2417 2431; x_wconf 85' lang='lat' dir='ltr'><strong>calumniam</strong></span> <span class='ocrx_word' id='word_1_421' title='bbox 2484 2376 2735 2447; x_wconf 78' lang='lat' dir='ltr'><strong>eﬂugiat,</strong></span> <span class='ocrx_word' id='word_1_422' title='bbox 2799 2378 3243 2434; x_wconf 87' lang='lat' dir='ltr'><strong>considerandum</strong></span> <span class='ocrx_word' id='word_1_423' title='bbox 3290 2391 3403 2436; x_wconf 88' lang='lat' dir='ltr'><strong>est:</strong></span> 
     </span>
    </p>
   </div>
   <div class='ocr_carea' id='block_1_54' title="bbox 1833 2463 3404 2535">
    <p class='ocr_par' dir='ltr' id='par_1_54' title="bbox 1833 2463 3404 2535">
     <span class='ocr_line' id='line_1_54' title="bbox 1833 2463 3404 2535; baseline 0.004 -19"><span class='ocrx_word' id='word_1_424' title='bbox 1833 2465 1924 2533; x_wconf 91' lang='lat' dir='ltr'><strong>qui</strong></span> <span class='ocrx_word' id='word_1_425' title='bbox 1954 2463 2083 2518; x_wconf 91' lang='lat' dir='ltr'><strong>nihil</strong></span> <span class='ocrx_word' id='word_1_426' title='bbox 2111 2463 2254 2517; x_wconf 85' lang='lat' dir='ltr'><strong>aliud</strong></span> <span class='ocrx_word' id='word_1_427' title='bbox 2282 2465 2413 2535; x_wconf 82' lang='lat' dir='ltr'><strong>agit,</strong></span> <span class='ocrx_word' id='word_1_428' title='bbox 2444 2465 2546 2520; x_wconf 88' lang='lat' dir='ltr'><strong>nisi</strong></span> <span class='ocrx_word' id='word_1_429' title='bbox 2574 2476 2631 2521; x_wconf 90' lang='lat' dir='ltr'><strong>ut</strong></span> <span class='ocrx_word' id='word_1_430' title='bbox 2659 2466 2850 2522; x_wconf 76' lang='lat' dir='ltr'><strong>Filium</strong></span> <span class='ocrx_word' id='word_1_431' title='bbox 2872 2477 3078 2523; x_wconf 87' lang='lat' dir='ltr'><strong>asserat</strong></span> <span class='ocrx_word' id='word_1_432' title='bbox 3103 2470 3363 2525; x_wconf 89' lang='lat' dir='ltr'><strong>minorem</strong></span> <span class='ocrx_word' id='word_1_433' title='bbox 3391 2486 3404 2522; x_wconf 92' lang='lat'>:</span> 
     </span>
    </p>
   </div>
   <div class='ocr_carea' id='block_1_55' title="bbox 1835 2553 3407 2615">
    <p class='ocr_par' dir='ltr' id='par_1_55' title="bbox 1835 2553 3407 2615">
     <span class='ocr_line' id='line_1_55' title="bbox 1835 2553 3407 2615; baseline 0.005 -8"><span class='ocrx_word' id='word_1_434' title='bbox 1835 2568 1897 2608; x_wconf 89' lang='lat' dir='ltr'><strong>ac</strong></span> <span class='ocrx_word' id='word_1_435' title='bbox 1937 2554 1984 2608; x_wconf 89' lang='lat' dir='ltr'><strong>si</strong></span> <span class='ocrx_word' id='word_1_436' title='bbox 2025 2553 2237 2608; x_wconf 86' lang='lat' dir='ltr'><strong>dicatur</strong></span> <span class='ocrx_word' id='word_1_437' title='bbox 2273 2555 2535 2610; x_wconf 78' lang='lat' dir='ltr'><strong>exaltatus</strong></span> <span class='ocrx_word' id='word_1_438' title='bbox 2570 2571 2601 2609; x_wconf 89' lang='lat' dir='ltr'><strong>a</strong></span> <span class='ocrx_word' id='word_1_439' title='bbox 2648 2556 2806 2612; x_wconf 87' lang='lat' dir='ltr'><strong>Patre</strong></span> <span class='ocrx_word' id='word_1_440' title='bbox 2841 2558 3135 2613; x_wconf 88' lang='lat' dir='ltr'><strong>secundum</strong></span> <span class='ocrx_word' id='word_1_441' title='bbox 3164 2560 3407 2615; x_wconf 79' lang='lat' dir='ltr'><strong>divinita-</strong></span> 
     </span>
    </p>
   </div>
   <div class='ocr_carea' id='block_1_56' title="bbox 1835 2647 3405 2719">
    <p class='ocr_par' dir='ltr' id='par_1_56' title="bbox 1835 2647 3405 2719">
     <span class='ocr_line' id='line_1_56' title="bbox 1835 2647 3405 2719; baseline 0.004 -20"><span class='ocrx_word' id='word_1_442' title='bbox 1835 2653 1964 2710; x_wconf 89' lang='lat' dir='ltr'><strong>tem,</strong></span> <span class='ocrx_word' id='word_1_443' title='bbox 1999 2655 2055 2701; x_wconf 92' lang='lat' dir='ltr'><strong>et</strong></span> <span class='ocrx_word' id='word_1_444' title='bbox 2094 2660 2284 2702; x_wconf 87' lang='lat' dir='ltr'><strong>nomen</strong></span> <span class='ocrx_word' id='word_1_445' title='bbox 2317 2647 2591 2717; x_wconf 90' lang='lat' dir='ltr'><strong>accepisse</strong></span> <span class='ocrx_word' id='word_1_446' title='bbox 2626 2648 2767 2718; x_wconf 89' lang='lat' dir='ltr'><strong>quod</strong></span> <span class='ocrx_word' id='word_1_447' title='bbox 2812 2659 2979 2706; x_wconf 77' lang='lat' dir='ltr'><strong>antea</strong></span> <span class='ocrx_word' id='word_1_448' title='bbox 2994 2664 3101 2705; x_wconf 89' lang='lat' dir='ltr'><strong>non</strong></span> <span class='ocrx_word' id='word_1_449' title='bbox 3137 2650 3405 2719; x_wconf 88' lang='lat' dir='ltr'><strong>habebat,</strong></span> 
     </span>
    </p>
   </div>
   <div class='ocr_carea' id='block_1_57' title="bbox 1836 2728 3405 2808">
    <p class='ocr_par' dir='ltr' id='par_1_57' title="bbox 1836 2728 3405 2808">
     <span class='ocr_line' id='line_1_57' title="bbox 1836 2728 3405 2808; baseline 0.004 -19"><span class='ocrx_word' id='word_1_450' title='bbox 1836 2736 1936 2790; x_wconf 92' lang='lat' dir='ltr'><strong>nisi</strong></span> <span class='ocrx_word' id='word_1_451' title='bbox 1973 2734 2110 2791; x_wconf 88' lang='lat' dir='ltr'><strong>forte</strong></span> <span class='ocrx_word' id='word_1_452' title='bbox 2142 2728 2494 2804; x_wconf 84' lang='lat' dir='ltr'><strong>Pronuntiatae</strong></span> <span class='ocrx_word' id='word_1_453' title='bbox 2529 2752 2788 2806; x_wconf 64' lang='lat' dir='ltr'><strong>personae,</strong></span> <span class='ocrx_word' id='word_1_454' title='bbox 2827 2754 2946 2808; x_wconf 71' lang='lat' dir='ltr'><strong>quae</strong></span> <span class='ocrx_word' id='word_1_455' title='bbox 2981 2741 3271 2796; x_wconf 91' lang='lat' dir='ltr'><strong>secundum</strong></span> <span class='ocrx_word' id='word_1_456' title='bbox 3303 2741 3405 2795; x_wconf 89' lang='lat' dir='ltr'><strong>for-</strong></span> 
     </span>
    </p>
   </div>
   <div class='ocr_carea' id='block_1_58' title="bbox 1836 2825 3402 2897">
    <p class='ocr_par' dir='ltr' id='par_1_58' title="bbox 1836 2825 3402 2897">
     <span class='ocr_line' id='line_1_58' title="bbox 1836 2825 3402 2897; baseline 0.005 -19"><span class='ocrx_word' id='word_1_457' title='bbox 1836 2839 1977 2879; x_wconf 91' lang='lat' dir='ltr'><strong>mam</strong></span> <span class='ocrx_word' id='word_1_458' title='bbox 2009 2825 2239 2878; x_wconf 90' lang='lat' dir='ltr'><strong>hominis</strong></span> <span class='ocrx_word' id='word_1_459' title='bbox 2259 2825 2397 2880; x_wconf 92' lang='lat' dir='ltr'><strong>dicta</strong></span> <span class='ocrx_word' id='word_1_460' title='bbox 2417 2836 2560 2892; x_wconf 89' lang='lat' dir='ltr'><strong>sunt,</strong></span> <span class='ocrx_word' id='word_1_461' title='bbox 2591 2827 2699 2882; x_wconf 91' lang='lat' dir='ltr'><strong>Deo</strong></span> <span class='ocrx_word' id='word_1_462' title='bbox 2726 2829 3077 2885; x_wconf 90' lang='lat' dir='ltr'><strong>ascribantur.</strong></span> <span class='ocrx_word' id='word_1_463' title='bbox 3104 2831 3235 2897; x_wconf 88' lang='lat' dir='ltr'><strong>Quia</strong></span> <span class='ocrx_word' id='word_1_464' title='bbox 3257 2831 3402 2886; x_wconf 89' lang='lat' dir='ltr'><strong>Chri-</strong></span> 
     </span>
    </p>
   </div>
   <div class='ocr_carea' id='block_1_59' title="bbox 1836 2915 3405 2988">
    <p class='ocr_par' dir='ltr' id='par_1_59' title="bbox 1836 2915 3405 2988">
     <span class='ocr_line' id='line_1_59' title="bbox 1836 2915 3405 2988; baseline 0.004 -19"><span class='ocrx_word' id='word_1_465' title='bbox 1836 2924 1951 2969; x_wconf 87' lang='lat' dir='ltr'><strong>stus</strong></span> <span class='ocrx_word' id='word_1_466' title='bbox 1978 2915 2121 2971; x_wconf 91' lang='lat' dir='ltr'><strong>Deus</strong></span> <span class='ocrx_word' id='word_1_467' title='bbox 2150 2915 2310 2971; x_wconf 88' lang='lat' dir='ltr'><strong>homo</strong></span> <span class='ocrx_word' id='word_1_468' title='bbox 2335 2926 2482 2973; x_wconf 88' lang='lat' dir='ltr'><strong>recte</strong></span> <span class='ocrx_word' id='word_1_469' title='bbox 2508 2917 2776 2983; x_wconf 87' lang='lat' dir='ltr'><strong>creditur;</strong></span> <span class='ocrx_word' id='word_1_470' title='bbox 2808 2927 2864 2975; x_wconf 90' lang='lat' dir='ltr'><strong>et</strong></span> <span class='ocrx_word' id='word_1_471' title='bbox 2910 2920 3030 2976; x_wconf 90' lang='lat' dir='ltr'><strong>ideo</strong></span> <span class='ocrx_word' id='word_1_472' title='bbox 3056 2920 3192 2977; x_wconf 85' lang='lat' dir='ltr'><strong>bene</strong></span> <span class='ocrx_word' id='word_1_473' title='bbox 3226 2924 3405 2988; x_wconf 86' lang='lat' dir='ltr'><strong>sentit,</strong></span> 
     </span>
    </p>
   </div>
   <div class='ocr_carea' id='block_1_60' title="bbox 1835 3008 3407 3079">
    <p class='ocr_par' dir='ltr' id='par_1_60' title="bbox 1835 3008 3407 3079">
     <span class='ocr_line' id='line_1_60' title="bbox 1835 3008 3407 3079; baseline 0.005 -20"><span class='ocrx_word' id='word_1_474' title='bbox 1835 3009 1925 3077; x_wconf 91' lang='lat' dir='ltr'><strong>qui</strong></span> <span class='ocrx_word' id='word_1_475' title='bbox 1962 3008 2038 3062; x_wconf 90' lang='lat' dir='ltr'><strong>sic</strong></span> <span class='ocrx_word' id='word_1_476' title='bbox 2076 3010 2256 3072; x_wconf 85' lang='lat' dir='ltr'><strong>sentit,</strong></span> <span class='ocrx_word' id='word_1_477' title='bbox 2298 3024 2396 3064; x_wconf 91' lang='lat' dir='ltr'><strong>nec</strong></span> <span class='ocrx_word' id='word_1_478' title='bbox 2440 3016 2623 3064; x_wconf 89' lang='lat' dir='ltr'><strong>contra</strong></span> <span class='ocrx_word' id='word_1_479' title='bbox 2666 3009 2823 3064; x_wconf 89' lang='lat' dir='ltr'><strong>tidem</strong></span> <span class='ocrx_word' id='word_1_480' title='bbox 2863 3013 3045 3067; x_wconf 89' lang='lat' dir='ltr'><strong>sentit.</strong></span> <span class='ocrx_word' id='word_1_481' title='bbox 3090 3012 3239 3079; x_wconf 86' lang='lat' dir='ltr'><strong>Quod</strong></span> <span class='ocrx_word' id='word_1_482' title='bbox 3275 3023 3323 3066; x_wconf 85' lang='lat' dir='ltr'><strong>et</strong></span> <span class='ocrx_word' id='word_1_483' title='bbox 3355 3015 3407 3067; x_wconf 86' lang='lat' dir='ltr'><strong>in</strong></span> 
     </span>
    </p>
   </div>
   <div class='ocr_carea' id='block_1_61' title="bbox 1837 3096 3404 3167">
    <p class='ocr_par' dir='ltr' id='par_1_61' title="bbox 1837 3096 3404 3167">
     <span class='ocr_line' id='line_1_61' title="bbox 1837 3096 3404 3167; baseline 0.003 -16"><span class='ocrx_word' id='word_1_484' title='bbox 1837 3096 2040 3151; x_wconf 84' lang='lat' dir='ltr'><strong>Christo</strong></span> <span class='ocrx_word' id='word_1_485' title='bbox 2063 3096 2207 3152; x_wconf 83' lang='lat' dir='ltr'><strong>Jesu.</strong></span> <span class='ocrx_word' id='word_1_486' title='bbox 2256 3098 2561 3153; x_wconf 90' lang='lat' dir='ltr'><strong>Secundum</strong></span> <span class='ocrx_word' id='word_1_487' title='bbox 2592 3099 2733 3167; x_wconf 90' lang='lat' dir='ltr'><strong>quod</strong></span> <span class='ocrx_word' id='word_1_488' title='bbox 2762 3099 3003 3156; x_wconf 85' lang='lat' dir='ltr'><strong>Christus</strong></span> <span class='ocrx_word' id='word_1_489' title='bbox 3026 3111 3129 3167; x_wconf 89' lang='lat' dir='ltr'><strong>est,</strong></span> <span class='ocrx_word' id='word_1_490' title='bbox 3155 3111 3210 3157; x_wconf 89' lang='lat' dir='ltr'><strong>et</strong></span> <span class='ocrx_word' id='word_1_491' title='bbox 3231 3102 3404 3157; x_wconf 72' lang='lat' dir='ltr'><strong>Iesus.</strong></span> 
     </span>
    </p>
   </div>
   <div class='ocr_carea' id='block_1_62' title="bbox 162 3186 3406 3261">
    <p class='ocr_par' dir='ltr' id='par_1_62' title="bbox 162 3186 3406 3261">
     <span class='ocr_line' id='line_1_62' title="bbox 162 3186 3406 3261; baseline 0.003 -19"><span class='ocrx_word' id='word_1_492' title='bbox 162 3203 282 3243; x_wconf 90' lang='lat' dir='ltr'><strong>men</strong></span> <span class='ocrx_word' id='word_1_493' title='bbox 302 3188 574 3245; x_wconf 86' lang='lat' dir='ltr'><strong>evidenter</strong></span> <span class='ocrx_word' id='word_1_494' title='bbox 595 3189 684 3245; x_wconf 89' lang='lat' dir='ltr'><strong>hic</strong></span> <span class='ocrx_word' id='word_1_495' title='bbox 718 3190 874 3246; x_wconf 87' lang='lat' dir='ltr'><strong>docet</strong></span> <span class='ocrx_word' id='word_1_496' title='bbox 889 3191 1050 3261; x_wconf 64' lang='lat' dir='ltr'><strong>{quod</strong></span> <span class='ocrx_word' id='word_1_497' title='bbox 1098 3192 1191 3247; x_wconf 90' lang='lat' dir='ltr'><strong>Dei</strong></span> <span class='ocrx_word' id='word_1_498' title='bbox 1212 3193 1408 3247; x_wconf 89' lang='lat' dir='ltr'><strong>donum</strong></span> <span class='ocrx_word' id='word_1_499' title='bbox 1437 3195 1507 3247; x_wconf 92' lang='lat' dir='ltr'><strong>sit</strong></span> <span class='ocrx_word' id='word_1_500' title='bbox 1536 3203 1592 3247; x_wconf 91' lang='lat' dir='ltr'><strong>ut</strong></span> <span class='ocrx_word' id='word_1_501' title='bbox 1616 3209 1732 3249; x_wconf 90' lang='lat' dir='ltr'><strong>cre-</strong></span> <span class='ocrx_word' id='word_1_502' title='bbox 1759 3186 1803 3247; x_wconf 93' lang='lat' dir='ltr'><strong>C</strong></span> <span class='ocrx_word' id='word_1_503' title='bbox 1839 3187 1937 3251; x_wconf 66' lang='lat' dir='ltr'><strong>Qui</strong></span> <span class='ocrx_word' id='word_1_504' title='bbox 1957 3203 2069 3240; x_wconf 71' lang='lat' dir='ltr'><strong>cum</strong></span> <span class='ocrx_word' id='word_1_505' title='bbox 2094 3187 2146 3240; x_wconf 73' lang='grc' dir='ltr'><strong>ίη</strong></span> <span class='ocrx_word' id='word_1_506' title='bbox 2169 3191 2336 3255; x_wconf 75' lang='lat' dir='ltr'><strong>forma</strong></span> <span class='ocrx_word' id='word_1_507' title='bbox 2356 3186 2451 3242; x_wconf 72' lang='grc' dir='ltr'><strong>θεῖ</strong></span> <span class='ocrx_word' id='word_1_508' title='bbox 2472 3196 2615 3242; x_wconf 58' lang='lat' dir='ltr'><strong>met</strong></span> <span class='ocrx_word' id='word_1_509' title='bbox 2644 3188 2700 3242; x_wconf 71' lang='lat' dir='ltr'><strong>Id</strong></span> <span class='ocrx_word' id='word_1_510' title='bbox 2717 3198 2817 3256; x_wconf 72' lang='grc' dir='ltr'><strong>εει,</strong></span> <span class='ocrx_word' id='word_1_511' title='bbox 2846 3191 3073 3259; x_wconf 69' lang='lat' dir='ltr'><strong>imagine</strong></span> <span class='ocrx_word' id='word_1_512' title='bbox 3098 3192 3187 3246; x_wconf 83' lang='lat' dir='ltr'><strong>Dei</strong></span> <span class='ocrx_word' id='word_1_513' title='bbox 3210 3192 3406 3261; x_wconf 71' lang='lat' dir='ltr'><strong>absque</strong></span> 
     </span>
    </p>
   </div>
   <div class='ocr_carea' id='block_1_63' title="bbox 160 3278 1731 3349">
    <p class='ocr_par' dir='ltr' id='par_1_63' title="bbox 160 3278 1731 3349">
     <span class='ocr_line' id='line_1_63' title="bbox 160 3278 1731 3349; baseline 0.003 -16"><span class='ocrx_word' id='word_1_514' title='bbox 160 3278 371 3346; x_wconf 88' lang='lat' dir='ltr'><strong>damus;</strong></span> <span class='ocrx_word' id='word_1_515' title='bbox 396 3290 451 3335; x_wconf 90' lang='lat' dir='ltr'><strong>et</strong></span> <span class='ocrx_word' id='word_1_516' title='bbox 474 3281 593 3335; x_wconf 89' lang='lat' dir='ltr'><strong>ideo</strong></span> <span class='ocrx_word' id='word_1_517' title='bbox 614 3281 739 3336; x_wconf 90' lang='lat' dir='ltr'><strong>nihil</strong></span> <span class='ocrx_word' id='word_1_518' title='bbox 763 3281 913 3336; x_wconf 88' lang='lat' dir='ltr'><strong>nobis</strong></span> <span class='ocrx_word' id='word_1_519' title='bbox 933 3281 1209 3346; x_wconf 87' lang='lat' dir='ltr'><strong>donemus,</strong></span> <span class='ocrx_word' id='word_1_520' title='bbox 1225 3283 1347 3349; x_wconf 88' lang='lat' dir='ltr'><strong>quia</strong></span> <span class='ocrx_word' id='word_1_521' title='bbox 1370 3294 1426 3337; x_wconf 91' lang='lat' dir='ltr'><strong>ut</strong></span> <span class='ocrx_word' id='word_1_522' title='bbox 1451 3284 1731 3338; x_wconf 85' lang='lat' dir='ltr'><strong>credamus</strong></span> 
     </span>
    </p>
   </div>
   <div class='ocr_carea' id='block_1_64' title="bbox 162 3373 1735 3446">
    <p class='ocr_par' dir='ltr' id='par_1_64' title="bbox 162 3373 1735 3446">
     <span class='ocr_line' id='line_1_64' title="bbox 162 3373 1735 3446; baseline 0.006 -23"><span class='ocrx_word' id='word_1_523' title='bbox 162 3379 216 3424; x_wconf 84' lang='lat' dir='ltr'><strong>ct</strong></span> <span class='ocrx_word' id='word_1_524' title='bbox 259 3379 321 3425; x_wconf 82' lang='lat' dir='ltr'><strong>ut</strong></span> <span class='ocrx_word' id='word_1_525' title='bbox 360 3386 785 3442; x_wconf 88' lang='lat' dir='ltr'><strong>perseveremus,</strong></span> <span class='ocrx_word' id='word_1_526' title='bbox 810 3373 893 3427; x_wconf 87' lang='lat' dir='ltr'><strong>vel</strong></span> <span class='ocrx_word' id='word_1_527' title='bbox 937 3388 1035 3442; x_wconf 90' lang='lat' dir='ltr'><strong>pro</strong></span> <span class='ocrx_word' id='word_1_528' title='bbox 1082 3375 1196 3441; x_wconf 87' lang='lat' dir='ltr'><strong>ipso</strong></span> <span class='ocrx_word' id='word_1_529' title='bbox 1244 3376 1523 3442; x_wconf 88' lang='lat' dir='ltr'><strong>patiamur,</strong></span> <span class='ocrx_word' id='word_1_530' title='bbox 1572 3378 1735 3446; x_wconf 89' lang='lat' dir='ltr'><strong>ipsius</strong></span> 
     </span>
    </p>
   </div>
   <div class='ocr_carea' id='block_1_65' title="bbox 161 3458 1732 3535">
    <p class='ocr_par' dir='ltr' id='par_1_65' title="bbox 161 3458 1732 3535">
     <span class='ocr_line' id='line_1_65' title="bbox 161 3458 1732 3535; baseline 0.006 -23"><span class='ocrx_word' id='word_1_531' title='bbox 161 3458 361 3515; x_wconf 89' lang='lat' dir='ltr'><strong>donum</strong></span> <span class='ocrx_word' id='word_1_532' title='bbox 391 3471 472 3516; x_wconf 89' lang='lat' dir='ltr'><strong>est</strong></span> <span class='ocrx_word' id='word_1_533' title='bbox 504 3478 516 3513; x_wconf 93' lang='lat'><strong>:</strong></span> <span class='ocrx_word' id='word_1_534' title='bbox 549 3462 688 3517; x_wconf 88' lang='lat' dir='ltr'><strong>unde</strong></span> <span class='ocrx_word' id='word_1_535' title='bbox 718 3462 998 3518; x_wconf 87' lang='lat' dir='ltr'><strong>evidenter</strong></span> <span class='ocrx_word' id='word_1_536' title='bbox 1031 3471 1175 3531; x_wconf 90' lang='lat' dir='ltr'><strong>patet</strong></span> <span class='ocrx_word' id='word_1_537' title='bbox 1214 3464 1392 3529; x_wconf 85' lang='lat' dir='ltr'><strong>iidem,</strong></span> <span class='ocrx_word' id='word_1_538' title='bbox 1424 3481 1528 3535; x_wconf 91' lang='lat' dir='ltr'><strong>qua</strong></span> <span class='ocrx_word' id='word_1_539' title='bbox 1556 3468 1732 3522; x_wconf 87' lang='lat' dir='ltr'><strong>credi-</strong></span> 
     </span>
    </p>
   </div>
   <div class='ocr_carea' id='block_1_66' title="bbox 161 3553 1736 3629">
    <p class='ocr_par' dir='ltr' id='par_1_66' title="bbox 161 3553 1736 3629">
     <span class='ocr_line' id='line_1_66' title="bbox 161 3553 1736 3629; baseline 0.008 -24"><span class='ocrx_word' id='word_1_540' title='bbox 161 3566 307 3618; x_wconf 88' lang='lat' dir='ltr'><strong>mus,</strong></span> <span class='ocrx_word' id='word_1_541' title='bbox 338 3553 502 3621; x_wconf 87' lang='lat' dir='ltr'><strong>ipsius</strong></span> <span class='ocrx_word' id='word_1_542' title='bbox 529 3553 725 3609; x_wconf 90' lang='lat' dir='ltr'><strong>donum</strong></span> <span class='ocrx_word' id='word_1_543' title='bbox 756 3570 902 3617; x_wconf 87' lang='lat' dir='ltr'><strong>esse;</strong></span> <span class='ocrx_word' id='word_1_544' title='bbox 930 3571 1120 3626; x_wconf 88' lang='lat' dir='ltr'><strong>nempe</strong></span> <span class='ocrx_word' id='word_1_545' title='bbox 1154 3566 1435 3629; x_wconf 90' lang='lat' dir='ltr'><strong>utrumque</strong></span> <span class='ocrx_word' id='word_1_546' title='bbox 1458 3560 1592 3614; x_wconf 84' lang='lat' dir='ltr'><strong>dixit</strong></span> <span class='ocrx_word' id='word_1_547' title='bbox 1618 3575 1736 3617; x_wconf 89' lang='lat' dir='ltr'><strong>esse</strong></span> 
     </span>
    </p>
   </div>
   <div class='ocr_carea' id='block_1_67' title="bbox 160 3644 1735 3719">
    <p class='ocr_par' dir='ltr' id='par_1_67' title="bbox 160 3644 1735 3719">
     <span class='ocr_line' id='line_1_67' title="bbox 160 3644 1735 3719; baseline 0.006 -22"><span class='ocrx_word' id='word_1_548' title='bbox 160 3644 361 3699; x_wconf 89' lang='lat' dir='ltr'><strong>donum</strong></span> <span class='ocrx_word' id='word_1_549' title='bbox 392 3654 528 3700; x_wconf 87' lang='lat' dir='ltr'><strong>utet</strong></span> <span class='ocrx_word' id='word_1_550' title='bbox 556 3647 834 3702; x_wconf 83' lang='lat' dir='ltr'><strong>credamus</strong></span> <span class='ocrx_word' id='word_1_551' title='bbox 862 3657 914 3703; x_wconf 89' lang='lat' dir='ltr'><strong>et</strong></span> <span class='ocrx_word' id='word_1_552' title='bbox 945 3658 1000 3701; x_wconf 92' lang='lat' dir='ltr'><strong>ut</strong></span> <span class='ocrx_word' id='word_1_553' title='bbox 1052 3650 1331 3719; x_wconf 87' lang='lat' dir='ltr'><strong>patiamur.</strong></span> <span class='ocrx_word' id='word_1_554' title='bbox 1367 3652 1474 3705; x_wconf 86' lang='lat' dir='ltr'><strong>Sed</strong></span> <span class='ocrx_word' id='word_1_555' title='bbox 1504 3663 1557 3705; x_wconf 86' lang='lat' dir='ltr'><strong>ut</strong></span> <span class='ocrx_word' id='word_1_556' title='bbox 1585 3654 1735 3707; x_wconf 89' lang='lat' dir='ltr'><strong>etiam</strong></span> 
     </span>
    </p>
   </div>
   <div class='ocr_carea' id='block_1_68' title="bbox 162 3734 1736 3809">
    <p class='ocr_par' dir='ltr' id='par_1_68' title="bbox 162 3734 1736 3809">
     <span class='ocr_line' id='line_1_68' title="bbox 162 3734 1736 3809; baseline 0.008 -23"><span class='ocrx_word' id='word_1_557' title='bbox 162 3752 250 3804; x_wconf 85' lang='lat' dir='ltr'><strong>pro</strong></span> <span class='ocrx_word' id='word_1_558' title='bbox 283 3734 377 3789; x_wconf 89' lang='lat' dir='ltr'><strong>illa</strong></span> <span class='ocrx_word' id='word_1_559' title='bbox 405 3738 691 3807; x_wconf 85' lang='lat' dir='ltr'><strong>patiamini.</strong></span> <span class='ocrx_word' id='word_1_560' title='bbox 736 3737 851 3791; x_wconf 84' lang='lat' dir='ltr'><strong>Non</strong></span> <span class='ocrx_word' id='word_1_561' title='bbox 882 3740 1050 3793; x_wconf 90' lang='lat' dir='ltr'><strong>solum</strong></span> <span class='ocrx_word' id='word_1_562' title='bbox 1083 3740 1202 3794; x_wconf 86' lang='lat' dir='ltr'><strong>ﬁdei</strong></span> <span class='ocrx_word' id='word_1_563' title='bbox 1234 3741 1609 3809; x_wconf 75' lang='lat' dir='ltr'><strong>insipientiam,</strong></span> <span class='ocrx_word' id='word_1_564' title='bbox 1641 3744 1736 3799; x_wconf 89' lang='lat' dir='ltr'><strong>sed</strong></span> 
     </span>
    </p>
   </div>
   <div class='ocr_carea' id='block_1_69' title="bbox 160 3826 1735 3901">
    <p class='ocr_par' dir='ltr' id='par_1_69' title="bbox 160 3826 1735 3901">
     <span class='ocr_line' id='line_1_69' title="bbox 160 3826 1735 3901; baseline 0.003 -21"><span class='ocrx_word' id='word_1_565' title='bbox 160 3826 323 3880; x_wconf 88' lang='lat' dir='ltr'><strong>etiam</strong></span> <span class='ocrx_word' id='word_1_566' title='bbox 355 3827 594 3899; x_wconf 84' lang='lat' dir='ltr'><strong>martyrii</strong></span> <span class='ocrx_word' id='word_1_567' title='bbox 619 3828 814 3883; x_wconf 85' lang='lat' dir='ltr'><strong>donum</strong></span> <span class='ocrx_word' id='word_1_568' title='bbox 841 3843 903 3884; x_wconf 89' lang='lat' dir='ltr'><strong>ac</strong></span> <span class='ocrx_word' id='word_1_569' title='bbox 928 3831 1202 3899; x_wconf 61' lang='lat' dir='ltr'><strong>pra&#39;mium</strong></span> <span class='ocrx_word' id='word_1_570' title='bbox 1234 3831 1302 3885; x_wconf 92' lang='lat' dir='ltr'><strong>ab</strong></span> <span class='ocrx_word' id='word_1_571' title='bbox 1323 3831 1439 3901; x_wconf 89' lang='lat' dir='ltr'><strong>ipso</strong></span> <span class='ocrx_word' id='word_1_572' title='bbox 1461 3834 1735 3889; x_wconf 88' lang='lat' dir='ltr'><strong>habemus.</strong></span> 
     </span>
    </p>
   </div>
   <div class='ocr_carea' id='block_1_70' title="bbox 163 3914 1738 3989">
    <p class='ocr_par' dir='ltr' id='par_1_70' title="bbox 163 3914 1738 3989">
     <span class='ocr_line' id='line_1_70' title="bbox 163 3914 1738 3989; baseline 0.008 -21"><span class='ocrx_word' id='word_1_573' title='bbox 163 3914 314 3970; x_wconf 85' lang='lat' dir='ltr'><strong>Idem</strong></span> <span class='ocrx_word' id='word_1_574' title='bbox 357 3926 605 3971; x_wconf 84' lang='lat' dir='ltr'><strong>certamen</strong></span> <span class='ocrx_word' id='word_1_575' title='bbox 646 3918 903 3982; x_wconf 85' lang='lat' dir='ltr'><strong>habentes,</strong></span> <span class='ocrx_word' id='word_1_576' title='bbox 940 3921 1089 3987; x_wconf 85' lang='lat' dir='ltr'><strong>quale</strong></span> <span class='ocrx_word' id='word_1_577' title='bbox 1137 3930 1185 3974; x_wconf 86' lang='lat' dir='ltr'><strong>et</strong></span> <span class='ocrx_word' id='word_1_578' title='bbox 1226 3924 1422 3977; x_wconf 85' lang='lat' dir='ltr'><strong>vidistis</strong></span> <span class='ocrx_word' id='word_1_579' title='bbox 1460 3926 1513 3978; x_wconf 88' lang='lat' dir='ltr'><strong>in</strong></span> <span class='ocrx_word' id='word_1_580' title='bbox 1549 3943 1646 3989; x_wconf 89' lang='lat' dir='ltr'><strong>me,</strong></span> <span class='ocrx_word' id='word_1_581' title='bbox 1690 3936 1738 3981; x_wconf 87' lang='lat' dir='ltr'><strong>et</strong></span> 
     </span>
    </p>
   </div>
   <div class='ocr_carea' id='block_1_71' title="bbox 162 4008 1740 4078">
    <p class='ocr_par' dir='ltr' id='par_1_71' title="bbox 162 4008 1740 4078">
     <span class='ocr_line' id='line_1_71' title="bbox 162 4008 1740 4078; baseline 0.008 -20"><span class='ocrx_word' id='word_1_582' title='bbox 162 4022 301 4062; x_wconf 82' lang='lat' dir='ltr'><strong>nunc</strong></span> <span class='ocrx_word' id='word_1_583' title='bbox 337 4008 554 4062; x_wconf 86' lang='lat' dir='ltr'><strong>audistis</strong></span> <span class='ocrx_word' id='word_1_584' title='bbox 596 4009 659 4062; x_wconf 91' lang='lat' dir='ltr'><strong>de</strong></span> <span class='ocrx_word' id='word_1_585' title='bbox 699 4025 794 4062; x_wconf 88' lang='lat' dir='ltr'><strong>me.</strong></span> <span class='ocrx_word' id='word_1_586' title='bbox 840 4010 976 4063; x_wconf 83' lang='lat' dir='ltr'><strong>Nihil</strong></span> <span class='ocrx_word' id='word_1_587' title='bbox 1020 4011 1143 4065; x_wconf 87' lang='lat' dir='ltr'><strong>novi</strong></span> <span class='ocrx_word' id='word_1_588' title='bbox 1188 4012 1479 4078; x_wconf 87' lang='lat' dir='ltr'><strong>patiamini,</strong></span> <span class='ocrx_word' id='word_1_589' title='bbox 1516 4017 1608 4068; x_wconf 89' lang='lat' dir='ltr'><strong>sed</strong></span> <span class='ocrx_word' id='word_1_590' title='bbox 1640 4018 1740 4071; x_wconf 87' lang='lat' dir='ltr'><strong>hoc</strong></span> 
     </span>
    </p>
   </div>
   <div class='ocr_carea' id='block_1_72' title="bbox 163 4097 1739 4167">
    <p class='ocr_par' dir='ltr' id='par_1_72' title="bbox 163 4097 1739 4167">
     <span class='ocr_line' id='line_1_72' title="bbox 163 4097 1739 4167; baseline 0.005 -17"><span class='ocrx_word' id='word_1_591' title='bbox 163 4097 304 4165; x_wconf 89' lang='lat' dir='ltr'><strong>quod</strong></span> <span class='ocrx_word' id='word_1_592' title='bbox 328 4106 383 4152; x_wconf 90' lang='lat' dir='ltr'><strong>et</strong></span> <span class='ocrx_word' id='word_1_593' title='bbox 422 4106 710 4167; x_wconf 68' lang='lat' dir='ltr'><strong>praesentes</strong></span> <span class='ocrx_word' id='word_1_594' title='bbox 738 4097 944 4152; x_wconf 89' lang='lat' dir='ltr'><strong>vidistis</strong></span> <span class='ocrx_word' id='word_1_595' title='bbox 969 4097 1035 4153; x_wconf 91' lang='lat' dir='ltr'><strong>de</strong></span> <span class='ocrx_word' id='word_1_596' title='bbox 1067 4113 1178 4165; x_wconf 89' lang='lat' dir='ltr'><strong>me,</strong></span> <span class='ocrx_word' id='word_1_597' title='bbox 1215 4108 1271 4154; x_wconf 89' lang='lat' dir='ltr'><strong>et</strong></span> <span class='ocrx_word' id='word_1_598' title='bbox 1314 4115 1452 4155; x_wconf 92' lang='lat' dir='ltr'><strong>nunc</strong></span> <span class='ocrx_word' id='word_1_599' title='bbox 1489 4102 1739 4159; x_wconf 90' lang='lat' dir='ltr'><strong>absentes</strong></span> 
     </span>
    </p>
   </div>
   <div class='ocr_carea' id='block_1_73' title="bbox 166 4187 411 4241">
    <p class='ocr_par' dir='ltr' id='par_1_73' title="bbox 166 4187 411 4241">
     <span class='ocr_line' id='line_1_73' title="bbox 166 4187 411 4241; baseline 0.008 -4"><span class='ocrx_word' id='word_1_600' title='bbox 166 4187 411 4241; x_wconf 89' lang='lat' dir='ltr'><strong>audistis.</strong></span> 
     </span>
    </p>
   </div>
   <div class='ocr_carea' id='block_1_74' title="bbox 232 4278 1741 4351">
    <p class='ocr_par' dir='ltr' id='par_1_74' title="bbox 232 4278 1741 4351">
     <span class='ocr_line' id='line_1_74' title="bbox 232 4278 1741 4351; baseline 0.004 -17"><span class='ocrx_word' id='word_1_601' title='bbox 232 4278 365 4334; x_wconf 70' lang='lat' dir='ltr'><strong>Car.</strong></span> <span class='ocrx_word' id='word_1_602' title='bbox 417 4295 477 4333; x_wconf 87' lang='lat' dir='ltr'><strong>Il.</strong></span> <span class='ocrx_word' id='word_1_603' title='bbox 520 4279 583 4335; x_wconf 91' lang='lat' dir='ltr'><strong>Si</strong></span> <span class='ocrx_word' id='word_1_604' title='bbox 626 4296 726 4347; x_wconf 90' lang='lat' dir='ltr'><strong>qua</strong></span> <span class='ocrx_word' id='word_1_605' title='bbox 748 4296 868 4351; x_wconf 85' lang='lat' dir='ltr'><strong>ergo</strong></span> <span class='ocrx_word' id='word_1_606' title='bbox 897 4281 1176 4335; x_wconf 86' lang='lat' dir='ltr'><strong>consolatio</strong></span> <span class='ocrx_word' id='word_1_607' title='bbox 1196 4282 1247 4335; x_wconf 90' lang='lat' dir='ltr'><strong>in</strong></span> <span class='ocrx_word' id='word_1_608' title='bbox 1268 4280 1491 4337; x_wconf 80' lang='lat' dir='ltr'><strong>Christo.</strong></span> <span class='ocrx_word' id='word_1_609' title='bbox 1516 4283 1572 4337; x_wconf 84' lang='lat' dir='ltr'><strong>In</strong></span> <span class='ocrx_word' id='word_1_610' title='bbox 1597 4286 1741 4339; x_wconf 91' lang='lat' dir='ltr'><strong>omni</strong></span> 
     </span>
    </p>
   </div>
   <div class='ocr_carea' id='block_1_75' title="bbox 166 4372 1741 4445">
    <p class='ocr_par' dir='ltr' id='par_1_75' title="bbox 166 4372 1741 4445">
     <span class='ocr_line' id='line_1_75' title="bbox 166 4372 1741 4445; baseline 0.004 -20"><span class='ocrx_word' id='word_1_611' title='bbox 166 4372 509 4428; x_wconf 86' lang='lat' dir='ltr'><strong>tribulatione</strong></span> <span class='ocrx_word' id='word_1_612' title='bbox 536 4374 590 4427; x_wconf 94' lang='lat' dir='ltr'><strong>in</strong></span> <span class='ocrx_word' id='word_1_613' title='bbox 610 4373 823 4428; x_wconf 77' lang='lat' dir='ltr'><strong>Christo</strong></span> <span class='ocrx_word' id='word_1_614' title='bbox 851 4374 966 4427; x_wconf 82' lang='lat' dir='ltr'><strong>solo</strong></span> <span class='ocrx_word' id='word_1_615' title='bbox 990 4373 1362 4429; x_wconf 89' lang='lat' dir='ltr'><strong>eonsolamini.</strong></span> <span class='ocrx_word' id='word_1_616' title='bbox 1404 4374 1467 4429; x_wconf 91' lang='lat' dir='ltr'><strong>Si</strong></span> <span class='ocrx_word' id='word_1_617' title='bbox 1492 4377 1628 4445; x_wconf 85' lang='lat' dir='ltr'><strong>quod</strong></span> <span class='ocrx_word' id='word_1_618' title='bbox 1652 4393 1741 4430; x_wconf 85' lang='lat' dir='ltr'><strong>so-</strong></span> 
     </span>
    </p>
   </div>
   <div class='ocr_carea' id='block_1_76' title="bbox 165 4461 1739 4534">
    <p class='ocr_par' dir='ltr' id='par_1_76' title="bbox 165 4461 1739 4534">
     <span class='ocr_line' id='line_1_76' title="bbox 165 4461 1739 4534; baseline 0.004 -20"><span class='ocrx_word' id='word_1_619' title='bbox 165 4463 349 4514; x_wconf 88' lang='lat' dir='ltr'><strong>latium</strong></span> <span class='ocrx_word' id='word_1_620' title='bbox 373 4461 657 4515; x_wconf 85' lang='lat' dir='ltr'><strong>charitatis.</strong></span> <span class='ocrx_word' id='word_1_621' title='bbox 689 4462 803 4516; x_wconf 73' lang='lat' dir='ltr'><strong>Non</strong></span> <span class='ocrx_word' id='word_1_622' title='bbox 830 4463 1142 4518; x_wconf 87' lang='lat' dir='ltr'><strong>amicorum.</strong></span> <span class='ocrx_word' id='word_1_623' title='bbox 1176 4464 1237 4519; x_wconf 89' lang='lat' dir='ltr'><strong>Si</strong></span> <span class='ocrx_word' id='word_1_624' title='bbox 1264 4480 1363 4533; x_wconf 88' lang='lat' dir='ltr'><strong>qua</strong></span> <span class='ocrx_word' id='word_1_625' title='bbox 1390 4466 1601 4519; x_wconf 81' lang='lat' dir='ltr'><strong>societas</strong></span> <span class='ocrx_word' id='word_1_626' title='bbox 1630 4467 1739 4534; x_wconf 86' lang='lat' dir='ltr'><strong>spi-</strong></span> 
     </span>
    </p>
   </div>
   <div class='ocr_carea' id='block_1_77' title="bbox 1838 3275 3405 3350">
    <p class='ocr_par' dir='ltr' id='par_1_77' title="bbox 1838 3275 3405 3350">
     <span class='ocr_line' id='line_1_77' title="bbox 1838 3275 3405 3350; baseline 0.004 -21"><span class='ocrx_word' id='word_1_627' title='bbox 1838 3283 2075 3345; x_wconf 89' lang='lat' dir='ltr'><strong>peccato,</strong></span> <span class='ocrx_word' id='word_1_628' title='bbox 2109 3275 2222 3331; x_wconf 89' lang='lat' dir='ltr'><strong>sive</strong></span> <span class='ocrx_word' id='word_1_629' title='bbox 2260 3277 2314 3331; x_wconf 91' lang='lat' dir='ltr'><strong>in</strong></span> <span class='ocrx_word' id='word_1_630' title='bbox 2341 3291 2448 3345; x_wconf 88' lang='lat' dir='ltr'><strong>quo</strong></span> <span class='ocrx_word' id='word_1_631' title='bbox 2471 3286 2588 3333; x_wconf 91' lang='lat' dir='ltr'><strong>erat</strong></span> <span class='ocrx_word' id='word_1_632' title='bbox 2614 3277 2774 3344; x_wconf 86' lang='lat' dir='ltr'><strong>Deus,</strong></span> <span class='ocrx_word' id='word_1_633' title='bbox 2808 3279 2860 3333; x_wconf 91' lang='lat' dir='ltr'><strong>id</strong></span> <span class='ocrx_word' id='word_1_634' title='bbox 2895 3288 2996 3345; x_wconf 90' lang='lat' dir='ltr'><strong>est,</strong></span> <span class='ocrx_word' id='word_1_635' title='bbox 3036 3281 3306 3350; x_wconf 91' lang='lat' dir='ltr'><strong>plenitudo</strong></span> <span class='ocrx_word' id='word_1_636' title='bbox 3330 3282 3405 3335; x_wconf 61' lang='lat' dir='ltr'><strong>di.</strong></span> 
     </span>
    </p>
   </div>
   <div class='ocr_carea' id='block_1_78' title="bbox 1836 3365 3413 3441">
    <p class='ocr_par' dir='ltr' id='par_1_78' title="bbox 1836 3365 3413 3441">
     <span class='ocr_line' id='line_1_78' title="bbox 1836 3365 3413 3441; baseline 0.001 -19"><span class='ocrx_word' id='word_1_637' title='bbox 1836 3365 2090 3422; x_wconf 86' lang='lat' dir='ltr'><strong>vinitatis.</strong></span> <span class='ocrx_word' id='word_1_638' title='bbox 2119 3365 2243 3420; x_wconf 90' lang='lat' dir='ltr'><strong>Non</strong></span> <span class='ocrx_word' id='word_1_639' title='bbox 2272 3368 2507 3438; x_wconf 82' lang='lat' dir='ltr'><strong>rapinam</strong></span> <span class='ocrx_word' id='word_1_640' title='bbox 2540 3367 2815 3423; x_wconf 86' lang='lat' dir='ltr'><strong>arbitratus</strong></span> <span class='ocrx_word' id='word_1_641' title='bbox 2839 3380 2932 3435; x_wconf 89' lang='lat' dir='ltr'><strong>est,</strong></span> <span class='ocrx_word' id='word_1_642' title='bbox 2953 3386 3063 3426; x_wconf 87' lang='lat' dir='ltr'><strong>esse</strong></span> <span class='ocrx_word' id='word_1_643' title='bbox 3086 3387 3141 3424; x_wconf 89' lang='lat' dir='ltr'><strong>se</strong></span> <span class='ocrx_word' id='word_1_644' title='bbox 3163 3372 3413 3441; x_wconf 77' lang='lat' dir='ltr'><strong>wqualem</strong></span> 
     </span>
    </p>
   </div>
   <div class='ocr_carea' id='block_1_79' title="bbox 1836 3459 3411 3527">
    <p class='ocr_par' dir='ltr' id='par_1_79' title="bbox 1836 3459 3411 3527">
     <span class='ocr_line' id='line_1_79' title="bbox 1836 3459 3411 3527; baseline 0.004 -15"><span class='ocrx_word' id='word_1_645' title='bbox 1836 3459 1966 3515; x_wconf 86' lang='lat' dir='ltr'><strong>Deo.</strong></span> <span class='ocrx_word' id='word_1_646' title='bbox 1994 3460 2146 3526; x_wconf 90' lang='lat' dir='ltr'><strong>Quod</strong></span> <span class='ocrx_word' id='word_1_647' title='bbox 2173 3469 2291 3517; x_wconf 90' lang='lat' dir='ltr'><strong>erat</strong></span> <span class='ocrx_word' id='word_1_648' title='bbox 2320 3460 2617 3515; x_wconf 90' lang='lat' dir='ltr'><strong>humilitate</strong></span> <span class='ocrx_word' id='word_1_649' title='bbox 2645 3462 2860 3527; x_wconf 88' lang='lat' dir='ltr'><strong>celavit,</strong></span> <span class='ocrx_word' id='word_1_650' title='bbox 2889 3463 3024 3517; x_wconf 89' lang='lat' dir='ltr'><strong>dans</strong></span> <span class='ocrx_word' id='word_1_651' title='bbox 3053 3463 3205 3519; x_wconf 91' lang='lat' dir='ltr'><strong>nobis</strong></span> <span class='ocrx_word' id='word_1_652' title='bbox 3230 3479 3411 3525; x_wconf 75' lang='lat' dir='ltr'><strong>exem-</strong></span> 
     </span>
    </p>
   </div>
   <div class='ocr_carea' id='block_1_80' title="bbox 1839 3551 3413 3624">
    <p class='ocr_par' dir='ltr' id='par_1_80' title="bbox 1839 3551 3413 3624">
     <span class='ocr_line' id='line_1_80' title="bbox 1839 3551 3413 3624; baseline 0.001 -18"><span class='ocrx_word' id='word_1_653' title='bbox 1839 3551 2006 3621; x_wconf 89' lang='lat' dir='ltr'><strong>plum,</strong></span> <span class='ocrx_word' id='word_1_654' title='bbox 2035 3567 2102 3606; x_wconf 93' lang='lat' dir='ltr'><strong>ne</strong></span> <span class='ocrx_word' id='word_1_655' title='bbox 2130 3551 2197 3607; x_wconf 88' lang='lat' dir='ltr'><strong>de</strong></span> <span class='ocrx_word' id='word_1_656' title='bbox 2226 3551 2382 3608; x_wconf 90' lang='lat' dir='ltr'><strong>nobis</strong></span> <span class='ocrx_word' id='word_1_657' title='bbox 2421 3553 2474 3606; x_wconf 92' lang='lat' dir='ltr'><strong>in</strong></span> <span class='ocrx_word' id='word_1_658' title='bbox 2502 3552 2717 3621; x_wconf 87' lang='lat' dir='ltr'><strong>aliquod</strong></span> <span class='ocrx_word' id='word_1_659' title='bbox 2744 3553 3073 3621; x_wconf 74' lang='lat' dir='ltr'><strong>gloriemur:</strong></span> <span class='ocrx_word' id='word_1_660' title='bbox 3106 3569 3209 3609; x_wconf 91' lang='lat' dir='ltr'><strong>non</strong></span> <span class='ocrx_word' id='word_1_661' title='bbox 3239 3556 3413 3624; x_wconf 90' lang='lat' dir='ltr'><strong>rapuit</strong></span> 
     </span>
    </p>
   </div>
   <div class='ocr_carea' id='block_1_81' title="bbox 1837 3640 3410 3714">
    <p class='ocr_par' dir='ltr' id='par_1_81' title="bbox 1837 3640 3410 3714">
     <span class='ocr_line' id='line_1_81' title="bbox 1837 3640 3410 3714; baseline 0.001 -19"><span class='ocrx_word' id='word_1_662' title='bbox 1837 3640 1978 3711; x_wconf 90' lang='lat' dir='ltr'><strong>quod</strong></span> <span class='ocrx_word' id='word_1_663' title='bbox 2007 3641 2252 3706; x_wconf 88' lang='lat' dir='ltr'><strong>habebat,</strong></span> <span class='ocrx_word' id='word_1_664' title='bbox 2293 3643 2346 3697; x_wconf 85' lang='lat' dir='ltr'><strong>id</strong></span> <span class='ocrx_word' id='word_1_665' title='bbox 2382 3650 2465 3698; x_wconf 91' lang='lat' dir='ltr'><strong>est</strong></span> <span class='ocrx_word' id='word_1_666' title='bbox 2498 3643 2853 3712; x_wconf 71' lang='lat' dir='ltr'><strong>aequalitatem</strong></span> <span class='ocrx_word' id='word_1_667' title='bbox 2907 3645 3101 3710; x_wconf 85' lang='lat' dir='ltr'><strong>Patris,</strong></span> <span class='ocrx_word' id='word_1_668' title='bbox 3131 3660 3286 3714; x_wconf 87' lang='lat' dir='ltr'><strong>quam</strong></span> <span class='ocrx_word' id='word_1_669' title='bbox 3316 3661 3410 3698; x_wconf 82' lang='lat' dir='ltr'><strong>na-</strong></span> 
     </span>
    </p>
   </div>
   <div class='ocr_carea' id='block_1_82' title="bbox 1839 3732 3414 3803">
    <p class='ocr_par' dir='ltr' id='par_1_82' title="bbox 1839 3732 3414 3803">
     <span class='ocr_line' id='line_1_82' title="bbox 1839 3732 3414 3803; baseline 0.001 -17"><span class='ocrx_word' id='word_1_670' title='bbox 1839 3733 2078 3787; x_wconf 82' lang='lat' dir='ltr'><strong>turaliter</strong></span> <span class='ocrx_word' id='word_1_671' title='bbox 2099 3732 2346 3800; x_wconf 89' lang='lat' dir='ltr'><strong>habeba&#39;,</strong></span> <span class='ocrx_word' id='word_1_672' title='bbox 2370 3748 2473 3787; x_wconf 92' lang='lat' dir='ltr'><strong>non</strong></span> <span class='ocrx_word' id='word_1_673' title='bbox 2495 3732 2687 3803; x_wconf 90' lang='lat' dir='ltr'><strong>rapuit.</strong></span> <span class='ocrx_word' id='word_1_674' title='bbox 2717 3732 2823 3788; x_wconf 88' lang='lat' dir='ltr'><strong>Sed</strong></span> <span class='ocrx_word' id='word_1_675' title='bbox 2841 3737 3161 3803; x_wconf 87' lang='lat' dir='ltr'><strong>semetipsum</strong></span> <span class='ocrx_word' id='word_1_676' title='bbox 3180 3736 3414 3789; x_wconf 71' lang='lat' dir='ltr'><strong>exinani-</strong></span> 
     </span>
    </p>
   </div>
   <div class='ocr_carea' id='block_1_83' title="bbox 1837 3823 3427 3894">
    <p class='ocr_par' dir='ltr' id='par_1_83' title="bbox 1837 3823 3427 3894">
     <span class='ocr_line' id='line_1_83' title="bbox 1837 3823 3427 3894; baseline 0.002 -18"><span class='ocrx_word' id='word_1_677' title='bbox 1837 3824 1925 3876; x_wconf 87' lang='lat' dir='ltr'><strong>vit.</strong></span> <span class='ocrx_word' id='word_1_678' title='bbox 1957 3823 2290 3879; x_wconf 87' lang='lat' dir='ltr'><strong>Assumendo</strong></span> <span class='ocrx_word' id='word_1_679' title='bbox 2314 3825 2455 3894; x_wconf 89' lang='lat' dir='ltr'><strong>quod</strong></span> <span class='ocrx_word' id='word_1_680' title='bbox 2496 3839 2602 3878; x_wconf 90' lang='lat' dir='ltr'><strong>non</strong></span> <span class='ocrx_word' id='word_1_681' title='bbox 2642 3835 2777 3892; x_wconf 77' lang='lat' dir='ltr'><strong>erat,</strong></span> <span class='ocrx_word' id='word_1_682' title='bbox 2808 3839 2913 3879; x_wconf 90' lang='lat' dir='ltr'><strong>non</strong></span> <span class='ocrx_word' id='word_1_683' title='bbox 2950 3826 3243 3881; x_wconf 88' lang='lat' dir='ltr'><strong>amittendo</strong></span> <span class='ocrx_word' id='word_1_684' title='bbox 3270 3826 3427 3894; x_wconf 88' lang='lat' dir='ltr'><strong>quod</strong></span> 
     </span>
    </p>
   </div>
   <div class='ocr_carea' id='block_1_84' title="bbox 1839 3911 3409 3983">
    <p class='ocr_par' dir='ltr' id='par_1_84' title="bbox 1839 3911 3409 3983">
     <span class='ocr_line' id='line_1_84' title="bbox 1839 3911 3409 3983; baseline 0.001 -16"><span class='ocrx_word' id='word_1_685' title='bbox 1839 3921 1974 3968; x_wconf 87' lang='lat' dir='ltr'><strong>erat.</strong></span> <span class='ocrx_word' id='word_1_686' title='bbox 2018 3911 2264 3968; x_wconf 86' lang='lat' dir='ltr'><strong>Formam</strong></span> <span class='ocrx_word' id='word_1_687' title='bbox 2305 3917 2454 3968; x_wconf 84' lang='lat' dir='ltr'><strong>servi.</strong></span> <span class='ocrx_word' id='word_1_688' title='bbox 2492 3913 2567 3968; x_wconf 84' lang='lat' dir='ltr'><strong>Ita</strong></span> <span class='ocrx_word' id='word_1_689' title='bbox 2597 3922 2653 3967; x_wconf 88' lang='lat' dir='ltr'><strong>ut</strong></span> <span class='ocrx_word' id='word_1_690' title='bbox 2682 3914 2845 3983; x_wconf 85' lang='lat' dir='ltr'><strong>pedes</strong></span> <span class='ocrx_word' id='word_1_691' title='bbox 2878 3913 3102 3981; x_wconf 83' lang='lat' dir='ltr'><strong>lavaret,</strong></span> <span class='ocrx_word' id='word_1_692' title='bbox 3142 3915 3273 3969; x_wconf 83' lang='lat' dir='ltr'><strong>nihil</strong></span> <span class='ocrx_word' id='word_1_693' title='bbox 3307 3915 3409 3969; x_wconf 85' lang='lat' dir='ltr'><strong>sibi</strong></span> 
     </span>
    </p>
   </div>
   <div class='ocr_carea' id='block_1_85' title="bbox 1840 4004 3409 4074">
    <p class='ocr_par' dir='ltr' id='par_1_85' title="bbox 1840 4004 3409 4074">
     <span class='ocr_line' id='line_1_85' title="bbox 1840 4004 3409 4074; baseline 0.003 -17"><span class='ocrx_word' id='word_1_694' title='bbox 1840 4004 2115 4059; x_wconf 87' lang='lat' dir='ltr'><strong>vindicans</strong></span> <span class='ocrx_word' id='word_1_695' title='bbox 2143 4008 2442 4074; x_wconf 89' lang='lat' dir='ltr'><strong>potestatis,</strong></span> <span class='ocrx_word' id='word_1_696' title='bbox 2465 4020 2624 4074; x_wconf 88' lang='lat' dir='ltr'><strong>quam</strong></span> <span class='ocrx_word' id='word_1_697' title='bbox 2648 4006 2870 4062; x_wconf 88' lang='lat' dir='ltr'><strong>haberet</strong></span> <span class='ocrx_word' id='word_1_698' title='bbox 2897 4007 3134 4061; x_wconf 90' lang='lat' dir='ltr'><strong>omnium</strong></span> <span class='ocrx_word' id='word_1_699' title='bbox 3161 4006 3409 4061; x_wconf 89' lang='lat' dir='ltr'><strong>domina-</strong></span> 
     </span>
    </p>
   </div>
   <div class='ocr_carea' id='block_1_86' title="bbox 1841 4097 3415 4166">
    <p class='ocr_par' dir='ltr' id='par_1_86' title="bbox 1841 4097 3415 4166">
     <span class='ocr_line' id='line_1_86' title="bbox 1841 4097 3415 4166; baseline 0.002 -17"><span class='ocrx_word' id='word_1_700' title='bbox 1841 4103 1973 4161; x_wconf 89' lang='lat' dir='ltr'><strong>tum,</strong></span> <span class='ocrx_word' id='word_1_701' title='bbox 2003 4097 2153 4164; x_wconf 90' lang='lat' dir='ltr'><strong>quasi</strong></span> <span class='ocrx_word' id='word_1_702' title='bbox 2182 4097 2444 4166; x_wconf 83' lang='lat' dir='ltr'><strong>llnigenili</strong></span> <span class='ocrx_word' id='word_1_703' title='bbox 2473 4111 2503 4149; x_wconf 89' lang='lat' dir='ltr'><strong>a</strong></span> <span class='ocrx_word' id='word_1_704' title='bbox 2535 4097 2711 4151; x_wconf 77' lang='lat' dir='ltr'><strong>Patre.</strong></span> <span class='ocrx_word' id='word_1_705' title='bbox 2749 4098 3034 4164; x_wconf 81' lang='lat' dir='ltr'><strong>Accipiens.</strong></span> <span class='ocrx_word' id='word_1_706' title='bbox 3065 4097 3289 4152; x_wconf 86' lang='lat' dir='ltr'><strong>Carnem</strong></span> <span class='ocrx_word' id='word_1_707' title='bbox 3320 4113 3415 4152; x_wconf 87' lang='lat' dir='ltr'><strong>no-</strong></span> 
     </span>
    </p>
   </div>
   <div class='ocr_carea' id='block_1_87' title="bbox 1840 4184 3427 4253">
    <p class='ocr_par' dir='ltr' id='par_1_87' title="bbox 1840 4184 3427 4253">
     <span class='ocr_line' id='line_1_87' title="bbox 1840 4184 3427 4253; baseline 0.002 -16"><span class='ocrx_word' id='word_1_708' title='bbox 1840 4192 2007 4237; x_wconf 85' lang='lat' dir='ltr'><strong>stram</strong></span> <span class='ocrx_word' id='word_1_709' title='bbox 2038 4186 2392 4251; x_wconf 87' lang='lat' dir='ltr'><strong>peccatricem</strong></span> <span class='ocrx_word' id='word_1_710' title='bbox 2418 4186 2533 4238; x_wconf 89' lang='lat' dir='ltr'><strong>sine</strong></span> <span class='ocrx_word' id='word_1_711' title='bbox 2556 4196 2791 4253; x_wconf 87' lang='lat' dir='ltr'><strong>peccato.</strong></span> <span class='ocrx_word' id='word_1_712' title='bbox 2823 4184 2888 4237; x_wconf 88' lang='lat' dir='ltr'><strong>In</strong></span> <span class='ocrx_word' id='word_1_713' title='bbox 2917 4187 3302 4243; x_wconf 82' lang='lat' dir='ltr'><strong>similitudinem</strong></span> <span class='ocrx_word' id='word_1_714' title='bbox 3325 4189 3427 4240; x_wconf 46' lang='lat' dir='ltr'><strong>ha»</strong></span> 
     </span>
    </p>
   </div>
   <div class='ocr_carea' id='block_1_88' title="bbox 1790 4276 3413 4345">
    <p class='ocr_par' dir='ltr' id='par_1_88' title="bbox 1790 4276 3413 4345">
     <span class='ocr_line' id='line_1_88' title="bbox 1790 4276 3413 4345; baseline 0 -16"><span class='ocrx_word' id='word_1_715' title='bbox 1790 4298 1793 4301; x_wconf 51' lang='grc' dir='ltr'><strong>ί</strong></span> <span class='ocrx_word' id='word_1_716' title='bbox 1841 4277 2037 4329; x_wconf 88' lang='lat' dir='ltr'><strong>minum</strong></span> <span class='ocrx_word' id='word_1_717' title='bbox 2066 4278 2253 4345; x_wconf 75' lang='lat' dir='ltr'><strong>factus.</strong></span> <span class='ocrx_word' id='word_1_718' title='bbox 2289 4276 2405 4331; x_wconf 86' lang='lat' dir='ltr'><strong>Non</strong></span> <span class='ocrx_word' id='word_1_719' title='bbox 2432 4289 2647 4343; x_wconf 86' lang='lat' dir='ltr'><strong>semper</strong></span> <span class='ocrx_word' id='word_1_720' title='bbox 2674 4276 2968 4330; x_wconf 85' lang='lat' dir='ltr'><strong>similitudo</strong></span> <span class='ocrx_word' id='word_1_721' title='bbox 2994 4291 3117 4329; x_wconf 89' lang='lat' dir='ltr'><strong>vera</strong></span> <span class='ocrx_word' id='word_1_722' title='bbox 3146 4286 3262 4340; x_wconf 85' lang='lat' dir='ltr'><strong>est;</strong></span> <span class='ocrx_word' id='word_1_723' title='bbox 3292 4292 3413 4329; x_wconf 90' lang='lat' dir='ltr'><strong>nam</strong></span> 
     </span>
    </p>
   </div>
   <div class='ocr_carea' id='block_1_89' title="bbox 1842 4363 3415 4434">
    <p class='ocr_par' dir='ltr' id='par_1_89' title="bbox 1842 4363 3415 4434">
     <span class='ocr_line' id='line_1_89' title="bbox 1842 4363 3415 4434; baseline -0.001 -14"><span class='ocrx_word' id='word_1_724' title='bbox 1842 4364 2028 4434; x_wconf 78' lang='lat' dir='ltr'><strong>genuit</strong></span> <span class='ocrx_word' id='word_1_725' title='bbox 2048 4365 2216 4418; x_wconf 88' lang='lat' dir='ltr'><strong>Adam</strong></span> <span class='ocrx_word' id='word_1_726' title='bbox 2251 4363 2416 4417; x_wconf 83' lang='lat' dir='ltr'><strong>ﬁlium</strong></span> <span class='ocrx_word' id='word_1_727' title='bbox 2452 4364 2743 4417; x_wconf 88' lang='lat' dir='ltr'><strong>secundum</strong></span> <span class='ocrx_word' id='word_1_728' title='bbox 2781 4363 3065 4430; x_wconf 80' lang='lat' dir='ltr'><strong>imaginem</strong></span> <span class='ocrx_word' id='word_1_729' title='bbox 3092 4374 3146 4417; x_wconf 89' lang='lat' dir='ltr'><strong>et</strong></span> <span class='ocrx_word' id='word_1_730' title='bbox 3173 4364 3415 4418; x_wconf 88' lang='lat' dir='ltr'><strong>similitu-</strong></span> 
     </span>
    </p>
   </div>
   <div class='ocr_carea' id='block_1_90' title="bbox 1843 4454 3415 4522">
    <p class='ocr_par' dir='ltr' id='par_1_90' title="bbox 1843 4454 3415 4522">
     <span class='ocr_line' id='line_1_90' title="bbox 1843 4454 3415 4522; baseline 0.001 -12"><span class='ocrx_word' id='word_1_731' title='bbox 1843 4456 2021 4510; x_wconf 88' lang='lat' dir='ltr'><strong>dinem</strong></span> <span class='ocrx_word' id='word_1_732' title='bbox 2050 4469 2200 4509; x_wconf 86' lang='lat' dir='ltr'><strong>suam</strong></span> <span class='ocrx_word' id='word_1_733' title='bbox 2220 4493 2237 4521; x_wconf 91' lang='lat'><strong>,</strong></span> <span class='ocrx_word' id='word_1_734' title='bbox 2264 4463 2319 4509; x_wconf 88' lang='lat' dir='ltr'><strong>et</strong></span> <span class='ocrx_word' id='word_1_735' title='bbox 2342 4454 2551 4510; x_wconf 88' lang='lat' dir='ltr'><strong>vocavit</strong></span> <span class='ocrx_word' id='word_1_736' title='bbox 2585 4468 2778 4509; x_wconf 90' lang='lat' dir='ltr'><strong>nomen</strong></span> <span class='ocrx_word' id='word_1_737' title='bbox 2816 4454 2930 4522; x_wconf 87' lang='lat' dir='ltr'><strong>ejus</strong></span> <span class='ocrx_word' id='word_1_738' title='bbox 2952 4455 3105 4512; x_wconf 85' lang='lat' dir='ltr'><strong>Seth.</strong></span> <span class='ocrx_word' id='word_1_739' title='bbox 3151 4456 3217 4510; x_wconf 86' lang='lat' dir='ltr'><strong>Et</strong></span> <span class='ocrx_word' id='word_1_740' title='bbox 3242 4456 3415 4511; x_wconf 86' lang='lat' dir='ltr'><strong>habitu</strong></span> 
     </span>
    </p>
   </div>
   <div class='ocr_carea' id='block_1_91' title="bbox 165 4544 1735 4625">
    <p class='ocr_par' dir='ltr' id='par_1_91' title="bbox 165 4551 1735 4625">
     <span class='ocr_line' id='line_1_91' title="bbox 165 4551 1735 4625; baseline 0.003 -20"><span class='ocrx_word' id='word_1_741' title='bbox 165 4554 318 4605; x_wconf 88' lang='lat' dir='ltr'><strong>ritus.</strong></span> <span class='ocrx_word' id='word_1_742' title='bbox 347 4551 698 4625; x_wconf 88' lang='lat' dir='ltr'><strong>Spiritalium,</strong></span> <span class='ocrx_word' id='word_1_743' title='bbox 723 4566 827 4605; x_wconf 90' lang='lat' dir='ltr'><strong>non</strong></span> <span class='ocrx_word' id='word_1_744' title='bbox 854 4553 1166 4608; x_wconf 86' lang='lat' dir='ltr'><strong>carnalium.</strong></span> <span class='ocrx_word' id='word_1_745' title='bbox 1201 4555 1263 4609; x_wconf 91' lang='lat' dir='ltr'><strong>Si</strong></span> <span class='ocrx_word' id='word_1_746' title='bbox 1297 4571 1399 4625; x_wconf 88' lang='lat' dir='ltr'><strong>qua</strong></span> <span class='ocrx_word' id='word_1_747' title='bbox 1424 4556 1612 4610; x_wconf 85' lang='lat' dir='ltr'><strong>viscera</strong></span> <span class='ocrx_word' id='word_1_748' title='bbox 1645 4558 1735 4609; x_wconf 89' lang='lat' dir='ltr'><strong>mi-</strong></span> 
     </span>
    </p>
   </div>
   <div class='ocr_carea' id='block_1_92' title="bbox 1837 4544 3414 4625">
    <p class='ocr_par' dir='ltr' id='par_1_92' title="bbox 1843 4544 3414 4615">
     <span class='ocr_line' id='line_1_92' title="bbox 1843 4544 3414 4615; baseline 0.001 -15"><span class='ocrx_word' id='word_1_749' title='bbox 1843 4548 2069 4601; x_wconf 85' lang='lat' dir='ltr'><strong>iuventus</strong></span> <span class='ocrx_word' id='word_1_750' title='bbox 2104 4554 2159 4599; x_wconf 90' lang='lat' dir='ltr'><strong>ut</strong></span> <span class='ocrx_word' id='word_1_751' title='bbox 2189 4545 2365 4613; x_wconf 81' lang='lat' dir='ltr'><strong>homo,</strong></span> <span class='ocrx_word' id='word_1_752' title='bbox 2394 4544 2679 4599; x_wconf 68' lang='lat' dir='ltr'><strong>humiliavit</strong></span> <span class='ocrx_word' id='word_1_753' title='bbox 2716 4547 3056 4615; x_wconf 81' lang='lat' dir='ltr'><strong>semetipsum;</strong></span> <span class='ocrx_word' id='word_1_754' title='bbox 3093 4547 3259 4615; x_wconf 84' lang='lat' dir='ltr'><strong>factus</strong></span> <span class='ocrx_word' id='word_1_755' title='bbox 3302 4548 3414 4601; x_wconf 89' lang='lat' dir='ltr'><strong>obe-</strong></span> 
     </span>
    </p>
   </div>
   <div class='ocr_carea' id='block_1_93' title="bbox 166 4624 1742 4715">
    <p class='ocr_par' dir='ltr' id='par_1_93' title="bbox 166 4624 1742 4715">
     <span class='ocr_line' id='line_1_93' title="bbox 166 4624 1742 4715; baseline 0.004 -20"><span class='ocrx_word' id='word_1_756' title='bbox 166 4642 454 4695; x_wconf 78' lang='lat' dir='ltr'><strong>serationis.</strong></span> <span class='ocrx_word' id='word_1_757' title='bbox 482 4624 655 4697; x_wconf 62' lang='lat' dir='ltr'><strong>Vestii</strong></span> <span class='ocrx_word' id='word_1_758' title='bbox 683 4643 1027 4710; x_wconf 86' lang='lat' dir='ltr'><strong>miseremini,</strong></span> <span class='ocrx_word' id='word_1_759' title='bbox 1059 4658 1162 4697; x_wconf 88' lang='lat' dir='ltr'><strong>non</strong></span> <span class='ocrx_word' id='word_1_760' title='bbox 1192 4654 1489 4713; x_wconf 90' lang='lat' dir='ltr'><strong>parentum.</strong></span> <span class='ocrx_word' id='word_1_761' title='bbox 1524 4646 1742 4715; x_wconf 84' lang='lat' dir='ltr'><strong>lmplete</strong></span> 
     </span>
    </p>
   </div>
   <div class='ocr_carea' id='block_1_94' title="bbox 166 4721 1737 4803">
    <p class='ocr_par' dir='ltr' id='par_1_94' title="bbox 166 4721 1737 4803">
     <span class='ocr_line' id='line_1_94' title="bbox 166 4721 1737 4803; baseline 0.006 -20"><span class='ocrx_word' id='word_1_762' title='bbox 166 4731 413 4801; x_wconf 82' lang='lat' dir='ltr'><strong>gaudium</strong></span> <span class='ocrx_word' id='word_1_763' title='bbox 437 4747 625 4785; x_wconf 81' lang='lat' dir='ltr'><strong>meum.</strong></span> <span class='ocrx_word' id='word_1_764' title='bbox 672 4721 728 4786; x_wconf 81' lang='lat' dir='ltr'><strong>in</strong></span> <span class='ocrx_word' id='word_1_765' title='bbox 756 4732 947 4787; x_wconf 88' lang='lat' dir='ltr'><strong>talibus</strong></span> <span class='ocrx_word' id='word_1_766' title='bbox 975 4733 1246 4803; x_wconf 87' lang='lat' dir='ltr'><strong>discipulis</strong></span> <span class='ocrx_word' id='word_1_767' title='bbox 1279 4736 1465 4792; x_wconf 89' lang='lat' dir='ltr'><strong>doctor</strong></span> <span class='ocrx_word' id='word_1_768' title='bbox 1487 4738 1737 4793; x_wconf 82' lang='lat' dir='ltr'><strong>exsultat.</strong></span> 
     </span>
    </p>
   </div>
   <div class='ocr_carea' id='block_1_95' title="bbox 171 4821 1738 4891">
    <p class='ocr_par' dir='ltr' id='par_1_95' title="bbox 171 4821 1738 4891">
     <span class='ocr_line' id='line_1_95' title="bbox 171 4821 1738 4891; baseline 0.003 -16"><span class='ocrx_word' id='word_1_769' title='bbox 171 4821 238 4875; x_wconf 89' lang='lat' dir='ltr'><strong>Ut</strong></span> <span class='ocrx_word' id='word_1_770' title='bbox 261 4821 397 4875; x_wconf 88' lang='lat' dir='ltr'><strong>idem</strong></span> <span class='ocrx_word' id='word_1_771' title='bbox 416 4822 649 4891; x_wconf 83' lang='lat' dir='ltr'><strong>sapiatis.</strong></span> <span class='ocrx_word' id='word_1_772' title='bbox 684 4822 795 4877; x_wconf 83' lang='lat' dir='ltr'><strong>lioc</strong></span> <span class='ocrx_word' id='word_1_773' title='bbox 822 4824 1013 4891; x_wconf 87' lang='lat' dir='ltr'><strong>ipsum.</strong></span> <span class='ocrx_word' id='word_1_774' title='bbox 1049 4823 1294 4878; x_wconf 88' lang='lat' dir='ltr'><strong>Eamdem</strong></span> <span class='ocrx_word' id='word_1_775' title='bbox 1314 4827 1613 4880; x_wconf 86' lang='lat' dir='ltr'><strong>charitatem</strong></span> <span class='ocrx_word' id='word_1_776' title='bbox 1640 4828 1738 4880; x_wconf 85' lang='lat' dir='ltr'><strong>ha-</strong></span> 
     </span>
    </p>
   </div>
   <div class='ocr_carea' id='block_1_96' title="bbox 170 4911 1739 4983">
    <p class='ocr_par' dir='ltr' id='par_1_96' title="bbox 170 4911 1739 4983">
     <span class='ocr_line' id='line_1_96' title="bbox 170 4911 1739 4983; baseline 0.003 -17"><span class='ocrx_word' id='word_1_777' title='bbox 170 4914 357 4976; x_wconf 86' lang='lat' dir='ltr'><strong>bentes,</strong></span> <span class='ocrx_word' id='word_1_778' title='bbox 400 4912 681 4965; x_wconf 86' lang='lat' dir='ltr'><strong>unanimes.</strong></span> <span class='ocrx_word' id='word_1_779' title='bbox 729 4911 926 4965; x_wconf 90' lang='lat' dir='ltr'><strong>Omnes</strong></span> <span class='ocrx_word' id='word_1_780' title='bbox 954 4914 1008 4966; x_wconf 90' lang='lat' dir='ltr'><strong>in</strong></span> <span class='ocrx_word' id='word_1_781' title='bbox 1051 4914 1388 4983; x_wconf 89' lang='lat' dir='ltr'><strong>alterutrum.</strong></span> <span class='ocrx_word' id='word_1_782' title='bbox 1417 4914 1599 4981; x_wconf 86' lang='lat' dir='ltr'><strong>Ipsum</strong></span> <span class='ocrx_word' id='word_1_783' title='bbox 1625 4934 1739 4971; x_wconf 87' lang='lat' dir='ltr'><strong>sen-</strong></span> 
     </span>
    </p>
   </div>
   <div class='ocr_carea' id='block_1_97' title="bbox 171 5000 1741 5073">
    <p class='ocr_par' dir='ltr' id='par_1_97' title="bbox 171 5000 1741 5073">
     <span class='ocr_line' id='line_1_97' title="bbox 171 5000 1741 5073; baseline 0.004 -18"><span class='ocrx_word' id='word_1_784' title='bbox 171 5005 364 5056; x_wconf 84' lang='lat' dir='ltr'><strong>tientes.</strong></span> <span class='ocrx_word' id='word_1_785' title='bbox 382 5001 489 5056; x_wconf 85' lang='lat' dir='ltr'><strong>lloc</strong></span> <span class='ocrx_word' id='word_1_786' title='bbox 504 5001 656 5056; x_wconf 88' lang='lat' dir='ltr'><strong>alteri</strong></span> <span class='ocrx_word' id='word_1_787' title='bbox 677 5000 869 5067; x_wconf 77' lang='lat' dir='ltr'><strong>sentio,</strong></span> <span class='ocrx_word' id='word_1_788' title='bbox 889 5016 993 5071; x_wconf 91' lang='lat' dir='ltr'><strong>quo</strong></span> <span class='ocrx_word' id='word_1_789' title='bbox 1011 5002 1103 5056; x_wconf 93' lang='lat' dir='ltr'><strong>tibi</strong></span> <span class='ocrx_word' id='word_1_790' title='bbox 1119 5004 1256 5071; x_wconf 87' lang='lat' dir='ltr'><strong>(sic).</strong></span> <span class='ocrx_word' id='word_1_791' title='bbox 1274 5004 1423 5057; x_wconf 85' lang='lat' dir='ltr'><strong>Nihil</strong></span> <span class='ocrx_word' id='word_1_792' title='bbox 1439 5023 1525 5073; x_wconf 86' lang='lat' dir='ltr'><strong>per</strong></span> <span class='ocrx_word' id='word_1_793' title='bbox 1537 5018 1741 5062; x_wconf 57' lang='lat' dir='ltr'><strong>conten.</strong></span> 
     </span>
    </p>
   </div>
   <div class='ocr_carea' id='block_1_98' title="bbox 173 5094 1742 5177">
    <p class='ocr_par' dir='ltr' id='par_1_98' title="bbox 173 5094 1742 5177">
     <span class='ocr_line' id='line_1_98' title="bbox 173 5094 1742 5177; baseline 0.005 -30"><span class='ocrx_word' id='word_1_794' title='bbox 173 5097 379 5163; x_wconf 84' lang='lat' dir='ltr'><strong>tionem,</strong></span> <span class='ocrx_word' id='word_1_795' title='bbox 407 5111 566 5163; x_wconf 87' lang='lat' dir='ltr'><strong>neque</strong></span> <span class='ocrx_word' id='word_1_796' title='bbox 594 5111 686 5165; x_wconf 90' lang='lat' dir='ltr'><strong>per</strong></span> <span class='ocrx_word' id='word_1_797' title='bbox 712 5095 913 5147; x_wconf 86' lang='lat' dir='ltr'><strong>inanem</strong></span> <span class='ocrx_word' id='word_1_798' title='bbox 946 5094 1183 5165; x_wconf 85' lang='lat' dir='ltr'><strong>gloriam.</strong></span> <span class='ocrx_word' id='word_1_799' title='bbox 1222 5094 1299 5148; x_wconf 87' lang='lat' dir='ltr'><strong>Ne</strong></span> <span class='ocrx_word' id='word_1_800' title='bbox 1333 5096 1527 5177; x_wconf 73' lang='lat' dir='ltr'><strong>aliquid</strong></span> <span class='ocrx_word' id='word_1_801' title='bbox 1569 5100 1620 5152; x_wconf 91' lang='lat' dir='ltr'><strong>in</strong></span> <span class='ocrx_word' id='word_1_802' title='bbox 1652 5102 1742 5155; x_wconf 89' lang='lat' dir='ltr'><strong>Dei</strong></span> 
     </span>
    </p>
   </div>
   <div class='ocr_carea' id='block_1_99' title="bbox 173 5188 1742 5257">
    <p class='ocr_par' dir='ltr' id='par_1_99' title="bbox 173 5188 1742 5257">
     <span class='ocr_line' id='line_1_99' title="bbox 173 5188 1742 5257; baseline 0.004 -17"><span class='ocrx_word' id='word_1_803' title='bbox 173 5190 506 5242; x_wconf 71' lang='lat' dir='ltr'><strong>mmulatioue</strong></span> <span class='ocrx_word' id='word_1_804' title='bbox 532 5188 805 5253; x_wconf 80' lang='lat' dir='ltr'><strong>iaciamus,</strong></span> <span class='ocrx_word' id='word_1_805' title='bbox 835 5189 930 5243; x_wconf 91' lang='lat' dir='ltr'><strong>sed</strong></span> <span class='ocrx_word' id='word_1_806' title='bbox 970 5203 1036 5243; x_wconf 91' lang='lat' dir='ltr'><strong>ne</strong></span> <span class='ocrx_word' id='word_1_807' title='bbox 1063 5189 1181 5257; x_wconf 82' lang='lat' dir='ltr'><strong>quis</strong></span> <span class='ocrx_word' id='word_1_808' title='bbox 1212 5192 1364 5247; x_wconf 89' lang='lat' dir='ltr'><strong>nobis</strong></span> <span class='ocrx_word' id='word_1_809' title='bbox 1409 5191 1598 5245; x_wconf 91' lang='lat' dir='ltr'><strong>melior</strong></span> <span class='ocrx_word' id='word_1_810' title='bbox 1624 5207 1742 5247; x_wconf 90' lang='lat' dir='ltr'><strong>esse</strong></span> 
     </span>
    </p>
   </div>
   <div class='ocr_carea' id='block_1_100' title="bbox 176 5279 1743 5351">
    <p class='ocr_par' dir='ltr' id='par_1_100' title="bbox 176 5279 1743 5351">
     <span class='ocr_line' id='line_1_100' title="bbox 176 5279 1743 5351; baseline 0.004 -22"><span class='ocrx_word' id='word_1_811' title='bbox 176 5279 429 5333; x_wconf 66' lang='lat' dir='ltr'><strong>videatur.</strong></span> <span class='ocrx_word' id='word_1_812' title='bbox 454 5279 560 5333; x_wconf 80' lang='lat' dir='ltr'><strong>Sed</strong></span> <span class='ocrx_word' id='word_1_813' title='bbox 586 5280 641 5333; x_wconf 90' lang='lat' dir='ltr'><strong>in</strong></span> <span class='ocrx_word' id='word_1_814' title='bbox 664 5280 948 5334; x_wconf 87' lang='lat' dir='ltr'><strong>humilitate</strong></span> <span class='ocrx_word' id='word_1_815' title='bbox 975 5282 1257 5351; x_wconf 85' lang='lat' dir='ltr'><strong>superiores</strong></span> <span class='ocrx_word' id='word_1_816' title='bbox 1294 5283 1390 5336; x_wconf 89' lang='lat' dir='ltr'><strong>sibi</strong></span> <span class='ocrx_word' id='word_1_817' title='bbox 1416 5283 1628 5337; x_wconf 84' lang='lat' dir='ltr'><strong>invicem</strong></span> <span class='ocrx_word' id='word_1_818' title='bbox 1656 5300 1743 5335; x_wconf 84' lang='lat' dir='ltr'><strong>ar-</strong></span> 
     </span>
    </p>
   </div>
   <div class='ocr_carea' id='block_1_101' title="bbox 176 5370 1740 5453">
    <p class='ocr_par' dir='ltr' id='par_1_101' title="bbox 176 5370 1740 5453">
     <span class='ocr_line' id='line_1_101' title="bbox 176 5370 1740 5453; baseline 0.004 -30"><span class='ocrx_word' id='word_1_819' title='bbox 176 5370 433 5426; x_wconf 80' lang='lat' dir='ltr'><strong>bitrantes.</strong></span> <span class='ocrx_word' id='word_1_820' title='bbox 466 5371 522 5426; x_wconf 88' lang='lat' dir='ltr'><strong>Si</strong></span> <span class='ocrx_word' id='word_1_821' title='bbox 551 5386 737 5427; x_wconf 85' lang='lat' dir='ltr'><strong>omnes</strong></span> <span class='ocrx_word' id='word_1_822' title='bbox 774 5385 805 5424; x_wconf 86' lang='lat' dir='ltr'><strong>a</strong></span> <span class='ocrx_word' id='word_1_823' title='bbox 830 5372 1021 5442; x_wconf 89' lang='lat' dir='ltr'><strong>quibus</strong></span> <span class='ocrx_word' id='word_1_824' title='bbox 1056 5373 1276 5453; x_wconf 59' lang='lat' dir='ltr'><strong>injuria;</strong></span> <span class='ocrx_word' id='word_1_825' title='bbox 1309 5374 1559 5443; x_wconf 89' lang='lat' dir='ltr'><strong>patimur,</strong></span> <span class='ocrx_word' id='word_1_826' title='bbox 1585 5390 1740 5443; x_wconf 84' lang='lat' dir='ltr'><strong>supe-</strong></span> 
     </span>
    </p>
   </div>
   <div class='ocr_carea' id='block_1_102' title="bbox 176 5459 1742 5530">
    <p class='ocr_par' dir='ltr' id='par_1_102' title="bbox 176 5459 1742 5530">
     <span class='ocr_line' id='line_1_102' title="bbox 176 5459 1742 5530; baseline 0.004 -18"><span class='ocrx_word' id='word_1_827' title='bbox 176 5459 342 5514; x_wconf 87' lang='lat' dir='ltr'><strong>riores</strong></span> <span class='ocrx_word' id='word_1_828' title='bbox 383 5470 709 5529; x_wconf 88' lang='lat' dir='ltr'><strong>putaremus,</strong></span> <span class='ocrx_word' id='word_1_829' title='bbox 753 5462 1018 5530; x_wconf 89' lang='lat' dir='ltr'><strong>patienter</strong></span> <span class='ocrx_word' id='word_1_830' title='bbox 1060 5462 1321 5521; x_wconf 82' lang='lat' dir='ltr'><strong>ferremus</strong></span> <span class='ocrx_word' id='word_1_831' title='bbox 1352 5482 1368 5518; x_wconf 87' lang='lat'><strong>:</strong></span> <span class='ocrx_word' id='word_1_832' title='bbox 1406 5479 1564 5519; x_wconf 90' lang='lat' dir='ltr'><strong>nemo</strong></span> <span class='ocrx_word' id='word_1_833' title='bbox 1600 5466 1742 5519; x_wconf 87' lang='lat' dir='ltr'><strong>enim</strong></span> 
     </span>
    </p>
   </div>
   <div class='ocr_carea' id='block_1_103' title="bbox 176 5551 1745 5623">
    <p class='ocr_par' dir='ltr' id='par_1_103' title="bbox 176 5551 1745 5623">
     <span class='ocr_line' id='line_1_103' title="bbox 176 5551 1745 5623; baseline 0.004 -23"><span class='ocrx_word' id='word_1_834' title='bbox 176 5562 205 5600; x_wconf 85' lang='lat' dir='ltr'><strong>s</strong></span> <span class='ocrx_word' id='word_1_835' title='bbox 234 5559 385 5619; x_wconf 90' lang='lat' dir='ltr'><strong>patre</strong></span> <span class='ocrx_word' id='word_1_836' title='bbox 410 5551 490 5606; x_wconf 88' lang='lat' dir='ltr'><strong>vel</strong></span> <span class='ocrx_word' id='word_1_837' title='bbox 521 5565 550 5604; x_wconf 89' lang='lat' dir='ltr'><strong>a</strong></span> <span class='ocrx_word' id='word_1_838' title='bbox 575 5551 791 5606; x_wconf 90' lang='lat' dir='ltr'><strong>domino</strong></span> <span class='ocrx_word' id='word_1_839' title='bbox 824 5552 1038 5622; x_wconf 78' lang='lat' dir='ltr'><strong>indigne</strong></span> <span class='ocrx_word' id='word_1_840' title='bbox 1079 5553 1180 5607; x_wconf 78' lang='lat' dir='ltr'><strong>fert</strong></span> <span class='ocrx_word' id='word_1_841' title='bbox 1214 5566 1276 5609; x_wconf 85' lang='lat' dir='ltr'><strong>se</strong></span> <span class='ocrx_word' id='word_1_842' title='bbox 1317 5553 1564 5623; x_wconf 87' lang='lat' dir='ltr'><strong>injuriam</strong></span> <span class='ocrx_word' id='word_1_843' title='bbox 1590 5568 1745 5607; x_wconf 84' lang='lat' dir='ltr'><strong>acce-</strong></span> 
     </span>
    </p>
   </div>
   <div class='ocr_carea' id='block_1_104' title="bbox 179 5640 1744 5711">
    <p class='ocr_par' dir='ltr' id='par_1_104' title="bbox 179 5640 1744 5711">
     <span class='ocr_line' id='line_1_104' title="bbox 179 5640 1744 5711; baseline 0.004 -22"><span class='ocrx_word' id='word_1_844' title='bbox 179 5642 337 5706; x_wconf 85' lang='lat' dir='ltr'><strong>pisse.</strong></span> <span class='ocrx_word' id='word_1_845' title='bbox 365 5640 713 5709; x_wconf 84' lang='lat' dir='ltr'><strong>Cogitandum</strong></span> <span class='ocrx_word' id='word_1_846' title='bbox 751 5642 909 5695; x_wconf 89' lang='lat' dir='ltr'><strong>etiam</strong></span> <span class='ocrx_word' id='word_1_847' title='bbox 946 5643 1143 5697; x_wconf 91' lang='lat' dir='ltr'><strong>nullum</strong></span> <span class='ocrx_word' id='word_1_848' title='bbox 1174 5657 1295 5699; x_wconf 81' lang='lat' dir='ltr'><strong>esse</strong></span> <span class='ocrx_word' id='word_1_849' title='bbox 1331 5644 1622 5710; x_wconf 89' lang='lat' dir='ltr'><strong>hominem,</strong></span> <span class='ocrx_word' id='word_1_850' title='bbox 1654 5644 1744 5711; x_wconf 85' lang='lat' dir='ltr'><strong>qui</strong></span> 
     </span>
    </p>
   </div>
   <div class='ocr_carea' id='block_1_105' title="bbox 181 5731 1745 5803">
    <p class='ocr_par' dir='ltr' id='par_1_105' title="bbox 181 5731 1745 5803">
     <span class='ocr_line' id='line_1_105' title="bbox 181 5731 1745 5803; baseline 0.004 -19"><span class='ocrx_word' id='word_1_851' title='bbox 181 5743 282 5785; x_wconf 88' lang='lat' dir='ltr'><strong>uon</strong></span> <span class='ocrx_word' id='word_1_852' title='bbox 311 5731 473 5798; x_wconf 87' lang='lat' dir='ltr'><strong>possit</strong></span> <span class='ocrx_word' id='word_1_853' title='bbox 496 5731 694 5787; x_wconf 86' lang='lat' dir='ltr'><strong>habere</strong></span> <span class='ocrx_word' id='word_1_854' title='bbox 720 5731 952 5803; x_wconf 74' lang='lat' dir='ltr'><strong>aliquod</strong></span> <span class='ocrx_word' id='word_1_855' title='bbox 981 5733 1201 5798; x_wconf 85' lang='lat' dir='ltr'><strong>bonum,</strong></span> <span class='ocrx_word' id='word_1_856' title='bbox 1230 5735 1368 5800; x_wconf 89' lang='lat' dir='ltr'><strong>quod</strong></span> <span class='ocrx_word' id='word_1_857' title='bbox 1408 5745 1465 5792; x_wconf 89' lang='lat' dir='ltr'><strong>tu</strong></span> <span class='ocrx_word' id='word_1_858' title='bbox 1508 5735 1745 5792; x_wconf 83' lang='lat' dir='ltr'><strong>nonduin</strong></span> 
     </span>
    </p>
   </div>
   <div class='ocr_carea' id='block_1_106' title="bbox 1848 4634 3417 4707">
    <p class='ocr_par' dir='ltr' id='par_1_106' title="bbox 1848 4634 3417 4707">
     <span class='ocr_line' id='line_1_106' title="bbox 1848 4634 3417 4707; baseline 0.001 -16"><span class='ocrx_word' id='word_1_859' title='bbox 1848 4638 1993 4693; x_wconf 88' lang='lat' dir='ltr'><strong>diens</strong></span> <span class='ocrx_word' id='word_1_860' title='bbox 2021 4654 2179 4707; x_wconf 84' lang='lat' dir='ltr'><strong>usque</strong></span> <span class='ocrx_word' id='word_1_861' title='bbox 2202 4637 2273 4690; x_wconf 90' lang='lat' dir='ltr'><strong>ad</strong></span> <span class='ocrx_word' id='word_1_862' title='bbox 2301 4644 2532 4692; x_wconf 86' lang='lat' dir='ltr'><strong>mortem.</strong></span> <span class='ocrx_word' id='word_1_863' title='bbox 2562 4635 2630 4691; x_wconf 92' lang='lat' dir='ltr'><strong>Ut</strong></span> <span class='ocrx_word' id='word_1_864' title='bbox 2656 4635 2807 4691; x_wconf 89' lang='lat' dir='ltr'><strong>nobis</strong></span> <span class='ocrx_word' id='word_1_865' title='bbox 2829 4634 3077 4703; x_wconf 66' lang='lat' dir='ltr'><strong>perlecta:</strong></span> <span class='ocrx_word' id='word_1_866' title='bbox 3103 4637 3417 4693; x_wconf 74' lang='lat' dir='ltr'><strong>obedientitr</strong></span> 
     </span>
    </p>
   </div>
   <div class='ocr_carea' id='block_1_107' title="bbox 1847 4727 3414 4799">
    <p class='ocr_par' dir='ltr' id='par_1_107' title="bbox 1847 4727 3414 4799">
     <span class='ocr_line' id='line_1_107' title="bbox 1847 4727 3414 4799; baseline -0.001 -15"><span class='ocrx_word' id='word_1_867' title='bbox 1847 4737 2170 4784; x_wconf 85' lang='lat' dir='ltr'><strong>monstraret</strong></span> <span class='ocrx_word' id='word_1_868' title='bbox 2214 4728 2537 4799; x_wconf 80' lang='lat' dir='ltr'><strong>exemplum.</strong></span> <span class='ocrx_word' id='word_1_869' title='bbox 2584 4727 2802 4782; x_wconf 83' lang='lat' dir='ltr'><strong>Mortem</strong></span> <span class='ocrx_word' id='word_1_870' title='bbox 2845 4738 3015 4782; x_wconf 86' lang='lat' dir='ltr'><strong>autem</strong></span> <span class='ocrx_word' id='word_1_871' title='bbox 3053 4732 3237 4783; x_wconf 81' lang='lat' dir='ltr'><strong>crucis.</strong></span> <span class='ocrx_word' id='word_1_872' title='bbox 3285 4730 3414 4797; x_wconf 84' lang='lat' dir='ltr'><strong>Quia</strong></span> 
     </span>
    </p>
   </div>
   <div class='ocr_carea' id='block_1_108' title="bbox 1847 4820 3409 4890">
    <p class='ocr_par' dir='ltr' id='par_1_108' title="bbox 1847 4820 3409 4890">
     <span class='ocr_line' id='line_1_108' title="bbox 1847 4820 3409 4890; baseline 0.001 -15"><span class='ocrx_word' id='word_1_873' title='bbox 1847 4821 1989 4875; x_wconf 77' lang='lat' dir='ltr'><strong>nulla</strong></span> <span class='ocrx_word' id='word_1_874' title='bbox 2035 4834 2179 4875; x_wconf 87' lang='lat' dir='ltr'><strong>mors</strong></span> <span class='ocrx_word' id='word_1_875' title='bbox 2237 4821 2408 4890; x_wconf 82' lang='lat' dir='ltr'><strong>pejor,</strong></span> <span class='ocrx_word' id='word_1_876' title='bbox 2470 4829 2688 4888; x_wconf 90' lang='lat' dir='ltr'><strong>propter</strong></span> <span class='ocrx_word' id='word_1_877' title='bbox 2741 4820 3045 4875; x_wconf 89' lang='lat' dir='ltr'><strong>diuturnum</strong></span> <span class='ocrx_word' id='word_1_878' title='bbox 3102 4821 3409 4877; x_wconf 88' lang='lat' dir='ltr'><strong>cruciatum.</strong></span> 
     </span>
    </p>
   </div>
   <div class='ocr_carea' id='block_1_109' title="bbox 1847 4909 3413 4981">
    <p class='ocr_par' dir='ltr' id='par_1_109' title="bbox 1847 4909 3413 4981">
     <span class='ocr_line' id='line_1_109' title="bbox 1847 4909 3413 4981; baseline 0.004 -19"><span class='ocrx_word' id='word_1_879' title='bbox 1847 4909 2067 4980; x_wconf 85' lang='lat' dir='ltr'><strong>Propter</strong></span> <span class='ocrx_word' id='word_1_880' title='bbox 2102 4912 2237 4981; x_wconf 89' lang='lat' dir='ltr'><strong>quod</strong></span> <span class='ocrx_word' id='word_1_881' title='bbox 2274 4920 2322 4965; x_wconf 90' lang='lat' dir='ltr'><strong>et</strong></span> <span class='ocrx_word' id='word_1_882' title='bbox 2355 4910 2492 4965; x_wconf 81' lang='lat' dir='ltr'><strong>Deus</strong></span> <span class='ocrx_word' id='word_1_883' title='bbox 2532 4909 2679 4963; x_wconf 90' lang='lat' dir='ltr'><strong>illum</strong></span> <span class='ocrx_word' id='word_1_884' title='bbox 2720 4910 2979 4974; x_wconf 69' lang='lat' dir='ltr'><strong>exultavit,</strong></span> <span class='ocrx_word' id='word_1_885' title='bbox 3012 4921 3117 4966; x_wconf 90' lang='lat' dir='ltr'><strong>etc.</strong></span> <span class='ocrx_word' id='word_1_886' title='bbox 3164 4911 3413 4968; x_wconf 79' lang='lat' dir='ltr'><strong>Divinitat</strong></span> 
     </span>
    </p>
   </div>
   <div class='ocr_carea' id='block_1_110' title="bbox 1848 5002 3405 5071">
    <p class='ocr_par' dir='ltr' id='par_1_110' title="bbox 1848 5002 3405 5071">
     <span class='ocr_line' id='line_1_110' title="bbox 1848 5002 3405 5071; baseline -0.001 -14"><span class='ocrx_word' id='word_1_887' title='bbox 1848 5017 1953 5057; x_wconf 94' lang='lat' dir='ltr'><strong>non</strong></span> <span class='ocrx_word' id='word_1_888' title='bbox 1987 5004 2273 5067; x_wconf 80' lang='lat' dir='ltr'><strong>exaltatur,</strong></span> <span class='ocrx_word' id='word_1_889' title='bbox 2313 5002 2436 5071; x_wconf 88' lang='lat' dir='ltr'><strong>quia</strong></span> <span class='ocrx_word' id='word_1_890' title='bbox 2471 5017 2568 5057; x_wconf 90' lang='lat' dir='ltr'><strong>nec</strong></span> <span class='ocrx_word' id='word_1_891' title='bbox 2598 5002 2862 5056; x_wconf 78' lang='lat' dir='ltr'><strong>humiliari</strong></span> <span class='ocrx_word' id='word_1_892' title='bbox 2900 5011 3114 5071; x_wconf 88' lang='lat' dir='ltr'><strong>potest:</strong></span> <span class='ocrx_word' id='word_1_893' title='bbox 3141 5010 3197 5057; x_wconf 91' lang='lat' dir='ltr'><strong>et</strong></span> <span class='ocrx_word' id='word_1_894' title='bbox 3225 5003 3301 5055; x_wconf 92' lang='lat' dir='ltr'><strong>illi</strong></span> <span class='ocrx_word' id='word_1_895' title='bbox 3325 5002 3405 5055; x_wconf 69' lang='lat' dir='ltr'><strong>de</strong></span> 
     </span>
    </p>
   </div>
   <div class='ocr_carea' id='block_1_111' title="bbox 1847 5091 3412 5162">
    <p class='ocr_par' dir='ltr' id='par_1_111' title="bbox 1847 5091 3412 5162">
     <span class='ocr_line' id='line_1_111' title="bbox 1847 5091 3412 5162; baseline -0.002 -15"><span class='ocrx_word' id='word_1_896' title='bbox 1847 5104 2023 5155; x_wconf 87' lang='lat' dir='ltr'><strong>natur,</strong></span> <span class='ocrx_word' id='word_1_897' title='bbox 2053 5092 2140 5162; x_wconf 93' lang='lat' dir='ltr'><strong>qui</strong></span> <span class='ocrx_word' id='word_1_898' title='bbox 2170 5106 2275 5146; x_wconf 88' lang='lat' dir='ltr'><strong>non</strong></span> <span class='ocrx_word' id='word_1_899' title='bbox 2303 5091 2481 5158; x_wconf 91' lang='lat' dir='ltr'><strong>habet,</strong></span> <span class='ocrx_word' id='word_1_900' title='bbox 2510 5093 2649 5148; x_wconf 90' lang='lat' dir='ltr'><strong>unde</strong></span> <span class='ocrx_word' id='word_1_901' title='bbox 2676 5093 2965 5147; x_wconf 86' lang='lat' dir='ltr'><strong>secundum</strong></span> <span class='ocrx_word' id='word_1_902' title='bbox 2997 5093 3278 5147; x_wconf 89' lang='lat' dir='ltr'><strong>humanam</strong></span> <span class='ocrx_word' id='word_1_903' title='bbox 3309 5106 3412 5145; x_wconf 76' lang='lat' dir='ltr'><strong>ma-</strong></span> 
     </span>
    </p>
   </div>
   <div class='ocr_carea' id='block_1_112' title="bbox 1843 5181 3414 5255">
    <p class='ocr_par' dir='ltr' id='par_1_112' title="bbox 1843 5181 3414 5255">
     <span class='ocr_line' id='line_1_112' title="bbox 1843 5181 3414 5255; baseline -0.002 -17"><span class='ocrx_word' id='word_1_904' title='bbox 1843 5186 1925 5255; x_wconf 80' lang='lat' dir='ltr'><strong>gis</strong></span> <span class='ocrx_word' id='word_1_905' title='bbox 1950 5194 2194 5239; x_wconf 89' lang='lat' dir='ltr'><strong>naturam</strong></span> <span class='ocrx_word' id='word_1_906' title='bbox 2218 5191 2391 5248; x_wconf 89' lang='lat' dir='ltr'><strong>potest</strong></span> <span class='ocrx_word' id='word_1_907' title='bbox 2416 5182 2659 5253; x_wconf 83' lang='lat' dir='ltr'><strong>intelligi,</strong></span> <span class='ocrx_word' id='word_1_908' title='bbox 2677 5197 2834 5252; x_wconf 91' lang='lat' dir='ltr'><strong>quam</strong></span> <span class='ocrx_word' id='word_1_909' title='bbox 2854 5182 3144 5238; x_wconf 89' lang='lat' dir='ltr'><strong>secundum</strong></span> <span class='ocrx_word' id='word_1_910' title='bbox 3162 5181 3414 5236; x_wconf 89' lang='lat' dir='ltr'><strong>divinam.</strong></span> 
     </span>
    </p>
   </div>
   <div class='ocr_carea' id='block_1_113' title="bbox 1845 5271 3414 5341">
    <p class='ocr_par' dir='ltr' id='par_1_113' title="bbox 1845 5271 3414 5341">
     <span class='ocr_line' id='line_1_113' title="bbox 1845 5271 3414 5341; baseline -0.004 -8"><span class='ocrx_word' id='word_1_911' title='bbox 1845 5277 1900 5333; x_wconf 87' lang='lat' dir='ltr'><strong>Si</strong></span> <span class='ocrx_word' id='word_1_912' title='bbox 1924 5285 1978 5331; x_wconf 91' lang='lat' dir='ltr'><strong>et</strong></span> <span class='ocrx_word' id='word_1_913' title='bbox 2004 5288 2104 5329; x_wconf 89' lang='lat' dir='ltr'><strong>nos</strong></span> <span class='ocrx_word' id='word_1_914' title='bbox 2127 5275 2346 5329; x_wconf 80' lang='lat' dir='ltr'><strong>exaltari</strong></span> <span class='ocrx_word' id='word_1_915' title='bbox 2373 5276 2633 5340; x_wconf 86' lang='lat' dir='ltr'><strong>cupimus,</strong></span> <span class='ocrx_word' id='word_1_916' title='bbox 2656 5274 2908 5341; x_wconf 80' lang='lat' dir='ltr'><strong>exemplo</strong></span> <span class='ocrx_word' id='word_1_917' title='bbox 2932 5272 3147 5335; x_wconf 84' lang='lat' dir='ltr'><strong>Christi,</strong></span> <span class='ocrx_word' id='word_1_918' title='bbox 3173 5271 3414 5326; x_wconf 78' lang='lat' dir='ltr'><strong>fratribus</strong></span> 
     </span>
    </p>
   </div>
   <div class='ocr_carea' id='block_1_114' title="bbox 1844 5365 3415 5431">
    <p class='ocr_par' dir='ltr' id='par_1_114' title="bbox 1844 5365 3415 5431">
     <span class='ocr_line' id='line_1_114' title="bbox 1844 5365 3415 5431; baseline -0.004 -9"><span class='ocrx_word' id='word_1_919' title='bbox 1844 5368 2163 5423; x_wconf 82' lang='lat' dir='ltr'><strong>serviamus.</strong></span> <span class='ocrx_word' id='word_1_920' title='bbox 2199 5365 2257 5421; x_wconf 91' lang='lat' dir='ltr'><strong>Si</strong></span> <span class='ocrx_word' id='word_1_921' title='bbox 2294 5366 2434 5420; x_wconf 90' lang='lat' dir='ltr'><strong>enim</strong></span> <span class='ocrx_word' id='word_1_922' title='bbox 2464 5365 2555 5420; x_wconf 90' lang='lat' dir='ltr'><strong>ille</strong></span> <span class='ocrx_word' id='word_1_923' title='bbox 2588 5365 2845 5420; x_wconf 89' lang='lat' dir='ltr'><strong>Dominus</strong></span> <span class='ocrx_word' id='word_1_924' title='bbox 2874 5372 2931 5419; x_wconf 91' lang='lat' dir='ltr'><strong>et</strong></span> <span class='ocrx_word' id='word_1_925' title='bbox 2966 5366 3216 5431; x_wconf 83' lang='lat' dir='ltr'><strong>magister</strong></span> <span class='ocrx_word' id='word_1_926' title='bbox 3250 5366 3415 5416; x_wconf 84' lang='lat' dir='ltr'><strong>servis</strong></span> 
     </span>
    </p>
   </div>
   <div class='ocr_carea' id='block_1_115' title="bbox 1850 5453 3413 5526">
    <p class='ocr_par' dir='ltr' id='par_1_115' title="bbox 1850 5453 3413 5526">
     <span class='ocr_line' id='line_1_115' title="bbox 1850 5453 3413 5526; baseline -0.004 -12"><span class='ocrx_word' id='word_1_927' title='bbox 1850 5469 1902 5515; x_wconf 87' lang='lat' dir='ltr'><strong>et</strong></span> <span class='ocrx_word' id='word_1_928' title='bbox 1922 5458 2197 5526; x_wconf 88' lang='lat' dir='ltr'><strong>discipulis</strong></span> <span class='ocrx_word' id='word_1_929' title='bbox 2223 5456 2558 5522; x_wconf 85' lang='lat' dir='ltr'><strong>ministravit,</strong></span> <span class='ocrx_word' id='word_1_930' title='bbox 2584 5464 2781 5525; x_wconf 90' lang='lat' dir='ltr'><strong>quanto</strong></span> <span class='ocrx_word' id='word_1_931' title='bbox 2822 5456 2989 5523; x_wconf 81' lang='lat' dir='ltr'><strong>magis</strong></span> <span class='ocrx_word' id='word_1_932' title='bbox 3013 5468 3112 5509; x_wconf 89' lang='lat' dir='ltr'><strong>nos</strong></span> <span class='ocrx_word' id='word_1_933' title='bbox 3135 5453 3413 5522; x_wconf 78' lang='lat' dir='ltr'><strong>majoribus</strong></span> 
     </span>
    </p>
   </div>
   <div class='ocr_carea' id='block_1_116' title="bbox 1844 5544 3453 5618">
    <p class='ocr_par' dir='ltr' id='par_1_116' title="bbox 1844 5544 3453 5618">
     <span class='ocr_line' id='line_1_116' title="bbox 1844 5544 3453 5618; baseline -0.003 -15"><span class='ocrx_word' id='word_1_934' title='bbox 1844 5558 1898 5603; x_wconf 91' lang='lat' dir='ltr'><strong>et</strong></span> <span class='ocrx_word' id='word_1_935' title='bbox 1942 5548 2234 5618; x_wconf 59' lang='lat' dir='ltr'><strong>aequalibus</strong></span> <span class='ocrx_word' id='word_1_936' title='bbox 2281 5548 2485 5603; x_wconf 91' lang='lat' dir='ltr'><strong>servire</strong></span> <span class='ocrx_word' id='word_1_937' title='bbox 2526 5546 2814 5611; x_wconf 87' lang='lat' dir='ltr'><strong>debemus,</strong></span> <span class='ocrx_word' id='word_1_938' title='bbox 2858 5553 2914 5599; x_wconf 91' lang='lat' dir='ltr'><strong>et</strong></span> <span class='ocrx_word' id='word_1_939' title='bbox 2965 5544 3076 5598; x_wconf 83' lang='lat' dir='ltr'><strong>Deo</strong></span> <span class='ocrx_word' id='word_1_940' title='bbox 3122 5558 3185 5597; x_wconf 90' lang='lat' dir='ltr'><strong>ac</strong></span> <span class='ocrx_word' id='word_1_941' title='bbox 3222 5544 3415 5599; x_wconf 82' lang='lat' dir='ltr'><strong>sanctis</strong></span> <span class='ocrx_word' id='word_1_942' title='bbox 3450 5578 3453 5581; x_wconf 66' lang='grc'><strong>»</strong></span> 
     </span>
    </p>
   </div>
   <div class='ocr_carea' id='block_1_117' title="bbox 1848 5633 3416 5708">
    <p class='ocr_par' dir='ltr' id='par_1_117' title="bbox 1848 5633 3416 5708">
     <span class='ocr_line' id='line_1_117' title="bbox 1848 5633 3416 5708; baseline -0.006 -14"><span class='ocrx_word' id='word_1_943' title='bbox 1848 5653 2014 5708; x_wconf 87' lang='lat' dir='ltr'><strong>usque</strong></span> <span class='ocrx_word' id='word_1_944' title='bbox 2052 5638 2121 5692; x_wconf 89' lang='lat' dir='ltr'><strong>ad</strong></span> <span class='ocrx_word' id='word_1_945' title='bbox 2162 5649 2386 5693; x_wconf 89' lang='lat' dir='ltr'><strong>mortem</strong></span> <span class='ocrx_word' id='word_1_946' title='bbox 2423 5636 2666 5703; x_wconf 88' lang='lat' dir='ltr'><strong>obedire,</strong></span> <span class='ocrx_word' id='word_1_947' title='bbox 2701 5650 2768 5690; x_wconf 91' lang='lat' dir='ltr'><strong>ne</strong></span> <span class='ocrx_word' id='word_1_948' title='bbox 2807 5636 3115 5703; x_wconf 81' lang='lat' dir='ltr'><strong>magistrqu</strong></span> <span class='ocrx_word' id='word_1_949' title='bbox 3166 5633 3416 5688; x_wconf 89' lang='lat' dir='ltr'><strong>humilem</strong></span> 
     </span>
    </p>
   </div>
   <div class='ocr_carea' id='block_1_118' title="bbox 1851 5723 3449 5798">
    <p class='ocr_par' dir='ltr' id='par_1_118' title="bbox 1851 5723 3449 5798">
     <span class='ocr_line' id='line_1_118' title="bbox 1851 5723 3449 5798; baseline -0.008 -6"><span class='ocrx_word' id='word_1_950' title='bbox 1851 5730 2067 5798; x_wconf 78' lang='lat' dir='ltr'><strong>superbi</strong></span> <span class='ocrx_word' id='word_1_951' title='bbox 2094 5730 2341 5798; x_wconf 84' lang='lat' dir='ltr'><strong>discipuli</strong></span> <span class='ocrx_word' id='word_1_952' title='bbox 2376 5728 2481 5787; x_wconf 86' lang='lat' dir='ltr'><strong>non</strong></span> <span class='ocrx_word' id='word_1_953' title='bbox 2512 5741 2796 5794; x_wconf 84' lang='lat' dir='ltr'><strong>sequamur</strong></span> <span class='ocrx_word' id='word_1_954' title='bbox 2823 5728 2836 5781; x_wconf 91' lang='lat'><strong>!</strong></span> <span class='ocrx_word' id='word_1_955' title='bbox 2899 5725 2964 5782; x_wconf 88' lang='lat' dir='ltr'><strong>Ut</strong></span> <span class='ocrx_word' id='word_1_956' title='bbox 2994 5726 3048 5783; x_wconf 89' lang='lat' dir='ltr'><strong>in</strong></span> <span class='ocrx_word' id='word_1_957' title='bbox 3076 5728 3275 5782; x_wconf 66' lang='lat' dir='ltr'><strong>nmine</strong></span> <span class='ocrx_word' id='word_1_958' title='bbox 3296 5723 3449 5780; x_wconf 59' lang='lat' dir='ltr'><strong>less.</strong></span> 
     </span>
    </p>
   </div>
  </div>
