3982 6352
531 319 631 375 ὁδὶ

1638 311 1924 367 PRIMASH
1965 305 2426 365 ADRUMETANI'
2458 304 2679 362 Εριεα,

3688 299 3823 359 633.

532 446 678 486 omne
707 442 838 500 genu
884 429 1142 496 ﬂectatur,
1181 423 1491 486 etelcstittm,
1526 425 1832 477 terrestrium
1861 431 1908 477 et
1937 423 2099 491 iufer-
2128 420 2181 479 Λ
2204 417 2398 480 amissa
2444 410 2861 469 incommutabili
2903 409 3218 476 stabilitate,
3262 411 3354 467 sed
3397 419 3654 481 tanquam
3699 429 3821 466 τες

528 539 732 576 norum.
759 522 826 578 Ut
852 533 1038 576 omnes
1062 516 1219 574 simul
1240 516 1462 569 adorent
1486 513 1751 569 hominem
1773 520 2103 580 assumptum

527 613 581 665 in
606 612 858 667 Verbum.
886 609 950 662 Et
973 609 1135 665 omnis
1157 608 1328 678 lingua
1349 607 1650 674 conﬁteatur
1674 606 1796 674 quia
1831 603 2099 656 Dominus.

529 706 779 759 Omnium
794 699 1025 773 gentium
1047 711 1097 757 et
1115 700 1443 768 angelorum.
1456 697 1608 753 Iesus
1624 698 1859 752 Christus
1876 697 1927 752 in
1938 699 2107 769 gloria

527 807 599 849 est
641 795 737 849 Dei
765 794 959 848 Patris.
994 795 1103 847 lloe
1137 799 1222 847 est
1258 792 1309 847 in
1345 800 1553 854 natura,
1583 798 1639 845 et
1669 788 1835 859 gloria
1866 790 2101 855 deitatis,

528 888 581 942 id
631 896 713 942 est
754 886 989 954 ejusdem
1030 894 1114 940 est
1152 885 1339 954 gloriae
1384 892 1441 939 et
1487 884 1821 951 aequalitatis.
1865 884 1943 940 De
1983 885 2103 940 loco

527 978 636 1034 isto
668 979 926 1049 integram
957 977 1342 1046 expositionem
1390 976 1454 1029 D.
1485 976 1765 1045 Augustini
1807 977 2101 1045 posuimus.

530 1069 603 1123 De
643 1083 709 1123 eo
761 1068 899 1138 quod
949 1070 1205 1137 scriptum
1254 1067 1477 1122 estzEt
1522 1067 1704 1122 habitu
1753 1067 2000 1120 inventus
2048 1076 2111 1121 ut

527 1162 708 1213 homo.
760 1160 940 1215 Multis
969 1160 1140 1214 modis
1182 1158 1419 1212 habitum
1448 1158 1676 1213 dicimus
1705 1175 1718 1211 :
1750 1158 1831 1213 vel
1865 1158 2102 1215 habitum

526 1250 723 1315 animi,
766 1251 923 1304 sicuti
963 1258 1048 1305 est
1079 1250 1334 1317 cujusque
1366 1249 1663 1318 disr-iplina:
1694 1250 1964 1318 perceptio
2006 1264 2113 1304 usu

526 1344 775 1398 roborata
801 1353 960 1413 atque
990 1342 1227 1407 firmata;
1252 1342 1331 1395 vel
1356 1341 1595 1396 habitum
1626 1342 1882 1411 corporis,
1914 1357 2105 1397 secun-

528 1435 653 1489 dum
676 1450 833 1504 quem
857 1436 1083 1490 dicimus
1110 1433 1269 1487 alium
1291 1432 1397 1487 alio
1416 1446 1536 1487 esse
1558 1433 2007 1488 succulentiorem
2048 1442 2105 1488 et

525 1525 864 1586 validiorem,
908 1538 1027 1592 qua:
1074 1523 1239 1592 magis
1268 1521 1480 1590 proprie
1515 1520 1765 1575 habitudo
1786 1521 1889 1576 dici
1931 1521 2102 1588 solet;

527 1617 617 1671 vel
636 1616 871 1671 habitum
899 1632 1085 1671 corum
1113 1632 1231 1686 qua:
1272 1616 1524 1671 membris
1568 1616 1765 1670 nostris
1794 1630 2107 1673 accommo—

527 1709 721 1763 dantur
767 1710 1119 1778 extrinsecus,
1157 1709 1446 1764 secundum
1494 1724 1649 1778 quem
1681 1709 1906 1763 dicimus
1944 1711 2108 1765 vesti-

2206 523 2323 563 rum
2356 508 2621 562 hominem
2653 502 3011 572 suscipiendo,
3044 504 3157 571 ipse
3190 512 3469 572 susceptor
3505 504 3557 558 in
3588 505 3813 557 simili-

2209 597 2390 651 tudine
2426 597 2695 651 hominum
2736 595 2924 653 factus.
2966 608 3072 646 non
3109 593 3241 658 sibi,
3270 592 3362 647 sed
3400 594 3481 647 eis
3508 594 3710 663 quibus
3746 594 3813 647 in

2207 687 2420 741 homine
2448 686 2709 755 apparu't,
2735 692 2790 737 et
2818 682 3001 736 habitu
3030 684 3277 738 inventus
3305 694 3363 737 ut
3390 684 3573 746 homo,
3603 684 3654 736 id
3683 693 3806 747 est,

2205 775 2450 831 habendo
2479 774 2747 830 hominem
2780 773 3050 839 inventus,
3084 777 3143 825 ut
3171 771 3329 827 homo
3356 783 3459 827 est.
3491 772 3613 826 Non
3645 776 3819 827 enim.

2207 875 2415 936 poterat
2441 865 2664 919 inveniri
2686 862 2864 918 abhis
2884 863 2975 932 qui
3003 876 3096 916 cor
3126 863 3455 918 immundum
3490 863 3802 929 habebant,

2205 969 2259 1014 et
2278 958 2507 1015 Verbum
2531 956 2666 1026 apud
2690 955 2899 1011 Patrem
2926 953 3109 1008 videre
3137 968 3243 1009 non
3267 963 3534 1023 poterant,
3563 955 3669 1008 nisi
3692 956 3808 1009 hoc

2205 1047 2566 1117 suscipiendo,
2596 1043 2736 1115 quod
2768 1052 2987 1112 possent
3014 1043 3219 1109 videre,
3247 1054 3302 1097 et
3330 1057 3423 1111 per
3451 1044 3601 1112 quod
3633 1045 3703 1097 ad
3736 1046 3805 1097 il-

2207 1142 2295 1196 lud
2335 1141 2557 1196 interius
2595 1139 2787 1195 lumen.
2817 1139 3158 1193 ducerentur.
3207 1138 3311 1193 Iste
3348 1148 3529 1193 autem
3578 1139 3805 1193 habitus

2205 1250 2309 1289 non
2340 1241 2423 1287 est
2465 1248 2531 1287 ex
2570 1231 2744 1299 primo
2781 1245 3004 1299 genere;
3052 1244 3157 1285 non
3202 1230 3344 1285 enim
3376 1245 3609 1285 manens
3651 1232 3705 1283 in
3738 1246 3804 1285 se

2205 1336 2391 1381 natura
2438 1325 2670 1379 hominis
2698 1332 2939 1378 naturam
2970 1324 3065 1379 Dei
3094 1328 3478 1380 commutavit:
3512 1339 3692 1391 neque
3724 1340 3803 1377 ex

2204 1420 2461 1483 secundo,
2510 1434 2615 1473 non
2665 1419 2808 1472 enim
2857 1427 2911 1473 et
2955 1418 3255 1472 immutavit
3297 1418 3461 1472 homo
3504 1417 3698 1479 Deum,
3742 1427 3807 1471 et.

2204 1511 2511 1566 immutatus
2551 1508 2619 1563 ab
2663 1509 2755 1564 illo
2797 1517 2916 1563 est:
2958 1524 3131 1579 neque
3160 1523 3228 1563 ex
3266 1517 3479 1579 quarto,
3507 1525 3617 1563 non
3649 1510 3796 1563 enim

2206 1603 2286 1658 sic
2325 1609 2629 1669 assumptus
2674 1600 2864 1666 homo,
2895 1609 2956 1654 ut
2995 1615 3168 1669 neque
3194 1600 3308 1668 ipse
3333 1609 3567 1655 mutaret
3602 1602 3792 1665 Deum,

2209 1706 2308 1746 nec
2349 1690 2561 1745 abillo
2610 1699 2923 1756 mutaretur,
2976 1690 3069 1744 sed
3117 1690 3293 1759 potius
3343 1705 3410 1745 ex
3458 1690 3653 1755 tertio;
3716 1690 3794 1743 sie

530 1806 672 1864 tum,
701 1800 1010 1867 calciatum,
1043 1809 1337 1865 armatum,
1378 1809 1434 1857 et
1465 1777 1522 1854 si
1541 1801 1665 1870 quid
1700 1800 1964 1870 ejusmodi
2000 1809 2102 1857 est.

2208 1784 2349 1839 enim
2381 1790 2684 1851 assumptus
2726 1789 2840 1846 est,
2890 1790 2949 1835 ut
3002 1788 3423 1835 commutaretur
3475 1780 3529 1833 in
3578 1780 3793 1845 melius,

503 1879 585 1943 Ἰιι
629 1892 818 1960 quibus
864 1892 1108 1947 omnibus
1141 1893 1454 1962 generibus,
1492 1892 1753 1962 siquidem
1783 1906 1979 1948 nomen
2002 1891 2119 1948 hoc

527 1982 728 2036 dictum
756 1991 839 2037 est
868 1984 932 2038 ab
973 1985 1061 2039 illo
1103 1984 1288 2047 verbo,
1327 1983 1466 2053 quod
1494 1990 1581 2038 est
1619 1984 1837 2050 habere,
1883 1983 2105 2038 manife-

524 2086 665 2130 stum
694 2086 777 2131 est
808 2079 856 2132 in
885 2093 948 2133 ea
973 2094 1028 2132 re
1050 2077 1154 2132 dici
1179 2078 1437 2144 habitum,
1464 2090 1583 2147 qua
1606 2076 1800 2131 accidit
1822 2076 2002 2141 alicui,
2029 2076 2120 2131 ita.

525 2176 586 2218 ut
625 2182 743 2221 eam
784 2168 953 2236 possit
996 2169 1159 2223 etiam
1207 2184 1313 2222 non
1348 2166 1593 2232 habere;
1625 2181 1746 2221 nam
1777 2175 1832 2222 et
1858 2166 2102 2222 doctrina

523 2261 717 2315 accidit
740 2264 940 2328 animo,
974 2270 1029 2317 et
1054 2276 1247 2318 succus
1272 2278 1335 2317 ac
1365 2263 1529 2317 robur
1553 2262 1761 2330 corpori
1790 2277 1802 2313 :
1828 2268 1883 2315 et
1909 2259 2097 2323 vestis,

522 2360 686 2420 atque
714 2367 882 2420 arma,
916 2368 1021 2407 non
1047 2353 1263 2407 dubium
1300 2365 1380 2408 εει
1411 2354 1537 2423 quin
1578 2352 1825 2406 accidant
1850 2348 2104 2405 membris

524 2442 724 2495 nostris
758 2458 773 2503 ;
807 2443 880 2497 ita
905 2452 967 2496 ut
988 2452 1044 2499 et
1073 2443 1349 2512 imperitus
1380 2444 1548 2511 possit
1573 2458 1691 2499 esse
1719 2442 1949 2509 animus,
1983 2441 2026 2495 si
2053 2441 2115 2496 ei-

525 2531 766 2585 doetrina
813 2547 919 2587 non
961 2534 1256 2599 acciderit;
1307 2542 1361 2588 et
1399 2534 1535 2589 exile
1590 2543 1750 2604 atque
1796 2532 2099 2603 languidum

525 2634 720 2688 corpus
748 2622 863 2677 sine
886 2637 1049 2677 succo
1073 2623 1333 2678 viscerum
1361 2632 1417 2679 et
1444 2624 1638 2695 gobore
1665 2639 1691 2688 ;»
1707 2631 1764 2678 et
1792 2624 1963 2685 nudus
1987 2623 2102 2677 sine

526 2721 705 2776 veste.
742 2721 796 2768 et
826 2715 1043 2770 inermis
1071 2715 1187 2771 sine
1213 2717 1407 2792 armis,
1433 2724 1491 2771 et
1517 2717 1650 2786 pede
1684 2716 1828 2772 nudo
1859 2716 1973 2771 sine
2000 2714 2103 2770 eal-

527 2803 824 2865 ciamentis.
858 2820 978 2873 esse
1010 2806 1168 2861 homo
1207 2808 1394 2876 possit.
1430 2807 1650 2863 Habitus
1686 2823 1835 2879 ergo,
1869 2807 1924 2862 in
1950 2822 2011 2862 ea
2041 2821 2102 2861 re

527 2893 746 2961 dicitur,
775 2913 891 2963 quae
920 2899 1072 2953 nobis
1102 2907 1159 2952 ut
1179 2898 1456 2965 habeatur,
1484 2900 1710 2955 accidit:
1734 2908 2097 2954 verumtamen

530 2984 632 3043 hoc
660 2988 901 3051 illiOl't‘Sl,
932 2992 1071 3059 quod
1100 2992 1339 3060 quaedam
1369 3006 1553 3047 eorum
1582 3007 1699 3061 qute
1728 2992 1979 3047 accidunt
2007 3009 2103 3047 no-

527 3076 631 3143 bis,
671 3086 727 3131 ut
758 3078 994 3134 habitum
1032 3080 1257 3148 faciant,
1292 3098 1394 3137 non
1432 3090 1707 3138 mutantur
1739 3098 1769 3138 a
1800 3083 1974 3151 nobis,
2006 3084 2098 3139 sed

528 3164 646 3230 ipsa
695 3181 792 3221 nos
838 3177 1065 3233 mutant,
1117 3171 1167 3224 in
1213 3185 1271 3226 se
1318 3172 1428 3241 ipsa
1461 3172 1663 3242 integra
1709 3182 1763 3227 et
1790 3172 2102 3228 inconcussa

532 3256 802 3310 manentia
837 3275 850 3309 :
878 3259 1034 3314 sicuti
1063 3262 1321 3329 sapientia
1358 3277 1479 3317 cum
1516 3263 1708 3319 accidit
1741 3264 1965 3330 homini,
1998 3279 2105 3318 non

527 3345 641 3413 ipsa
671 3357 924 3414 mutatur,
967 3351 1061 3405 sed
1106 3352 1372 3410 hominem
1421 3361 1590 3408 mutat
1633 3370 1791 3424 quem
1834 3356 1901 3411 de
1942 3356 2106 3410 stulto

526 3438 822 3507 sapientem
857 3441 999 3496 facit.
1041 3443 1293 3507 Quaedam
1322 3460 1449 3500 vero
1478 3446 1554 3500 sic
1581 3446 1869 3511 accidunt,
1901 3454 1960 3500 ιιι
1985 3462 2106 3502 mu-

530 3536 645 3583 tent
680 3539 736 3584 et
778 3539 1084 3598 mutentur;
1116 3534 1271 3588 sicuti
1300 3534 1474 3599 cibus,
1502 3543 1557 3589 et
1584 3534 1698 3604 ipse
1732 3543 1946 3589 mutans
1975 3550 2107 3603 spe-

530 3620 665 3672 ciem
691 3635 840 3674 suam
868 3621 917 3675 in
948 3636 1144 3690 corpus
1172 3632 1413 3677 nostrum
1438 3624 1685 3691 vertitur,
1713 3633 1766 3678 et
1794 3638 1891 3678 nos
1920 3623 2105 3679 refecti

531 3709 653 3761 cibo
686 3711 756 3764 ab
783 3712 1020 3768 exilitate
1047 3721 1205 3783 atque
1251 3714 1530 3785 languore,
1562 3716 1614 3770 in
1647 3716 1811 3772 robur
1834 3726 1993 3787 atque
2018 3732 2108 3770 va-

534 3799 751 3854 lentiam
795 3811 1202 3859 commutamur.
1244 3805 1479 3861 Tertium
1517 3822 1685 3876 genus
1714 3817 1795 3863 est
1833 3822 1953 3862 cum
1993 3808 2105 3876 ipsa

532 3907 651 3959 qua).
684 3894 958 3962 accidunt,
988 3904 1279 3965 mutantur,
1320 3907 1377 3953 ut
1416 3899 1651 3955 habitum
1692 3900 1915 3968 faciant,
1948 3898 2107 3953 sicuti

533 3991 621 4037 est
648 3986 843 4051 veStis;
888 4002 1005 4041 nam
1037 4002 1155 4043 cum
1192 3988 1429 4058 proiecta
1457 3989 1544 4045 vel
1586 3991 1817 4059 reposita
1854 3996 1958 4055 est,
1999 4002 2105 4042 non

535 4072 699 4129 habet
724 4090 839 4131 eam
890 4076 1114 4134 formam
1146 4095 1305 4149 quam
1344 4082 1506 4135 sumit
1533 4096 1652 4137 cum
1688 4081 1925 4135 induitur
1949 4091 2108 4150 atquc

531 4167 799 4223 inducitur
818 4172 1100 4228 membris:
1117 4173 1295 4228 induta
1322 4189 1450 4245 ergo
1473 4175 1667 4243 accipit
1690 4174 1934 4236 formam,
1950 4188 2105 4241 quam

536 4272 642 4311 non
680 4259 905 4314 habebat
943 4270 1147 4317 exuta:
1181 4279 1302 4319 cum
1354 4264 1463 4332 ipsa
1496 4262 1735 4317 membra
1770 4270 1825 4316 et
1858 4276 1977 4316 cum
2023 4262 2107 4315 iu-

531 4350 785 4415 duuutur,
818 4362 875 4406 et
899 4368 1018 4407 cum
1049 4363 1336 4420 exuuntur,
1370 4356 1423 4408 in
1450 4367 1547 4408 suo
1568 4362 1715 4407 statu
1741 4359 2104 4420 permaneant.

532 4443 712 4498 Potest
741 4445 903 4498 etiam
926 4461 1044 4500 esse
1071 4456 1315 4510 quartum
1341 4461 1527 4517 genus,
1551 4459 1670 4500 cum
1700 4452 1755 4499 et
1780 4459 1841 4499 ea
1869 4458 1986 4513 qua:
2014 4458 2106 4498 aco

2208 1882 2262 1929 et
2322 1872 2389 1926 ab
2451 1886 2517 1926 eo
2581 1871 2903 1926 {armaretur
2975 1869 3321 1925 ineﬂ‘abiliter
3350 1913 3366 1937 ,
3434 1870 3789 1924 excellentius

2206 1973 2367 2033 atque
2414 1962 2770 2031 conjunctius,
2828 1977 2985 2032 quam
3039 1963 3203 2018 vestis
3250 1962 3319 2016 ab
3368 1962 3618 2025 homine,
3670 1976 3795 2015 cum.

2204 2055 2460 2112 induitur.
2495 2054 2608 2109 Hoc
2634 2068 2764 2124 ergo
2794 2053 3010 2109 nomine
3040 2053 3276 2108 habitum
3306 2056 3437 2109 satis
3468 2055 3784 2123 signiﬁcavit

2205 2146 2513 2215 Apostolus,
2548 2144 2995 2214 quemadmodum
3029 2144 3225 2200 dixerit
3255 2161 3267 2195 :
3298 2144 3793 2200 lnsimilitudinem.

2206 2235 2481 2290 hominum
2530 2236 2729 2299 iactus;
2758 2236 2881 2305 quia
2914 2250 3019 2293 non
3052 2237 3520 2303 transtiguratione
3543 2237 3598 2290 in
3628 2238 3783 2291 homi-

2205 2340 2348 2392 nem,
2372 2325 2465 2380 sed
2491 2324 2671 2380 habitu
2690 2325 2856 2379 factus
2875 2335 2977 2392 est,
3000 2341 3121 2381 eum
3151 2324 3365 2379 indutus
3385 2336 3471 2380 est
3493 2325 3778 2391 hominem,

2205 2430 2360 2485 quem
2389 2416 2489 2469 sibi
2525 2415 2707 2470 vivens
2732 2416 2961 2484 quodam
3000 2416 3188 2483 modo,
3221 2425 3379 2484 atque
3419 2416 3780 2483 conformans,

2205 2504 2589 2563 immortalitati
2628 2507 3018 2576 :eternitatique
3071 2506 3319 2561 soci-aret.
3369 2507 3479 2562 Sed
3510 2510 3660 2563 illum
3692 2511 3782 2561 ha-

2204 2599 2369 2653 bitum
2399 2597 2489 2668 qui
2529 2608 2613 2654 est
2651 2600 2703 2652 in
2741 2598 3084 2668 perceptione
3140 2599 3447 2668 sapientize,
3489 2600 3572 2654 vel
3618 2603 3785 2667 potius

2204 2690 2499 2759 disciplinae
2525 2705 2680 2761 quam
2714 2690 2883 2746 Graeci
2913 2691 3012 2754 ἕξιν
3040 2692 3120 2744 vel
3164 2694 3365 2762 σχέσιν-
3390 2702 3615 2757 vocant;
3648 2694 3784 2747 hunc

2204 2792 2380 2837 autem
2432 2782 2721 2837 secundum
2765 2797 2921 2852 quem
2965 2781 3197 2837 dicimus
3221 2784 3466 2838 vestitum
3497 2784 3579 2839 vel
3606 2801 3775 2839 arma.

2207 2883 2338 2940 tum,
2380 2883 2569 2947 σχῆμα
2590 2875 2764 2944 potius
2793 2873 3080 2943 appellant.
3116 2872 3197 2927 Ex
3245 2889 3353 2943 quo
3380 2875 3689 2944 intelligitur
3717 2877 3789 2929 de

2207 2965 2310 3020 isto
2368 2980 2565 3035 genere
2619 2965 2833 3019 habitus
2875 2966 3112 3019 locutum
3147 2966 3479 3034 Apostolum,
3530 2966 3789 3033 quando-

2204 3055 2415 3125 quidem
2460 3056 2513 3110 in
2557 3055 2758 3110 Graecis
2798 3055 3193 3123 exemplaribus
3238 3060 3468 3126 σχήματι
3512 3055 3784 3121 scriptum

2130 3137 2174 3199 C
2208 3156 2311 3211 est,
2344 3146 2485 3216 quod
2517 3160 2615 3204 nos
2645 3147 2697 3200 in
2728 3145 3198 3201 Latinishabitum
3226 3146 3501 3199 habemus.
3539 3145 3661 3210 Quo
3691 3162 3799 3199 no-.

2208 3238 2351 3292 mine
2389 3245 2603 3306 oportet
2649 3236 2892 3306 intelligi,
2932 3251 3036 3291 non
3083 3246 3340 3291 mutatum
3386 3250 3505 3291 esse
3549 3236 3788 3290 Verbum

2208 3330 2546 3397 susceptione
2576 3328 2826 3397 nominis,
2858 3328 3013 3385 sicuti
3044 3341 3144 3383 nec
3166 3327 3403 3382 membra
3424 3336 3579 3382 veste
3606 3328 3786 3380 induta

2210 3427 2501 3483 mutantur,
2536 3432 2835 3487 quanquam
2880 3416 2967 3472 illa
2986 3417 3265 3487 susceptio
3291 3416 3635 3476 inetl'abiliter
3664 3433 3789 3469 sus-

2208 3520 2420 3581 ceptum
2470 3508 2797 3578 suscipienti,
2829 3509 3189 3577 copulaverit;
3219 3507 3314 3563 sed
3342 3516 3604 3577 quantum
3632 3509 3799 3561 verba

2211 3603 2438 3656 humana
2470 3602 2629 3654 rebus
2660 3599 3013 3656 inetiabiltbus
3039 3598 3275 3668 coaptati
3304 3608 3549 3667 possunt,
3579 3614 3649 3653 ne
3677 3615 3788 3651 mu-

2210 3702 2349 3750 tatus
2373 3692 2695 3763 intelligatur
2719 3692 2861 3746 Deus
2878 3691 3121 3745 humana:
3144 3690 3441 3760 fragilitatis
3468 3701 3787 3759 assumptor,

2209 3788 2437 3841 electum
2472 3796 2576 3853 εει,
2604 3794 2662 3841 ιιι
2690 3785 2874 3840 Grtece
2902 3792 3088 3856 σχῆμα
3114 3791 3168 3837 ει
3198 3784 3382 3837 Latine
3412 3782 3626 3837 habitus
3652 3783 3793 3836 diee-

2210 3888 2359 3933 retur
2382 3876 2471 3931 illa
2498 3876 2785 3945 susceptio.
2814 3874 3020 3945 Itaque,
3041 3873 3328 3931 citarissimt'
3357 3875 3473 3936 mei,
3506 3873 3639 3926 sicut
3664 3889 3792 3925 sem-

2209 3986 2297 4040 per
2326 3967 2581 4021 obedistis.
2628 3966 2887 4035 Exemplo
2928 3966 3043 4032 ejus
3084 3964 3174 4033 qui
3228 3977 3395 4032 usque
3454 3963 3522 4016 ad
3566 3971 3790 4016 mortem

2210 4061 2465 4115 obcdiens
2488 4058 2606 4112 fuit.
2640 4057 2761 4112 Non
2792 4067 2843 4110 ut
2869 4059 2922 4110 in
2955 4055 3221 4125 prtesentia
3244 4070 3354 4106 mea
3380 4061 3602 4106 tantum.
3629 4053 3789 4117 Quasi

2212 4151 2351 4206 servi
2376 4151 2441 4205 ad
2469 4150 2680 4205 oculum
2711 4148 3029 4203 servientes.
3056 4146 3159 4201 Sed
3188 4145 3350 4199 multo
3372 4145 3537 4214 magis
3568 4160 3703 4197 nunc
3742 4144 3795 4196 in

2212 4242 2438 4296 absentia
2470 4256 2600 4293 mea.
2658 4238 2791 4305 Quia
2832 4238 2877 4292 si
2913 4237 3039 4305 quid
3062 4276 3077 4301 ,
3111 4250 3195 4290 me
3235 4245 3531 4303 prasente,
3572 4234 3792 4287 liberius

2212 4334 2471 4405 agebatis,
2494 4331 2687 4401 corrigi
2712 4330 2987 4400 poteratis.
3015 4328 3155 4384 Cum,
3185 4335 3321 4380 metu
3346 4336 3393 4378 et
3425 4336 3637 4379 terrore.
3679 4325 3795 4377 Non

2214 4430 2562 4499 negligenter,
2588 4427 2723 4481 sicut
2746 4426 2816 4479 ait
2836 4425 2938 4481 Job
2963 4438 2979 4479 :
3004 4424 3241 4479 Verebar
3263 4423 3438 4477 omnia
3465 4436 3630 4492 Opera
3651 4439 3794 4479 mea.

534 4534 723 4587 οῖάιιηι
765 4534 829 4585 οι]
873 4534 1172 4590 faciendum
1220 4511 1482 4603 habﬁum,
1514 4511 1628 4591 inec
1670 4511 2107 4604 ηιυιεηινριιίιηιε
2137 4511 2188 4569 Ι)
2224 4525 2449 4579 Vestram
2477 4526 2692 4577 salutem
2719 4521 3022 4591 aper-nmini.
3049 4520 3285 4579 Mutuam
3312 4519 3538 4573 salutem
3580 4528 3794 4573 curate:

532 4621 804 4684 accidunt,
840 4636 938 4676 nec
982 4626 1047 4677 ab
1075 4624 1154 4679 eis
1199 4625 1312 4694 ipsa
1355 4634 1646 4691 mutantur,
1686 4625 1840 4679 sicuti
1881 4626 2107 4680 annulus

534 4712 589 4763 in
614 4710 803 4778 digito,
830 4712 873 4764 si
908 4726 1010 4765 non
1045 4713 1203 4767 nimis
1231 4714 1498 4768 subtiliter
1522 4714 1847 4768 attendatur.
1880 4714 2106 4769 Verum-

536 4812 714 4856 tamen
740 4802 838 4857 hoc
864 4816 1051 4870 genus,
1083 4812 1174 4857 aut
1203 4804 1402 4859 nullum
1425 4816 1526 4871 est,
1556 4806 1600 4860 si
1622 4805 1905 4874 diligenter
1931 4806 2107 4860 discu-

535 4891 660 4961 tias,
692 4900 782 4946 aut
810 4894 1029 4948 omnino
1070 4894 1421 4948 raris~imum.
1470 4895 1601 4950 Cum
1633 4895 1792 4965 igitur
1819 4896 2105 4965 Apostolus

533 4983 601 5038 de
643 4984 915 5054 unigenito
940 4983 1037 5038 Dei
1063 4983 1198 5038 Filio
1232 4985 1558 5053 loqueretur,
1588 4995 1841 5056 quantum
1880 4986 2118 5054 pertinet.

533 5075 600 5130 ad
640 5075 970 5131 divinitatem
1008 5075 1126 5145 ejus
1165 5076 1454 5130 secundum
1503 5077 1562 5132 id
1593 5078 1733 5147 quod
1773 5092 1930 5132 verus
1972 5077 2110 5131 Deus

534 5176 637 5231 est,
669 5168 927 5234 mqualem
959 5183 1079 5223 esse
1108 5167 1240 5224 dixit
1269 5168 1435 5236 Patri,
1473 5170 1612 5238 quod
1642 5185 1746 5224 non
1780 5171 1829 5225 ei
1869 5170 1964 5224 iuit
1993 5178 2111 5224 tan-

533 5274 692 5327 quam
725 5260 929 5328 rapina,
975 5260 1026 5314 id
1069 5268 1172 5327 est,
1208 5260 1361 5330 quasi
1399 5261 1625 5315 alterum
1667 5270 1963 5330 appeteret.
2012 5262 2113 5313 La-

534 5351 729 5405 tuisset
766 5351 942 5421 itaque
984 5350 1364 5407 misericordia:
1392 5366 1548 5421 opus,
1576 5353 1619 5405 si
1651 5366 1861 5420 semper
1889 5366 2109 5406 mancus

537 5442 591 5495 in
621 5455 687 5496 ca
711 5442 1012 5511 mqualitate
1040 5444 1201 5498 nollet
1230 5443 1495 5497 hominem
1527 5442 1692 5505 indui,
1724 5450 1777 5494 et
1804 5442 2107 5495 hominibus

536 5541 596 5586 nt
626 5534 786 5586 homo
826 5548 1112 5602 apparere;
1144 5534 1238 5588 sed
1286 5534 1631 5601 semetipsum
1655 5532 1966 5595 exinauivit,
2002 5546 2105 5587 non

538 5624 764 5676 formam
798 5640 945 5680 suam
974 5634 1205 5690 mutans,
1240 5623 1331 5678 sed
1370 5624 1593 5687 formam
1634 5622 1777 5676 servi
1816 5622 2103 5689 accipiens,

539 5729 711 5785 neque
764 5731 1054 5772 coni-enus
1114 5725 1167 5772 et
1222 5720 1617 5787 trausmutatus
1677 5712 1728 5769 in
1805 5712 2104 5784 hominem,

2209 4624 2272 4671 et.
2290 4613 2410 4684 quia
2438 4613 2665 4678 dixerat,
2688 4621 2917 4666 vestram
2948 4610 3183 4680 ipsorum
3212 4609 3439 4664 salutem
3473 4608 3799 4678 operamini,

2211 4721 2278 4761 ne
2312 4706 2412 4760 sibi
2457 4705 2655 4774 aliquid
2700 4703 2930 4757 humana
2969 4703 3222 4771 fragilitas
3265 4711 3547 4769 arrogaret
3587 4709 3641 4754 et
3686 4716 3802 4754 sua:

2208 4796 2484 4851 industrize
2511 4796 2734 4851 salutem
2758 4810 2906 4848 suam
2939 4794 3247 4858 ascriberet,
3277 4803 3496 4848 secutus
3519 4792 3801 4861 adjunxit:

2214 4892 2372 4954 Deus,
2404 4889 2591 4957 inquit,
2614 4887 2699 4954 qui
2731 4897 2982 4956 operatur
3005 4884 3057 4939 in
3080 4886 3249 4939 vobis.
3279 4884 3393 4938 Non
3421 4885 3597 4938 solum
3620 4883 3806 4936 Vobis-

2213 4995 2355 5047 cum,
2385 4980 2479 5033 sed
2511 4979 2653 5033 intus
2680 4979 2732 5032 in
2764 4977 2913 5032 vobis
2944 4980 3079 5031 miro
3106 4977 3266 5031 modo
3294 4976 3592 5030 infunditur
3617 4984 3676 5029 et
3706 4976 3809 5029 do-

2214 5078 2405 5124 natur:
2432 5068 2643 5137 quando
2673 5067 2814 5122 enim
2842 5067 3116 5135 jubentur,
3148 5075 3202 5119 ut
3224 5073 3537 5135 operentur,
3571 5065 3805 5120 liberum

2212 5177 2397 5218 eorum
2432 5142 2754 5215 convenitur
2798 5159 3101 5221 arbitrium,
3152 5158 3246 5213 sed
3294 5157 3415 5212 ideo
3443 5173 3568 5211 cum
3608 5158 3812 5211 timore

2212 5264 2265 5309 et
2287 5263 2538 5318 tremore,
2572 5267 2651 5307 ne.
2679 5253 2781 5307 sibi
2821 5251 3105 5307 tribuendo
3136 5250 3277 5320 quod
3308 5250 3443 5304 bene
3479 5259 3807 5319 operantur,

2212 5348 2279 5403 de
2303 5347 2456 5402 bonis
2486 5353 2746 5417 tanquam,
2760 5345 2873 5399 suis
2910 5344 3236 5399 extollantur
3261 5341 3533 5413 operibus.
3564 5339 3710 5394 Deus
3738 5352 3815 5395 est

2211 5441 2345 5494 enim
2364 5439 2451 5509 qui
2475 5448 2710 5509 aperatur
2734 5438 2789 5490 in
2813 5435 2971 5490 vobis.
3002 5432 3337 5489 Couticeseat
3360 5432 3589 5486 humana
3612 5445 3817 5500 super-

2213 5529 2322 5597 bia,
2344 5537 2396 5584 et
2419 5542 2522 5583 non
2552 5527 2720 5585 dicat:
2739 5526 2819 5581 Ex
2853 5540 2941 5590 me
2966 5524 3140 5580 habeo
3165 5525 3363 5578 bonum
3383 5522 3554 5585 velle;
3588 5522 3719 5589 quia
3755 5533 3817 5578 et

2217 5622 2318 5676 hoc
2366 5620 2418 5674 in
2457 5620 2609 5674 vobis
2636 5618 2842 5673 occulta
2868 5616 3217 5686 inspiratione
3243 5615 3384 5669 Deus
3406 5621 3686 5683 operatur,
3721 5615 3818 5682 qui

2220 5727 2327 5771 non
2368 5712 2538 5768 solum
2568 5710 2755 5780 tidem,
2786 5708 2881 5767 sed
2910 5716 2961 5764 et
2999 5705 3446 5779 perseverantiam
3471 5704 3656 5759 donat.
3704 5702 3818 5759 Sed
