3982 6352
285 230 392 284 653

1056 230 1123 295 IN
1163 231 1540 288 EPISTOLAM
1578 233 1679 287 AD
1708 230 2189 290 PHILIPPENSES
2224 233 2740 291 COMMENTARIA.

3431 240 3538 292 654

284 342 420 393 forte
441 339 584 394 dicet
610 339 801 409 aliquis
826 356 839 392 :
866 339 1019 407 Ergo
1037 355 1212 394 nicum
1238 341 1366 394 nihil
1391 350 1493 406 est,
1517 350 1683 395 totum
1707 354 1852 397 tuum
1882 345 1934 402 Α
1961 357 2093 411 opus
2118 343 2407 413 Evangelii.
2443 344 2504 397 Et
2532 345 2919 399 commilitonem
2947 362 3132 401 meum.
3164 347 3389 417 Propter
3421 365 3536 418 gra-

282 438 386 495 est,
429 430 522 483 sed
562 432 727 498 gratia
770 429 1038 499 donatori,
1073 432 1193 499 quia
1228 431 1363 484 bona
1410 432 1653 486 voluntas
1691 447 1720 486 a
1750 432 1855 486 Do-

281 518 428 572 mino
458 531 803 586 prmparatur.
836 519 901 572 Et
926 522 1063 585 velle,
1091 530 1139 574 et
1164 523 1423 589 perﬁcere.
1450 522 1714 578 Perﬁrere
1742 525 1858 579 sine

281 608 447 663 dubio
486 609 651 677 ipsius
687 619 771 665 est
807 612 894 679 qui
933 612 1108 666 dixit:
1156 612 1285 668 Siue
1329 628 1415 668 me
1459 614 1583 667 nihil
1636 616 1856 683 potestis

281 696 480 751 lacere.
538 697 753 752 Pcrﬁcit
796 700 847 753 in
892 700 1064 765 nobis,
1108 700 1230 753 dum
1277 702 1458 770 implet
1506 702 1644 771 quod
1676 702 1851 757 dixit:

283 786 420 841 Ecce
458 802 558 856 ego
597 788 865 843 vobiscum
907 804 1022 843 sum
1056 806 1222 860 usque
1247 790 1313 843 ad
1343 791 1854 846 consummationem

278 882 487 945 δωροῦ-ς
532 880 813 951 qui-ccepit
847 883 897 937 in
939 884 1092 938 nobis
1122 898 1257 953 opus
1297 885 1515 949 bonum,
1552 884 1671 952 ipse
1692 886 1858 954 perli-.

279 974 386 1027 ciet
416 987 581 1043 usque
610 974 660 1027 in
691 975 870 1029 linem.
904 976 1008 1029 Pro
1034 977 1164 1030 bona
1194 977 1467 1032 uoluntate.
1521 978 1855 1034 Subaudien-

277 1060 406 1115 dum
433 1075 547 1125 sua,
581 1063 631 1116 id
663 1072 745 1117 est
790 1065 900 1119 Dei.
952 1064 1137 1119 Omnia
1174 1076 1343 1121 autem
1382 1069 1535 1137 facite
1562 1070 1672 1123 sine
1714 1086 1855 1123 mur-

280 1154 650 1207 murationibus
690 1166 737 1208 et
761 1156 1186 1224 ha'sitationibus,
1229 1171 1283 1211 ut
1324 1160 1436 1213 sitis
1478 1163 1589 1214 sine
1624 1163 1851 1231 querela.

279 1240 521 1312 lngratus
563 1258 750 1299 servus
787 1248 877 1317 qui
915 1249 1094 1315 gravia
1125 1249 1325 1304 domini
1356 1250 1436 1304 sui
1466 1253 1705 1321 queritur
1730 1268 1852 1309 esse

280 1343 583 1402 praecepta:
613 1337 789 1391 omnis
830 1338 921 1405 qui
959 1349 1271 1406 murmurat,
1314 1342 1519 1396 dubitat
1546 1343 1614 1396 de
1651 1359 1853 1411 praece-

280 1425 403 1492 ptis.
433 1425 495 1478 Et
519 1428 772 1497 simplices
793 1432 891 1495 ﬁlii
914 1432 1027 1499 Dei,
1044 1435 1156 1488 sine
1177 1434 1582 1504 reprehensione.
1599 1435 1855 1490 Conside-

278 1525 396 1569 rate
434 1517 588 1585 cujus
628 1518 717 1573 ﬁlii
745 1521 881 1587 sitis,
906 1522 1136 1592 quicum
1159 1524 1416 1594 simplicis
1441 1535 1639 1579 natura!
1661 1526 1749 1589 sit,
1780 1525 1842 1579 li—

279 1605 380 1661 lios
401 1624 505 1663 non
518 1611 629 1664 vult
642 1612 838 1667 habere
856 1614 1170 1682 degeneres.
1192 1616 1263 1671 In
1275 1618 1671 1672 medionationis
1681 1635 1850 1690 pratia:

1959 433 2082 485 dum
2117 436 2446 501 apostolatus
2470 440 2630 503 ’quem
2671 435 2721 488 in
2749 436 2898 490 vobis
2927 437 3153 503 accepit.
3184 436 3418 492 Vestrum
3441 456 3537 493 au-

1959 528 2057 573 tem
2084 523 2369 591 apostolum
2389 562 2403 587 ,
2438 533 2484 577 ct
2522 526 2803 578 ministrant
2832 527 3138 585 necessitatis
3163 543 3308 592 meat,
3337 529 3533 583 mittere

1956 611 2026 662 ad
2048 627 2155 665 ros.
2185 610 2284 677 Qui
2315 628 2447 667 mea:
2475 616 2614 669 venit
2640 616 2945 670 necessitati
2978 616 3282 671 ministrare
3310 633 3405 683 pro
3436 634 3532 670 vo-

1956 698 2059 754 bis.
2090 700 2342 764 Quoniam
2367 702 2565 770 quidem
2596 720 2767 757 omnes
2798 721 2881 757 vos
2911 706 3247 759 desiderabat.
3289 706 3533 760 Charita-

1957 796 2061 843 tem
2101 789 2219 857 ejus
2262 791 2366 844 illis
2395 791 3004 858 nititurcommcndare,
3038 804 3096 849 ut
3128 804 3181 850 et
3213 797 3323 864 ipse
3356 797 3422 856 ab
3453 797 3533 863 eis

1954 879 2181 947 amplius
2213 880 2482 951 diligatur.
2515 882 2583 935 Et
2613 895 2812 938 mwstus
2842 894 2971 951 erat,
2997 897 3259 956 propterea
3279 889 3414 958 quod
3435 906 3531 941 au-

1954 969 2162 1024 dieratis
2192 971 2337 1024 illum
2365 973 2700 1039 inﬁrmatam,
2731 992 2850 1030 nam
2888 986 2935 1029 et
2966 978 3251 1044 inﬁrmatus
3272 990 3344 1031 est
3373 995 3530 1046 usque

1953 1061 2021 1112 ad
2044 1071 2270 1114 mortem.
2311 1061 2561 1121 Tristitia:
2600 1074 2792 1120 vestra:
2829 1081 2986 1120 causa
3027 1078 3249 1124 moestus
3286 1080 3421 1131 erat,
3464 1084 3529 1122 eo

1954 1153 2093 1221 quid
2136 1169 2226 1207 vos
2266 1169 2360 1224 per
2399 1156 2718 1212 inlirmitatis
2755 1174 2866 1212 suae
2905 1163 3146 1221 nuntium
3186 1163 3529 1217 contristatos

1956 1241 2183 1296 timeret.
2199 1241 2304 1297 Sed
2319 1243 2565 1300 Dominus
2581 1248 2815 1301 misertus
2828 1253 3023 1321 estejus
3035 1267 3054 1305 :
3070 1267 3168 1305 non
3184 1252 3345 1305 solum
3358 1261 3530 1305 autem

1954 1337 2084 1406 ejus,
2108 1353 2280 1391 verum
2306 1339 2461 1391 etiam
2486 1349 2533 1393 et
2560 1341 2681 1395 mei.
2706 1341 2951 1396 Misertus
2989 1354 3069 1397 est
3105 1346 3241 1413 ejus,
3275 1356 3329 1398 ut
3359 1346 3525 1413 majo-

1952 1442 2064 1481 rem
2111 1428 2353 1483 docendo
2398 1431 2614 1500 colligat
2662 1431 2912 1487 fructum.
2964 1432 3046 1487 Ne
3092 1435 3346 1487 tristisiam
3376 1452 3529 1501 super

1953 1519 2207 1571 tristitiam
2237 1520 2491 1578 haberem.
2522 1522 2600 1577 Ne
2630 1523 2893 1577 tristitiam
2925 1526 3156 1579 carceris
3184 1525 3539 1581 desolationis.

1953 1620 2189 1679 augeret.
2231 1611 2583 1668 Festinantius
2609 1631 2727 1684 ergo
2754 1619 2866 1669 misi
2894 1618 3061 1680 illum,
3105 1626 3158 1669 ut
3187 1619 3289 1671 viso
3320 1635 3397 1684 co,
3430 1620 3526 1670 ite-

276 1705 326 1750 et
349 1714 621 1765 perversa;
666 1702 795 1767 Quae
816 1718 1028 1759 omnem
1068 1706 1437 1762 rationabilem
1466 1722 1516 1761 ο.·
1531 1708 1705 1762 dinem
1734 1725 1854 1777 per-
1889 1694 1929 1751 Β
1956 1721 2066 1757 rum
2092 1706 2375 1776 gaudeatis.
2397 1707 2501 1761 Pro
2523 1706 2674 1775 cujus
2694 1709 2932 1764 absentia
2958 1709 3327 1763 tristabamini.
3352 1708 3414 1760 Et
3436 1725 3527 1780 ego

276 1791 437 1842 vertit
458 1800 509 1844 et
537 1792 711 1858 perdit
730 1793 1041 1850 inﬁdelitate
1071 1811 1186 1849 sua.
1212 1796 1358 1850 Inter
1381 1815 1504 1867 quos
1525 1800 1702 1852 lucetis
1723 1801 1853 1853 sicut

278 1876 554 1934 luminaria
582 1882 634 1935 in
663 1885 873 1938 mundo.
915 1884 1003 1941 Sic
1042 1887 1213 1942 luceat
1235 1888 1325 1943 Dei
1362 1903 1530 1957 genus
1567 1889 1619 1944 in
1657 1905 1853 1959 genere

281 1968 536 2037 humano,
571 1972 703 2027 sicut
733 1974 815 2029 sol
844 1985 900 2030 et
927 1977 1049 2031 luna
1081 1977 1133 2032 in
1164 1978 1362 2033 mundo
1389 1996 1400 2032 :
1431 1979 1483 2034 id
1522 1988 1626 2046 est,
1666 1994 1857 2035 omnes

280 2060 527 2116 catholici
556 2064 693 2119 inter
723 2065 1037 2134 haereticos,
1076 2068 1292 2125 Iudaeos
1341 2078 1396 2125 et
1430 2084 1679 2141 paganos.
1723 2070 1854 2124 Ver-

280 2149 399 2202 bum
422 2154 534 2206 vita
552 2157 879 2211 continentes.
914 2157 982 2213 Ut
1009 2160 1257 2229 exemplo
1281 2171 1459 2216 vestro
1486 2162 1852 2217 illuminentur

279 2251 335 2295 ct
374 2246 556 2299 verbo.
589 2249 671 2301 Ad
694 2251 912 2319 gloriam
950 2268 1133 2307 meam.
1175 2253 1352 2308 Gloria
1393 2255 1558 2323 patris
1585 2253 1728 2307 ﬁlius
1765 2267 1852 2306 sa-

277 2332 451 2400 piens,
483 2336 552 2390 ail
586 2336 857 2403 Salomon.
893 2341 1150 2409 perfectio
1186 2342 1570 2414 discipulorum
1610 2343 1849 2409 magistri

276 2422 445 2490 gloria
483 2428 876 2495 comprobatur.
918 2429 983 2484 In
1022 2428 1107 2485 die
1131 2433 1344 2488 Christi.
1385 2433 1444 2488 ln
1480 2433 1622 2488 diem
1659 2434 1847 2503 judicii

277 2511 495 2569 Christi.
521 2517 656 2581 Quia
679 2536 777 2573 non
805 2522 859 2575 in
885 2538 1097 2577 vacuum
1122 2526 1348 2590 cucurri,
1378 2540 1538 2595 neque
1564 2526 1618 2579 in
1638 2541 1849 2579 vacuum

276 2601 523 2660 laboravi.
555 2608 655 2675 Qui
690 2611 848 2667 talem
878 2614 985 2669 Deo
1014 2615 1265 2683 populum
1294 2616 1569 2684 acquisivi.
1606 2617 1712 2671 Sed
1735 2627 1783 2672 et
1805 2618 1851 2671 si

274 2695 512 2751 immolor
529 2717 682 2772 super
724 2706 1056 2775 sacriﬁcium.
1083 2707 1187 2765 Sed
1218 2707 1430 2765 etiamsi
1460 2710 1692 2781 oceiilar,
1727 2711 1853 2785 quia

272 2791 594 2847 sacriﬁcium
634 2802 690 2849 et
725 2796 1037 2867 obsequium
1091 2801 1211 2856 ﬁdei
1260 2813 1448 2858 vestra:
1504 2806 1670 2860 obtuli
1715 2806 1845 2874 Deo,

272 2879 436 2933 vincit
473 2882 720 2950 gaudium
758 2888 1027 2954 prolectus
1065 2892 1229 2946 vestri
1263 2892 1521 2962 justitiam
1561 2909 1732 2965 poena:
1761 2897 1846 2951 vel

271 2970 479 3024 mortis.
512 2971 577 3024 Et
606 2974 900 3044 obsequium
923 2980 1045 3045 ﬁdei
1066 2992 1257 3046 vestrae,
1280 2985 1478 3053 gaudeo
1504 2996 1549 3039 et
1576 2997 1848 3057 congratu-

1953 1797 2062 1851 sine
2100 1799 2303 1851 tristitia
2339 1814 2473 1851 sum.
2524 1799 2653 1865 Qua:
2699 1798 2827 1854 mihi
2847 1800 2914 1853 de
2944 1815 3119 1854 veStra
3148 1801 3361 1854 tristitia
3389 1811 3523 1855 erat.

1954 1887 2190 1956 Excipite
2234 1890 2405 1959 itaque
2446 1890 2593 1944 illum
2629 1907 2745 1943 cum
2787 1892 2925 1944 omni
2962 1891 3146 1961 gaudio
3183 1892 3237 1945 in
3284 1891 3533 1953 Domino.

1954 1980 2117 2047 Quasi
2150 1981 2455 2047 Dominum,
2508 1992 2557 2037 et
2589 1998 2657 2036 ne
2684 1981 2822 2050 quod
2854 1982 3155 2050 scrupulum
3186 1983 3251 2037 de
3279 1989 3394 2050 ejus
3422 1994 3527 2036 tar-

1953 2072 2121 2127 ditate
2164 2080 2434 2127 nascatur.
2491 2072 2558 2125 Et
2601 2072 2853 2143 ejusmodi
2900 2088 3019 2125 cum
3057 2072 3245 2125 honore
3273 2072 3527 2133 habetote.

1952 2162 2067 2216 Non
2108 2163 2279 2216 solum
2318 2162 2486 2227 hunc,
2519 2161 2613 2216 sed
2645 2172 2698 2217 et
2734 2161 2979 2216 homines
3019 2159 3345 2229 hujusmodi.
3388 2160 3532 2225 Ouo-.

1953 2251 2090 2303 niam
2115 2261 2321 2320 prapter
2348 2267 2475 2317 Opus
2502 2250 2709 2303 Christi.
2754 2250 2853 2316 Qui
2884 2249 3032 2318 quasi
3074 2264 3166 2302 reo
3206 2264 3310 2302 non
3351 2247 3524 2300 timuit

1952 2340 2273 2394 ministrare.
2305 2339 2473 2408 Usque
2492 2341 2559 2390 ad
2580 2350 2793 2392 mortem
2821 2340 3049 2404 accessit,
3080 2340 3285 2391 tradens
3305 2336 3530 2401 animam

1950 2445 2118 2484 suam.
2159 2430 2381 2483 Paratus
2418 2428 2485 2483 ad
2526 2440 2774 2483 mortem.
2817 2428 2883 2482 Ut
2918 2428 3149 2495 impleret
3186 2428 3261 2492 id,
3291 2427 3427 2495 quod
3464 2442 3526 2478 ea:

1950 2522 2086 2575 vobis
2114 2522 2285 2575 deerat
2311 2537 2433 2592 erga
2470 2537 2633 2573 meum
2662 2520 2974 2588 obsequium.
3018 2519 3086 2574 Ut
3126 2526 3358 2572 vestrum
3398 2531 3524 2586 erga

1951 2629 2037 2669 me
2062 2613 2295 2668 ofﬁcium
2331 2628 2425 2681 pro
2452 2613 2699 2667 omnibus
2725 2614 2869 2665 solus
2901 2611 3165 2679 impleret.

2020 2704 2147 2758 Csp.
2174 2718 2253 2758 tu.
2283 2702 2359 2756 De
2384 2712 2582 2767 ca'tero,
2615 2704 2796 2770 fratres
2824 2700 2945 2766 mei,
2965 2700 3177 2768 gaudete
3198 2700 3249 2752 in
3273 2696 3512 2750 Domino.

1948 2803 2064 2858 Non
2096 2805 2147 2857 in
2181 2807 2339 2857 rebus
2366 2804 2567 2865 saeculi,
2597 2811 2675 2856 vel
2708 2792 2759 2855 in
2786 2790 2964 2869 aliquo
2994 2805 3186 2867 prmtcr
3213 2796 3521 2858 Dominum.

1948 2893 2145 2948 Eadem
2167 2894 2306 2947 vobis
2343 2892 2559 2946 scribere
2600 2893 2726 2944 mihi
2749 2892 2953 2961 quidem
2983 2906 3084 2949 non
3131 2889 3355 2961 pigrum,
3382 2889 3522 2943 vobis

1946 2994 2114 3038 autem
2144 2984 2500 3037 necessarium.
2529 2982 2729 3036 Eadem
2760 2990 3003 3050 repetere
3030 2994 3148 3051 qua:
3191 2980 3349 3034 etiam
3383 2994 3521 3048 pra:-

271 3061 349 3115 lor
370 3064 601 3119 omnibus
618 3068 775 3121 vobis.
820 3070 943 3125 Sive
971 3074 1095 3140 quia
1133 3086 1325 3130 vestra:
1365 3076 1485 3130 ﬁdei
1526 3078 1841 3146 ministravi,
1870 3061 1915 3121 (ἶ
1946 3089 2089 3136 sens,
2121 3075 2256 3127 sicut
2300 3074 2506 3146 plantas
2549 3073 2743 3140 saepius
2781 3072 3073 3139 adaaquari,
3130 3085 3233 3122 non
3279 3080 3361 3124 est
3400 3071 3516 3131 ill“,-

270 3161 329 3203 ut
359 3153 469 3207 Deo
506 3155 559 3208 in
590 3157 740 3212 vobis
779 3159 829 3213 id
862 3171 1140 3229 operante,
1170 3174 1223 3219 et
1251 3181 1337 3221 me
1368 3168 1688 3235 praedicante
1725 3186 1846 3227 cre-

267 3240 490 3299 deretis.
515 3243 751 3314 Idipsum
764 3259 931 3303 autem
947 3254 1162 3322 gaudete
1179 3264 1228 3308 et
1243 3259 1676 3327 congratulann'ni
1696 3261 1842 3315 mihi.

268 3334 553 3391 Praemium
579 3347 664 3393 est
691 3355 786 3409 pro
822 3342 976 3397 vobis
1015 3346 1210 3401 occidi.
1251 3345 1415 3416 Spero
1442 3357 1608 3403 autem
1652 3351 1707 3403 in
1735 3350 1845 3405 Do-

267 3425 406 3478 mino
428 3423 553 3480 Iesu
575 3428 894 3485 Timotheum
920 3434 1017 3487 cito
1054 3436 1253 3490 mittere
1286 3439 1355 3490 ad
1380 3454 1486 3493 vos.
1528 3439 1625 3494 Dat
1660 3455 1843 3496 exem-

268 3515 411 3584 plum
435 3531 540 3571 non
565 3519 773 3587 timere,
803 3523 897 3577 scd
930 3526 1108 3579 omnia
1138 3527 1238 3582 sub
1262 3541 1365 3598 spe.
1383 3531 1590 3585 Domini
1620 3534 1843 3601 promit-

267 3608 443 3662 tenda.
488 3610 555 3664 Ut
590 3622 648 3665 et
675 3629 769 3684 ego
806 3614 942 3669 bono
971 3620 1143 3671 animo
1177 3619 1294 3683 sint,
1325 3623 1540 3692 cognitis
1566 3640 1679 3694 qute
1704 3626 1843 3680 circa

260 3714 357 3752 nos
387 3709 525 3756 sunt.
565 3702 622 3757 Si
652 3719 747 3758 vos
785 3721 917 3761 meas
959 3708 1233 3774 passiones
1272 3710 1493 3767 minime
1531 3718 1836 3770 terruerint.

264 3789 533 3845 Neminem
561 3793 692 3847 enim
717 3793 873 3851 habeo
902 3806 1007 3851 tam
1033 3802 1344 3869 unanimem,
1371 3804 1457 3873 qui
1482 3804 1680 3859 sincera
1713 3807 1839 3875 a/I'e-z‘

260 3882 428 3935 ctione
455 3899 546 3952 pro
572 3885 709 3938 vobis
737 3888 986 3942 sollicitus
1008 3890 1093 3943 sit.
1133 3892 1232 3956 Qui
1261 3893 1331 3947 ita
1362 3908 1570 3949 mecum
1596 3911 1693 3965 pro
1720 3912 1839 3952 om-

262 3975 409 4029 nium
448 3976 621 4033 salute
656 3979 913 4034 sollicitus
950 3981 1040 4035 sit.
1084 3982 1272 4037 Omnes
1299 3987 1434 4038 enim
1461 4004 1555 4041 sua
1582 4000 1835 4057 quaerunt.

260 4065 378 4121 Non
416 4070 563 4123 enim
599 4068 652 4123 in
680 4070 914 4127 Ecclesia
952 4072 1151 4131 Christi
1194 4084 1337 4141 tunc,
1381 4087 1577 4146 praeter
1615 4079 1835 4135 Paulum

259 4161 558 4226 apostolum
596 4173 651 4219 et
674 4163 1012 4221 Timotheum
1043 4178 1179 4234 erat,
1200 4170 1290 4238 qui
1313 4186 1566 4240 germane
1591 4172 1659 4227 de
1678 4188 1839 4243 grege

261 4253 521 4309 sollicitus
565 4266 749 4321 esset;
780 4259 873 4312 sed
921 4261 1219 4329 contigerat
1246 4270 1304 4316 ut
1342 4266 1434 4317 illo
1464 4272 1704 4333 tempore
1733 4281 1838 4332 quo

262 4341 600 4398 Timetheum
633 4348 797 4411 misit,
825 4348 968 4401 circa
997 4363 1056 4402 se
1082 4350 1242 4403 alium
1268 4351 1338 4405 de
1366 4352 1490 4407 ﬁliis
1525 4369 1629 4407 non
1672 4353 1838 4408 babe-

1906 3185 1912 3191 ·
1949 3164 2065 3220 tile.
2105 3164 2285 3217 Videte
2313 3144 2484 3216 canes.
2505 3161 2700 3215 Contra
2722 3160 3065 3230 Evongelium
3100 3160 3369 3212 latrantes.
3390 3158 3523 3215 liinc

1939 3246 2048 3314 iam
2079 3263 2266 3308 contra
2298 3251 2790 3321 pseudoapostolos.
2842 3248 3021 3302 Videte
3054 3248 3214 3303 malos
3242 3248 3519 3315 operarios.

1944 3344 2208 3414 Quidquid
2241 3358 2339 3400 nos
2360 3343 2706 3407 aediﬁcamus,
2735 3344 3012 3400 destruere
3035 3349 3317 3395 conantur.
3340 3340 3521 3401 Videte

1943 3432 2562 3490 concisionem.Concisio
2580 3433 2701 3497 ista,
2729 3448 2834 3487 non
2864 3431 3216 3487 circumcisio.
3250 3430 3361 3484 Nos
3386 3430 3522 3484 enim

1941 3546 2119 3583 sumus
2145 3528 2482 3583 circumcisio.
2518 3525 2626 3580 Nos
2653 3539 2837 3583 sumus
2878 3527 2988 3579 veri
3018 3524 3205 3587 iudici,
3247 3524 3367 3592 quia
3414 3538 3519 3579 nou

1942 3620 2098 3673 unius
2126 3618 2351 3673 membri
2401 3616 2612 3684 pellem,
2636 3614 2728 3669 sed
2776 3615 2935 3669 totius
2969 3615 3146 3668 carnis
3182 3614 3341 3668 simul
3386 3613 3515 3669 vitia

1942 3714 2354 3782 amputavimus.
2389 3711 2490 3776 Qui
2534 3710 2719 3778 spiritu
2756 3707 2864 3762 Deo
2892 3696 3155 3761 servimus.
3180 3706 3278 3774 Qui
3328 3721 3519 3760 secun-

1942 3804 2067 3861 dum
2098 3802 2385 3858 Jeremiam
2412 3800 2589 3855 cordis
2621 3799 2935 3868 praeputium
2966 3796 3417 3853 circumcidimus.
3453 3796 3519 3848 Et

1940 3896 2222 3965 gloriamur
2247 3894 2299 3946 in
2331 3891 2535 3946 Christo
2579 3890 2725 3958 Jesu,
2772 3900 2818 3944 et
2865 3906 2967 3942 non
3005 3890 3059 3942 in
3102 3904 3255 3943 carne
3278 3888 3521 3957 ﬁduciam

1941 3987 2197 4040 habentes.
2231 3984 2396 4053 Cujus
2443 3983 2545 4037 lide
2573 3984 2686 4037 sola
2712 3980 2985 4050 justiﬁcati
3026 3995 3232 4045 sumus,
3262 3995 3364 4033 non
3407 3979 3519 4034 cir-

1940 4081 2268 4135 cumcisione
2298 4078 2520 4132 carnali.
2556 4078 2859 4142 Quanquam
2897 4089 2987 4144 ego
3016 4073 3228 4126 habeam
3259 4072 3520 4138 conﬁden-

1940 4174 2062 4224 tiam
2091 4181 2134 4223 et
2176 4172 2228 4223 in
2269 4185 2440 4223 carne.
2463 4168 2541 4222 Ne
2567 4169 2687 4237 quis
2718 4175 2865 4235 putet
2906 4180 2994 4219 me
3024 4165 3125 4218 hoc
3166 4164 3286 4219 ideo
3314 4164 3518 4229 dicere,

1940 4263 2089 4333 quasi
2130 4276 2227 4329 ego
2255 4258 2519 4329 gloriandi
2565 4273 2669 4311 non
2713 4258 2936 4309 habeam
2974 4268 3208 4318 causam,
3232 4262 3288 4306 et
3316 4252 3517 4305 idcirco

1940 4352 2155 4419 glorier.
2185 4348 2245 4404 Si
2287 4350 2399 4415 quis
2441 4349 2574 4400 alius
2612 4346 2810 4399 videtur
2852 4343 3107 4413 conﬁdere
3142 4342 3199 4395 in
3227 4357 3397 4407 carne,
3424 4357 3520 4412 ego

261 4439 367 4495 ret,
398 4432 491 4485 sed
517 4435 836 4487 mercenarii
866 4449 985 4489 cum
1017 4436 1109 4490 illo
1134 4447 1335 4500 essent,
1360 4439 1409 4491 id
1436 4450 1537 4504 est,
1571 4455 1665 4494 sua
1692 4458 1837 4511 qnte-
1863 4426 1917 4484 D
1941 4444 2127 4513 magis,
2156 4440 2482 4494 circumcisus
2512 4447 2691 4491 octava
2738 4436 2839 4490 die.
2873 4435 3005 4502 Quia
3058 4433 3194 4490 forte
3240 4434 3399 4502 aliqui
3450 4450 3517 4489 ex

262 4528 463 4575 rentes.
495 4520 875 4592 Suaqmerunt
904 4528 1182 4582 commoda
1212 4530 1291 4584 vel
1316 4531 1569 4600 quietem,
1594 4534 1750 4588 nolrn
1776 4550 1834 4590 es

264 4625 360 4678 pro
399 4613 621 4669 aliorum
669 4616 910 4673 tribulari
956 4621 1146 4679 salute.
1178 4622 1298 4677 Non
1337 4641 1450 4690 quae
1489 4636 1606 4680 sunt
1647 4627 1832 4682 Christi

263 4704 407 4761 Iesu.
440 4706 858 4777 Experimentum
903 4722 1074 4767 autem
1101 4717 1212 4786 ejus
1261 4720 1562 4787 cognoscite.
1605 4720 1704 4787 Qui
1737 4737 1834 4789 pro

261 4798 435 4854 salute
482 4802 718 4856 omnium
763 4819 861 4859 nec
902 4805 1047 4859 mori
1089 4810 1372 4863 recusavit.
1424 4811 1678 4878 Quoniam
1702 4814 1831 4866 sicut

262 4888 396 4956 patri
441 4890 578 4957 ﬁlius
625 4908 822 4945 mecum
868 4895 1065 4947 servivit
1106 4897 1159 4950 in
1181 4896 1482 4968 Evangelia.
1527 4900 1828 4957 Secundum

265 4980 564 5045 hominem,
619 4995 836 5052 propter
880 4986 1149 5043 hominem
1198 4989 1367 5045 lactus
1415 5003 1497 5047 est
1546 5008 1712 5064 usque
1765 4996 1831 5051 ad

263 5081 489 5126 mortem
519 5073 816 5140 obediens;
864 5085 920 5130 et
961 5077 1157 5133 aliter:
1190 5080 1281 5135 Sic
1318 5084 1539 5137 servivit
1581 5093 1831 5157 tanquam

263 5173 364 5229 ego
415 5176 536 5215 eum
584 5165 869 5219 carnaliter
908 5168 1230 5237 genuissem.
1290 5170 1444 5227 Hunc
1488 5174 1645 5244 igitur
1682 5192 1832 5243 spero

264 5268 342 5306 me
369 5255 562 5309 mittere
588 5272 707 5311 mox
735 5266 788 5310 ut
817 5259 989 5314 videro
1017 5277 1129 5330 qtae
1155 5263 1291 5316 circa
1319 5280 1398 5319 me
1440 5276 1557 5319 sunt
1588 5284 1601 5320 :
1632 5269 1832 5334 conﬁdo

263 5357 430 5400 autent
456 5351 508 5401 in
535 5349 775 5417 Domino,
804 5354 1043 5421 quoniam
1068 5364 1116 5407 et
1142 5357 1251 5424 ipse
1278 5358 1482 5411 ueniam
1502 5360 1570 5411 ad
1599 5376 1683 5415 vos
1711 5363 1829 5416 cito.

264 5439 395 5502 Quia
421 5439 580 5494 modo
602 5442 775 5496 adhuc
806 5445 1037 5500 incertus
1066 5460 1206 5513 sum,
1233 5448 1323 5516 qui
1350 5448 1418 5504 de
1447 5449 1727 5506 Timotheo
1757 5454 1836 5507 Ιοπ

262 5542 443 5597 quor.'
473 5530 834 5588 Necessarium
879 5546 1048 5590 autem
1100 5540 1403 5594 existimavi.
1461 5538 1831 5600 Necessarium

264 5617 435 5678 vobis.
459 5620 864 5695 Epaphroditum
881 5631 1112 5700 fratrm,
1126 5640 1172 5685 et
1192 5642 1589 5690 cooveratorem.
1608 5633 1830 5701 Propter

1942 4533 2047 4587 illis
2078 4530 2326 4600 proselyti
2355 4538 2526 4583 erant.
2559 4527 2641 4581 Ea:
2662 4542 2843 4598 genere
2866 4524 3052 4592 Israel,
3086 4525 3148 4578 de
3167 4525 3301 4579 tribu
3324 4524 3517 4595 Benja-

1939 4630 2067 4693 min,
2088 4627 2335 4681 Ilebrazus
2361 4644 2424 4681 ex
2453 4626 2703 4693 Hebrazis.
2728 4626 2855 4695 Qua:
2883 4640 3093 4695 semper
3121 4624 3221 4681 luit
3240 4640 3359 4680 cum
3382 4626 3515 4680 Jnda

1935 4718 2238 4786 conjuncta.
2263 4716 2559 4773 Secundum
2587 4717 2747 4786 legem
2788 4713 3104 4769 Pharisteus.
3130 4714 3512 4784 Legisperitus.

1940 4818 2231 4873 Secundum
2289 4816 2662 4870 wmulationem
2712 4830 3011 4881 persequens
3052 4810 3341 4867 Ecclesium
3393 4812 3513 4869 Dei.

1939 4909 2163 4964 Tantam
2218 4908 2614 4961 annulationem
2666 4905 2826 4961 habui
2873 4914 2926 4959 et
2971 4905 3104 4973 legis
3152 4918 3412 4969 amorem,
3460 4914 3515 4959 ut

1936 5000 2094 5054 etiam
2124 4997 2375 5053 Ecclesiae
2414 4996 2505 5051 Dei
2538 5005 2847 5065 persecutor
2885 4994 3193 5049 existerem.
3218 4993 3515 5047 Secundum

1926 5088 2185 5161 justitiam
2226 5103 2340 5155 qua:
2369 5088 2420 5140 in
2451 5088 2558 5157 lege
2587 5096 2679 5141 est.
2711 5086 2955 5140 Omnium
2991 5083 3428 5154 justiﬁeationum
3461 5091 3517 5138 et

1937 5176 2729 5233 caeremoniaruin.Conversatus
2740 5177 2848 5231 sine
2858 5174 3084 5244 querela,
3100 5181 3205 5228 etc.
3221 5171 3512 5241 lmplebam

1939 5271 2128 5341 legem,
2147 5279 2340 5339 praeter
2364 5269 2463 5324 hoc
2480 5278 2702 5332 tantum,
2719 5268 2840 5335 quia
2855 5281 2960 5321 non
2973 5263 3260 5321 credebam
3273 5262 3512 5331 Christo,

1941 5378 2097 5432 quem
2124 5362 2208 5416 les
2240 5346 2584 5430 promiserat;
2616 5361 2758 5428 prior
2779 5358 2848 5412 lui
2882 5357 2935 5410 in
2966 5355 3213 5411 omnibus
3242 5355 3295 5410 in
3322 5356 3513 5426 quibus

1940 5452 2015 5507 illi
2058 5452 2368 5522 gloriantur,
2399 5450 2492 5506 sed
2520 5450 2643 5521 quia
2670 5449 2771 5504 hoc
2816 5456 3055 5516 tempore
3082 5447 3172 5502 illa
3200 5461 3305 5501 non
3335 5447 3514 5507 valere

1939 5545 2183 5614 cognovi,
2219 5543 2342 5600 ideo
2369 5558 2432 5598 ea
2465 5551 2712 5611 tanquam
2744 5540 3062 5594 detrimenta
3094 5538 3287 5605 habeo,
3315 5549 3369 5594 et
3397 5540 3512 5598 uul-

1940 5636 2040 5695 lius
2082 5634 2336 5695 momenti
2383 5634 2541 5692 duco.
2571 5632 2747 5690 Potuit
2776 5631 2917 5690 enim
2955 5644 3074 5689 esse
3101 5630 3242 5694 intus
3281 5630 3336 5688 in
3380 5630 3511 5691 alie-
