3982 6352
493 299 598 352 €55

1601 277 1901 336 PRIMASII
1941 273 2393 330 ADRUMETANI
2435 275 2645 332 EPISC.

3656 277 3772 333 654'-

497 407 765 465 ctionibus
798 405 975 475 pravis
1008 401 1383 472 prmvaricator
1405 397 1555 465 legis,
1584 403 1636 448 et
1659 403 1834 445 tamen
1858 387 2072 455 conspi-
2101 388 2155 447 A
2181 397 2297 440 tans
2345 389 2410 441 ad
2461 390 2667 457 potiora
2717 388 2907 444 festino
2937 406 2950 445 :
2979 389 3094 445 sive
3132 390 3303 460 legem
3333 390 3664 445 obliviscens
3696 394 3771 445 ad

494 518 592 557 cna
624 514 785 569 opera
820 497 951 567 legis
984 497 1227 564 implere.
1281 492 1360 544 vel
1417 491 1604 542 timore
1655 486 1952 545 hominum,
1988 479 2073 533 vel

498 596 663 661 ipsius
697 591 808 654 Dei,
843 589 936 644 sed
985 602 1156 656 pmnac
1211 581 1510 644 formidine,
1564 593 1669 631 non
1701 577 1989 629 dilectione
2023 580 2075 624 ct

497 683 850 737 delectatione
875 678 1110 747 justitire.
1135 674 1262 728 Nam
1305 670 1541 740 profecto
1586 669 1638 722 in
1669 670 1782 735 ipsa
1815 667 1954 718 intus
1985 680 2076 718 vo-

499 776 702 827 luntate
754 778 956 840 peccat,
996 768 1084 836 qui
1135 780 1237 818 non
1285 763 1575 824 voluntate,
1623 757 1716 812 sed
1747 757 1937 810 timore
1968 767 2073 807 non

503 874 708 933 peccat,
742 864 791 916 in
819 860 1010 930 quibus
1059 855 1398 911 interioribus
1442 853 1555 906 suis
1601 849 1759 903 talem
1806 862 1864 900 se
1913 847 2076 900 fuisse

504 955 702 1014 sciens,
733 950 922 1021 quibus
951 963 1009 1002 se
1034 950 1198 1000 vitam
1229 944 1445 1014 putabat
1489 941 1788 1009 acquirere.
1824 937 1967 1002 llam,
1996 937 2076 990 in-

505 1044 639 1112 quit,
672 1050 886 1111 pr0pter
915 1038 1184 1092 Christum
1210 1046 1458 1105 tanquam
1484 1032 1857 1101 impedimenta
1881 1027 2072 1095 abjeci.

505 1135 586 1188 Ad
635 1131 1082 1200 comparationem
1133 1127 1332 1180 inventi
1381 1124 1494 1178 auri
1539 1120 1902 1176 contemnitur
1942 1131 2078 1172 tera-

505 1232 761 1288 mentum,
807 1221 1048 1289 quamvis
1093 1228 1377 1286 utrumque
1419 1215 1486 1270 sit
1516 1213 1564 1267 ei
1589 1227 1686 1267 suo
1717 1221 1955 1279 tempore
1983 1223 2076 1262 ne-

502 1314 816 1367 cessarium.
841 1311 989 1364 Tunc
1026 1309 1127 1363 erit
1169 1306 1307 1375 apud
1340 1305 1583 1359 homines
1613 1302 1852 1357 eminens
1879 1299 2072 1353 Christi

505 1402 749 1466 scientia,
775 1400 988 1470 quando
1021 1398 1177 1452 fuerit
1199 1397 1265 1450 ab
1294 1411 1359 1450 eo
1383 1403 1598 1464 propter
1625 1391 1892 1446 Christum
1925 1402 2077 1442 mun-

502 1493 603 1547 dus
629 1502 984 1561 contemptus.
1017 1490 1208 1544 Omnia
1241 1485 1629 1542 caeremonialia
1681 1481 1814 1552 legis
1852 1478 2072 1549 projeci.

504 1586 752 1640 Stercora
800 1583 1039 1637 ciborum
1087 1589 1210 1634 sunt
1237 1579 1474 1646 reliquiae
1502 1587 1556 1631 et
1586 1589 1762 1630 rerum
1810 1570 2076 1641 quondam

505 1675 715 1729 utilium
747 1679 1112 1741 purgamenta.
1147 1669 1213 1724 Ut
1236 1668 1495 1723 Christum
1516 1665 1854 1732 lucrifaciam,
1879 1672 1924 1716 et
1941 1662 2078 1715 inue-

2175 484 2406 547 pcrteeta
2443 480 2713 548 Evangelii
2744 490 3011 549 praecepta
3041 497 3127 537 me
3161 482 3414 537 extendo.
3449 480 3766 550 Persequor,

2173 570 2241 620 ad
2289 571 2514 624 brevium
2558 586 2794 640 superine
2830 573 3110 626 vocationis
3159 572 3250 626 Dei
3288 575 3339 626 in
3374 573 3577 627 Christo
3615 571 3769 628 Iesu.

2175 659 2326 724 Quod
2353 658 2619 728 perfectus
2643 659 2888 714 Christus
2913 661 3158 729 promisit
3188 661 3240 715 iu
3262 661 3435 718 cmlis.
3456 663 3768 732 Quicunque

2176 765 2293 820 ergo
2319 751 2553 821 perfecti,
2577 751 2672 804 hoc
2699 752 3000 805 sentiamus.
3023 752 3336 824 Quicunque
3359 753 3634 822 perfectus
3656 765 3764 821 est,

2177 839 2278 895 hoc
2306 841 2518 908 sentiat,
2557 851 2736 896 vetera
2767 841 3154 912 obliviscenda,
3183 854 3238 899 et
3268 859 3409 898 nova
3459 847 3716 900 sectanda
3746 864 3761 903 :

2175 932 2298 1000 quia
2331 932 2551 1000 perfecti
2594 933 2790 987 debent
2822 946 2943 988 esse
2973 933 3223 1004 discipuli
3251 934 3473 990 Christi.
3505 935 3606 990 Est
3634 952 3765 1006 ergo

2177 1039 2317 1079 nunc
2345 1025 2659 1093 imperfecta
2707 1025 2999 1094 perfeczio;
3033 1042 3154 1080 nam
3187 1025 3242 1081 in
3288 1026 3470 1081 futuro
3500 1028 3608 1082 erit
3637 1043 3762 1096 per-

2178 1116 2335 1171 fecta.
2363 1117 2415 1170 In
2445 1117 2619 1186 aliqua
2653 1131 2711 1171 re
2739 1116 2842 1171 erit
2887 1116 3153 1186 perfectus
3181 1131 3200 1170 :
3230 1117 3327 1173 sed
3355 1116 3412 1172 in
3454 1116 3636 1186 aliqua
3667 1119 3762 1172 im-

2178 1207 2446 1278 perfectus
2488 1209 2642 1263 Velut
2671 1210 2741 1263 sit
2764 1209 2873 1278 jam
2904 1210 2947 1264 si
2975 1211 3168 1280 aliquis
3196 1211 3472 1280 sapientia:
3493 1213 3763 1280 perfectus

2176 1299 2407 1364 auditor,
2431 1300 2584 1368 cujus
2609 1299 2846 1354 nondum
2877 1303 2947 1356 sit
2975 1302 3242 1369 perfectus
3271 1312 3324 1358 et
3348 1302 3555 1358 doctor.
3579 1303 3760 1359 Potest

2177 1405 2298 1446 esse
2328 1391 2598 1460 perfectus
2638 1401 2699 1446 ut
2737 1391 2923 1462 diligat
2965 1394 3232 1459 inimicos,
3260 1395 3349 1464 qui
3395 1395 3638 1450 nondum
3682 1407 3758 1450 est

2179 1484 2469 1554 perfectus,
2497 1493 2558 1539 ut
2583 1484 2823 1540 sufferat.
2844 1486 2909 1540 Et
2931 1488 3019 1555 qui
3045 1486 3307 1555 perfectus
3334 1496 3419 1542 est
3444 1488 3501 1541 in
3527 1502 3597 1541 eo
3619 1489 3756 1556 quod

2179 1590 2366 1630 omnes
2396 1576 2644 1631 homines
2666 1577 2860 1646 diligit,
2879 1578 3075 1646 quippe
3103 1577 3193 1648 qui
3223 1577 3385 1633 etiam
3415 1577 3482 1632 ad
3515 1578 3758 1632 inimico-

2180 1683 2297 1724 rum
2341 1668 2680 1723 dilectionem
2734 1671 3068 1738 pervenerit,
3123 1670 3384 1739 quteritur
3430 1677 3615 1723 utrum
3655 1669 3760 1737 jam

506 1765 621 1816 niar
648 1765 699 1816 in
724 1763 834 1816 illo.
865 1761 933 1816 Ui.
959 1760 1225 1815 Christum
1277 1758 1500 1812 habeam
1539 1765 1719 1822 caput,
1749 1764 1805 1808 et
1851 1768 2076 1808 manens
2107 1761 2154 1820 Β
2181 1764 2252 1818 sit
2277 1763 2331 1817 in
2378 1763 2491 1832 ipsa
2534 1761 2821 1817 dilectione
2865 1761 3153 1830 perfectus,
3185 1762 3236 1815 id
3267 1770 3348 1817 est
3369 1802 3386 1827 ,
3417 1772 3599 1816 utrum
3629 1776 3759 1829 quos

501 1857 562 1910 in
590 1869 654 1909 eo
685 1854 800 1923 ejus
828 1853 1126 1908 membrum
1155 1852 1414 1905 inveniar.
1438 1848 1560 1902 Non
1585 1848 1770 1902 habens
1797 1862 1959 1899 meam
1990 1848 2081 1918 ju-

503 1949 697 2002 stitiam
735 1963 846 2017 qua’
876 1963 939 2002 ea:
980 1947 1089 2016 lege
1116 1955 1208 1999 est.
1239 1945 1352 2000 Meo
1381 1943 1565 1998 labore
1593 1942 1896 2012 quaesitam,
1926 1940 2076 2011 quasi

507 2041 803 2094 naturalem
852 2039 935 2093 vel
986 2038 1230 2106 legalem.
1278 2037 1382 2092 Sed
1422 2036 1566 2089 illam
1605 2051 1719 2105 qua:
1756 2050 1818 2087 ea:
1855 2034 1958 2102 ﬁde
2006 2039 2081 2085 est

507 2131 715 2186 Christi.
741 2132 843 2186 Sed
867 2131 1008 2185 illam
1035 2146 1152 2200 quae
1177 2131 1389 2200 proprie
1416 2143 1444 2182 a
1476 2128 1584 2182 Deo
1610 2143 1702 2196 per
1725 2127 1892 2181 solam
1922 2126 2078 2178 fidem

503 2223 722 2290 Christi,
756 2238 911 2292 quam
951 2222 1067 2290 ipse
1097 2222 1334 2286 donavit,
1367 2220 1560 2274 collata
1591 2227 1694 2273 est.
1730 2219 1856 2284 Quae
1882 2233 1946 2270 ea:
1974 2216 2080 2270 Deo

503 2324 576 2369 est
611 2315 814 2384 justitia
855 2316 908 2367 in
950 2313 1052 2374 [ide
1100 2313 1167 2365 ad
1199 2311 1604 2380 cognoscendum
1643 2310 1810 2363 illum.
1845 2307 1948 2376 Qui
1979 2308 2080 2363 hoc

503 2405 764 2474 agnoscit,
795 2404 925 2457 satis
971 2404 1102 2472 agit,
1136 2416 1203 2457 ne
1249 2401 1346 2455 sibi
1396 2399 1596 2470 aliquid
1643 2407 1875 2468 arroget,
1923 2407 1982 2452 ut
2027 2399 2078 2453 id

505 2497 645 2566 quod
676 2497 724 2550 ei
752 2511 818 2552 ex
847 2495 1013 2565 gratia
1046 2494 1141 2549 Dei
1182 2494 1432 2549 donatum
1478 2503 1580 2562 est,
1609 2491 1700 2547 itle
1722 2491 1802 2547 vel
1846 2491 1948 2560 legi
1982 2491 2079 2544 tri-

507 2586 638 2642 buat
669 2585 748 2641 vel
783 2595 1002 2649 natura),
1029 2584 1123 2639 sed
1157 2585 1266 2639 Deo
1297 2585 1419 2651 soli,
1449 2585 1602 2654 cujus
1630 2584 1826 2638 donum
1855 2591 1958 2647 est,
1987 2583 2082 2636 de-

504 2687 678 2748 putet.
707 2678 773 2731 Et
811 2679 1044 2732 virtutem
1081 2679 1463 2732 resurrectionis
1505 2679 1636 2748 ejus.
1664 2676 1730 2732 Ut
1759 2690 2076 2745 cognoscam

504 2770 739 2840 perfecte
766 2770 1076 2824 beneficium
1109 2778 1163 2825 et
1188 2771 1290 2824 vim
1322 2770 1726 2825 resurrectionis
1757 2769 1921 2832 illius,
1953 2770 2078 2838 quia

503 2862 628 2917 ideo
660 2862 969 2928 resurrexit,
998 2871 1054 2917 ut
1084 2877 1182 2916 nos
1223 2863 1469 2918 similiter
1506 2875 1864 2931 resurgamus.
1900 2860 1969 2915 Et
1997 2878 2081 2915 so-

501 2954 735 3006 cietatem
774 2955 1065 3022 passionum
1106 2954 1266 3019 illius,
1290 2953 1632 3022 conﬁguratus
1675 2953 1824 3005 morti
1861 2955 1994 3023 ejus.
2022 2952 2076 3006 Si

503 3043 646 3098 enim
677 3044 1048 3112 compatimur,
1075 3025 1130 3097 et
1154 3043 1520 3099 convivemus.
1553 3043 1616 3098 Si
1652 3060 1752 3112 quo
1797 3045 1949 3096 modo
1992 3060 2077 3097 oc-

2182 1853 2374 1922 diligit,
2410 1861 2617 1905 tantum
2644 1851 2830 1921 diligat
2875 1862 3132 1918 quantum
3164 1851 3276 1906 ille.
3303 1850 3758 1907 Incommutabilis

2183 1947 2360 2015 regula
2382 1944 2625 2000 veritatis
2655 1943 2953 2013 diligendus
2981 1959 3102 1998 esse
3124 1943 3423 2014 pratscribit
3449 1959 3464 1996 :
3497 1952 3555 1995 ut
3583 1952 3756 1997 osten-

2180 2037 2333 2092 deret
2380 2039 2671 2092 secundum
2723 2038 2877 2094 istius
2921 2038 3042 2093 vita:
3072 2039 3288 2094 modum
3321 2053 3442 2094 esse
3471 2040 3754 2108 quamdam

2184 2129 2586 2198 perfectionem,
2603 2132 2759 2200 eique
2783 2130 3094 2199 perfectioni
3119 2129 3220 2185 hoc
3247 2145 3461 2199 quoque
3491 2131 3756 2198 deputari,

2181 2220 2224 2274 si
2251 2233 2311 2275 se
2345 2220 2569 2289 quisque
2609 2221 2819 2274 noverit
2848 2220 3082 2275 nondum
3105 2232 3226 2274 esse
3266 2218 3560 2288 perfectum
3596 2237 3610 2269 :
3641 2220 3753 2287 quia

2183 2311 2235 2366 in
2269 2313 2367 2366 ista
2395 2313 2497 2366 vita
2529 2313 2816 2382 perfectam
2859 2313 3242 2382 perfectionem
3291 2326 3398 2366 non
3428 2313 3590 2367 habet
3619 2314 3750 2382 quis,

2181 2405 2302 2470 quia
2333 2418 2459 2458 caro
2509 2405 2840 2470 concupiscit
2877 2404 3138 2459 adversus
3184 2405 3450 2474 spiritum.
3487 2404 3582 2459 Hic
3631 2419 3752 2474 ergo

2183 2503 2506 2562 prteceptum
2530 2503 2641 2558 est,
2671 2504 2728 2550 ut
2748 2495 3032 2550 desideriis
3065 2496 3267 2565 peccati
3291 2513 3397 2551 non
3421 2497 3746 2551 obediamus.

2183 2585 2258 2640 lbi
2275 2588 2397 2652 erit,
2413 2597 2472 2641 ut
2491 2586 2752 2642 desideria
2775 2587 2977 2657 peccati
3001 2601 3105 2642 non
3130 2587 3441 2652 habeamus;
3465 2597 3590 2642 tunc
3612 2589 3748 2642 enim

2181 2686 2263 2731 est
2293 2679 2581 2732 secundum
2608 2679 2745 2732 hanc
2767 2679 3126 2733 infirmitatem
3149 2693 3246 2748 pro
3267 2693 3366 2733 suo
3393 2678 3609 2734 modulo
3636 2693 3751 2746 per-

2184 2769 2317 2823 fecta
2348 2770 2398 2823 in
2429 2770 2532 2825 hoc
2560 2771 2775 2826 saeculo.
2795 2772 2895 2826 Ista
2923 2788 3080 2841 parva
3105 2771 3330 2841 justitia,
3349 2772 3558 2840 quando
3588 2771 3748 2826 etiam

2182 2862 2304 2929 quid
2335 2862 2435 2914 sibi
2465 2863 2642 2926 desit,
2674 2863 2942 2932 intelligit.
2976 2863 3204 2932 Ideoque
3235 2862 3520 2931 Apostolus
3551 2870 3606 2916 et
3646 2863 3749 2915 im-

2181 2954 2470 3023 perfectum
2507 2955 2800 3023 perfectum
2830 2970 2888 3010 se
2931 2955 3105 3010 dicit:
3137 2955 3495 3024 imperfectum
3534 2955 3747 3008 scilicet

2182 3045 2464 3115 cogitando
2506 3056 2762 3115 quantum
2791 3046 2866 3100 illi
2896 3047 2960 3101 ad
2983 3046 3245 3116 justitiam
3275 3047 3428 3110 desit,
3455 3045 3605 3115 cujus
3627 3047 3744 3115 ple-

500 3150 706 3187 curram
751 3135 821 3187 ad
863 3136 1305 3201 resurrectionem,
1340 3153 1453 3206 qua:
1499 3144 1574 3190 est
1622 3151 1684 3189 ea:
1733 3136 1967 3190 mortuis.
1996 3136 2074 3191 Ad
2104 3126 2150 3189 C
2183 3139 2475 3195 nitudinem
2506 3139 2678 3193 adhuc
2709 3140 2878 3195 esurit
2907 3157 2920 3207 ;
2951 3140 3246 3209 perfectum
3287 3151 3480 3205 autem,
3511 3139 3651 3208 quod
3695 3147 3750 3194 et

501 3225 858 3294 perfectorum
884 3227 1352 3291 resurrectionem,
1369 3241 1473 3281 non
1489 3226 1554 3280 ad
1578 3226 1721 3281 illam
1739 3241 1898 3297 quam
1913 3228 2071 3281 etiam

492 3315 648 3369 inviti
677 3314 964 3371 habebunt.
1000 3314 1122 3369 Non
1142 3317 1276 3385 quod
1314 3319 1420 3385 iam
1446 3317 1745 3385 acceperim.
1780 3315 2073 3371 Perfectio-

495 3422 644 3478 nem,
675 3409 797 3478 quia
828 3408 948 3462 ﬂuis
992 3408 1225 3462 nondum
1272 3408 1505 3463 advenit.
1535 3409 1636 3461 Aut
1669 3409 1784 3478 jam
1818 3413 2072 3479 perfectus

498 3501 613 3555 sim.
630 3502 816 3556 Adhuc
843 3501 909 3556 de
925 3502 1023 3556 hac
1045 3500 1370 3570 perfectione
1391 3509 1445 3555 et
1464 3501 1530 3554 de
1555 3501 1644 3554 tali
1675 3499 2070 3555 resurrectione

495 3592 564 3646 de
587 3608 671 3646 me
701 3593 933 3647 incertus
958 3591 1231 3660 sum,quia
1261 3601 1344 3646 est
1371 3591 1626 3659 perfectio
1653 3591 1758 3645 alia
1783 3599 1904 3660 post
1931 3591 2070 3646 hanc

491 3683 655 3735 vitam
682 3699 696 3734 :
735 3682 864 3736 illud
893 3682 1188 3751 perfectum
1221 3681 1288 3736 de
1316 3696 1419 3750 quo
1449 3683 1578 3737 dicit
1620 3681 1686 3736 ad
1715 3681 2021 3738 Corinthios
2050 3698 2065 3736 :

493 3773 628 3824 Dum
657 3773 864 3826 venerit
889 3773 1028 3840 quod
1054 3771 1344 3841 perfectura
1377 3783 1477 3843 est,
1508 3783 1562 3829 et
1587 3774 1745 3829 alibi:
1779 3774 1954 3830 Donec
1973 3789 2068 3832 oc-

492 3877 772 3917 curramus
823 3878 1009 3918 omnes
1059 3865 1112 3918 in
1157 3867 1412 3922 unitatem
1463 3867 1608 3937 fidei,
1642 3876 1696 3923 et
1739 3869 2066 3938 agnitionem

493 3953 614 4006 Filii
646 3953 761 4017 Dei,
783 3953 835 4006 in
856 3954 1022 4009 virum
1056 3955 1369 4024 perfectum,
1400 3968 1453 4013 et
1479 3958 1701 4028 reliqua,
1733 3960 1854 4029 quia
1885 3959 1937 4014 in
1965 3959 2067 4015 hoc

496 4045 696 4099 mundo
748 4048 948 4114 positus
999 4063 1178 4104 veram
1225 4050 1603 4118 perfectionem
1655 4052 1831 4106 nullus
1878 4051 2062 4118 habet,

492 4139 617 4206 quia
648 4138 762 4208 ipse
787 4140 920 4195 dixit
945 4158 957 4194 :
989 4140 1244 4197 Videmus
1270 4158 1410 4197 nunc
1439 4159 1534 4213 per
1563 4145 1867 4214 speculum,
1901 4156 1955 4200 et
1980 4160 2066 4199 re-

493 4230 656 4300 liqua.
690 4231 965 4289 Perfectus
993 4234 1093 4289 sim
1120 4253 1133 4288 :
1165 4245 1414 4305 quantum
1436 4235 1502 4291 ad
1539 4238 1920 4306 perfectionem
1944 4252 2063 4307 qua:

488 4324 540 4378 in
574 4325 672 4379 hac
701 4327 808 4380 vita
849 4327 1034 4382 haberi
1079 4338 1253 4398 potest
1294 4344 1323 4384 a
1363 4331 1583 4396 sanctis,
1614 4333 1879 4400 perfectus
1927 4331 2056 4398 fuit;

485 4427 740 4483 quantum
777 4434 905 4474 vero
940 4420 1005 4473 ad
1045 4420 1187 4474 illam
1222 4421 1606 4492 perfectionem
1641 4425 1892 4493 pertinet,
1938 4440 2058 4493 qua:

485 4507 590 4558 erit
630 4517 750 4573 post
795 4513 1260 4576 resurrectionem,
1294 4515 1651 4582 imperfectus.
1696 4517 1760 4569 Et
1809 4517 1930 4570 ideo
1974 4516 2058 4570 hic

485 4597 767 4662 quamdam
808 4598 1175 4666 imperfectam
1205 4603 1582 4670 perfectionem
1619 4607 1868 4661 habuisse
1900 4607 2057 4660 intel-

485 4685 730 4752 ligendus
761 4695 879 4739 est:
914 4687 1037 4756 quia
1083 4707 1174 4756 per
1223 4692 1402 4760 tidem,
1455 4711 1556 4748 non
1592 4711 1684 4762 per
1714 4698 1972 4762 speciem,
2006 4705 2059 4750 et

485 4792 581 4846 per
626 4777 924 4846 speculum,
959 4794 1063 4833 non
1104 4779 1235 4838 facie
1265 4781 1330 4837 ad
1370 4783 1559 4839 faciem
1592 4785 1824 4839 videbat.
1859 4785 2059 4854 Sequor

481 4880 655 4923 autem
686 4871 730 4923 si
763 4873 1183 4941 comprehendam
1224 4875 1275 4930 in
1314 4892 1412 4945 quo
1439 4887 1485 4931 et
1524 4879 1918 4945 comprehensus
1943 4896 2057 4932 sum

481 4979 514 5015 a
542 4961 758 5018 Christo.
790 4963 846 5018 Si
867 4966 1311 5035 comprehendam
1346 4968 1589 5021 meritum
1619 4969 1968 5037 apostolatus,
2004 4970 2055 5022 in

485 5069 592 5123 quo
641 5057 938 5124 apostolatu
971 5072 1001 5110 a
1030 5057 1241 5112 Christo
1280 5073 1396 5112 sum
1440 5061 1880 5126 comprehensus.
1916 5058 2054 5112 Fra-

476 5151 602 5210 trcs,
648 5160 739 5214 ego
781 5160 858 5198 me
903 5161 1004 5199 non
1045 5146 1282 5202 arbitror.
1313 5147 1384 5203 Se
1431 5149 1760 5204 humiliando
1805 5151 2053 5206 omnibus

479 5237 702 5303 gloriam
731 5237 869 5304 tulit,
898 5247 950 5292 et
989 5251 1237 5306 provocat
1274 5241 1336 5293 ad
1364 5243 1681 5309 profectum.
1709 5243 2049 5315 Comprehen-

478 5327 631 5380 dissc.
650 5328 796 5383 Tunc
826 5339 1001 5384 certus
1029 5345 1143 5398 ero,
1163 5333 1374 5401 quando
1402 5336 1520 5390 linis
1548 5337 1844 5401 advenerit.
1879 5339 2050 5392 Unum

2176 3243 2326 3282 suam
2351 3229 2806 3298 imperfectiouem
2839 3244 2941 3283 non
2975 3231 3259 3285 erubescit.
3291 3231 3348 3286 Si
3371 3229 3603 3297 perfecte
3628 3243 3747 3282 cur-

2175 3318 2364 3382 rimus,
2395 3318 2496 3371 hoc
2524 3318 2815 3387 sapiamus,
2843 3318 2982 3385 quod
3016 3320 3250 3372 nondum
3294 3319 3513 3386 perfecti
3542 3332 3743 3380 sumus,

2176 3418 2235 3462 ut
2263 3409 2370 3462 illic
2401 3411 2757 3478 perliciamur,
2805 3409 2944 3478 quod
2977 3410 3212 3478 perfecte
3239 3410 3416 3463 adhuc
3442 3410 3739 3464 currimus:

2174 3507 2232 3552 ut
2255 3513 2375 3553 cum
2412 3500 2623 3553 venerit
2652 3499 2791 3567 quod
2822 3499 3115 3568 perfectum
3142 3510 3242 3564 est,
3273 3500 3578 3554 destruatur
3607 3499 3741 3565 quod

2173 3604 2234 3642 ex
2265 3599 2412 3656 parte
2457 3598 2559 3644 est.
2598 3589 2666 3644 Et
2695 3593 2739 3644 si
2779 3591 2903 3660 quid
2946 3594 3098 3646 aliter
3125 3592 3324 3660 sapitis.
3356 3591 3412 3646 Si
3441 3592 3564 3661 quid
3597 3592 3742 3646 vobis

2171 3679 2270 3732 alia
2300 3679 2512 3734 ratione
2553 3681 2694 3735 Deus
2735 3681 3024 3738 revelavit:
3057 3683 3233 3746 aliter,
3281 3699 3386 3736 non
3434 3681 3575 3735 aliud
3602 3724 3618 3747 ,
3649 3682 3740 3736 hoc

2168 3780 2272 3838 est,
2303 3771 2408 3826 alio
2437 3785 2620 3827 sensu.
2655 3771 2721 3825 Et
2750 3772 2846 3826 hoc
2871 3773 3012 3827 vobis
3044 3771 3178 3827 Deus
3229 3773 3490 3827 reuelabit.
3524 3773 3739 3827 Etiamsi

2169 3861 2294 3932 quid
2324 3862 2500 3917 minus
2532 3863 2766 3931 perfecte
2786 3865 2995 3932 sapitis,
3022 3864 3294 3919 humiliter
3324 3875 3658 3932 exspectate,
3688 3875 3741 3919 et

2168 3969 2196 4006 a
2230 3954 2341 4009 Deo
2370 3955 2593 4024 poscite.
2626 3956 2747 4025 Ipse
2776 3965 2951 4026 potest
2981 3956 3221 4011 revelare
3257 3955 3656 4011 ambulantibus
3691 3964 3744 4010 et

2168 4047 2568 4117 perficientibus
2590 4049 2642 4103 in
2668 4049 2753 4103 via
2784 4057 2946 4104 rectte
2973 4048 3115 4104 fidei.
3137 4048 3497 4103 Verumtamen
3521 4049 3588 4103 ad
3607 4050 3741 4119 quod

2165 4142 2503 4210 pervenimus.
2551 4141 2632 4196 Ad
2675 4140 3051 4209 perfectionem
3091 4140 3226 4196 Novi
3275 4141 3630 4196 Testamenti.
3677 4141 3742 4195 Ut

2162 4231 2296 4284 idem
2343 4231 2627 4300 sapiamus.
2673 4231 2839 4296 Idem,
2886 4231 3013 4288 licet
3060 4231 3220 4286 aliter
3258 4240 3550 4286 asseratur.
3583 4230 3652 4283 Et
3687 4231 3740 4282 in

2162 4331 2337 4384 eadem
2388 4345 2681 4383 maneamus
2731 4327 2930 4399 regula.
2976 4327 3090 4382 Non
3144 4326 3287 4382 enim
3336 4327 3477 4382 scire
3540 4324 3734 4378 sufficit

2163 4423 2280 4477 sine
2321 4422 2480 4475 facto.
2517 4421 2804 4474 Imitatores
2831 4420 2927 4471 mei
2957 4428 3133 4482 estote,
3163 4418 3371 4485 fratres.
3425 4417 3508 4471 Me
3562 4415 3722 4469 imit}

2086 4493 2140 4553 D
2167 4512 2315 4581 mini,
2349 4527 2452 4566 non
2501 4509 2996 4580 psendoapostolus.
3047 4507 3113 4560 Et
3149 4509 3401 4562 observate
3427 4523 3513 4560 eos
3542 4511 3630 4575 qui
3660 4507 3731 4558 ita

2162 4605 2447 4667 ambulant,
2476 4604 2606 4658 sicut
2653 4603 2844 4656 habetis
2887 4602 3103 4670 formam
3154 4608 3402 4654 nostram.
3451 4599 3742 4668 Dupliciter

2163 4695 2357 4748 dicitur
2399 4694 2692 4757 observari,
2721 4692 2805 4746 vel
2833 4691 2899 4744 ad
2933 4690 3267 4753 imitandum,
3297 4699 3354 4743 ut
3386 4688 3470 4742 hic
3503 4704 3518 4752 ;
3548 4690 3630 4741 vel
3672 4688 3738 4742 ad

2163 4787 2487 4848 cavendum,
2520 4794 2579 4838 ut
2607 4785 2671 4837 ad
2706 4785 2973 4836 Romanos
3001 4783 3115 4835 ait:
3147 4781 3444 4834 Observate
3492 4779 3582 4848 qui
3630 4778 3738 4831 dis-

2163 4878 2442 4933 sensiones
2473 4885 2527 4930 et
2569 4875 2886 4932 olIendicula
2933 4873 3154 4927 faciunt.
3184 4871 3342 4925 Multi
3389 4871 3526 4924 enim
3556 4871 3736 4921 amba.

2162 4971 2289 5034 laut,
2338 4983 2462 5038 quos
2511 4983 2645 5034 swpe
2695 4965 2921 5018 dicebam
2949 4964 3110 5016 vobis.
3143 4960 3218 5016 De
3247 4960 3732 5030 pseudoapostolis,

2159 5061 2246 5131 qui
2270 5075 2416 5129 spem
2442 5057 2706 5128 passionis
2721 5055 3054 5122 Christi,per
3077 5069 3235 5123 quam
3266 5060 3480 5120 peccata
3512 5050 3734 5104 dimissa

2159 5161 2305 5219 sunt,
2341 5152 2606 5214 tollentes,
2634 5151 2684 5202 in
2717 5149 2847 5216 legis
2875 5145 3215 5200 eteremoniis
3238 5143 3594 5197 collocabant.
3628 5141 3733 5194 Ρο-

2160 5253 2259 5300 test
2285 5243 2353 5298 de
2391 5240 2757 5297 Jovinianistis
2798 5237 2988 5306 accipi,
3045 5235 3133 5304 qui
3164 5234 3458 5288 cruciatum
3490 5229 3732 5298 corporis

2156 5337 2208 5390 in
2239 5335 2421 5404 epulas
2449 5343 2503 5390 et
2535 5332 2794 5388 luxuriam
2824 5335 3226 5384 converterunt.
3263 5324 3418 5378 Nunc
3463 5333 3635 5377 autem
3681 5333 3729 5375 et

2153 5429 2278 5496 ﬂens
2307 5425 2442 5486 dico,
2472 5424 2703 5476 in'micos
2725 5422 2890 5475 crucis
2915 5419 3126 5484 Christi,
3149 5433 3367 5488 quorum
3391 5416 3510 5484 ﬁnis
3532 5418 3626 5468 erit
3651 5416 3729 5464 in-

2151 5519 2351 5568 tcritus.
2400 5513 2699 5567 Notandum
2747 5510 2888 5581 quod
2938 5509 3132 5563 aﬂectu
3174 5510 3333 5563 etiam
3384 5505 3724 5560 inimicorum

2148 5608 2374 5664 salutem
2405 5615 2570 5674 optet.
2604 5607 2832 5670 Quorum
2856 5601 2996 5655 Deus
3025 5611 3195 5654 venter
3216 5609 3307 5653 est.
3328 5598 3430 5664 Qui
3456 5612 3515 5652 se
3542 5604 3727 5665 putant

2151 5707 2202 5764 in
2235 5704 2333 5761 hoc
2357 5703 2465 5758 Deo
2497 5701 2722 5769 servire,
2752 5697 2799 5753 si
2831 5697 3133 5768 epulcntur.
3169 5693 3236 5748 Et
3264 5693 3433 5765 gloria
3471 5692 3526 5746 in
3546 5689 3724 5760 confu-

481 5431 669 5472 autem.
689 5420 855 5478 Porro
873 5441 1030 5480 unum
1056 5434 1136 5480 est
1153 5429 1532 5484 necessarium.
1555 5430 1892 5500 Quicquidcm
1909 5442 2042 5483 rcfro

477 5522 592 5562 sunt
633 5515 927 5571 obliviscens
952 5533 970 5570 :
998 5519 1063 5571 ad
1094 5535 1151 5573 ea
1189 5537 1300 5573 vero
1322 5537 1436 5587 qua:
1457 5532 1574 5574 sunt
1603 5525 1843 5576 interiora
1871 5531 2046 5575 eaten-

478 5601 604 5656 deus
624 5623 696 5659 me
723 5612 788 5661 ad
815 5613 1143 5667 destinatum.
1163 5613 1272 5669 lloc
1289 5614 1460 5668 solum
1495 5615 1629 5678 scio,
1647 5615 1764 5684 quia
1782 5615 1922 5668 dono
1952 5611 2052 5668 Dei

467 5697 705 5763 Quotidie
732 5702 966 5765 proficio.
992 5715 1047 5764 et
1073 5715 1250 5768 urmte'
1267 5707 1398 5764 itum
1432 5705 1671 5764 laborem
1698 5721 1801 5766 non
1823 5721 2037 5776 compu-
