3982 6352
278 298 373 352 ϋὸἳ

1055 285 1121 342 ΙΝ
1161 279 1547 341 EPISTULAM
1580 273 1670 334 AD
1705 273 2194 332 PDILIPPENSES
2229 272 2740 333 COMMENTARIA.

3424 283 3528 336 658

277 413 418 468 sione
459 410 708 480 ipsorum.
759 404 818 459 ln
861 399 1269 458 circumcisione
1321 391 1546 449 membri
1592 388 1845 461 pudendi.
1877 388 1928 447 Δ
1958 388 2177 442 tionem.
2212 387 2277 441 Et
2301 389 2494 442 vidistis
2522 390 2576 442 in
2604 405 2703 443 me.
2730 387 2930 444 Oculis.
2967 389 3092 444 llwc
3132 393 3285 462 agite,
3313 403 3360 448 et
3389 392 3529 448 Dens

283 503 384 569 Qui
404 511 600 553 terrena
623 497 847 566 sapiunt.
884 493 1073 547 Nostra
1098 501 1267 544 autem
1287 485 1604 542 conversatio
1635 485 1688 534 in
1715 481 1855 534 ctelis

281 603 374 647 est.
401 592 512 646 lloe
539 605 643 644 non
677 594 849 657 potest
887 585 1066 640 dicere
1094 581 1183 652 qui
1215 577 1443 634 terrenis
1470 574 1616 628 vitiis
1646 571 1856 626 manci-

281 694 438 754 palus
467 690 567 737 est.
601 680 748 734 Unde
770 679 918 732 etiant
951 675 1270 751 Salvatorem
1308 676 1655 738 exspectamus
1681 661 1858 715 Domi-

284 749 405 828 num
430 783 655 826 nostrum
683 768 859 824 Iesum
884 749 1278 829 Christum.Qui
1295 769 1382 817 est
1398 766 1558 828 caput
1587 763 1854 811 nostrum.

283 864 388 928 Qui
433 861 728 930 t'eforntabit
770 874 952 929 corpus
984 852 1287 908 humilitatis
1318 861 1522 912 nostrae,
1565 845 1860 913 configura-

284 964 391 1007 tttm
413 954 613 1022 corpori
629 950 878 1006 claritatis
896 964 1025 1002 sate.
1046 945 1196 1001 Sicut
1214 939 1571 1011 prtellguravit
1592 938 1641 990 in
1657 941 1856 998 monte,

281 1061 405 1101 cum
436 1060 595 1099 unum
622 1059 688 1098 ex
718 1040 1016 1097 viventibus
1058 1046 1113 1093 et
1153 1049 1318 1090 unum
1351 1047 1415 1087 ex
1446 1028 1673 1084 mortuis
1699 1025 1860 1082 clari-

283 1137 379 1189 tati
408 1136 490 1190 sui
521 1135 768 1204 corporis
809 1130 1128 1200 configurat,
1156 1125 1464 1192 exemplum
1516 1115 1867 1175 resurrectio-

285 1228 370 1281 nis
392 1225 702 1281 ostendens.
721 1222 1014 1278 Secundum
1041 1216 1385 1286 operationem
1405 1227 1508 1283 qua
1533 1209 1690 1281 possit
1713 1207 1863 1260 etiam

285 1318 535 1386 subjicere
576 1316 670 1371 sibi
718 1316 906 1368 omnia.
953 1311 1078 1366 Sive
1108 1305 1407 1364 secundum
1451 1304 1587 1357 hanc
1615 1301 1863 1354 virtutem

287 1411 448 1466 etiam
483 1411 583 1464 hoc
614 1408 688 1462 illi
716 1406 965 1476 possibile
997 1413 1098 1469 est,
1149 1415 1253 1472 qua
1281 1398 1379 1452 sibi
1406 1402 1597 1450 cuneta
1619 1390 1866 1459 subjecit.

356 1500 486 1555 CAP.
513 1515 580 1552 tv.
609 1497 805 1567 Itaque,
834 1501 1018 1564 fratres
1046 1493 1138 1546 mei
1162 1487 1449 1544 charissimi
1470 1493 1516 1538 et
1539 1480 1868 1538 desideratis-

284 1594 420 1648 simi.
457 1591 580 1645 Plus
609 1591 839 1653 cmteris,
866 1587 987 1656 quia
1021 1583 1389 1653 perfectiores.
1423 1577 1683 1631 Gaudium
1710 1581 1757 1628 et
1776 1588 1864 1625 co-

285 1703 413 1740 rona
434 1701 563 1737 mea.
592 1682 690 1737 Per
717 1694 811 1733 vos
839 1681 978 1733 enim
1012 1691 1129 1728 sum
1159 1670 1497 1729 coronandus
1545 1675 1599 1722 et
1623 1676 1873 1720 remune-

1955 480 2096 548 pacis
2134 480 2227 532 erit
2254 479 2530 533 vobiscum.
2553 480 2703 534 Tune
2734 481 2872 536 Deus
2917 481 3062 552 pacis
3090 483 3192 537 erit
3231 483 3526 540 vobiscum.

1955 570 2002 623 si
2043 570 2247 625 fueritis
2288 571 2385 625 ista
2411 571 2618 625 sectati.
2651 570 2864 626 Gavisus
2894 590 3008 627 sum
3034 582 3200 627 autem
3227 574 3278 626 in
3307 573 3528 627 Domino

1955 660 2295 726 vehementer,
2316 662 2555 732 quoniam
2586 664 2788 717 tandem
2811 662 3087 733 aliquando
3107 664 3408 733 refloruistis
3435 681 3529 734 pro

1957 766 2036 804 me
2061 752 2246 806 sentire
2273 753 2404 805 sicut
2447 762 2494 807 et
2535 753 2841 808 sentiebatis.
2882 754 3076 809 lterum
3105 755 3360 810 ﬂoruistis
3397 757 3529 813 ﬁore

1960 841 2086 895 boni
2114 842 2312 910 operis,
2346 857 2502 912 quem
2533 858 2640 898 non
2667 843 2864 898 oblivio
2890 845 3203 915 arefecerat,
3234 847 3326 901 sed
3370 862 3530 903 occu-

1959 932 2104 1002 patio
2149 932 2481 998 impedierat.
2509 933 2757 1003 Occupati
2795 945 2962 988 autem
3002 935 3153 989 eratis
3184 952 3203 990 :
3245 953 3345 990 non
3385 941 3532 1004 quasi

1962 1032 2168 1090 propter
2193 1023 2457 1091 penuriam
2484 1023 2617 1078 dico.
2642 1023 2758 1080 Non
2784 1034 2999 1094 propter
3028 1040 3198 1080 meam
3231 1030 3531 1094 penuriam,

1963 1115 2057 1169 sed
2080 1123 2300 1184 prepter
2326 1126 2559 1172 vestrum
2602 1117 2830 1174 fructum
2873 1120 3103 1175 dicetne.
3133 1125 3390 1192 gavisam.
3422 1123 3534 1192 Ego

1963 1206 2100 1259 enim
2127 1205 2306 1270 didici,
2335 1208 2387 1261 in
2413 1209 2594 1278 quibus
2633 1227 2748 1264 sum
2775 1212 3052 1280 sufﬁciens,
3090 1229 3216 1268 esse.
3249 1215 3293 1268 Α
3323 1214 3536 1268 Christo

1967 1297 2144 1349 omnia
2175 1299 2447 1366 aequaliter
2477 1298 2616 1354 ferre
2645 1315 2763 1355 sum
2793 1302 2999 1358 doctus.
3033 1303 3153 1358 Scio
3183 1315 3229 1358 et
3254 1307 3535 1372 humiliari,

1967 1388 2070 1441 scio
2095 1398 2141 1442 et
2165 1389 2425 1446 abundare
2445 1392 2659 1462 :ubique
2677 1403 2724 1448 et
2741 1394 2795 1448 in
2816 1395 3045 1450 omnibus
3061 1398 3316 1454 institutus
3333 1415 3465 1463 sum,
3489 1408 3539 1452 et

1967 1484 2166 1549 satiari,
2189 1495 2234 1538 et
2257 1485 2470 1549 esurire,
2488 1495 2534 1538 et
2555 1485 2837 1551 abundare,
2854 1496 2899 1541 et
2921 1489 3186 1557 penuriam
3207 1492 3330 1558 pati.
3349 1491 3418 1546 Ut
3440 1505 3541 1545 nec

1971 1573 2293 1628 abundantia
2326 1575 2574 1639 extollar,
2607 1590 2708 1631 nec
2735 1578 2945 1648 frangar
2974 1578 3169 1649 inopia.
3204 1580 3388 1636 Omnia
3417 1598 3540 1650 pos-

1974 1682 2088 1721 sum
2126 1665 2179 1718 in
2225 1681 2285 1718 eo
2339 1667 2427 1734 qui
2473 1683 2551 1719 me
2595 1669 2868 1736 confortat.
2910 1669 3048 1724 Dans
3097 1671 3495 1742 .ntelligentiam
3523 1714 3544 1741 ,

289 1778 506 1831 randus.
533 1775 621 1831 Sic
643 1781 772 1827 state
794 1774 845 1825 in
872 1769 1116 1833 Domino,
1146 1763 1450 1819 charissimi.
1479 1756 1755 1827 Quomodo
1781 1769 1868 1809 su-
1899 1735 1947 1795 Β
1974 1769 2140 1823 quare
2185 1755 2318 1808 sciat
2360 1763 2412 1808 et
2459 1735 2747 1822 humiliari,
2795 1767 2849 1812 et
2893 1760 3184 1827 abundare,
3217 1735 3340 1817 dtim
3371 1735 3540 1818 dicit;

291 1867 468 1935 perius
489 1865 620 1930 dixi,
653 1864 704 1917 in
737 1863 848 1916 sola
875 1860 1071 1915 Christi
1105 1857 1209 1910 ﬁde
1248 1868 1397 1922 spem
1424 1858 1683 1921 ponentes
1713 1855 1768 1902 et
1815 1846 1868 1899 in

289 1957 697 2012 conversatione
734 1952 964 2007 ccelesti.
998 1948 1242 2002 Evodiam
1293 1960 1418 2016 rego
1465 1953 1514 1996 et
1563 1938 1870 2010 Syntychem

294 2050 562 2115 deprecor.
603 2046 850 2100 Mulieres
898 2051 1051 2097 erant
1093 2039 1370 2095 scientiam
1417 2035 1696 2099 habentes,
1737 2046 1872 2100 quas

298 2139 543 2191 similiter
577 2137 774 2190 sentire
805 2142 1109 2188 commonet
1139 2138 1192 2185 et
1221 2131 1485 2183 hortatur.
1515 2125 1751 2194 Id'psunt
1789 2139 1871 2175 sa-

297 2245 415 2296 pere
444 2230 495 2281 in
520 2227 762 2283 Domino.
801 2225 1033 2294 ldipsum
1061 2223 1200 2291 quod
1225 2221 1356 2274 dixi.
1382 2219 1553 2270 Etiam
1583 2230 1705 2284 rogo
1735 2222 1780 2265 et
1804 2223 1870 2274 te,

296 2317 547 2371 Germane
577 2334 801 2386 compar,
824 2317 1016 2386 adjuva
1042 2315 1180 2367 illas.
1217 2312 1515 2366 Germanus
1545 2322 1739 2362 nomen
1771 2305 1872 2358 ho-

295 2411 453 2463 minis
481 2418 584 2472 est,
618 2424 842 2476 compar
887 2407 1070 2461 ofﬁcii.
1117 2406 1244 2468 Qua:
1273 2417 1469 2456 mecum
1521 2401 1874 2452 laboraverunt

296 2504 347 2554 in
395 2501 692 2570 Evangelia.
730 2500 1131 2553 Laboraverunt
1169 2511 1274 2550 non
1303 2495 1471 2561 viros,
1505 2491 1600 2546 sed
1649 2491 1874 2544 feminas

292 2593 441 2658 dicit,
479 2609 576 2648 nec
611 2594 663 2646 in
705 2608 745 2647 ei
770 2592 954 2657 etesia,
1003 2589 1095 2644 sed
1147 2590 1200 2644 in
1240 2589 1400 2643 domo
1436 2587 1713 2641 docentes.
1747 2583 1874 2636 Cum

296 2685 549 2740 Clemente
600 2696 647 2739 et
704 2686 894 2738 ca’teris
954 2683 1270 2755 adjutoribus
1319 2681 1465 2734 meis.
1513 2678 1761 2733 Clemens
1809 2690 1874 2730 et

295 2777 616 2846 philosopho
665 2791 868 2845 magna:
903 2774 1157 2828 doctrina:
1198 2773 1297 2839 vir,
1328 2771 1418 2839 qui
1451 2771 1632 2823 Roma:
1665 2767 1875 2836 episco-

299 2881 399 2937 pus
435 2867 554 2920 fuit.
590 2866 819 2930 Quorum
849 2865 1059 2917 nomina
1104 2871 1221 2915 sunt
1247 2863 1298 2914 in
1323 2861 1451 2914 libro
1480 2860 1616 2913 vitaz.
1650 2856 1727 2912 Ne
1759 2869 1876 2910 mo-

298 2959 434 3012 leste
462 2957 648 3021 ferant,
681 2973 738 3011 se
763 2956 813 3009 in
848 2955 946 3008 hac
978 2954 1212 3022 Epistola
1247 2968 1351 3006 non
1401 2950 1651 3018 scriptos,
1674 2963 1796 3002 cum
1824 2945 1877 2999 in

301 3048 438 3102 libro
469 3050 591 3102 vita:
622 3049 727 3100 sint
757 3047 963 3114 scripti,
997 3045 1148 3112 cujus
1181 3044 1299 3097 libri
1331 3043 1489 3096 etiam
1520 3042 1728 3110 Moyses
1761 3053 1875 3093 me-

1973 1845 2162 1898 Omnia
2213 1859 2426 1912 possum
2472 1845 2525 1898 in
2579 1859 2644 1899 eo
2675 1846 2762 1915 qui
2812 1849 3076 1904 eonfortat
3121 1866 3229 1917 me,
3269 1852 3394 1907 dum
3442 1853 3546 1908 sibi

1975 1935 2108 1990 nihil
2160 1935 2361 1999 tribuit,
2396 1937 2490 1990 sed
2528 1944 2581 1990 et
2609 1937 2973 2007 quotidianum
3003 1941 3321 2010 adjutorium
3353 1945 3547 2013 implo-

1975 2035 2057 2080 rat
2110 2034 2165 2079 ut
2213 2025 2379 2091 possit
2421 2025 2538 2095 ejus
2583 2026 2803 2095 implere
2855 2040 3141 2098 praecepta.
3193 2032 3546 2089 Verumtamen

1977 2118 2094 2171 bene
2114 2117 2300 2187 fecistis
2325 2118 2753 2172 communicantes
2777 2120 3096 2172 tribulationi
3114 2138 3255 2175 mete.
3274 2123 3386 2176 Non
3403 2125 3545 2178 enim

1975 2208 2159 2263 debuit
2206 2222 2324 2260 mea
2367 2209 2733 2276 :equanimitas
2763 2220 2994 2263 vestram
3046 2211 3305 2279 impedire
3335 2229 3545 2270 merce-

1975 2298 2118 2352 dem.
2152 2298 2307 2351 Scitis
2345 2307 2511 2350 autem
2541 2307 2587 2349 et
2623 2313 2728 2362 vos,
2757 2298 3136 2369 Philippenses,
3164 2303 3297 2370 quod
3322 2303 3372 2356 in
3402 2305 3548 2369 prin-

1976 2388 2108 2456 cipio
2147 2386 2414 2456 Evangelii
2458 2386 2662 2454 quando
2705 2388 2961 2455 profectus
2989 2404 3102 2442 sum
3145 2406 3176 2442 a
3219 2390 3542 2446 Macedonia.

1975 2477 2106 2544 Quia
2129 2490 2223 2529 vos
2246 2476 2455 2540 solos,a
2481 2476 2670 2544 quibus
2699 2478 2998 2531 necessaria
3028 2481 3406 2547 acciperemus,
3435 2483 3547 2537 ele-

1975 2569 2182 2637 gimus,
2216 2565 2483 2620 ﬁdeliores
2511 2580 2604 2619 vos
2635 2566 2880 2620 omnibus
2909 2567 3403 2635 judicantes.Nul‘la
3423 2575 3548 2626 mihi

1979 2656 2206 2710 Ecclesia
2244 2657 2628 2709 communicavit
2672 2658 2725 2710 in
2768 2658 2962 2712 ratione
2988 2659 3097 2712 dati
3137 2671 3184 2713 et
3209 2665 3421 2734 accepti,
3449 2665 3548 2719 nisi

1976 2766 2063 2803 vos
2094 2750 2209 2803 soli.
2239 2748 2316 2802 llli
2347 2748 2474 2811 dati,
2502 2762 2598 2815 ego
2625 2748 2828 2816 accepti
2859 2766 2871 2800 :
2904 2749 3016 2803 sive
3056 2749 3246 2806 dantes
3283 2753 3546 2818 carnalia,

1977 2849 2296 2911 acceperunt
2334 2841 2610 2909 spiritalia.
2647 2840 2778 2904 Quia
2813 2850 2860 2892 et
2889 2839 3300 2897 Thessalonicam
3319 2845 3475 2898 semel
3497 2854 3548 2900 et

1979 2934 2054 2988 bis
2084 2936 2136 2987 in
2177 2948 2323 2987 usum
2374 2933 2500 2985 milti
2549 2932 2775 2986 misistis.
2819 2931 2933 2986 Non
2983 2932 3159 2988 solum
3210 2934 3546 3002 Corinthum,

1979 3025 2072 3079 sed
2127 3024 2286 3080 etiam
2340 3023 2776 3079 Thessalonicam
2825 3025 3214 3080 transmisistis.
3259 3023 3382 3080 Non
3427 3029 3552 3097 quia

303 3140 459 3193 minit
483 3147 538 3192 et
568 3138 732 3192 David
760 3146 814 3192 et
836 3138 1110 3190 Dominus.
1149 3136 1375 3189 Gaudete
1412 3135 1462 3187 in
1495 3131 1711 3186 Domino
1739 3147 1874 3184 sem-

1978 3130 2152 3184 quaero
2174 3116 2374 3179 datum,
2407 3115 2495 3168 sed
2525 3115 2726 3181 requiro
2757 3114 2977 3179 fructum
3001 3115 3346 3167 abundantem
3383 3117 3435 3168 in
3468 3132 3552 3168 τα·

304 3245 413 3297 per.
437 3229 570 3296 Quia
598 3229 647 3281 in
679 3228 876 3282 smculo
909 3227 1158 3296 gaudium
1202 3242 1305 3279 non
1338 3225 1566 3289 habetis,
1602 3222 1693 3277 sed
1724 3235 1873 3290 pres-

303 3333 503 3372 suram.
555 3316 752 3371 Iterum
782 3317 916 3381 diro,
961 3316 1194 3384 gaudete.
1231 3314 1442 3382 Repetit
1484 3321 1544 3366 ut
1574 3310 1873 3365 conﬁrmet.

305 3408 363 3463 Μ
369 3410 558 3462 adestia
582 3417 740 3462 vestra
756 3417 875 3461 nota
904 3408 969 3459 sit
995 3405 1221 3460 omnibus
1245 3403 1548 3457 hominibus.
1571 3402 1637 3456 Et
1656 3399 1872 3468 Judteis,

304 3511 360 3556 et
384 3502 630 3572 gentibus
666 3518 680 3554 :
711 3501 805 3554 sed
833 3508 888 3554 et
914 3499 1160 3553 omnibus
1207 3497 1294 3570 qui
1328 3511 1422 3551 vos
1466 3494 1743 3550 tribulant.
1771 3492 1879 3546 Do-

306 3594 471 3646 minus
515 3607 673 3661 prope
725 3599 819 3656 est,
864 3591 994 3643 nihil
1037 3591 1246 3644 solliciti
1284 3589 1413 3642 sitis.
1441 3587 1629 3641 Videte
1663 3585 1706 3641 si
1753 3583 1878 3654 quid

307 3684 459 3736 deest
505 3681 681 3747 vobis,
722 3682 886 3735 nolite
936 3681 1171 3748 cegitare
1217 3679 1341 3750 quid
1394 3675 1746 3741 manducetis,
1790 3684 1879 3728 aut

306 3772 433 3841 quid
462 3772 772 3826 induamini.
807 3772 932 3826 Sive
974 3771 1227 3825 Dominus
1250 3784 1414 3840 prope
1444 3777 1526 3824 est
1550 3768 1615 3822 ad
1642 3767 1880 3822 liberan-

308 3868 471 3918 dum:
506 3865 673 3919 nolite
718 3866 909 3918 timere
955 3872 1362 3932 persequentes.
1412 3861 1575 3916 Juxta
1615 3868 1698 3915 est
1737 3858 1881 3913 enim

307 3955 564 4011 Dominus
610 3957 692 4010 his
723 3956 814 4025 qui
845 3955 1093 4009 tribulato
1117 3962 1240 4008 sunt
1286 3952 1470 4008 corde.
1500 3951 1606 4007 Sed
1647 3952 1701 4003 in
1746 3948 1882 4003 omni

308 4048 561 4111 oratione,
586 4055 631 4099 et
664 4045 1026 4109 obsecratione,
1057 4060 1172 4096 cum
1201 4043 1485 4113 gratiarum
1510 4041 1728 4109 actione,
1755 4039 1885 4106 peti-

330 4142 466 4194 iones
489 4148 661 4193 vestrm
682 4137 1144 4202 innotescantapud
1157 4134 1340 4186 Deum.
1360 4133 1472 4186 Non
1495 4145 1615 4186 cum
1642 4144 1884 4183 murmu-

310 4233 516 4285 ratione
562 4240 721 4299 atque
760 4227 993 4284 trisﬁtia.
1023 4227 1172 4279 Tunc
1215 4224 1373 4294 digna
1408 4223 1516 4277 Deo
1559 4221 1661 4276 erit
1705 4231 1882 4274 vestra

309 4322 502 4386 oratio,
525 4321 570 4374 si
596 4335 692 4388 pro
720 4320 966 4373 omnibus
988 4332 1108 4386 qua:
1129 4315 1372 4383 patimini
1395 4313 1593 4382 gratias
1619 4311 1884 4373 referatis,

309 4411 448 4465 sicut
491 4409 716 4477 apostoli
757 4409 1036 4462 faciebant.
1065 4406 1128 4458 Et
1171 4419 1274 4473 pas:
1310 4403 1445 4468 Dei,
1479 4417 1591 4469 qua:
1616 4408 1884 4469 exsuperat

1979 3210 2115 3260 tione
2155 3216 2337 3260 vestra.
2378 3204 2826 3273 Superabundans
2871 3203 3073 3257 fructus
3123 3203 3380 3258 orationis
3428 3219 3550 3259 eum

1981 3300 2183 3353 sanctis
2211 3299 2374 3352 etiam
2399 3295 2708 3351 absentibus
2757 3296 3086 3350 ministratur
3113 3297 3314 3360 datum,
3348 3307 3432 3352 est
3463 3312 3554 3353 res

1982 3390 2095 3458 ipsa
2139 3403 2297 3456 quam
2325 3387 2421 3442 das
2450 3402 2464 3440 :
2499 3384 2700 3439 fructus
2723 3393 2921 3450 autem,
2951 3383 3088 3438 bona
3117 3393 3171 3440 et
3199 3394 3339 3439 recta
3368 3387 3556 3441 volun-

1981 3489 2061 3534 tas
2089 3479 2290 3534 datoris
2321 3493 2334 3531 :
2365 3486 2418 3531 ut
2459 3476 2599 3545 quod
2632 3475 2834 3540 tribuit,
2877 3483 3096 3543 propter
3139 3476 3421 3530 Dominum
3453 3478 3555 3532 tri-

1981 3571 2107 3624 buat
2134 3610 2149 3634 ,
2187 3568 2350 3622 veluti
2375 3567 2465 3636 qui
2511 3566 2733 3634 suscipit
2763 3564 3076 3634 prephetatn
3108 3565 3158 3618 in
3189 3567 3404 3620 nomine
3432 3581 3557 3636 pro-

1981 3664 2177 3732 phetae,
2210 3670 2264 3716 et
2298 3661 2499 3729 justum
2548 3661 2600 3712 in
2647 3659 2861 3712 nomine
2892 3657 3044 3727 justi,
3092 3657 3395 3713 mercedem
3425 3674 3561 3729 pro-

1983 3753 2156 3823 phetae
2193 3761 2247 3807 et
2299 3750 2429 3820 justi
2469 3749 2759 3818 suscipiat.
2818 3747 3001 3802 Ilabco
3053 3757 3222 3802 autem
3263 3751 3462 3814 omnia,
3512 3757 3562 3802 et

1981 3845 2215 3910 abundo,
2249 3844 2471 3909 repletus
2503 3857 2637 3908 sum,
2682 3841 2899 3912 acceptis
2942 3841 3004 3894 ab
3045 3841 3398 3913 Epaphrodito
3448 3857 3563 3911 qut:

1982 3940 2212 3993 misistis.
2246 3937 2509 3991 Provocat
2538 3935 2660 3989 illos
2691 3936 2755 3987 ad
2797 3933 2972 3989 simile
3009 3948 3164 4004 opus,
3199 3933 3466 3988 laudando
3508 3943 3564 3988 et

1984 4031 2182 4099 gratias
2214 4026 2521 4082 referendo.
2553 4026 2620 4079 In
2649 4027 2854 4078 adorent
2895 4025 3181 4079 suavitatis.
3212 4023 3358 4078 Odor
3383 4024 3564 4077 suavi-

1987 4119 2109 4173 tatis
2131 4133 2235 4171 non
2265 4119 2317 4169 in
2359 4132 2416 4170 re
2447 4116 2649 4179 oblata,
2683 4115 2776 4168 sed
2807 4117 2858 4168 in
2892 4116 3085 4168 mentis
3116 4114 3400 4167 devotione
3438 4129 3568 4168 con-

1986 4211 2147 4274 sistit,
2177 4210 2317 4264 sicut
2348 4209 2672 4263 sacriﬁcium
2702 4207 2815 4260 Noe
2860 4215 3010 4273 grate
3056 4206 3196 4258 Deus
3241 4205 3567 4258 describitur

1987 4302 2260 4362 odoratus,
2278 4314 2398 4354 eum
2427 4300 2541 4367 ipse
2567 4295 2905 4365 postmodum
2929 4295 3078 4359 dicit,
3096 4307 3154 4346 se
3178 4305 3274 4344 nec
3293 4293 3564 4354 carnibus,

1991 4407 2090 4447 nee
2115 4391 2372 4459 sanguine
2394 4388 2698 4442 animalium
2719 4383 2994 4438 delectari.
3015 4381 3063 4434 11
3072 4381 3254 4434 ostium
3282 4388 3564 4448 acceptam,

308 4518 507 4556 onmem
552 4515 773 4553 sensum.
807 4500 918 4564 Qua
957 4497 1125 4550 malos
1156 4496 1383 4549 sustinet
1413 4503 1467 4548 et
1497 4493 1768 4561 ingratos:
1801 4493 1882 4546 vel
1912 4463 1966 4522 D
1993 4485 2275 4552 placentem
2322 4480 2448 4532 Deo-
2505 4474 2802 4530 Notandum
2835 4473 2974 4542 quod
3016 4472 3355 4541 elecmosyna
3396 4471 3567 4524 hostia

314 4607 414 4658 pax
455 4590 674 4652 Christi,
699 4603 800 4656 qua
836 4603 930 4654 pro
964 4584 1409 4655 persequentibus
1437 4583 1643 4647 orabat,
1681 4581 1886 4650 recogi-

315 4692 418 4734 ta'a
451 4695 661 4735 omnem
694 4689 926 4734 mentem
959 4678 1212 4732 furiosam
1248 4684 1537 4742 exsuperat
1566 4684 1619 4729 et
1648 4673 1884 4729 inclinat.

314 4770 576 4823 Custodiat
625 4772 781 4823 corda
838 4780 998 4823 vestra
1048 4778 1095 4822 et
1143 4768 1503 4836 intelligentias
1555 4774 1786 4831 vestras,
1834 4765 1887 4818 in

312 4862 514 4917 Christo
561 4860 705 4914 Jesu.
762 4859 866 4915 lsta
896 4859 1054 4915 corda
1095 4868 1147 4914 et
1179 4857 1555 4928 intelligentias
1599 4865 1802 4909 vestras
1834 4854 1886 4908 in

314 4959 562 5028 exemplo
583 4957 778 5014 Christi
802 4955 1081 5011 custodiat.
1103 4954 1178 5008 De
1202 4963 1404 5022 cwtero,
1422 4957 1627 5022 fratres,
1646 4966 1890 5021 qua'cun-

313 5069 410 5120 qtte
450 5061 566 5104 sunt
613 5065 751 5114 vera,
791 5062 1098 5118 qutecunque
1141 5045 1346 5116 pudica,
1379 5059 1684 5112 quwcunque
1720 5046 1886 5112 justa,

318 5159 632 5213 qutvcunque
672 5151 868 5195 sancta.
899 5139 978 5195 Ad
1009 5148 1328 5201 extremum,
1360 5145 1416 5190 ut
1446 5137 1625 5190 omnia
1657 5134 1893 5188 breviter

318 5235 510 5288 dicam.
547 5234 872 5301 Quacunque
913 5227 1174 5294 amabilia,
1203 5242 1511 5296 qua’cunque
1549 5225 1690 5278 bona:
1719 5224 1890 5292 fantte.

318 5325 455 5391 Quia
481 5325 657 5378 omnis
683 5332 872 5378 natura
907 5322 1133 5374 humana
1165 5318 1310 5372 novit
1348 5317 1570 5385 diligere
1593 5326 1645 5370 ct
1676 5314 1892 5368 laudare

321 5415 459 5484 quod
490 5416 687 5470 bonum
714 5421 814 5469 est.
836 5413 895 5468 Si
925 5428 1024 5481 qua
1052 5411 1228 5474 virtus,
1250 5410 1292 5462 si
1319 5424 1417 5478 qua
1445 5407 1554 5460 laus
1585 5405 1889 5469 tolerantius,

323 5508 430 5559 lucc
459 5507 691 5577 cogitate.
711 5503 1034 5560 Meditamini
1060 5501 1297 5570 nihilque
1318 5498 1460 5553 aliud
1482 5497 1744 5566 cogitetis.
1768 5497 1894 5558 Qut:

327 5601 600 5652 didicistis.
634 5599 808 5653 Verbo
850 5597 933 5652 vel
980 5595 1250 5664 exemplo.
1299 5591 1363 5644 Et
1411 5591 1696 5660 accepistis.
1745 5589 1894 5641 Dono

1992 4573 2308 4643 appellatur,
2335 4580 2389 4626 et
2413 4570 2552 4624 sicut
2585 4583 2614 4622 a
2638 4568 2832 4621 sanctis
2857 4564 3054 4632 oblata,
3089 4572 3172 4619 est
3224 4571 3464 4630 accepta,
3497 4559 3567 4614 ita

1992 4667 2059 4721 ab
2087 4665 2170 4719 his
2199 4664 2288 4734 qui
2330 4666 2381 4716 in
2413 4670 2629 4730 peccato
2662 4659 2992 4714 duraverunt
3022 4655 3170 4720 data,
3227 4653 3566 4722 reprobatur.

1995 4756 2130 4808 Deus
2161 4763 2329 4808 autem
2345 4760 2496 4806 meus
2536 4750 2744 4817 impleat
2791 4760 2940 4798 omne
2983 4743 3294 4796 desiderium
3324 4750 3565 4794 vestrum.

1992 4847 2124 4912 Quia
2151 4856 2205 4898 ut
2245 4843 2462 4915 perfecti
2494 4841 2691 4896 malum
2723 4836 3025 4892 desiderare
3053 4849 3158 4887 non
3190 4831 3568 4886 credebantur.

1994 4941 2290 4998 Secundunt
2314 4938 2517 4992 divitias
2538 4951 2654 4989 suas
2686 4935 2739 4987 in
2769 4932 2934 5001 gloria
2965 4929 3015 4982 in
3041 4927 3243 4981 Christo
3270 4924 3433 4979 Jesu:
3460 4922 3568 4975 Deo

1993 5044 2158 5088 autem
2205 5042 2250 5084 et
2280 5030 2427 5083 Patri
2476 5036 2650 5081 nostro
2691 5024 2855 5094 gloria
2908 5022 2961 5073 in
3005 5019 3192 5072 stccula
3241 5016 3565 5070 sa'culorum.

1995 5125 2172 5177 Amen.
2205 5120 2355 5187 Quod
2381 5116 2671 5172 secundum
2701 5113 2912 5167 divitias
2941 5109 3054 5172 Dei.
3084 5108 3149 5162 ad
3175 5107 3397 5177 gloriam
3442 5121 3564 5173 prr-

1998 5215 2128 5268 tinet
2147 5209 2363 5264 Christi.
2382 5207 2613 5263 Salutate
2642 5217 2839 5258 omnem
2865 5207 3094 5254 sanctum
3118 5198 3170 5250 in
3191 5195 3391 5251 Christo
3418 5193 3566 5253 Jesst.

1999 5308 2240 5362 Salutant
2269 5319 2353 5356 vos
2379 5302 2464 5370 qui
2492 5313 2684 5352 mecum
2712 5303 2828 5349 sunt
2855 5294 3057 5362 fratres.
3082 5290 3323 5346 Salutant
3359 5303 3445 5342 eos
3466 5302 3573 5339 om-

1998 5413 2084 5450 nes
2112 5395 2292 5450 sancti.
2320 5393 2486 5446 Erant
2512 5404 2640 5458 ergo
2665 5385 2857 5452 sancti,
2876 5397 3009 5454 quos
3035 5381 3182 5436 solus
3209 5379 3321 5433 vult
3349 5375 3574 5432 salutari

2001 5503 2110 5559 pra:
2142 5485 2370 5548 eteteris,
2403 5497 2536 5551 quos
2560 5480 2719 5535 e1iam
2753 5477 2805 5531 in
2843 5475 3090 5530 omnibus
3121 5471 3375 5542 Epistolis
3404 5471 3576 5523 nomi-

2002 5581 2145 5635 navit
2179 5597 2194 5635 :
2225 5575 2471 5647 eapitalia
2517 5587 2622 5627 non
2681 5569 2933 5624 habuisse
2983 5572 3198 5634 peccata
3247 5560 3574 5630 intelligendi

325 5693 509 5756 gratiae
530 5691 748 5750 Christi.
776 5690 840 5746 Et
861 5687 1096 5745 audistis.
1130 5652 1358 5743 Auribus
1390 5683 1500 5741 tunc
1525 5652 1617 5748 per
1641 5679 1892 5746 praedica-
2003 5683 2144 5734 sunt.
2178 5672 2308 5730 Nam
2330 5669 2449 5741 quis
2479 5665 2594 5724 sine
2615 5661 2870 5734 peceato?
2893 5657 2998 5716 Sed
3025 5667 3077 5716 et
3105 5655 3377 5728 Scriptura
3400 5652 3576 5723 bapti-
