  <div class='ocr_page' id='page_1' title='image "/cluster/home/n/w/nwhite01/storage/ocr_20150623/68/hvd.32044015469331/325.png"; bbox 0 0 3982 6352; ppageno 0'>
   <div class='ocr_carea' id='block_1_1' title="bbox 450 341 555 394">
    <p class='ocr_par' dir='ltr' id='par_1_1' title="bbox 450 341 555 394">
     <span class='ocr_line' id='line_1_1' title="bbox 450 341 555 394; baseline 0.029 -3"><span class='ocrx_word' id='word_1_1' title='bbox 450 341 555 394; x_wconf 61' lang='grc' dir='ltr'><strong>ὺῖ9</strong></span> 
     </span>
    </p>
   </div>
   <div class='ocr_carea' id='block_1_2' title="bbox 1562 322 2600 390">
    <p class='ocr_par' dir='ltr' id='par_1_2' title="bbox 1562 322 2600 390">
     <span class='ocr_line' id='line_1_2' title="bbox 1562 322 2600 390; baseline -0.008 -5"><span class='ocrx_word' id='word_1_2' title='bbox 1562 329 1860 389; x_wconf 62' lang='grc' dir='ltr'><strong>νηιδιλδιι</strong></span> <span class='ocrx_word' id='word_1_3' title='bbox 1902 325 2346 389; x_wconf 70' lang='lat' dir='ltr'><strong>ADRUMETANI</strong></span> <span class='ocrx_word' id='word_1_4' title='bbox 2388 322 2600 390; x_wconf 79' lang='lat' dir='ltr'><strong>EPISC.</strong></span> 
     </span>
    </p>
   </div>
   <div class='ocr_carea' id='block_1_3' title="bbox 3600 316 3709 365">
    <p class='ocr_par' dir='ltr' id='par_1_3' title="bbox 3600 316 3709 365">
     <span class='ocr_line' id='line_1_3' title="bbox 3600 316 3709 365; baseline -0.018 0"><span class='ocrx_word' id='word_1_5' title='bbox 3600 316 3709 365; x_wconf 69' lang='grc' dir='ltr'><strong>ὓὶο</strong></span> 
     </span>
    </p>
   </div>
   <div class='ocr_carea' id='block_1_4' title="bbox 450 446 3715 543">
    <p class='ocr_par' dir='ltr' id='par_1_4' title="bbox 450 446 3715 543">
     <span class='ocr_line' id='line_1_4' title="bbox 450 446 3715 543; baseline -0.01 -11"><span class='ocrx_word' id='word_1_6' title='bbox 450 486 627 532; x_wconf 74' lang='lat' dir='ltr'><strong>uatum</strong></span> <span class='ocrx_word' id='word_1_7' title='bbox 656 462 966 543; x_wconf 79' lang='lat' dir='ltr'><strong>frequenter</strong></span> <span class='ocrx_word' id='word_1_8' title='bbox 990 469 1239 540; x_wconf 84' lang='lat' dir='ltr'><strong>appellat.</strong></span> <span class='ocrx_word' id='word_1_9' title='bbox 1261 466 1483 520; x_wconf 71' lang='lat' dir='ltr'><strong>Maxime</strong></span> <span class='ocrx_word' id='word_1_10' title='bbox 1508 473 1677 518; x_wconf 88' lang='lat' dir='ltr'><strong>autem</strong></span> <span class='ocrx_word' id='word_1_11' title='bbox 1701 465 1788 534; x_wconf 90' lang='lat' dir='ltr'><strong>qui</strong></span> <span class='ocrx_word' id='word_1_12' title='bbox 1815 465 1878 516; x_wconf 88' lang='lat' dir='ltr'><strong>de</strong></span> <span class='ocrx_word' id='word_1_13' title='bbox 1903 461 2017 516; x_wconf 74' lang='grc' dir='ltr'><strong>(Σω-</strong></span> <span class='ocrx_word' id='word_1_14' title='bbox 2049 468 2097 524; x_wconf 80' lang='grc' dir='ltr'><strong>Λ</strong></span> <span class='ocrx_word' id='word_1_15' title='bbox 2124 460 2206 513; x_wconf 92' lang='lat' dir='ltr'><strong>vel</strong></span> <span class='ocrx_word' id='word_1_16' title='bbox 2239 459 2293 512; x_wconf 90' lang='lat' dir='ltr'><strong>itt</strong></span> <span class='ocrx_word' id='word_1_17' title='bbox 2325 457 2436 512; x_wconf 88' lang='lat' dir='ltr'><strong>lide</strong></span> <span class='ocrx_word' id='word_1_18' title='bbox 2467 457 2839 526; x_wconf 86' lang='lat' dir='ltr'><strong>persisterent,</strong></span> <span class='ocrx_word' id='word_1_19' title='bbox 2874 451 2957 506; x_wconf 89' lang='lat' dir='ltr'><strong>vel</strong></span> <span class='ocrx_word' id='word_1_20' title='bbox 2976 448 3286 543; x_wconf 81' lang='lat' dir='ltr'><strong>liducialius</strong></span> <span class='ocrx_word' id='word_1_21' title='bbox 3330 446 3715 515; x_wconf 68' lang='lat' dir='ltr'><strong>praedicarent,</strong></span> 
     </span>
    </p>
   </div>
   <div class='ocr_carea' id='block_1_5' title="bbox 450 555 2026 621">
    <p class='ocr_par' dir='ltr' id='par_1_5' title="bbox 450 555 2026 621">
     <span class='ocr_line' id='line_1_5' title="bbox 450 555 2026 621; baseline -0.008 -3"><span class='ocrx_word' id='word_1_22' title='bbox 450 567 583 619; x_wconf 82' lang='lat' dir='ltr'><strong>saris</strong></span> <span class='ocrx_word' id='word_1_23' title='bbox 612 566 763 617; x_wconf 85' lang='lat' dir='ltr'><strong>domo</strong></span> <span class='ocrx_word' id='word_1_24' title='bbox 790 574 928 619; x_wconf 87' lang='lat' dir='ltr'><strong>sunt.</strong></span> <span class='ocrx_word' id='word_1_25' title='bbox 957 562 1138 616; x_wconf 81' lang='lat' dir='ltr'><strong>Gratia</strong></span> <span class='ocrx_word' id='word_1_26' title='bbox 1166 558 1370 611; x_wconf 88' lang='lat' dir='ltr'><strong>Domini</strong></span> <span class='ocrx_word' id='word_1_27' title='bbox 1399 558 1528 611; x_wconf 78' lang='lat' dir='ltr'><strong>Jesu</strong></span> <span class='ocrx_word' id='word_1_28' title='bbox 1563 556 1752 610; x_wconf 81' lang='lat' dir='ltr'><strong>Christi</strong></span> <span class='ocrx_word' id='word_1_29' title='bbox 1776 570 1890 608; x_wconf 82' lang='lat' dir='ltr'><strong>cum</strong></span> <span class='ocrx_word' id='word_1_30' title='bbox 1919 555 2026 621; x_wconf 89' lang='lat' dir='ltr'><strong>spi-</strong></span> 
     </span>
    </p>
   </div>
   <div class='ocr_carea' id='block_1_6' title="bbox 456 645 2021 711">
    <p class='ocr_par' dir='ltr' id='par_1_6' title="bbox 456 645 2021 711">
     <span class='ocr_line' id='line_1_6' title="bbox 456 645 2021 711; baseline -0.008 -3"><span class='ocrx_word' id='word_1_31' title='bbox 456 660 555 709; x_wconf 83' lang='lat' dir='ltr'><strong>ritu</strong></span> <span class='ocrx_word' id='word_1_32' title='bbox 580 664 765 708; x_wconf 86' lang='lat' dir='ltr'><strong>vestro.</strong></span> <span class='ocrx_word' id='word_1_33' title='bbox 794 655 977 705; x_wconf 82' lang='lat' dir='ltr'><strong>Amen.</strong></span> <span class='ocrx_word' id='word_1_34' title='bbox 1013 652 1078 706; x_wconf 90' lang='lat' dir='ltr'><strong>Ut</strong></span> <span class='ocrx_word' id='word_1_35' title='bbox 1102 666 1194 705; x_wconf 87' lang='lat' dir='ltr'><strong>eos</strong></span> <span class='ocrx_word' id='word_1_36' title='bbox 1223 649 1571 711; x_wconf 80' lang='lat' dir='ltr'><strong>confortaret,</strong></span> <span class='ocrx_word' id='word_1_37' title='bbox 1600 655 1653 700; x_wconf 91' lang='lat' dir='ltr'><strong>et</strong></span> <span class='ocrx_word' id='word_1_38' title='bbox 1695 646 1771 699; x_wconf 86' lang='lat' dir='ltr'><strong>illi</strong></span> <span class='ocrx_word' id='word_1_39' title='bbox 1803 645 2021 698; x_wconf 80' lang='lat' dir='ltr'><strong>liberius</strong></span> 
     </span>
    </p>
   </div>
   <div class='ocr_carea' id='block_1_7' title="bbox 2129 540 3714 619">
    <p class='ocr_par' dir='ltr' id='par_1_7' title="bbox 2129 540 3714 619">
     <span class='ocr_line' id='line_1_7' title="bbox 2129 540 3714 619; baseline -0.002 -21"><span class='ocrx_word' id='word_1_40' title='bbox 2129 550 2343 619; x_wconf 80' lang='lat' dir='ltr'><strong>quando</strong></span> <span class='ocrx_word' id='word_1_41' title='bbox 2386 547 2667 602; x_wconf 88' lang='lat' dir='ltr'><strong>audiebant</strong></span> <span class='ocrx_word' id='word_1_42' title='bbox 2706 546 2866 600; x_wconf 88' lang='lat' dir='ltr'><strong>etiam</strong></span> <span class='ocrx_word' id='word_1_43' title='bbox 2913 544 2981 599; x_wconf 88' lang='lat' dir='ltr'><strong>de</strong></span> <span class='ocrx_word' id='word_1_44' title='bbox 3016 543 3194 597; x_wconf 78' lang='lat' dir='ltr'><strong>ofﬁcio</strong></span> <span class='ocrx_word' id='word_1_45' title='bbox 3237 541 3468 597; x_wconf 66' lang='lat' dir='ltr'><strong>Caesaris</strong></span> <span class='ocrx_word' id='word_1_46' title='bbox 3513 540 3714 595; x_wconf 85' lang='lat' dir='ltr'><strong>multos</strong></span> 
     </span>
    </p>
   </div>
   <div class='ocr_carea' id='block_1_8' title="bbox 2128 642 2646 694">
    <p class='ocr_par' dir='ltr' id='par_1_8' title="bbox 2128 642 2646 694">
     <span class='ocr_line' id='line_1_8' title="bbox 2128 642 2646 694; baseline -0.008 0"><span class='ocrx_word' id='word_1_47' title='bbox 2128 642 2295 694; x_wconf 85' lang='lat' dir='ltr'><strong>fuisse</strong></span> <span class='ocrx_word' id='word_1_48' title='bbox 2332 653 2646 693; x_wconf 85' lang='lat' dir='ltr'><strong>conversos.</strong></span> 
     </span>
    </p>
   </div>
   <div class='ocr_carea' id='block_1_9' title="bbox 864 860 3295 962">
    <p class='ocr_par' dir='ltr' id='par_1_9' title="bbox 864 860 3295 962">
     <span class='ocr_line' id='line_1_9' title="bbox 864 860 3295 962; baseline -0.007 -7"><span class='ocrx_word' id='word_1_49' title='bbox 864 876 1021 955; x_wconf 92' lang='lat' dir='ltr'><strong>AD</strong></span> <span class='ocrx_word' id='word_1_50' title='bbox 1077 860 2226 962; x_wconf 85' lang='lat' dir='ltr'><strong>THESSALONICENSES</strong></span> <span class='ocrx_word' id='word_1_51' title='bbox 2277 861 2838 949; x_wconf 89' lang='lat' dir='ltr'><strong>EPISTOLA</strong></span> <span class='ocrx_word' id='word_1_52' title='bbox 2890 862 3295 945; x_wconf 80' lang='lat' dir='ltr'><strong>PRIMA.</strong></span> 
     </span>
    </p>
   </div>
   <div class='ocr_carea' id='block_1_10' title="bbox 1002 1096 1506 1155">
    <p class='ocr_par' dir='ltr' id='par_1_10' title="bbox 1002 1096 1506 1155">
     <span class='ocr_line' id='line_1_10' title="bbox 1002 1096 1506 1155; baseline -0.008 -1"><span class='ocrx_word' id='word_1_53' title='bbox 1002 1096 1506 1155; x_wconf 78' lang='lat' dir='ltr'><strong>ARGUMENTUM.</strong></span> 
     </span>
    </p>
   </div>
   <div class='ocr_carea' id='block_1_11' title="bbox 457 1198 2029 1266">
    <p class='ocr_par' dir='ltr' id='par_1_11' title="bbox 457 1198 2029 1266">
     <span class='ocr_line' id='line_1_11' title="bbox 457 1198 2029 1266; baseline -0.01 0"><span class='ocrx_word' id='word_1_54' title='bbox 457 1211 925 1266; x_wconf 75' lang='lat' dir='ltr'><strong>Tltrssalonicenses</strong></span> <span class='ocrx_word' id='word_1_55' title='bbox 968 1222 1083 1265; x_wconf 88' lang='lat' dir='ltr'><strong>sunt</strong></span> <span class='ocrx_word' id='word_1_56' title='bbox 1126 1210 1451 1264; x_wconf 77' lang='lat' dir='ltr'><strong>Macedones.</strong></span> <span class='ocrx_word' id='word_1_57' title='bbox 1486 1204 1625 1258; x_wconf 85' lang='lat' dir='ltr'><strong>Ilinc</strong></span> <span class='ocrx_word' id='word_1_58' title='bbox 1652 1202 1855 1257; x_wconf 75' lang='lat' dir='ltr'><strong>Christo</strong></span> <span class='ocrx_word' id='word_1_59' title='bbox 1900 1198 2029 1253; x_wconf 79' lang='lat' dir='ltr'><strong>Iesu</strong></span> 
     </span>
    </p>
   </div>
   <div class='ocr_carea' id='block_1_12' title="bbox 520 1270 2027 1350">
    <p class='ocr_par' dir='ltr' id='par_1_12' title="bbox 520 1270 2027 1350">
     <span class='ocr_line' id='line_1_12' title="bbox 520 1270 2027 1350; baseline -0.01 -16"><span class='ocrx_word' id='word_1_60' title='bbox 520 1292 723 1349; x_wconf 87' lang='lat' dir='ltr'><strong>accepto</strong></span> <span class='ocrx_word' id='word_1_61' title='bbox 763 1285 910 1335; x_wconf 87' lang='lat' dir='ltr'><strong>verbo</strong></span> <span class='ocrx_word' id='word_1_62' title='bbox 953 1283 1177 1334; x_wconf 72' lang='lat' dir='ltr'><strong>veritatis</strong></span> <span class='ocrx_word' id='word_1_63' title='bbox 1207 1281 1537 1350; x_wconf 68' lang='lat' dir='ltr'><strong>perstiterunt</strong></span> <span class='ocrx_word' id='word_1_64' title='bbox 1560 1277 1613 1328; x_wconf 88' lang='lat' dir='ltr'><strong>in</strong></span> <span class='ocrx_word' id='word_1_65' title='bbox 1642 1276 1765 1342; x_wconf 79' lang='lat' dir='ltr'><strong>ﬁde,</strong></span> <span class='ocrx_word' id='word_1_66' title='bbox 1798 1273 1947 1324; x_wconf 86' lang='lat' dir='ltr'><strong>etiam</strong></span> <span class='ocrx_word' id='word_1_67' title='bbox 1974 1270 2027 1350; x_wconf 81' lang='lat' dir='ltr'><strong>in</strong></span> 
     </span>
    </p>
   </div>
   <div class='ocr_carea' id='block_1_13' title="bbox 523 1347 2028 1420">
    <p class='ocr_par' dir='ltr' id='par_1_13' title="bbox 523 1347 2028 1420">
     <span class='ocr_line' id='line_1_13' title="bbox 523 1347 2028 1420; baseline -0.007 -17"><span class='ocrx_word' id='word_1_68' title='bbox 523 1347 684 1420; x_wconf 58' lang='lat' dir='ltr'><strong>perset</strong></span> <span class='ocrx_word' id='word_1_69' title='bbox 700 1354 870 1405; x_wconf 89' lang='lat' dir='ltr'><strong>utione</strong></span> <span class='ocrx_word' id='word_1_70' title='bbox 896 1354 1079 1405; x_wconf 79' lang='lat' dir='ltr'><strong>civium</strong></span> <span class='ocrx_word' id='word_1_71' title='bbox 1100 1347 1326 1403; x_wconf 83' lang='lat' dir='ltr'><strong>suorum.</strong></span> <span class='ocrx_word' id='word_1_72' title='bbox 1347 1348 1603 1420; x_wconf 62' lang='lat' dir='ltr'><strong>Pra&#39;terea</strong></span> <span class='ocrx_word' id='word_1_73' title='bbox 1622 1361 1712 1398; x_wconf 87' lang='lat' dir='ltr'><strong>nec</strong></span> <span class='ocrx_word' id='word_1_74' title='bbox 1734 1347 2028 1420; x_wconf 65' lang='lat' dir='ltr'><strong>receperunt</strong></span> 
     </span>
    </p>
   </div>
   <div class='ocr_carea' id='block_1_14' title="bbox 521 1411 2026 1489">
    <p class='ocr_par' dir='ltr' id='par_1_14' title="bbox 521 1411 2026 1489">
     <span class='ocr_line' id='line_1_14' title="bbox 521 1411 2026 1489; baseline -0.008 -17"><span class='ocrx_word' id='word_1_75' title='bbox 521 1411 679 1489; x_wconf 72' lang='lat' dir='ltr'><strong>falsos</strong></span> <span class='ocrx_word' id='word_1_76' title='bbox 709 1423 987 1488; x_wconf 79' lang='lat' dir='ltr'><strong>apostolos,</strong></span> <span class='ocrx_word' id='word_1_77' title='bbox 1014 1437 1106 1473; x_wconf 88' lang='lat' dir='ltr'><strong>nec</strong></span> <span class='ocrx_word' id='word_1_78' title='bbox 1139 1437 1198 1472; x_wconf 88' lang='lat' dir='ltr'><strong>ea</strong></span> <span class='ocrx_word' id='word_1_79' title='bbox 1245 1434 1358 1483; x_wconf 71' lang='lat' dir='ltr'><strong>qua?</strong></span> <span class='ocrx_word' id='word_1_80' title='bbox 1386 1435 1417 1470; x_wconf 92' lang='lat' dir='ltr'><strong>a</strong></span> <span class='ocrx_word' id='word_1_81' title='bbox 1448 1417 1597 1489; x_wconf 69' lang='lat' dir='ltr'><strong>falsis</strong></span> <span class='ocrx_word' id='word_1_82' title='bbox 1619 1411 1861 1489; x_wconf 75' lang='lat' dir='ltr'><strong>apostolis</strong></span> <span class='ocrx_word' id='word_1_83' title='bbox 1890 1411 2026 1489; x_wconf 71' lang='lat' dir='ltr'><strong>dice-</strong></span> 
     </span>
    </p>
   </div>
   <div class='ocr_carea' id='block_1_15' title="bbox 523 1482 2025 1556">
    <p class='ocr_par' dir='ltr' id='par_1_15' title="bbox 523 1482 2025 1556">
     <span class='ocr_line' id='line_1_15' title="bbox 523 1482 2025 1556; baseline -0.008 -13"><span class='ocrx_word' id='word_1_84' title='bbox 523 1482 727 1544; x_wconf 76' lang='lat' dir='ltr'><strong>bantur.</strong></span> <span class='ocrx_word' id='word_1_85' title='bbox 744 1482 859 1544; x_wconf 48' lang='lat' dir='ltr'><strong>&#39;Hos</strong></span> <span class='ocrx_word' id='word_1_86' title='bbox 882 1482 1140 1543; x_wconf 80' lang='lat' dir='ltr'><strong>collaudat</strong></span> <span class='ocrx_word' id='word_1_87' title='bbox 1157 1482 1454 1556; x_wconf 83' lang='lat' dir='ltr'><strong>Apostolus,</strong></span> <span class='ocrx_word' id='word_1_88' title='bbox 1478 1482 1697 1556; x_wconf 81' lang='lat' dir='ltr'><strong>scribens</strong></span> <span class='ocrx_word' id='word_1_89' title='bbox 1707 1484 1779 1556; x_wconf 79' lang='lat' dir='ltr'><strong>eis</strong></span> <span class='ocrx_word' id='word_1_90' title='bbox 1794 1482 1854 1533; x_wconf 91' lang='lat' dir='ltr'><strong>ab</strong></span> <span class='ocrx_word' id='word_1_91' title='bbox 1868 1482 2025 1532; x_wconf 77' lang='lat' dir='ltr'><strong>Athe-</strong></span> 
     </span>
    </p>
   </div>
   <div class='ocr_carea' id='block_1_16' title="bbox 524 1554 2026 1630">
    <p class='ocr_par' dir='ltr' id='par_1_16' title="bbox 524 1554 2026 1630">
     <span class='ocr_line' id='line_1_16' title="bbox 524 1554 2026 1630; baseline -0.008 -17"><span class='ocrx_word' id='word_1_92' title='bbox 524 1563 602 1615; x_wconf 88' lang='lat' dir='ltr'><strong>nis</strong></span> <span class='ocrx_word' id='word_1_93' title='bbox 628 1603 641 1623; x_wconf 90' lang='lat'><strong>,</strong></span> <span class='ocrx_word' id='word_1_94' title='bbox 692 1578 783 1629; x_wconf 87' lang='lat' dir='ltr'><strong>per</strong></span> <span class='ocrx_word' id='word_1_95' title='bbox 825 1561 1105 1630; x_wconf 85' lang='lat' dir='ltr'><strong>Tychicum</strong></span> <span class='ocrx_word' id='word_1_96' title='bbox 1148 1554 1412 1612; x_wconf 89' lang='lat' dir='ltr'><strong>diaconem</strong></span> <span class='ocrx_word' id='word_1_97' title='bbox 1456 1565 1506 1609; x_wconf 90' lang='lat' dir='ltr'><strong>et</strong></span> <span class='ocrx_word' id='word_1_98' title='bbox 1560 1554 1856 1607; x_wconf 73' lang='lat' dir='ltr'><strong>Onesimum</strong></span> <span class='ocrx_word' id='word_1_99' title='bbox 1907 1565 2026 1602; x_wconf 91' lang='lat' dir='ltr'><strong>aco-</strong></span> 
     </span>
    </p>
   </div>
   <div class='ocr_carea' id='block_1_17' title="bbox 522 1634 702 1701">
    <p class='ocr_par' dir='ltr' id='par_1_17' title="bbox 522 1634 702 1701">
     <span class='ocr_line' id='line_1_17' title="bbox 522 1634 702 1701; baseline 0 -17"><span class='ocrx_word' id='word_1_100' title='bbox 522 1634 702 1701; x_wconf 81' lang='lat' dir='ltr'><strong>lytum.</strong></span> 
     </span>
    </p>
   </div>
   <div class='ocr_carea' id='block_1_18' title="bbox 520 1733 2025 1807">
    <p class='ocr_par' dir='ltr' id='par_1_18' title="bbox 520 1733 2025 1807">
     <span class='ocr_line' id='line_1_18' title="bbox 520 1733 2025 1807; baseline -0.009 -8"><span class='ocrx_word' id='word_1_101' title='bbox 520 1745 702 1799; x_wconf 68' lang='lat' dir='ltr'><strong>CAPUT</strong></span> <span class='ocrx_word' id='word_1_102' title='bbox 734 1761 956 1800; x_wconf 76' lang='lat' dir='ltr'><strong>Pntuuu.</strong></span> <span class='ocrx_word' id='word_1_103' title='bbox 1004 1742 1221 1807; x_wconf 86' lang='lat' dir='ltr'><strong>Paulus,</strong></span> <span class='ocrx_word' id='word_1_104' title='bbox 1260 1750 1308 1795; x_wconf 86' lang='lat' dir='ltr'><strong>et</strong></span> <span class='ocrx_word' id='word_1_105' title='bbox 1356 1738 1619 1799; x_wconf 85' lang='lat' dir='ltr'><strong>Silvanus,</strong></span> <span class='ocrx_word' id='word_1_106' title='bbox 1654 1744 1703 1790; x_wconf 92' lang='lat' dir='ltr'><strong>et</strong></span> <span class='ocrx_word' id='word_1_107' title='bbox 1730 1733 2025 1788; x_wconf 74' lang='lat' dir='ltr'><strong>Timotheus</strong></span> 
     </span>
    </p>
   </div>
   <div class='ocr_carea' id='block_1_19' title="bbox 454 1823 2025 1887">
    <p class='ocr_par' dir='ltr' id='par_1_19' title="bbox 454 1823 2025 1887">
     <span class='ocr_line' id='line_1_19' title="bbox 454 1823 2025 1887; baseline -0.008 -1"><span class='ocrx_word' id='word_1_108' title='bbox 454 1832 698 1887; x_wconf 74' lang='lat' dir='ltr'><strong>Ecclesia:</strong></span> <span class='ocrx_word' id='word_1_109' title='bbox 742 1832 1289 1887; x_wconf 84' lang='lat' dir='ltr'><strong>Thessalonicensiunt.</strong></span> <span class='ocrx_word' id='word_1_110' title='bbox 1327 1830 1427 1883; x_wconf 85' lang='lat' dir='ltr'><strong>Per</strong></span> <span class='ocrx_word' id='word_1_111' title='bbox 1464 1827 1735 1881; x_wconf 83' lang='lat' dir='ltr'><strong>Silvanum</strong></span> <span class='ocrx_word' id='word_1_112' title='bbox 1765 1832 1819 1877; x_wconf 88' lang='lat' dir='ltr'><strong>et</strong></span> <span class='ocrx_word' id='word_1_113' title='bbox 1845 1823 2025 1875; x_wconf 80' lang='lat' dir='ltr'><strong>Timo-</strong></span> 
     </span>
    </p>
   </div>
   <div class='ocr_carea' id='block_1_20' title="bbox 2134 1086 3709 1155">
    <p class='ocr_par' dir='ltr' id='par_1_20' title="bbox 2134 1086 3709 1155">
     <span class='ocr_line' id='line_1_20' title="bbox 2134 1086 3709 1155; baseline -0.004 -12"><span class='ocrx_word' id='word_1_114' title='bbox 2134 1106 2269 1155; x_wconf 90' lang='lat' dir='ltr'><strong>mus,</strong></span> <span class='ocrx_word' id='word_1_115' title='bbox 2290 1089 2359 1143; x_wconf 87' lang='lat' dir='ltr'><strong>ad</strong></span> <span class='ocrx_word' id='word_1_116' title='bbox 2386 1104 2492 1143; x_wconf 92' lang='lat' dir='ltr'><strong>vos.</strong></span> <span class='ocrx_word' id='word_1_117' title='bbox 2514 1086 2582 1142; x_wconf 86' lang='lat' dir='ltr'><strong>Et</strong></span> <span class='ocrx_word' id='word_1_118' title='bbox 2602 1094 2800 1143; x_wconf 79' lang='lat' dir='ltr'><strong>nostra:</strong></span> <span class='ocrx_word' id='word_1_119' title='bbox 2824 1086 3158 1148; x_wconf 67' lang='lat' dir='ltr'><strong>constantiae,</strong></span> <span class='ocrx_word' id='word_1_120' title='bbox 3185 1094 3238 1140; x_wconf 91' lang='lat' dir='ltr'><strong>et</strong></span> <span class='ocrx_word' id='word_1_121' title='bbox 3259 1092 3453 1140; x_wconf 71' lang='lat' dir='ltr'><strong>vestra:</strong></span> <span class='ocrx_word' id='word_1_122' title='bbox 3481 1098 3709 1138; x_wconf 78' lang='lat' dir='ltr'><strong>convcr-</strong></span> 
     </span>
    </p>
   </div>
   <div class='ocr_carea' id='block_1_21' title="bbox 2130 1176 3711 1247">
    <p class='ocr_par' dir='ltr' id='par_1_21' title="bbox 2130 1176 3711 1247">
     <span class='ocr_line' id='line_1_21' title="bbox 2130 1176 3711 1247; baseline -0.003 -15"><span class='ocrx_word' id='word_1_123' title='bbox 2130 1180 2355 1233; x_wconf 84' lang='lat' dir='ltr'><strong>sationis</strong></span> <span class='ocrx_word' id='word_1_124' title='bbox 2383 1179 2565 1247; x_wconf 89' lang='lat' dir='ltr'><strong>opinio</strong></span> <span class='ocrx_word' id='word_1_125' title='bbox 2592 1178 2837 1232; x_wconf 88' lang='lat' dir='ltr'><strong>omnibus</strong></span> <span class='ocrx_word' id='word_1_126' title='bbox 2865 1187 2987 1231; x_wconf 89' lang='lat' dir='ltr'><strong>nota</strong></span> <span class='ocrx_word' id='word_1_127' title='bbox 3029 1187 3133 1231; x_wconf 89' lang='lat' dir='ltr'><strong>est.</strong></span> <span class='ocrx_word' id='word_1_128' title='bbox 3166 1176 3233 1229; x_wconf 80' lang='lat' dir='ltr'><strong>Et</strong></span> <span class='ocrx_word' id='word_1_129' title='bbox 3281 1176 3533 1246; x_wconf 85' lang='lat' dir='ltr'><strong>quomodo</strong></span> <span class='ocrx_word' id='word_1_130' title='bbox 3584 1191 3711 1227; x_wconf 82' lang='lat' dir='ltr'><strong>con-</strong></span> 
     </span>
    </p>
   </div>
   <div class='ocr_carea' id='block_1_22' title="bbox 2132 1267 3709 1335">
    <p class='ocr_par' dir='ltr' id='par_1_22' title="bbox 2132 1267 3709 1335">
     <span class='ocr_line' id='line_1_22' title="bbox 2132 1267 3709 1335; baseline -0.004 -11"><span class='ocrx_word' id='word_1_131' title='bbox 2132 1272 2263 1325; x_wconf 84' lang='lat' dir='ltr'><strong>versi</strong></span> <span class='ocrx_word' id='word_1_132' title='bbox 2307 1271 2427 1325; x_wconf 88' lang='lat' dir='ltr'><strong>estis</strong></span> <span class='ocrx_word' id='word_1_133' title='bbox 2464 1271 2533 1322; x_wconf 86' lang='lat' dir='ltr'><strong>ad</strong></span> <span class='ocrx_word' id='word_1_134' title='bbox 2579 1268 2741 1322; x_wconf 89' lang='lat' dir='ltr'><strong>Deum</strong></span> <span class='ocrx_word' id='word_1_135' title='bbox 2770 1287 2800 1323; x_wconf 89' lang='lat' dir='ltr'><strong>a</strong></span> <span class='ocrx_word' id='word_1_136' title='bbox 2829 1269 3143 1335; x_wconf 69' lang='lat' dir='ltr'><strong>simulacris,</strong></span> <span class='ocrx_word' id='word_1_137' title='bbox 3172 1269 3356 1321; x_wconf 86' lang='lat' dir='ltr'><strong>servire</strong></span> <span class='ocrx_word' id='word_1_138' title='bbox 3385 1267 3494 1322; x_wconf 87' lang='lat' dir='ltr'><strong>Deo</strong></span> <span class='ocrx_word' id='word_1_139' title='bbox 3522 1270 3635 1319; x_wconf 75' lang='lat' dir='ltr'><strong>viro</strong></span> <span class='ocrx_word' id='word_1_140' title='bbox 3663 1276 3709 1317; x_wconf 81' lang='lat' dir='ltr'><strong>et</strong></span> 
     </span>
    </p>
   </div>
   <div class='ocr_carea' id='block_1_23' title="bbox 2130 1358 3705 1430">
    <p class='ocr_par' dir='ltr' id='par_1_23' title="bbox 2130 1358 3705 1430">
     <span class='ocr_line' id='line_1_23' title="bbox 2130 1358 3705 1430; baseline -0.006 -14"><span class='ocrx_word' id='word_1_141' title='bbox 2130 1378 2269 1428; x_wconf 88' lang='lat' dir='ltr'><strong>vero,</strong></span> <span class='ocrx_word' id='word_1_142' title='bbox 2297 1370 2343 1415; x_wconf 86' lang='lat' dir='ltr'><strong>et</strong></span> <span class='ocrx_word' id='word_1_143' title='bbox 2370 1370 2667 1430; x_wconf 75' lang='lat' dir='ltr'><strong>exspectare</strong></span> <span class='ocrx_word' id='word_1_144' title='bbox 2694 1358 2889 1413; x_wconf 86' lang='lat' dir='ltr'><strong>Filium</strong></span> <span class='ocrx_word' id='word_1_145' title='bbox 2919 1361 3031 1430; x_wconf 84' lang='lat' dir='ltr'><strong>ejus</strong></span> <span class='ocrx_word' id='word_1_146' title='bbox 3063 1361 3124 1412; x_wconf 89' lang='lat' dir='ltr'><strong>de</strong></span> <span class='ocrx_word' id='word_1_147' title='bbox 3147 1360 3285 1412; x_wconf 75' lang='lat' dir='ltr'><strong>cmlis</strong></span> <span class='ocrx_word' id='word_1_148' title='bbox 3308 1374 3459 1428; x_wconf 87' lang='lat' dir='ltr'><strong>quem</strong></span> <span class='ocrx_word' id='word_1_149' title='bbox 3486 1358 3705 1409; x_wconf 81' lang='lat' dir='ltr'><strong>suscita-</strong></span> 
     </span>
    </p>
   </div>
   <div class='ocr_carea' id='block_1_24' title="bbox 2128 1449 3703 1509">
    <p class='ocr_par' dir='ltr' id='par_1_24' title="bbox 2128 1449 3703 1509">
     <span class='ocr_line' id='line_1_24' title="bbox 2128 1449 3703 1509; baseline -0.004 -2"><span class='ocrx_word' id='word_1_150' title='bbox 2128 1455 2197 1507; x_wconf 85' lang='lat' dir='ltr'><strong>vit</strong></span> <span class='ocrx_word' id='word_1_151' title='bbox 2235 1471 2297 1509; x_wconf 79' lang='lat' dir='ltr'><strong>ea:</strong></span> <span class='ocrx_word' id='word_1_152' title='bbox 2333 1454 2547 1508; x_wconf 90' lang='lat' dir='ltr'><strong>mortuis</strong></span> <span class='ocrx_word' id='word_1_153' title='bbox 2582 1454 2783 1507; x_wconf 84' lang='lat' dir='ltr'><strong>Jesum.</strong></span> <span class='ocrx_word' id='word_1_154' title='bbox 2821 1452 3123 1507; x_wconf 78' lang='lat' dir='ltr'><strong>Notandum</strong></span> <span class='ocrx_word' id='word_1_155' title='bbox 3154 1452 3256 1505; x_wconf 90' lang='lat' dir='ltr'><strong>dici</strong></span> <span class='ocrx_word' id='word_1_156' title='bbox 3295 1464 3590 1506; x_wconf 87' lang='lat' dir='ltr'><strong>conversos</strong></span> <span class='ocrx_word' id='word_1_157' title='bbox 3638 1449 3703 1501; x_wconf 81' lang='lat' dir='ltr'><strong>ad</strong></span> 
     </span>
    </p>
   </div>
   <div class='ocr_carea' id='block_1_25' title="bbox 2132 1539 3704 1608">
    <p class='ocr_par' dir='ltr' id='par_1_25' title="bbox 2132 1539 3704 1608">
     <span class='ocr_line' id='line_1_25' title="bbox 2132 1539 3704 1608; baseline -0.006 -11"><span class='ocrx_word' id='word_1_158' title='bbox 2132 1544 2414 1597; x_wconf 87' lang='lat' dir='ltr'><strong>Dominum</strong></span> <span class='ocrx_word' id='word_1_159' title='bbox 2445 1543 2512 1596; x_wconf 90' lang='lat' dir='ltr'><strong>ab</strong></span> <span class='ocrx_word' id='word_1_160' title='bbox 2542 1542 2722 1608; x_wconf 86' lang='lat' dir='ltr'><strong>idolis,</strong></span> <span class='ocrx_word' id='word_1_161' title='bbox 2755 1558 2857 1595; x_wconf 90' lang='lat' dir='ltr'><strong>non</strong></span> <span class='ocrx_word' id='word_1_162' title='bbox 2887 1541 3057 1595; x_wconf 88' lang='lat' dir='ltr'><strong>solum</strong></span> <span class='ocrx_word' id='word_1_163' title='bbox 3088 1541 3295 1605; x_wconf 85' lang='lat' dir='ltr'><strong>autem,</strong></span> <span class='ocrx_word' id='word_1_164' title='bbox 3328 1539 3422 1593; x_wconf 89' lang='lat' dir='ltr'><strong>sed</strong></span> <span class='ocrx_word' id='word_1_165' title='bbox 3484 1548 3539 1592; x_wconf 89' lang='lat' dir='ltr'><strong>et</strong></span> <span class='ocrx_word' id='word_1_166' title='bbox 3586 1552 3704 1590; x_wconf 81' lang='lat' dir='ltr'><strong>cre-</strong></span> 
     </span>
    </p>
   </div>
   <div class='ocr_carea' id='block_1_26' title="bbox 2133 1626 3747 1703">
    <p class='ocr_par' dir='ltr' id='par_1_26' title="bbox 2133 1626 3747 1703">
     <span class='ocr_line' id='line_1_26' title="bbox 2133 1626 3747 1703; baseline -0.006 -14"><span class='ocrx_word' id='word_1_167' title='bbox 2133 1634 2328 1690; x_wconf 81' lang='lat' dir='ltr'><strong>dentes</strong></span> <span class='ocrx_word' id='word_1_168' title='bbox 2352 1648 2496 1703; x_wconf 73' lang='lat' dir='ltr'><strong>smpe</strong></span> <span class='ocrx_word' id='word_1_169' title='bbox 2525 1635 2577 1687; x_wconf 92' lang='lat' dir='ltr'><strong>in</strong></span> <span class='ocrx_word' id='word_1_170' title='bbox 2629 1632 2904 1700; x_wconf 86' lang='lat' dir='ltr'><strong>prophetis</strong></span> <span class='ocrx_word' id='word_1_171' title='bbox 2930 1630 3179 1685; x_wconf 89' lang='lat' dir='ltr'><strong>dicuntur</strong></span> <span class='ocrx_word' id='word_1_172' title='bbox 3218 1628 3458 1683; x_wconf 76' lang='lat' dir='ltr'><strong>converti</strong></span> <span class='ocrx_word' id='word_1_173' title='bbox 3508 1626 3706 1681; x_wconf 83' lang='lat' dir='ltr'><strong>debere</strong></span> <span class='ocrx_word' id='word_1_174' title='bbox 3744 1626 3747 1627; x_wconf 59' lang='grc'><strong><em>⁷</em></strong></span> 
     </span>
    </p>
   </div>
   <div class='ocr_carea' id='block_1_27' title="bbox 2130 1719 3702 1791">
    <p class='ocr_par' dir='ltr' id='par_1_27' title="bbox 2130 1719 3702 1791">
     <span class='ocr_line' id='line_1_27' title="bbox 2130 1719 3702 1791; baseline -0.007 -11"><span class='ocrx_word' id='word_1_175' title='bbox 2130 1739 2161 1779; x_wconf 92' lang='lat' dir='ltr'><strong>a</strong></span> <span class='ocrx_word' id='word_1_176' title='bbox 2204 1725 2405 1780; x_wconf 84' lang='lat' dir='ltr'><strong>malitia</strong></span> <span class='ocrx_word' id='word_1_177' title='bbox 2441 1724 2505 1779; x_wconf 92' lang='lat' dir='ltr'><strong>ad</strong></span> <span class='ocrx_word' id='word_1_178' title='bbox 2539 1723 2694 1778; x_wconf 78' lang='lat' dir='ltr'><strong>ﬁdem</strong></span> <span class='ocrx_word' id='word_1_179' title='bbox 2727 1723 2841 1777; x_wconf 88' lang='lat' dir='ltr'><strong>Dei.</strong></span> <span class='ocrx_word' id='word_1_180' title='bbox 2876 1721 2975 1787; x_wconf 84' lang='lat' dir='ltr'><strong>Qui</strong></span> <span class='ocrx_word' id='word_1_181' title='bbox 3010 1722 3193 1791; x_wconf 85' lang='lat' dir='ltr'><strong>eripuit</strong></span> <span class='ocrx_word' id='word_1_182' title='bbox 3234 1735 3326 1774; x_wconf 87' lang='lat' dir='ltr'><strong>nos</strong></span> <span class='ocrx_word' id='word_1_183' title='bbox 3362 1719 3426 1772; x_wconf 90' lang='lat' dir='ltr'><strong>ab</strong></span> <span class='ocrx_word' id='word_1_184' title='bbox 3464 1719 3542 1772; x_wconf 88' lang='lat' dir='ltr'><strong>ira</strong></span> <span class='ocrx_word' id='word_1_185' title='bbox 3579 1735 3702 1771; x_wconf 72' lang='lat' dir='ltr'><strong>ven-</strong></span> 
     </span>
    </p>
   </div>
   <div class='ocr_carea' id='block_1_28' title="bbox 2132 1810 3701 1879">
    <p class='ocr_par' dir='ltr' id='par_1_28' title="bbox 2132 1810 3701 1879">
     <span class='ocr_line' id='line_1_28' title="bbox 2132 1810 3701 1879; baseline -0.004 -8"><span class='ocrx_word' id='word_1_186' title='bbox 2132 1828 2266 1872; x_wconf 89' lang='lat' dir='ltr'><strong>tura.</strong></span> <span class='ocrx_word' id='word_1_187' title='bbox 2310 1817 2487 1871; x_wconf 84' lang='lat' dir='ltr'><strong>Gratia</strong></span> <span class='ocrx_word' id='word_1_188' title='bbox 2533 1826 2588 1871; x_wconf 89' lang='lat' dir='ltr'><strong>et</strong></span> <span class='ocrx_word' id='word_1_189' title='bbox 2617 1815 2983 1871; x_wconf 85' lang='lat' dir='ltr'><strong>misericordia</strong></span> <span class='ocrx_word' id='word_1_190' title='bbox 3026 1828 3123 1867; x_wconf 84' lang='lat' dir='ltr'><strong>sua</strong></span> <span class='ocrx_word' id='word_1_191' title='bbox 3156 1814 3225 1867; x_wconf 87' lang='lat' dir='ltr'><strong>ab</strong></span> <span class='ocrx_word' id='word_1_192' title='bbox 3264 1812 3340 1866; x_wconf 88' lang='lat' dir='ltr'><strong>ira</strong></span> <span class='ocrx_word' id='word_1_193' title='bbox 3381 1827 3480 1865; x_wconf 91' lang='lat' dir='ltr'><strong>nos</strong></span> <span class='ocrx_word' id='word_1_194' title='bbox 3511 1810 3701 1879; x_wconf 87' lang='lat' dir='ltr'><strong>judicii</strong></span> 
     </span>
    </p>
   </div>
   <div class='ocr_carea' id='block_1_29' title="bbox 452 1899 3700 1985">
    <p class='ocr_par' dir='ltr' id='par_1_29' title="bbox 452 1899 3700 1985">
     <span class='ocr_line' id='line_1_29' title="bbox 452 1899 3700 1985; baseline -0.006 -11"><span class='ocrx_word' id='word_1_195' title='bbox 452 1921 657 1983; x_wconf 87' lang='lat' dir='ltr'><strong>theum,</strong></span> <span class='ocrx_word' id='word_1_196' title='bbox 696 1938 799 1977; x_wconf 87' lang='lat' dir='ltr'><strong>non</strong></span> <span class='ocrx_word' id='word_1_197' title='bbox 847 1924 1020 1976; x_wconf 63' lang='lat' dir='ltr'><strong>stilum</strong></span> <span class='ocrx_word' id='word_1_198' title='bbox 1068 1922 1173 1985; x_wconf 88' lang='lat' dir='ltr'><strong>his,</strong></span> <span class='ocrx_word' id='word_1_199' title='bbox 1215 1920 1309 1974; x_wconf 90' lang='lat' dir='ltr'><strong>sed</strong></span> <span class='ocrx_word' id='word_1_200' title='bbox 1355 1918 1515 1973; x_wconf 89' lang='lat' dir='ltr'><strong>etiam</strong></span> <span class='ocrx_word' id='word_1_201' title='bbox 1560 1913 1851 1970; x_wconf 90' lang='lat' dir='ltr'><strong>Corinthiis</strong></span> <span class='ocrx_word' id='word_1_202' title='bbox 1897 1926 2018 1965; x_wconf 92' lang='lat' dir='ltr'><strong>cum</strong></span> <span class='ocrx_word' id='word_1_203' title='bbox 2057 1899 2099 1958; x_wconf 83' lang='grc' dir='ltr'>Β</span> <span class='ocrx_word' id='word_1_204' title='bbox 2128 1910 2413 1975; x_wconf 90' lang='lat' dir='ltr'><strong>liberavit,</strong></span> <span class='ocrx_word' id='word_1_205' title='bbox 2439 1910 2562 1978; x_wconf 80' lang='lat' dir='ltr'><strong>quia</strong></span> <span class='ocrx_word' id='word_1_206' title='bbox 2584 1912 2695 1977; x_wconf 80' lang='lat' dir='ltr'><strong>jam</strong></span> <span class='ocrx_word' id='word_1_207' title='bbox 2724 1908 2980 1963; x_wconf 87' lang='lat' dir='ltr'><strong>habemus</strong></span> <span class='ocrx_word' id='word_1_208' title='bbox 3007 1907 3059 1961; x_wconf 91' lang='lat' dir='ltr'><strong>in</strong></span> <span class='ocrx_word' id='word_1_209' title='bbox 3089 1919 3187 1975; x_wconf 84' lang='lat' dir='ltr'><strong>spe</strong></span> <span class='ocrx_word' id='word_1_210' title='bbox 3216 1906 3519 1961; x_wconf 87' lang='lat' dir='ltr'><strong>libertatem</strong></span> <span class='ocrx_word' id='word_1_211' title='bbox 3541 1919 3700 1973; x_wconf 82' lang='lat' dir='ltr'><strong>repa-</strong></span> 
     </span>
    </p>
   </div>
   <div class='ocr_carea' id='block_1_30' title="bbox 449 2003 2025 2079">
    <p class='ocr_par' dir='ltr' id='par_1_30' title="bbox 449 2003 2025 2079">
     <span class='ocr_line' id='line_1_30' title="bbox 449 2003 2025 2079; baseline -0.008 -11"><span class='ocrx_word' id='word_1_212' title='bbox 449 2014 709 2079; x_wconf 81' lang='lat' dir='ltr'><strong>Apostolo</strong></span> <span class='ocrx_word' id='word_1_213' title='bbox 754 2014 971 2067; x_wconf 86' lang='lat' dir='ltr'><strong>verbum</strong></span> <span class='ocrx_word' id='word_1_214' title='bbox 1020 2013 1112 2067; x_wconf 89' lang='lat' dir='ltr'><strong>Dei</strong></span> <span class='ocrx_word' id='word_1_215' title='bbox 1159 2014 1325 2065; x_wconf 83' lang='lat' dir='ltr'><strong>luerat</strong></span> <span class='ocrx_word' id='word_1_216' title='bbox 1353 2009 1649 2064; x_wconf 87' lang='lat' dir='ltr'><strong>nuntiatum</strong></span> <span class='ocrx_word' id='word_1_217' title='bbox 1676 2049 1691 2072; x_wconf 94' lang='lat'><strong>,</strong></span> <span class='ocrx_word' id='word_1_218' title='bbox 1722 2006 1861 2059; x_wconf 88' lang='lat' dir='ltr'><strong>sicut</strong></span> <span class='ocrx_word' id='word_1_219' title='bbox 1907 2003 2025 2072; x_wconf 82' lang='lat' dir='ltr'><strong>ipse</strong></span> 
     </span>
    </p>
   </div>
   <div class='ocr_carea' id='block_1_31' title="bbox 448 2094 2019 2168">
    <p class='ocr_par' dir='ltr' id='par_1_31' title="bbox 448 2094 2019 2168">
     <span class='ocr_line' id='line_1_31' title="bbox 448 2094 2019 2168; baseline -0.006 -14"><span class='ocrx_word' id='word_1_220' title='bbox 448 2104 524 2155; x_wconf 88' lang='lat' dir='ltr'><strong>ait</strong></span> <span class='ocrx_word' id='word_1_221' title='bbox 552 2104 603 2156; x_wconf 91' lang='lat' dir='ltr'><strong>in</strong></span> <span class='ocrx_word' id='word_1_222' title='bbox 630 2103 859 2157; x_wconf 88' lang='lat' dir='ltr'><strong>secunda</strong></span> <span class='ocrx_word' id='word_1_223' title='bbox 879 2120 891 2155; x_wconf 87' lang='lat'><strong>:</strong></span> <span class='ocrx_word' id='word_1_224' title='bbox 910 2102 1012 2156; x_wconf 69' lang='lat' dir='ltr'><strong>Per</strong></span> <span class='ocrx_word' id='word_1_225' title='bbox 1039 2116 1146 2168; x_wconf 88' lang='lat' dir='ltr'><strong>me,</strong></span> <span class='ocrx_word' id='word_1_226' title='bbox 1171 2111 1224 2154; x_wconf 90' lang='lat' dir='ltr'><strong>et</strong></span> <span class='ocrx_word' id='word_1_227' title='bbox 1250 2100 1557 2166; x_wconf 75' lang='lat' dir='ltr'><strong>Silvanum,</strong></span> <span class='ocrx_word' id='word_1_228' title='bbox 1582 2108 1636 2151; x_wconf 91' lang='lat' dir='ltr'><strong>et</strong></span> <span class='ocrx_word' id='word_1_229' title='bbox 1656 2094 2019 2150; x_wconf 80' lang='lat' dir='ltr'><strong>Timotheum.</strong></span> 
     </span>
    </p>
   </div>
   <div class='ocr_carea' id='block_1_32' title="bbox 446 2183 2023 2256">
    <p class='ocr_par' dir='ltr' id='par_1_32' title="bbox 446 2183 2023 2256">
     <span class='ocr_line' id='line_1_32' title="bbox 446 2183 2023 2256; baseline -0.006 -13"><span class='ocrx_word' id='word_1_230' title='bbox 446 2190 517 2243; x_wconf 78' lang='lat' dir='ltr'><strong>lu</strong></span> <span class='ocrx_word' id='word_1_231' title='bbox 544 2191 651 2244; x_wconf 90' lang='lat' dir='ltr'><strong>Deo</strong></span> <span class='ocrx_word' id='word_1_232' title='bbox 683 2191 859 2256; x_wconf 86' lang='lat' dir='ltr'><strong>Patre,</strong></span> <span class='ocrx_word' id='word_1_233' title='bbox 887 2202 932 2245; x_wconf 90' lang='lat' dir='ltr'><strong>et</strong></span> <span class='ocrx_word' id='word_1_234' title='bbox 956 2190 1176 2244; x_wconf 88' lang='lat' dir='ltr'><strong>Domino</strong></span> <span class='ocrx_word' id='word_1_235' title='bbox 1197 2188 1322 2242; x_wconf 81' lang='lat' dir='ltr'><strong>Jesu</strong></span> <span class='ocrx_word' id='word_1_236' title='bbox 1348 2188 1572 2252; x_wconf 75' lang='lat' dir='ltr'><strong>Christo,</strong></span> <span class='ocrx_word' id='word_1_237' title='bbox 1600 2186 1768 2256; x_wconf 81' lang='lat' dir='ltr'><strong>gra:ia</strong></span> <span class='ocrx_word' id='word_1_238' title='bbox 1806 2183 1944 2237; x_wconf 86' lang='lat' dir='ltr'><strong>vobis</strong></span> <span class='ocrx_word' id='word_1_239' title='bbox 1975 2190 2023 2235; x_wconf 90' lang='lat' dir='ltr'><strong>et</strong></span> 
     </span>
    </p>
   </div>
   <div class='ocr_carea' id='block_1_33' title="bbox 446 2274 2019 2352">
    <p class='ocr_par' dir='ltr' id='par_1_33' title="bbox 446 2274 2019 2352">
     <span class='ocr_line' id='line_1_33' title="bbox 446 2274 2019 2352; baseline -0.008 -15"><span class='ocrx_word' id='word_1_240' title='bbox 446 2298 569 2352; x_wconf 70' lang='lat' dir='ltr'><strong>pax.</strong></span> <span class='ocrx_word' id='word_1_241' title='bbox 601 2284 991 2351; x_wconf 63' lang='lat' dir='ltr'><strong>Ptaaposterato</strong></span> <span class='ocrx_word' id='word_1_242' title='bbox 1032 2281 1221 2336; x_wconf 88' lang='lat' dir='ltr'><strong>ordine</strong></span> <span class='ocrx_word' id='word_1_243' title='bbox 1247 2288 1371 2333; x_wconf 84' lang='lat' dir='ltr'><strong>ante</strong></span> <span class='ocrx_word' id='word_1_244' title='bbox 1407 2278 1538 2332; x_wconf 85' lang='lat' dir='ltr'><strong>dicit</strong></span> <span class='ocrx_word' id='word_1_245' title='bbox 1584 2280 1635 2330; x_wconf 93' lang='lat' dir='ltr'><strong>in</strong></span> <span class='ocrx_word' id='word_1_246' title='bbox 1684 2277 1792 2330; x_wconf 91' lang='lat' dir='ltr'><strong>Deo</strong></span> <span class='ocrx_word' id='word_1_247' title='bbox 1841 2274 2019 2339; x_wconf 89' lang='lat' dir='ltr'><strong>Patre,</strong></span> 
     </span>
    </p>
   </div>
   <div class='ocr_carea' id='block_1_34' title="bbox 444 2364 2022 2439">
    <p class='ocr_par' dir='ltr' id='par_1_34' title="bbox 444 2364 2022 2439">
     <span class='ocr_line' id='line_1_34' title="bbox 444 2364 2022 2439; baseline -0.006 -12"><span class='ocrx_word' id='word_1_248' title='bbox 444 2384 500 2427; x_wconf 84' lang='lat' dir='ltr'><strong>et</strong></span> <span class='ocrx_word' id='word_1_249' title='bbox 525 2373 738 2428; x_wconf 86' lang='lat' dir='ltr'><strong>Christo</strong></span> <span class='ocrx_word' id='word_1_250' title='bbox 782 2372 930 2436; x_wconf 85' lang='lat' dir='ltr'><strong>Jesu,</strong></span> <span class='ocrx_word' id='word_1_251' title='bbox 960 2383 1015 2425; x_wconf 91' lang='lat' dir='ltr'><strong>et</strong></span> <span class='ocrx_word' id='word_1_252' title='bbox 1058 2372 1137 2424; x_wconf 89' lang='lat' dir='ltr'><strong>sic</strong></span> <span class='ocrx_word' id='word_1_253' title='bbox 1183 2368 1347 2439; x_wconf 78' lang='lat' dir='ltr'><strong>gratia</strong></span> <span class='ocrx_word' id='word_1_254' title='bbox 1376 2369 1529 2421; x_wconf 84' lang='lat' dir='ltr'><strong>vobis</strong></span> <span class='ocrx_word' id='word_1_255' title='bbox 1577 2375 1633 2421; x_wconf 91' lang='lat' dir='ltr'><strong>et</strong></span> <span class='ocrx_word' id='word_1_256' title='bbox 1659 2381 1784 2435; x_wconf 81' lang='lat' dir='ltr'><strong>pax.</strong></span> <span class='ocrx_word' id='word_1_257' title='bbox 1816 2364 2022 2418; x_wconf 77' lang='lat' dir='ltr'><strong>Gratias</strong></span> 
     </span>
    </p>
   </div>
   <div class='ocr_carea' id='block_1_35' title="bbox 443 2459 2024 2535">
    <p class='ocr_par' dir='ltr' id='par_1_35' title="bbox 443 2459 2024 2535">
     <span class='ocr_line' id='line_1_35' title="bbox 443 2459 2024 2535; baseline -0.005 -18"><span class='ocrx_word' id='word_1_258' title='bbox 443 2467 643 2535; x_wconf 82' lang='lat' dir='ltr'><strong>agimus</strong></span> <span class='ocrx_word' id='word_1_259' title='bbox 674 2463 781 2517; x_wconf 92' lang='lat' dir='ltr'><strong>Deo</strong></span> <span class='ocrx_word' id='word_1_260' title='bbox 831 2478 1027 2532; x_wconf 83' lang='lat' dir='ltr'><strong>semper</strong></span> <span class='ocrx_word' id='word_1_261' title='bbox 1052 2477 1146 2532; x_wconf 82' lang='lat' dir='ltr'><strong>pro</strong></span> <span class='ocrx_word' id='word_1_262' title='bbox 1173 2463 1403 2515; x_wconf 86' lang='lat' dir='ltr'><strong>omnibus</strong></span> <span class='ocrx_word' id='word_1_263' title='bbox 1429 2462 1586 2524; x_wconf 88' lang='lat' dir='ltr'><strong>vobis,</strong></span> <span class='ocrx_word' id='word_1_264' title='bbox 1616 2459 1913 2512; x_wconf 86' lang='lat' dir='ltr'><strong>memoriam</strong></span> <span class='ocrx_word' id='word_1_265' title='bbox 1941 2473 2024 2510; x_wconf 82' lang='lat' dir='ltr'><strong>ve-</strong></span> 
     </span>
    </p>
   </div>
   <div class='ocr_carea' id='block_1_36' title="bbox 447 2549 2021 2626">
    <p class='ocr_par' dir='ltr' id='par_1_36' title="bbox 447 2549 2021 2626">
     <span class='ocr_line' id='line_1_36' title="bbox 447 2549 2021 2626; baseline -0.005 -18"><span class='ocrx_word' id='word_1_266' title='bbox 447 2558 543 2610; x_wconf 89' lang='lat' dir='ltr'><strong>stri</strong></span> <span class='ocrx_word' id='word_1_267' title='bbox 571 2557 833 2626; x_wconf 81' lang='lat' dir='ltr'><strong>facientes.</strong></span> <span class='ocrx_word' id='word_1_268' title='bbox 867 2556 969 2608; x_wconf 92' lang='lat' dir='ltr'><strong>Pro</strong></span> <span class='ocrx_word' id='word_1_269' title='bbox 996 2555 1266 2618; x_wconf 89' lang='lat' dir='ltr'><strong>omnibus,</strong></span> <span class='ocrx_word' id='word_1_270' title='bbox 1290 2551 1411 2621; x_wconf 87' lang='lat' dir='ltr'><strong>quia</strong></span> <span class='ocrx_word' id='word_1_271' title='bbox 1434 2566 1669 2605; x_wconf 90' lang='lat' dir='ltr'><strong>omntum</strong></span> <span class='ocrx_word' id='word_1_272' title='bbox 1698 2549 1851 2604; x_wconf 89' lang='lat' dir='ltr'><strong>nobis</strong></span> <span class='ocrx_word' id='word_1_273' title='bbox 1871 2558 2021 2617; x_wconf 78' lang='lat' dir='ltr'><strong>grata</strong></span> 
     </span>
    </p>
   </div>
   <div class='ocr_carea' id='block_1_37' title="bbox 443 2642 2018 2711">
    <p class='ocr_par' dir='ltr' id='par_1_37' title="bbox 443 2642 2018 2711">
     <span class='ocr_line' id='line_1_37' title="bbox 443 2642 2018 2711; baseline -0.005 -10"><span class='ocrx_word' id='word_1_274' title='bbox 443 2649 700 2711; x_wconf 70' lang='lat' dir='ltr'><strong>memoria</strong></span> <span class='ocrx_word' id='word_1_275' title='bbox 729 2657 830 2702; x_wconf 70' lang='lat' dir='ltr'><strong>est.</strong></span> <span class='ocrx_word' id='word_1_276' title='bbox 850 2646 913 2700; x_wconf 86' lang='lat' dir='ltr'><strong>In</strong></span> <span class='ocrx_word' id='word_1_277' title='bbox 940 2647 1254 2700; x_wconf 83' lang='lat' dir='ltr'><strong>orationibus</strong></span> <span class='ocrx_word' id='word_1_278' title='bbox 1276 2647 1461 2699; x_wconf 88' lang='lat' dir='ltr'><strong>nostris</strong></span> <span class='ocrx_word' id='word_1_279' title='bbox 1489 2645 1597 2697; x_wconf 86' lang='lat' dir='ltr'><strong>sine</strong></span> <span class='ocrx_word' id='word_1_280' title='bbox 1624 2642 2018 2696; x_wconf 86' lang='lat' dir='ltr'><strong>intermissione.</strong></span> 
     </span>
    </p>
   </div>
   <div class='ocr_carea' id='block_1_38' title="bbox 444 2732 2021 2808">
    <p class='ocr_par' dir='ltr' id='par_1_38' title="bbox 444 2732 2021 2808">
     <span class='ocr_line' id='line_1_38' title="bbox 444 2732 2021 2808; baseline -0.005 -15"><span class='ocrx_word' id='word_1_281' title='bbox 444 2739 560 2793; x_wconf 72' lang='lat' dir='ltr'><strong>Non</strong></span> <span class='ocrx_word' id='word_1_282' title='bbox 592 2738 896 2808; x_wconf 87' lang='lat' dir='ltr'><strong>imped-iaris</strong></span> <span class='ocrx_word' id='word_1_283' title='bbox 941 2754 1097 2793; x_wconf 90' lang='lat' dir='ltr'><strong>orare</strong></span> <span class='ocrx_word' id='word_1_284' title='bbox 1138 2752 1371 2807; x_wconf 89' lang='lat' dir='ltr'><strong>semper.</strong></span> <span class='ocrx_word' id='word_1_285' title='bbox 1403 2735 1655 2789; x_wconf 80' lang='lat' dir='ltr'><strong>Memores</strong></span> <span class='ocrx_word' id='word_1_286' title='bbox 1698 2735 1863 2807; x_wconf 87' lang='lat' dir='ltr'><strong>operis</strong></span> <span class='ocrx_word' id='word_1_287' title='bbox 1900 2732 2021 2800; x_wconf 77' lang='lat' dir='ltr'><strong>ﬁdei</strong></span> 
     </span>
    </p>
   </div>
   <div class='ocr_carea' id='block_1_39' title="bbox 442 2823 2020 2895">
    <p class='ocr_par' dir='ltr' id='par_1_39' title="bbox 442 2823 2020 2895">
     <span class='ocr_line' id='line_1_39' title="bbox 442 2823 2020 2895; baseline -0.006 -11"><span class='ocrx_word' id='word_1_288' title='bbox 442 2839 647 2895; x_wconf 72' lang='lat' dir='ltr'><strong>vestrm,</strong></span> <span class='ocrx_word' id='word_1_289' title='bbox 677 2839 726 2884; x_wconf 89' lang='lat' dir='ltr'><strong>et</strong></span> <span class='ocrx_word' id='word_1_290' title='bbox 753 2830 943 2883; x_wconf 83' lang='lat' dir='ltr'><strong>laboris</strong></span> <span class='ocrx_word' id='word_1_291' title='bbox 969 2838 1015 2883; x_wconf 89' lang='lat' dir='ltr'><strong>et</strong></span> <span class='ocrx_word' id='word_1_292' title='bbox 1060 2830 1346 2882; x_wconf 84' lang='lat' dir='ltr'><strong>charitatis.</strong></span> <span class='ocrx_word' id='word_1_293' title='bbox 1378 2826 1492 2880; x_wconf 83' lang='lat' dir='ltr'><strong>Non</strong></span> <span class='ocrx_word' id='word_1_294' title='bbox 1536 2824 1705 2879; x_wconf 66' lang='lat' dir='ltr'><strong>sollus</strong></span> <span class='ocrx_word' id='word_1_295' title='bbox 1745 2823 1889 2887; x_wconf 86' lang='lat' dir='ltr'><strong>lidei,</strong></span> <span class='ocrx_word' id='word_1_296' title='bbox 1923 2838 2020 2876; x_wconf 92' lang='lat' dir='ltr'><strong>nec</strong></span> 
     </span>
    </p>
   </div>
   <div class='ocr_carea' id='block_1_40' title="bbox 447 2919 2013 2985">
    <p class='ocr_par' dir='ltr' id='par_1_40' title="bbox 447 2919 2013 2985">
     <span class='ocr_line' id='line_1_40' title="bbox 447 2919 2013 2985; baseline -0.005 -7"><span class='ocrx_word' id='word_1_297' title='bbox 447 2927 500 2978; x_wconf 84' lang='lat' dir='ltr'><strong>in</strong></span> <span class='ocrx_word' id='word_1_298' title='bbox 529 2924 645 2977; x_wconf 83' lang='lat' dir='ltr'><strong>solo</strong></span> <span class='ocrx_word' id='word_1_299' title='bbox 668 2925 832 2978; x_wconf 68' lang='lat' dir='ltr'><strong>verbo</strong></span> <span class='ocrx_word' id='word_1_300' title='bbox 860 2924 1058 2977; x_wconf 81' lang='lat' dir='ltr'><strong>laboris</strong></span> <span class='ocrx_word' id='word_1_301' title='bbox 1085 2934 1141 2977; x_wconf 86' lang='lat' dir='ltr'><strong>et</strong></span> <span class='ocrx_word' id='word_1_302' title='bbox 1166 2922 1461 2985; x_wconf 81' lang='lat' dir='ltr'><strong>charitatis,</strong></span> <span class='ocrx_word' id='word_1_303' title='bbox 1491 2920 1585 2975; x_wconf 87' lang='lat' dir='ltr'><strong>sed</strong></span> <span class='ocrx_word' id='word_1_304' title='bbox 1616 2921 1667 2974; x_wconf 89' lang='lat' dir='ltr'><strong>in</strong></span> <span class='ocrx_word' id='word_1_305' title='bbox 1697 2935 1777 2975; x_wconf 91' lang='lat' dir='ltr'><strong>re.</strong></span> <span class='ocrx_word' id='word_1_306' title='bbox 1812 2919 1876 2973; x_wconf 85' lang='lat' dir='ltr'><strong>Et</strong></span> <span class='ocrx_word' id='word_1_307' title='bbox 1902 2936 2013 2972; x_wconf 86' lang='lat' dir='ltr'><strong>sus-</strong></span> 
     </span>
    </p>
   </div>
   <div class='ocr_carea' id='block_1_41' title="bbox 442 3010 2015 3081">
    <p class='ocr_par' dir='ltr' id='par_1_41' title="bbox 442 3010 2015 3081">
     <span class='ocr_line' id='line_1_41' title="bbox 442 3010 2015 3081; baseline -0.005 -13"><span class='ocrx_word' id='word_1_308' title='bbox 442 3016 667 3068; x_wconf 75' lang='lat' dir='ltr'><strong>tinentia:</strong></span> <span class='ocrx_word' id='word_1_309' title='bbox 694 3018 803 3081; x_wconf 85' lang='lat' dir='ltr'><strong>spei</strong></span> <span class='ocrx_word' id='word_1_310' title='bbox 841 3014 1047 3067; x_wconf 86' lang='lat' dir='ltr'><strong>Domini</strong></span> <span class='ocrx_word' id='word_1_311' title='bbox 1094 3014 1254 3066; x_wconf 84' lang='lat' dir='ltr'><strong>nostri</strong></span> <span class='ocrx_word' id='word_1_312' title='bbox 1292 3012 1418 3067; x_wconf 84' lang='lat' dir='ltr'><strong>Jesu</strong></span> <span class='ocrx_word' id='word_1_313' title='bbox 1444 3011 1654 3066; x_wconf 85' lang='lat' dir='ltr'><strong>Christi.</strong></span> <span class='ocrx_word' id='word_1_314' title='bbox 1685 3010 1872 3063; x_wconf 86' lang='lat' dir='ltr'><strong>Omnis</strong></span> <span class='ocrx_word' id='word_1_315' title='bbox 1899 3022 2015 3062; x_wconf 88' lang='lat' dir='ltr'><strong>sus-</strong></span> 
     </span>
    </p>
   </div>
   <div class='ocr_carea' id='block_1_42' title="bbox 442 3100 2014 3174">
    <p class='ocr_par' dir='ltr' id='par_1_42' title="bbox 442 3100 2014 3174">
     <span class='ocr_line' id='line_1_42' title="bbox 442 3100 2014 3174; baseline -0.004 -17"><span class='ocrx_word' id='word_1_316' title='bbox 442 3105 660 3159; x_wconf 86' lang='lat' dir='ltr'><strong>tinentia</strong></span> <span class='ocrx_word' id='word_1_317' title='bbox 706 3114 921 3174; x_wconf 88' lang='lat' dir='ltr'><strong>propter</strong></span> <span class='ocrx_word' id='word_1_318' title='bbox 957 3119 1127 3173; x_wconf 87' lang='lat' dir='ltr'><strong>spem.</strong></span> <span class='ocrx_word' id='word_1_319' title='bbox 1144 3105 1271 3156; x_wconf 71' lang='lat' dir='ltr'><strong>Ante</strong></span> <span class='ocrx_word' id='word_1_320' title='bbox 1296 3101 1455 3155; x_wconf 87' lang='lat' dir='ltr'><strong>Deum</strong></span> <span class='ocrx_word' id='word_1_321' title='bbox 1475 3109 1520 3154; x_wconf 90' lang='lat' dir='ltr'><strong>et</strong></span> <span class='ocrx_word' id='word_1_322' title='bbox 1543 3100 1747 3153; x_wconf 80' lang='lat' dir='ltr'><strong>Patrem</strong></span> <span class='ocrx_word' id='word_1_323' title='bbox 1764 3109 2014 3152; x_wconf 89' lang='lat' dir='ltr'><strong>nostrum.</strong></span> 
     </span>
    </p>
   </div>
   <div class='ocr_carea' id='block_1_43' title="bbox 444 3192 2015 3265">
    <p class='ocr_par' dir='ltr' id='par_1_43' title="bbox 444 3192 2015 3265">
     <span class='ocr_line' id='line_1_43' title="bbox 444 3192 2015 3265; baseline -0.005 -12"><span class='ocrx_word' id='word_1_324' title='bbox 444 3197 559 3253; x_wconf 79' lang='lat' dir='ltr'><strong>Non</strong></span> <span class='ocrx_word' id='word_1_325' title='bbox 589 3207 711 3254; x_wconf 87' lang='lat' dir='ltr'><strong>ante</strong></span> <span class='ocrx_word' id='word_1_326' title='bbox 739 3198 1001 3253; x_wconf 83' lang='lat' dir='ltr'><strong>homines.</strong></span> <span class='ocrx_word' id='word_1_327' title='bbox 1027 3197 1277 3260; x_wconf 89' lang='lat' dir='ltr'><strong>Scientes,</strong></span> <span class='ocrx_word' id='word_1_328' title='bbox 1304 3196 1488 3265; x_wconf 79' lang='lat' dir='ltr'><strong>fratres</strong></span> <span class='ocrx_word' id='word_1_329' title='bbox 1515 3195 1705 3259; x_wconf 78' lang='lat' dir='ltr'><strong>dilecti,</strong></span> <span class='ocrx_word' id='word_1_330' title='bbox 1731 3212 1761 3246; x_wconf 92' lang='lat' dir='ltr'><strong>a</strong></span> <span class='ocrx_word' id='word_1_331' title='bbox 1787 3192 1893 3248; x_wconf 92' lang='lat' dir='ltr'><strong>Deo</strong></span> <span class='ocrx_word' id='word_1_332' title='bbox 1908 3194 2015 3247; x_wconf 87' lang='lat' dir='ltr'><strong>ele-</strong></span> 
     </span>
    </p>
   </div>
   <div class='ocr_carea' id='block_1_44' title="bbox 2128 2000 2721 2072">
    <p class='ocr_par' dir='ltr' id='par_1_44' title="bbox 2128 2000 2721 2072">
     <span class='ocr_line' id='line_1_44' title="bbox 2128 2000 2721 2072; baseline -0.007 -16"><span class='ocrx_word' id='word_1_333' title='bbox 2128 2001 2237 2057; x_wconf 86' lang='lat' dir='ltr'><strong>rari</strong></span> <span class='ocrx_word' id='word_1_334' title='bbox 2264 2016 2358 2072; x_wconf 89' lang='lat' dir='ltr'><strong>per</strong></span> <span class='ocrx_word' id='word_1_335' title='bbox 2382 2000 2721 2069; x_wconf 87' lang='lat' dir='ltr'><strong>baptismum.</strong></span> 
     </span>
    </p>
   </div>
   <div class='ocr_carea' id='block_1_45' title="bbox 2194 2088 3700 2161">
    <p class='ocr_par' dir='ltr' id='par_1_45' title="bbox 2194 2088 3700 2161">
     <span class='ocr_line' id='line_1_45' title="bbox 2194 2088 3700 2161; baseline -0.003 -14"><span class='ocrx_word' id='word_1_336' title='bbox 2194 2090 2323 2147; x_wconf 77' lang='lat' dir='ltr'><strong>CAP.</strong></span> <span class='ocrx_word' id='word_1_337' title='bbox 2353 2107 2411 2146; x_wconf 88' lang='lat' dir='ltr'><strong>tt.</strong></span> <span class='ocrx_word' id='word_1_338' title='bbox 2443 2091 2582 2145; x_wconf 79' lang='lat' dir='ltr'><strong>Nam</strong></span> <span class='ocrx_word' id='word_1_339' title='bbox 2609 2093 2705 2161; x_wconf 84' lang='lat' dir='ltr'><strong>ipsi</strong></span> <span class='ocrx_word' id='word_1_340' title='bbox 2747 2091 2905 2157; x_wconf 87' lang='lat' dir='ltr'><strong>scitis,</strong></span> <span class='ocrx_word' id='word_1_341' title='bbox 2944 2091 3146 2160; x_wconf 79' lang='lat' dir='ltr'><strong>fratres,</strong></span> <span class='ocrx_word' id='word_1_342' title='bbox 3174 2088 3436 2144; x_wconf 84' lang='lat' dir='ltr'><strong>introitum</strong></span> <span class='ocrx_word' id='word_1_343' title='bbox 3475 2099 3700 2142; x_wconf 62' lang='lat' dir='ltr'><strong>nostrum</strong></span> 
     </span>
    </p>
   </div>
   <div class='ocr_carea' id='block_1_46' title="bbox 2124 2182 3701 2254">
    <p class='ocr_par' dir='ltr' id='par_1_46' title="bbox 2124 2182 3701 2254">
     <span class='ocr_line' id='line_1_46' title="bbox 2124 2182 3701 2254; baseline -0.004 -17"><span class='ocrx_word' id='word_1_344' title='bbox 2124 2186 2192 2237; x_wconf 91' lang='lat' dir='ltr'><strong>ad</strong></span> <span class='ocrx_word' id='word_1_345' title='bbox 2228 2200 2333 2249; x_wconf 76' lang='lat' dir='ltr'><strong>vos,</strong></span> <span class='ocrx_word' id='word_1_346' title='bbox 2359 2186 2479 2254; x_wconf 87' lang='lat' dir='ltr'><strong>quia</strong></span> <span class='ocrx_word' id='word_1_347' title='bbox 2508 2200 2606 2237; x_wconf 90' lang='lat' dir='ltr'><strong>non</strong></span> <span class='ocrx_word' id='word_1_348' title='bbox 2636 2184 2801 2236; x_wconf 90' lang='lat' dir='ltr'><strong>inanis</strong></span> <span class='ocrx_word' id='word_1_349' title='bbox 2823 2183 2941 2251; x_wconf 89' lang='lat' dir='ltr'><strong>fuit,</strong></span> <span class='ocrx_word' id='word_1_350' title='bbox 2982 2185 3070 2236; x_wconf 88' lang='lat' dir='ltr'><strong>sed</strong></span> <span class='ocrx_word' id='word_1_351' title='bbox 3101 2191 3216 2235; x_wconf 89' lang='lat' dir='ltr'><strong>ante</strong></span> <span class='ocrx_word' id='word_1_352' title='bbox 3252 2182 3423 2251; x_wconf 84' lang='lat' dir='ltr'><strong>passi,</strong></span> <span class='ocrx_word' id='word_1_353' title='bbox 3453 2192 3502 2233; x_wconf 91' lang='lat' dir='ltr'><strong>et</strong></span> <span class='ocrx_word' id='word_1_354' title='bbox 3526 2192 3701 2233; x_wconf 80' lang='lat' dir='ltr'><strong>contu-</strong></span> 
     </span>
    </p>
   </div>
   <div class='ocr_carea' id='block_1_47' title="bbox 2126 2272 3700 2341">
    <p class='ocr_par' dir='ltr' id='par_1_47' title="bbox 2126 2272 3700 2341">
     <span class='ocr_line' id='line_1_47' title="bbox 2126 2272 3700 2341; baseline 0 -16"><span class='ocrx_word' id='word_1_355' title='bbox 2126 2274 2287 2328; x_wconf 87' lang='lat' dir='ltr'><strong>meliis</strong></span> <span class='ocrx_word' id='word_1_356' title='bbox 2331 2273 2521 2340; x_wconf 71' lang='lat' dir='ltr'><strong>a/fccti.</strong></span> <span class='ocrx_word' id='word_1_357' title='bbox 2568 2272 2685 2327; x_wconf 85' lang='lat' dir='ltr'><strong>Non</strong></span> <span class='ocrx_word' id='word_1_358' title='bbox 2736 2283 2818 2328; x_wconf 86' lang='lat' dir='ltr'><strong>est</strong></span> <span class='ocrx_word' id='word_1_359' title='bbox 2866 2273 3035 2326; x_wconf 90' lang='lat' dir='ltr'><strong>inanis</strong></span> <span class='ocrx_word' id='word_1_360' title='bbox 3080 2288 3278 2335; x_wconf 87' lang='lat' dir='ltr'><strong>sermo,</strong></span> <span class='ocrx_word' id='word_1_361' title='bbox 3318 2275 3413 2341; x_wconf 89' lang='lat' dir='ltr'><strong>qui</strong></span> <span class='ocrx_word' id='word_1_362' title='bbox 3460 2274 3700 2325; x_wconf 74' lang='lat' dir='ltr'><strong>tirmatr</strong></span> 
     </span>
    </p>
   </div>
   <div class='ocr_carea' id='block_1_48' title="bbox 2124 2363 3695 2434">
    <p class='ocr_par' dir='ltr' id='par_1_48' title="bbox 2124 2363 3695 2434">
     <span class='ocr_line' id='line_1_48' title="bbox 2124 2363 3695 2434; baseline -0.003 -15"><span class='ocrx_word' id='word_1_363' title='bbox 2124 2368 2415 2419; x_wconf 65' lang='lat' dir='ltr'><strong>constantia</strong></span> <span class='ocrx_word' id='word_1_364' title='bbox 2452 2365 2730 2434; x_wconf 83' lang='lat' dir='ltr'><strong>passionis.</strong></span> <span class='ocrx_word' id='word_1_365' title='bbox 2762 2364 2908 2420; x_wconf 88' lang='lat' dir='ltr'><strong>Sicut</strong></span> <span class='ocrx_word' id='word_1_366' title='bbox 2949 2366 3107 2431; x_wconf 80' lang='lat' dir='ltr'><strong>scitis,</strong></span> <span class='ocrx_word' id='word_1_367' title='bbox 3137 2366 3189 2417; x_wconf 91' lang='lat' dir='ltr'><strong>in</strong></span> <span class='ocrx_word' id='word_1_368' title='bbox 3236 2363 3520 2433; x_wconf 81' lang='lat' dir='ltr'><strong>Philippis,</strong></span> <span class='ocrx_word' id='word_1_369' title='bbox 3558 2366 3695 2434; x_wconf 79' lang='lat' dir='ltr'><strong>ﬁdu-</strong></span> 
     </span>
    </p>
   </div>
   <div class='ocr_carea' id='block_1_49' title="bbox 2123 2454 3695 2525">
    <p class='ocr_par' dir='ltr' id='par_1_49' title="bbox 2123 2454 3695 2525">
     <span class='ocr_line' id='line_1_49' title="bbox 2123 2454 3695 2525; baseline -0.003 -17"><span class='ocrx_word' id='word_1_370' title='bbox 2123 2457 2254 2509; x_wconf 82' lang='lat' dir='ltr'><strong>ciam</strong></span> <span class='ocrx_word' id='word_1_371' title='bbox 2292 2456 2560 2511; x_wconf 87' lang='lat' dir='ltr'><strong>habuimus</strong></span> <span class='ocrx_word' id='word_1_372' title='bbox 2596 2458 2648 2509; x_wconf 89' lang='lat' dir='ltr'><strong>in</strong></span> <span class='ocrx_word' id='word_1_373' title='bbox 2683 2454 2897 2509; x_wconf 85' lang='lat' dir='ltr'><strong>Domino</strong></span> <span class='ocrx_word' id='word_1_374' title='bbox 2932 2465 3103 2509; x_wconf 87' lang='lat' dir='ltr'><strong>nostro</strong></span> <span class='ocrx_word' id='word_1_375' title='bbox 3136 2455 3271 2525; x_wconf 87' lang='lat' dir='ltr'><strong>loqui</strong></span> <span class='ocrx_word' id='word_1_376' title='bbox 3299 2455 3367 2507; x_wconf 87' lang='lat' dir='ltr'><strong>ad</strong></span> <span class='ocrx_word' id='word_1_377' title='bbox 3407 2471 3494 2507; x_wconf 81' lang='lat' dir='ltr'><strong>vos</strong></span> <span class='ocrx_word' id='word_1_378' title='bbox 3527 2456 3695 2507; x_wconf 73' lang='lat' dir='ltr'><strong>Eran-</strong></span> 
     </span>
    </p>
   </div>
   <div class='ocr_carea' id='block_1_50' title="bbox 2123 2544 3692 2616">
    <p class='ocr_par' dir='ltr' id='par_1_50' title="bbox 2123 2544 3692 2616">
     <span class='ocr_line' id='line_1_50' title="bbox 2123 2544 3692 2616; baseline -0.001 -17"><span class='ocrx_word' id='word_1_379' title='bbox 2123 2546 2311 2616; x_wconf 88' lang='lat' dir='ltr'><strong>gelium</strong></span> <span class='ocrx_word' id='word_1_380' title='bbox 2359 2544 2474 2601; x_wconf 67' lang='lat' dir='ltr'><strong>Dei.</strong></span> <span class='ocrx_word' id='word_1_381' title='bbox 2522 2546 2655 2612; x_wconf 82' lang='lat' dir='ltr'><strong>Quia</strong></span> <span class='ocrx_word' id='word_1_382' title='bbox 2709 2547 2963 2616; x_wconf 76' lang='lat' dir='ltr'><strong>aliquanti</strong></span> <span class='ocrx_word' id='word_1_383' title='bbox 3019 2555 3253 2600; x_wconf 87' lang='lat' dir='ltr'><strong>vestrum</strong></span> <span class='ocrx_word' id='word_1_384' title='bbox 3306 2545 3551 2600; x_wconf 84' lang='lat' dir='ltr'><strong>viderunt</strong></span> <span class='ocrx_word' id='word_1_385' title='bbox 3600 2559 3692 2598; x_wconf 80' lang='lat' dir='ltr'><strong>nos</strong></span> 
     </span>
    </p>
   </div>
   <div class='ocr_carea' id='block_1_51' title="bbox 2123 2637 3691 2707">
    <p class='ocr_par' dir='ltr' id='par_1_51' title="bbox 2123 2637 3691 2707">
     <span class='ocr_line' id='line_1_51' title="bbox 2123 2637 3691 2707; baseline 0.001 -16"><span class='ocrx_word' id='word_1_386' title='bbox 2123 2638 2378 2705; x_wconf 84' lang='lat' dir='ltr'><strong>Philippis</strong></span> <span class='ocrx_word' id='word_1_387' title='bbox 2424 2653 2609 2707; x_wconf 63' lang='lat' dir='ltr'><strong>passos</strong></span> <span class='ocrx_word' id='word_1_388' title='bbox 2658 2654 2765 2692; x_wconf 93' lang='lat' dir='ltr'><strong>non</strong></span> <span class='ocrx_word' id='word_1_389' title='bbox 2810 2639 3094 2707; x_wconf 78' lang='lat' dir='ltr'><strong>expavisse</strong></span> <span class='ocrx_word' id='word_1_390' title='bbox 3152 2637 3554 2703; x_wconf 87' lang='lat' dir='ltr'><strong>tribulationes,</strong></span> <span class='ocrx_word' id='word_1_391' title='bbox 3598 2655 3691 2694; x_wconf 85' lang='lat' dir='ltr'><strong>nec</strong></span> 
     </span>
    </p>
   </div>
   <div class='ocr_carea' id='block_1_52' title="bbox 2125 2729 3691 2799">
    <p class='ocr_par' dir='ltr' id='par_1_52' title="bbox 2125 2729 3691 2799">
     <span class='ocr_line' id='line_1_52' title="bbox 2125 2729 3691 2799; baseline 0.002 -15"><span class='ocrx_word' id='word_1_392' title='bbox 2125 2730 2413 2799; x_wconf 59' lang='lat' dir='ltr'><strong>praedicare</strong></span> <span class='ocrx_word' id='word_1_393' title='bbox 2454 2745 2713 2786; x_wconf 76' lang='lat' dir='ltr'><strong>cessasse.</strong></span> <span class='ocrx_word' id='word_1_394' title='bbox 2749 2729 2813 2783; x_wconf 89' lang='lat' dir='ltr'><strong>In</strong></span> <span class='ocrx_word' id='word_1_395' title='bbox 2857 2735 3020 2784; x_wconf 86' lang='lat' dir='ltr'><strong>mu’ta</strong></span> <span class='ocrx_word' id='word_1_396' title='bbox 3060 2732 3423 2786; x_wconf 82' lang='lat' dir='ltr'><strong>sollicitudine.</strong></span> <span class='ocrx_word' id='word_1_397' title='bbox 3456 2732 3568 2786; x_wconf 79' lang='lat' dir='ltr'><strong>Non</strong></span> <span class='ocrx_word' id='word_1_398' title='bbox 3601 2749 3691 2787; x_wconf 83' lang='lat' dir='ltr'><strong>ne-</strong></span> 
     </span>
    </p>
   </div>
   <div class='ocr_carea' id='block_1_53' title="bbox 2120 2824 3689 2909">
    <p class='ocr_par' dir='ltr' id='par_1_53' title="bbox 2120 2824 3689 2909">
     <span class='ocr_line' id='line_1_53' title="bbox 2120 2824 3689 2909; baseline 0 -32"><span class='ocrx_word' id='word_1_399' title='bbox 2120 2825 2398 2893; x_wconf 77' lang='lat' dir='ltr'><strong>gligenter,</strong></span> <span class='ocrx_word' id='word_1_400' title='bbox 2423 2839 2519 2878; x_wconf 89' lang='lat' dir='ltr'><strong>nec</strong></span> <span class='ocrx_word' id='word_1_401' title='bbox 2544 2825 2863 2879; x_wconf 84' lang='lat' dir='ltr'><strong>transitorie.</strong></span> <span class='ocrx_word' id='word_1_402' title='bbox 2883 2824 3183 2877; x_wconf 64' lang='lat' dir='ltr'><strong>Exhortatio</strong></span> <span class='ocrx_word' id='word_1_403' title='bbox 3200 2826 3336 2878; x_wconf 89' lang='lat' dir='ltr'><strong>enim</strong></span> <span class='ocrx_word' id='word_1_404' title='bbox 3359 2835 3547 2909; x_wconf 62' lang='lat' dir='ltr'><strong>nostra.</strong></span> <span class='ocrx_word' id='word_1_405' title='bbox 3573 2825 3689 2879; x_wconf 86' lang='lat' dir='ltr'><strong>ldeu</strong></span> 
     </span>
    </p>
   </div>
   <div class='ocr_carea' id='block_1_54' title="bbox 2121 2912 3683 2984">
    <p class='ocr_par' dir='ltr' id='par_1_54' title="bbox 2121 2912 3683 2984">
     <span class='ocr_line' id='line_1_54' title="bbox 2121 2912 3683 2984; baseline 0 -17"><span class='ocrx_word' id='word_1_406' title='bbox 2121 2929 2225 2969; x_wconf 90' lang='lat' dir='ltr'><strong>non</strong></span> <span class='ocrx_word' id='word_1_407' title='bbox 2276 2927 2556 2968; x_wconf 86' lang='lat' dir='ltr'><strong>terremur.</strong></span> <span class='ocrx_word' id='word_1_408' title='bbox 2587 2912 2707 2967; x_wconf 86' lang='lat' dir='ltr'><strong>Non</strong></span> <span class='ocrx_word' id='word_1_409' title='bbox 2748 2915 2811 2966; x_wconf 88' lang='lat' dir='ltr'><strong>de</strong></span> <span class='ocrx_word' id='word_1_410' title='bbox 2837 2928 3027 2967; x_wconf 89' lang='lat' dir='ltr'><strong>errore.</strong></span> <span class='ocrx_word' id='word_1_411' title='bbox 3062 2913 3216 2967; x_wconf 85' lang='lat' dir='ltr'><strong>Errat</strong></span> <span class='ocrx_word' id='word_1_412' title='bbox 3254 2914 3548 2984; x_wconf 87' lang='lat' dir='ltr'><strong>quicunque</strong></span> <span class='ocrx_word' id='word_1_413' title='bbox 3584 2930 3683 2983; x_wconf 86' lang='lat' dir='ltr'><strong>pu-</strong></span> 
     </span>
    </p>
   </div>
   <div class='ocr_carea' id='block_1_55' title="bbox 2123 3003 3677 3073">
    <p class='ocr_par' dir='ltr' id='par_1_55' title="bbox 2123 3003 3677 3073">
     <span class='ocr_line' id='line_1_55' title="bbox 2123 3003 3677 3073; baseline -0.001 -14"><span class='ocrx_word' id='word_1_414' title='bbox 2123 3014 2200 3059; x_wconf 87' lang='lat' dir='ltr'><strong>tat</strong></span> <span class='ocrx_word' id='word_1_415' title='bbox 2244 3006 2324 3059; x_wconf 84' lang='lat' dir='ltr'><strong>vel</strong></span> <span class='ocrx_word' id='word_1_416' title='bbox 2364 3005 2523 3059; x_wconf 84' lang='lat' dir='ltr'><strong>docet</strong></span> <span class='ocrx_word' id='word_1_417' title='bbox 2567 3004 2735 3058; x_wconf 89' lang='lat' dir='ltr'><strong>malos</strong></span> <span class='ocrx_word' id='word_1_418' title='bbox 2778 3018 3001 3073; x_wconf 82' lang='lat' dir='ltr'><strong>regnare</strong></span> <span class='ocrx_word' id='word_1_419' title='bbox 3044 3018 3163 3058; x_wconf 90' lang='lat' dir='ltr'><strong>cum</strong></span> <span class='ocrx_word' id='word_1_420' title='bbox 3213 3003 3424 3059; x_wconf 84' lang='lat' dir='ltr'><strong>Christo</strong></span> <span class='ocrx_word' id='word_1_421' title='bbox 3462 3003 3677 3059; x_wconf 75' lang='lat' dir='ltr'><strong>:Notite</strong></span> 
     </span>
    </p>
   </div>
   <div class='ocr_carea' id='block_1_56' title="bbox 2119 3094 3681 3165">
    <p class='ocr_par' dir='ltr' id='par_1_56' title="bbox 2119 3094 3681 3165">
     <span class='ocr_line' id='line_1_56' title="bbox 2119 3094 3681 3165; baseline -0.001 -15"><span class='ocrx_word' id='word_1_422' title='bbox 2119 3111 2319 3160; x_wconf 87' lang='lat' dir='ltr'><strong>errare,</strong></span> <span class='ocrx_word' id='word_1_423' title='bbox 2355 3111 2528 3164; x_wconf 87' lang='lat' dir='ltr'><strong>nequo</strong></span> <span class='ocrx_word' id='word_1_424' title='bbox 2567 3094 2836 3148; x_wconf 82' lang='lat' dir='ltr'><strong>fornicarii</strong></span> <span class='ocrx_word' id='word_1_425' title='bbox 2872 3109 3043 3164; x_wconf 86' lang='lat' dir='ltr'><strong>neque</strong></span> <span class='ocrx_word' id='word_1_426' title='bbox 3081 3094 3339 3161; x_wconf 79' lang='lat' dir='ltr'><strong>adulteri,</strong></span> <span class='ocrx_word' id='word_1_427' title='bbox 3366 3108 3466 3151; x_wconf 91' lang='lat' dir='ltr'><strong>etc.</strong></span> <span class='ocrx_word' id='word_1_428' title='bbox 3512 3094 3681 3165; x_wconf 82' lang='lat' dir='ltr'><strong>Neque</strong></span> 
     </span>
    </p>
   </div>
   <div class='ocr_carea' id='block_1_57' title="bbox 2118 3185 3688 3257">
    <p class='ocr_par' dir='ltr' id='par_1_57' title="bbox 2118 3185 3688 3257">
     <span class='ocr_line' id='line_1_57' title="bbox 2118 3185 3688 3257; baseline -0.001 -14"><span class='ocrx_word' id='word_1_429' title='bbox 2118 3189 2181 3243; x_wconf 89' lang='lat' dir='ltr'><strong>de</strong></span> <span class='ocrx_word' id='word_1_430' title='bbox 2220 3188 2559 3241; x_wconf 71' lang='lat' dir='ltr'><strong>immunditia.</strong></span> <span class='ocrx_word' id='word_1_431' title='bbox 2597 3185 2874 3253; x_wconf 83' lang='lat' dir='ltr'><strong>Quomodo</strong></span> <span class='ocrx_word' id='word_1_432' title='bbox 2910 3185 3178 3241; x_wconf 81' lang='lat' dir='ltr'><strong>Joviniani</strong></span> <span class='ocrx_word' id='word_1_433' title='bbox 3222 3188 3483 3243; x_wconf 88' lang='lat' dir='ltr'><strong>doctrina.</strong></span> <span class='ocrx_word' id='word_1_434' title='bbox 3516 3188 3688 3257; x_wconf 82' lang='lat' dir='ltr'><strong>Neque</strong></span> 
     </span>
    </p>
   </div>
   <div class='ocr_carea' id='block_1_58' title="bbox 440 3275 3686 3354">
    <p class='ocr_par' dir='ltr' id='par_1_58' title="bbox 440 3275 3686 3354">
     <span class='ocr_line' id='line_1_58' title="bbox 440 3275 3686 3354; baseline -0.002 -13"><span class='ocrx_word' id='word_1_435' title='bbox 440 3289 659 3343; x_wconf 76' lang='lat' dir='ltr'><strong>stionem</strong></span> <span class='ocrx_word' id='word_1_436' title='bbox 683 3297 922 3346; x_wconf 84' lang='lat' dir='ltr'><strong>vestram.</strong></span> <span class='ocrx_word' id='word_1_437' title='bbox 953 3288 1029 3342; x_wconf 79' lang='lat' dir='ltr'><strong>Ex</strong></span> <span class='ocrx_word' id='word_1_438' title='bbox 1059 3287 1160 3341; x_wconf 91' lang='lat' dir='ltr'><strong>hoc</strong></span> <span class='ocrx_word' id='word_1_439' title='bbox 1184 3286 1556 3354; x_wconf 78' lang='lat' dir='ltr'><strong>cognoscimus</strong></span> <span class='ocrx_word' id='word_1_440' title='bbox 1585 3299 1679 3339; x_wconf 92' lang='lat' dir='ltr'><strong>vos</strong></span> <span class='ocrx_word' id='word_1_441' title='bbox 1707 3298 1830 3338; x_wconf 85' lang='lat' dir='ltr'><strong>vere</strong></span> <span class='ocrx_word' id='word_1_442' title='bbox 1846 3282 2015 3336; x_wconf 87' lang='lat' dir='ltr'><strong>a-Deo</strong></span> <span class='ocrx_word' id='word_1_443' title='bbox 2046 3275 2090 3338; x_wconf 92' lang='lat' dir='ltr'>C</span> <span class='ocrx_word' id='word_1_444' title='bbox 2120 3283 2173 3334; x_wconf 91' lang='lat' dir='ltr'><strong>in</strong></span> <span class='ocrx_word' id='word_1_445' title='bbox 2202 3282 2341 3334; x_wconf 88' lang='lat' dir='ltr'><strong>dolo.</strong></span> <span class='ocrx_word' id='word_1_446' title='bbox 2372 3280 2569 3335; x_wconf 87' lang='lat' dir='ltr'><strong>Contra</strong></span> <span class='ocrx_word' id='word_1_447' title='bbox 2615 3280 2996 3336; x_wconf 83' lang='lat' dir='ltr'><strong>conscientiam</strong></span> <span class='ocrx_word' id='word_1_448' title='bbox 3045 3280 3322 3350; x_wconf 76' lang='lat' dir='ltr'><strong>loquentes</strong></span> <span class='ocrx_word' id='word_1_449' title='bbox 3363 3290 3527 3351; x_wconf 88' lang='lat' dir='ltr'><strong>atque</strong></span> <span class='ocrx_word' id='word_1_450' title='bbox 3568 3295 3686 3335; x_wconf 85' lang='lat' dir='ltr'><strong>sua-</strong></span> 
     </span>
    </p>
   </div>
   <div class='ocr_carea' id='block_1_59' title="bbox 441 3372 2011 3448">
    <p class='ocr_par' dir='ltr' id='par_1_59' title="bbox 441 3372 2011 3448">
     <span class='ocr_line' id='line_1_59' title="bbox 441 3372 2011 3448; baseline -0.006 -14"><span class='ocrx_word' id='word_1_451' title='bbox 441 3394 563 3435; x_wconf 88' lang='lat' dir='ltr'><strong>esse</strong></span> <span class='ocrx_word' id='word_1_452' title='bbox 589 3380 811 3446; x_wconf 87' lang='lat' dir='ltr'><strong>electos,</strong></span> <span class='ocrx_word' id='word_1_453' title='bbox 840 3379 962 3448; x_wconf 85' lang='lat' dir='ltr'><strong>quia</strong></span> <span class='ocrx_word' id='word_1_454' title='bbox 991 3378 1163 3434; x_wconf 87' lang='lat' dir='ltr'><strong>reales</strong></span> <span class='ocrx_word' id='word_1_455' title='bbox 1191 3378 1342 3432; x_wconf 81' lang='lat' dir='ltr'><strong>estis.</strong></span> <span class='ocrx_word' id='word_1_456' title='bbox 1371 3376 1670 3431; x_wconf 86' lang='lat' dir='ltr'><strong>Notandum</strong></span> <span class='ocrx_word' id='word_1_457' title='bbox 1704 3373 1831 3444; x_wconf 86' lang='lat' dir='ltr'><strong>quia</strong></span> <span class='ocrx_word' id='word_1_458' title='bbox 1856 3372 2011 3426; x_wconf 78' lang='lat' dir='ltr'><strong>electi</strong></span> 
     </span>
    </p>
   </div>
   <div class='ocr_carea' id='block_1_60' title="bbox 440 3464 2014 3541">
    <p class='ocr_par' dir='ltr' id='par_1_60' title="bbox 440 3464 2014 3541">
     <span class='ocr_line' id='line_1_60' title="bbox 440 3464 2014 3541; baseline -0.008 -16"><span class='ocrx_word' id='word_1_459' title='bbox 440 3480 564 3525; x_wconf 87' lang='lat' dir='ltr'><strong>sunt</strong></span> <span class='ocrx_word' id='word_1_460' title='bbox 590 3471 764 3539; x_wconf 87' lang='lat' dir='ltr'><strong>potius</strong></span> <span class='ocrx_word' id='word_1_461' title='bbox 783 3485 942 3541; x_wconf 88' lang='lat' dir='ltr'><strong>quam</strong></span> <span class='ocrx_word' id='word_1_462' title='bbox 965 3469 1260 3539; x_wconf 77' lang='lat' dir='ltr'><strong>elegerunt.</strong></span> <span class='ocrx_word' id='word_1_463' title='bbox 1281 3468 1413 3532; x_wconf 85' lang='lat' dir='ltr'><strong>Quia</strong></span> <span class='ocrx_word' id='word_1_464' title='bbox 1426 3464 1760 3536; x_wconf 85' lang='lat' dir='ltr'><strong>Evangeliuut</strong></span> <span class='ocrx_word' id='word_1_465' title='bbox 1786 3472 2014 3515; x_wconf 89' lang='lat' dir='ltr'><strong>nostrunt</strong></span> 
     </span>
    </p>
   </div>
   <div class='ocr_carea' id='block_1_61' title="bbox 439 3553 2014 3633">
    <p class='ocr_par' dir='ltr' id='par_1_61' title="bbox 439 3553 2014 3633">
     <span class='ocr_line' id='line_1_61' title="bbox 439 3553 2014 3633; baseline -0.007 -17"><span class='ocrx_word' id='word_1_466' title='bbox 439 3580 540 3618; x_wconf 88' lang='lat' dir='ltr'><strong>non</strong></span> <span class='ocrx_word' id='word_1_467' title='bbox 567 3565 665 3633; x_wconf 89' lang='lat' dir='ltr'><strong>fuit</strong></span> <span class='ocrx_word' id='word_1_468' title='bbox 710 3564 779 3617; x_wconf 89' lang='lat' dir='ltr'><strong>ad</strong></span> <span class='ocrx_word' id='word_1_469' title='bbox 803 3580 890 3617; x_wconf 86' lang='lat' dir='ltr'><strong>vos</strong></span> <span class='ocrx_word' id='word_1_470' title='bbox 915 3564 968 3616; x_wconf 88' lang='lat' dir='ltr'><strong>in</strong></span> <span class='ocrx_word' id='word_1_471' title='bbox 1007 3576 1240 3616; x_wconf 86' lang='lat' dir='ltr'><strong>sermone</strong></span> <span class='ocrx_word' id='word_1_472' title='bbox 1269 3569 1486 3612; x_wconf 88' lang='lat' dir='ltr'><strong>tantum.</strong></span> <span class='ocrx_word' id='word_1_473' title='bbox 1518 3558 1651 3623; x_wconf 86' lang='lat' dir='ltr'><strong>Quia</strong></span> <span class='ocrx_word' id='word_1_474' title='bbox 1679 3570 1777 3611; x_wconf 86' lang='lat' dir='ltr'><strong>nec</strong></span> <span class='ocrx_word' id='word_1_475' title='bbox 1804 3553 2014 3611; x_wconf 88' lang='lat' dir='ltr'><strong>auditur</strong></span> 
     </span>
    </p>
   </div>
   <div class='ocr_carea' id='block_1_62' title="bbox 440 3648 2016 3721">
    <p class='ocr_par' dir='ltr' id='par_1_62' title="bbox 440 3648 2016 3721">
     <span class='ocr_line' id='line_1_62' title="bbox 440 3648 2016 3721; baseline -0.01 -10"><span class='ocrx_word' id='word_1_476' title='bbox 440 3664 665 3721; x_wconf 83' lang='lat' dir='ltr'><strong>tantum,</strong></span> <span class='ocrx_word' id='word_1_477' title='bbox 697 3655 792 3708; x_wconf 88' lang='lat' dir='ltr'><strong>sed</strong></span> <span class='ocrx_word' id='word_1_478' title='bbox 834 3656 995 3708; x_wconf 91' lang='lat' dir='ltr'><strong>etiam</strong></span> <span class='ocrx_word' id='word_1_479' title='bbox 1036 3667 1170 3721; x_wconf 92' lang='lat' dir='ltr'><strong>opus</strong></span> <span class='ocrx_word' id='word_1_480' title='bbox 1215 3651 1480 3720; x_wconf 83' lang='lat' dir='ltr'><strong>apparuit.</strong></span> <span class='ocrx_word' id='word_1_481' title='bbox 1514 3648 1620 3705; x_wconf 86' lang='lat' dir='ltr'><strong>Sed</strong></span> <span class='ocrx_word' id='word_1_482' title='bbox 1652 3658 1699 3702; x_wconf 89' lang='lat' dir='ltr'><strong>et</strong></span> <span class='ocrx_word' id='word_1_483' title='bbox 1726 3648 1778 3699; x_wconf 89' lang='lat' dir='ltr'><strong>in</strong></span> <span class='ocrx_word' id='word_1_484' title='bbox 1804 3648 2016 3710; x_wconf 78' lang='lat' dir='ltr'><strong>virtute,</strong></span> 
     </span>
    </p>
   </div>
   <div class='ocr_carea' id='block_1_63' title="bbox 438 3737 2014 3813">
    <p class='ocr_par' dir='ltr' id='par_1_63' title="bbox 438 3737 2014 3813">
     <span class='ocr_line' id='line_1_63' title="bbox 438 3737 2014 3813; baseline -0.006 -17"><span class='ocrx_word' id='word_1_485' title='bbox 438 3753 485 3797; x_wconf 73' lang='grc' dir='ltr'><em>ιι</em></span> <span class='ocrx_word' id='word_1_486' title='bbox 515 3760 564 3798; x_wconf 89' lang='lat' dir='ltr'><strong>tn</strong></span> <span class='ocrx_word' id='word_1_487' title='bbox 595 3744 800 3813; x_wconf 85' lang='lat' dir='ltr'><strong>Spiritu</strong></span> <span class='ocrx_word' id='word_1_488' title='bbox 846 3753 1040 3797; x_wconf 87' lang='lat' dir='ltr'><strong>sancto.</strong></span> <span class='ocrx_word' id='word_1_489' title='bbox 1070 3741 1240 3807; x_wconf 84' lang='lat' dir='ltr'><strong>Quem</strong></span> <span class='ocrx_word' id='word_1_490' title='bbox 1268 3741 1572 3809; x_wconf 80' lang='lat' dir='ltr'><strong>accepistis.</strong></span> <span class='ocrx_word' id='word_1_491' title='bbox 1602 3737 1668 3792; x_wconf 86' lang='lat' dir='ltr'><strong>Et</strong></span> <span class='ocrx_word' id='word_1_492' title='bbox 1713 3739 1767 3792; x_wconf 90' lang='lat' dir='ltr'><strong>in</strong></span> <span class='ocrx_word' id='word_1_493' title='bbox 1796 3738 2014 3805; x_wconf 85' lang='lat' dir='ltr'><strong>plenitu-</strong></span> 
     </span>
    </p>
   </div>
   <div class='ocr_carea' id='block_1_64' title="bbox 440 3830 2014 3900">
    <p class='ocr_par' dir='ltr' id='par_1_64' title="bbox 440 3830 2014 3900">
     <span class='ocr_line' id='line_1_64' title="bbox 440 3830 2014 3900; baseline -0.001 -14"><span class='ocrx_word' id='word_1_494' title='bbox 440 3837 561 3889; x_wconf 82' lang='lat' dir='ltr'><strong>dine</strong></span> <span class='ocrx_word' id='word_1_495' title='bbox 608 3834 794 3889; x_wconf 86' lang='lat' dir='ltr'><strong>multa.</strong></span> <span class='ocrx_word' id='word_1_496' title='bbox 850 3833 1198 3892; x_wconf 83' lang='lat' dir='ltr'><strong>Perfectionis</strong></span> <span class='ocrx_word' id='word_1_497' title='bbox 1244 3843 1469 3900; x_wconf 77' lang='lat' dir='ltr'><strong>vestrae,</strong></span> <span class='ocrx_word' id='word_1_498' title='bbox 1519 3834 1633 3888; x_wconf 87' lang='lat' dir='ltr'><strong>sive</strong></span> <span class='ocrx_word' id='word_1_499' title='bbox 1673 3830 2014 3887; x_wconf 59' lang='lat' dir='ltr'><strong>abundantiae</strong></span> 
     </span>
    </p>
   </div>
   <div class='ocr_carea' id='block_1_65' title="bbox 442 3922 2014 3995">
    <p class='ocr_par' dir='ltr' id='par_1_65' title="bbox 442 3922 2014 3995">
     <span class='ocr_line' id='line_1_65' title="bbox 442 3922 2014 3995; baseline -0.001 -20"><span class='ocrx_word' id='word_1_500' title='bbox 442 3933 658 3978; x_wconf 58' lang='lat' dir='ltr'><strong>nostra).</strong></span> <span class='ocrx_word' id='word_1_501' title='bbox 686 3924 831 3979; x_wconf 87' lang='lat' dir='ltr'><strong>Sicut</strong></span> <span class='ocrx_word' id='word_1_502' title='bbox 866 3925 1005 3979; x_wconf 88' lang='lat' dir='ltr'><strong>scitis</strong></span> <span class='ocrx_word' id='word_1_503' title='bbox 1047 3923 1222 3995; x_wconf 84' lang='lat' dir='ltr'><strong>quales</strong></span> <span class='ocrx_word' id='word_1_504' title='bbox 1262 3924 1507 3993; x_wconf 82' lang='lat' dir='ltr'><strong>fuerimus</strong></span> <span class='ocrx_word' id='word_1_505' title='bbox 1532 3924 1587 3976; x_wconf 89' lang='lat' dir='ltr'><strong>in</strong></span> <span class='ocrx_word' id='word_1_506' title='bbox 1627 3922 1763 3976; x_wconf 87' lang='lat' dir='ltr'><strong>vobis</strong></span> <span class='ocrx_word' id='word_1_507' title='bbox 1808 3932 2014 3993; x_wconf 88' lang='lat' dir='ltr'><strong>prapter</strong></span> 
     </span>
    </p>
   </div>
   <div class='ocr_carea' id='block_1_66' title="bbox 439 4013 2013 4071">
    <p class='ocr_par' dir='ltr' id='par_1_66' title="bbox 439 4013 2013 4071">
     <span class='ocr_line' id='line_1_66' title="bbox 439 4013 2013 4071; baseline -0.003 -1"><span class='ocrx_word' id='word_1_508' title='bbox 439 4032 549 4070; x_wconf 73' lang='lat' dir='ltr'><strong>vos.</strong></span> <span class='ocrx_word' id='word_1_509' title='bbox 587 4016 761 4071; x_wconf 81' lang='lat' dir='ltr'><strong>Etiam</strong></span> <span class='ocrx_word' id='word_1_510' title='bbox 802 4032 832 4071; x_wconf 88' lang='lat' dir='ltr'><strong>a</strong></span> <span class='ocrx_word' id='word_1_511' title='bbox 881 4016 1041 4071; x_wconf 87' lang='lat' dir='ltr'><strong>licitis</strong></span> <span class='ocrx_word' id='word_1_512' title='bbox 1075 4016 1449 4070; x_wconf 73' lang='lat' dir='ltr'><strong>abstinuitnus.</strong></span> <span class='ocrx_word' id='word_1_513' title='bbox 1483 4013 1552 4069; x_wconf 88' lang='lat' dir='ltr'><strong>Et</strong></span> <span class='ocrx_word' id='word_1_514' title='bbox 1596 4030 1683 4069; x_wconf 86' lang='lat' dir='ltr'><strong>vos</strong></span> <span class='ocrx_word' id='word_1_515' title='bbox 1727 4015 2013 4067; x_wconf 87' lang='lat' dir='ltr'><strong>imitatores</strong></span> 
     </span>
    </p>
   </div>
   <div class='ocr_carea' id='block_1_67' title="bbox 439 4105 2015 4180">
    <p class='ocr_par' dir='ltr' id='par_1_67' title="bbox 439 4105 2015 4180">
     <span class='ocr_line' id='line_1_67' title="bbox 439 4105 2015 4180; baseline -0.001 -19"><span class='ocrx_word' id='word_1_516' title='bbox 439 4111 598 4162; x_wconf 86' lang='lat' dir='ltr'><strong>nostri</strong></span> <span class='ocrx_word' id='word_1_517' title='bbox 639 4110 762 4180; x_wconf 85' lang='lat' dir='ltr'><strong>facti</strong></span> <span class='ocrx_word' id='word_1_518' title='bbox 795 4109 933 4175; x_wconf 81' lang='lat' dir='ltr'><strong>estis,</strong></span> <span class='ocrx_word' id='word_1_519' title='bbox 966 4117 1015 4162; x_wconf 88' lang='lat' dir='ltr'><strong>et</strong></span> <span class='ocrx_word' id='word_1_520' title='bbox 1060 4107 1266 4162; x_wconf 90' lang='lat' dir='ltr'><strong>Domini</strong></span> <span class='ocrx_word' id='word_1_521' title='bbox 1312 4107 1617 4178; x_wconf 70' lang='lat' dir='ltr'><strong>excipientes</strong></span> <span class='ocrx_word' id='word_1_522' title='bbox 1658 4106 1882 4160; x_wconf 83' lang='lat' dir='ltr'><strong>verbum.</strong></span> <span class='ocrx_word' id='word_1_523' title='bbox 1911 4105 2015 4161; x_wconf 79' lang='lat' dir='ltr'><strong>Per</strong></span> 
     </span>
    </p>
   </div>
   <div class='ocr_carea' id='block_1_68' title="bbox 440 4197 2015 4271">
    <p class='ocr_par' dir='ltr' id='par_1_68' title="bbox 440 4197 2015 4271">
     <span class='ocr_line' id='line_1_68' title="bbox 440 4197 2015 4271; baseline -0.002 -17"><span class='ocrx_word' id='word_1_524' title='bbox 440 4201 742 4271; x_wconf 88' lang='lat' dir='ltr'><strong>passionem</strong></span> <span class='ocrx_word' id='word_1_525' title='bbox 787 4201 1140 4271; x_wconf 88' lang='lat' dir='ltr'><strong>suscipientes</strong></span> <span class='ocrx_word' id='word_1_526' title='bbox 1172 4201 1417 4270; x_wconf 88' lang='lat' dir='ltr'><strong>verbum,</strong></span> <span class='ocrx_word' id='word_1_527' title='bbox 1446 4200 1587 4256; x_wconf 89' lang='lat' dir='ltr'><strong>sicut</strong></span> <span class='ocrx_word' id='word_1_528' title='bbox 1612 4208 1670 4254; x_wconf 83' lang='lat' dir='ltr'><strong>et</strong></span> <span class='ocrx_word' id='word_1_529' title='bbox 1696 4213 1792 4254; x_wconf 88' lang='lat' dir='ltr'><strong>nos</strong></span> <span class='ocrx_word' id='word_1_530' title='bbox 1821 4207 1875 4253; x_wconf 88' lang='lat' dir='ltr'><strong>et</strong></span> <span class='ocrx_word' id='word_1_531' title='bbox 1909 4197 2015 4251; x_wconf 89' lang='lat' dir='ltr'><strong>Do-</strong></span> 
     </span>
    </p>
   </div>
   <div class='ocr_carea' id='block_1_69' title="bbox 438 4288 2011 4363">
    <p class='ocr_par' dir='ltr' id='par_1_69' title="bbox 438 4288 2011 4363">
     <span class='ocr_line' id='line_1_69' title="bbox 438 4288 2011 4363; baseline -0.003 -18"><span class='ocrx_word' id='word_1_532' title='bbox 438 4293 612 4347; x_wconf 87' lang='lat' dir='ltr'><strong>minus</strong></span> <span class='ocrx_word' id='word_1_533' title='bbox 640 4292 1073 4363; x_wconf 65' lang='lat' dir='ltr'><strong>prazdicavimus.</strong></span> <span class='ocrx_word' id='word_1_534' title='bbox 1091 4291 1155 4346; x_wconf 83' lang='lat' dir='ltr'><strong>In</strong></span> <span class='ocrx_word' id='word_1_535' title='bbox 1187 4292 1511 4346; x_wconf 88' lang='lat' dir='ltr'><strong>tribulatione</strong></span> <span class='ocrx_word' id='word_1_536' title='bbox 1536 4290 1719 4345; x_wconf 85' lang='lat' dir='ltr'><strong>multa.</strong></span> <span class='ocrx_word' id='word_1_537' title='bbox 1748 4288 1899 4356; x_wconf 86' lang='lat' dir='ltr'><strong>Quod</strong></span> <span class='ocrx_word' id='word_1_538' title='bbox 1926 4288 2011 4342; x_wconf 82' lang='lat' dir='ltr'><strong>vix</strong></span> 
     </span>
    </p>
   </div>
   <div class='ocr_carea' id='block_1_70' title="bbox 437 4382 2013 4456">
    <p class='ocr_par' dir='ltr' id='par_1_70' title="bbox 437 4382 2013 4456">
     <span class='ocr_line' id='line_1_70' title="bbox 437 4382 2013 4456; baseline -0.004 -16"><span class='ocrx_word' id='word_1_539' title='bbox 437 4387 704 4456; x_wconf 73' lang='lat' dir='ltr'><strong>excipitur</strong></span> <span class='ocrx_word' id='word_1_540' title='bbox 739 4387 791 4441; x_wconf 91' lang='lat' dir='ltr'><strong>in</strong></span> <span class='ocrx_word' id='word_1_541' title='bbox 819 4386 1017 4456; x_wconf 85' lang='lat' dir='ltr'><strong>quiete.</strong></span> <span class='ocrx_word' id='word_1_542' title='bbox 1047 4383 1177 4440; x_wconf 84' lang='lat' dir='ltr'><strong>Cum</strong></span> <span class='ocrx_word' id='word_1_543' title='bbox 1197 4385 1387 4455; x_wconf 84' lang='lat' dir='ltr'><strong>gaudio</strong></span> <span class='ocrx_word' id='word_1_544' title='bbox 1415 4384 1645 4455; x_wconf 86' lang='lat' dir='ltr'><strong>Spiritus</strong></span> <span class='ocrx_word' id='word_1_545' title='bbox 1682 4384 1867 4437; x_wconf 87' lang='lat' dir='ltr'><strong>sancti.</strong></span> <span class='ocrx_word' id='word_1_546' title='bbox 1902 4382 2013 4435; x_wconf 92' lang='lat' dir='ltr'><strong>Hoc</strong></span> 
     </span>
    </p>
   </div>
   <div class='ocr_carea' id='block_1_71' title="bbox 439 4472 2011 4545">
    <p class='ocr_par' dir='ltr' id='par_1_71' title="bbox 439 4472 2011 4545">
     <span class='ocr_line' id='line_1_71' title="bbox 439 4472 2011 4545; baseline -0.001 -16"><span class='ocrx_word' id='word_1_547' title='bbox 439 4485 525 4529; x_wconf 90' lang='lat' dir='ltr'><strong>est</strong></span> <span class='ocrx_word' id='word_1_548' title='bbox 543 4491 668 4531; x_wconf 90' lang='lat' dir='ltr'><strong>vere</strong></span> <span class='ocrx_word' id='word_1_549' title='bbox 685 4477 914 4545; x_wconf 78' lang='lat' dir='ltr'><strong>gaudere</strong></span> <span class='ocrx_word' id='word_1_550' title='bbox 942 4479 994 4531; x_wconf 93' lang='lat' dir='ltr'><strong>in</strong></span> <span class='ocrx_word' id='word_1_551' title='bbox 1020 4476 1220 4544; x_wconf 85' lang='lat' dir='ltr'><strong>Spiritu</strong></span> <span class='ocrx_word' id='word_1_552' title='bbox 1243 4485 1450 4541; x_wconf 83' lang='lat' dir='ltr'><strong>sancto,</strong></span> <span class='ocrx_word' id='word_1_553' title='bbox 1481 4476 1621 4531; x_wconf 89' lang='lat' dir='ltr'><strong>sicut</strong></span> <span class='ocrx_word' id='word_1_554' title='bbox 1648 4474 1899 4544; x_wconf 86' lang='lat' dir='ltr'><strong>apostoli,</strong></span> <span class='ocrx_word' id='word_1_555' title='bbox 1922 4472 2011 4541; x_wconf 89' lang='lat' dir='ltr'><strong>qui</strong></span> 
     </span>
    </p>
   </div>
   <div class='ocr_carea' id='block_1_72' title="bbox 440 4564 2013 4635">
    <p class='ocr_par' dir='ltr' id='par_1_72' title="bbox 440 4564 2013 4635">
     <span class='ocr_line' id='line_1_72' title="bbox 440 4564 2013 4635; baseline 0 -18"><span class='ocrx_word' id='word_1_556' title='bbox 440 4564 586 4617; x_wconf 84' lang='lat' dir='ltr'><strong>ibant</strong></span> <span class='ocrx_word' id='word_1_557' title='bbox 614 4566 927 4633; x_wconf 81' lang='lat' dir='ltr'><strong>gaudentes,</strong></span> <span class='ocrx_word' id='word_1_558' title='bbox 948 4566 1068 4634; x_wconf 88' lang='lat' dir='ltr'><strong>quia</strong></span> <span class='ocrx_word' id='word_1_559' title='bbox 1097 4568 1242 4635; x_wconf 82' lang='lat' dir='ltr'><strong>digni</strong></span> <span class='ocrx_word' id='word_1_560' title='bbox 1266 4567 1432 4621; x_wconf 86' lang='lat' dir='ltr'><strong>habiti</strong></span> <span class='ocrx_word' id='word_1_561' title='bbox 1458 4575 1583 4620; x_wconf 90' lang='lat' dir='ltr'><strong>sunt</strong></span> <span class='ocrx_word' id='word_1_562' title='bbox 1604 4565 1714 4634; x_wconf 84' lang='lat' dir='ltr'><strong>pati</strong></span> <span class='ocrx_word' id='word_1_563' title='bbox 1735 4574 2013 4620; x_wconf 84' lang='lat' dir='ltr'><strong>contume-</strong></span> 
     </span>
    </p>
   </div>
   <div class='ocr_carea' id='block_1_73' title="bbox 441 4633 2090 4727">
    <p class='ocr_par' dir='ltr' id='par_1_73' title="bbox 441 4633 2090 4727">
     <span class='ocr_line' id='line_1_73' title="bbox 441 4633 2090 4727; baseline 0 -20"><span class='ocrx_word' id='word_1_564' title='bbox 441 4656 563 4707; x_wconf 89' lang='lat' dir='ltr'><strong>liam</strong></span> <span class='ocrx_word' id='word_1_565' title='bbox 588 4656 909 4723; x_wconf 86' lang='lat' dir='ltr'><strong>pronomine</strong></span> <span class='ocrx_word' id='word_1_566' title='bbox 938 4633 1258 4711; x_wconf 30' lang='lat' dir='ltr'><strong>Christiilta</strong></span> <span class='ocrx_word' id='word_1_567' title='bbox 1286 4668 1342 4711; x_wconf 90' lang='lat' dir='ltr'><strong>ut</strong></span> <span class='ocrx_word' id='word_1_568' title='bbox 1373 4658 1498 4727; x_wconf 90' lang='lat' dir='ltr'><strong>facti</strong></span> <span class='ocrx_word' id='word_1_569' title='bbox 1524 4633 1636 4711; x_wconf 85' lang='lat' dir='ltr'><strong>sitis</strong></span> <span class='ocrx_word' id='word_1_570' title='bbox 1659 4658 1825 4726; x_wconf 87' lang='lat' dir='ltr'><strong>forma</strong></span> <span class='ocrx_word' id='word_1_571' title='bbox 1845 4657 2011 4711; x_wconf 87' lang='lat' dir='ltr'><strong>omni-</strong></span> <span class='ocrx_word' id='word_1_572' title='bbox 2041 4633 2090 4692; x_wconf 72' lang='grc' dir='ltr'>υ</span> 
     </span>
    </p>
   </div>
   <div class='ocr_carea' id='block_1_74' title="bbox 440 4743 2015 4800">
    <p class='ocr_par' dir='ltr' id='par_1_74' title="bbox 440 4743 2015 4800">
     <span class='ocr_line' id='line_1_74' title="bbox 440 4743 2015 4800; baseline 0.004 -7"><span class='ocrx_word' id='word_1_573' title='bbox 440 4744 529 4797; x_wconf 79' lang='lat' dir='ltr'><strong>bus</strong></span> <span class='ocrx_word' id='word_1_574' title='bbox 555 4743 874 4797; x_wconf 85' lang='lat' dir='ltr'><strong>credentibus</strong></span> <span class='ocrx_word' id='word_1_575' title='bbox 915 4745 968 4796; x_wconf 87' lang='lat' dir='ltr'><strong>in</strong></span> <span class='ocrx_word' id='word_1_576' title='bbox 1017 4744 1321 4800; x_wconf 79' lang='lat' dir='ltr'><strong>Macedonia</strong></span> <span class='ocrx_word' id='word_1_577' title='bbox 1347 4756 1392 4800; x_wconf 88' lang='lat' dir='ltr'><strong>et</strong></span> <span class='ocrx_word' id='word_1_578' title='bbox 1419 4747 1470 4799; x_wconf 90' lang='lat' dir='ltr'><strong>in</strong></span> <span class='ocrx_word' id='word_1_579' title='bbox 1494 4747 1710 4799; x_wconf 82' lang='lat' dir='ltr'><strong>Achata.</strong></span> <span class='ocrx_word' id='word_1_580' title='bbox 1749 4745 2015 4800; x_wconf 81' lang='lat' dir='ltr'><strong>Perfecto-</strong></span> 
     </span>
    </p>
   </div>
   <div class='ocr_carea' id='block_1_75' title="bbox 439 4834 2011 4891">
    <p class='ocr_par' dir='ltr' id='par_1_75' title="bbox 439 4834 2011 4891">
     <span class='ocr_line' id='line_1_75' title="bbox 439 4834 2011 4891; baseline 0.003 -6"><span class='ocrx_word' id='word_1_581' title='bbox 439 4848 557 4885; x_wconf 87' lang='lat' dir='ltr'><strong>rum</strong></span> <span class='ocrx_word' id='word_1_582' title='bbox 587 4842 670 4887; x_wconf 78' lang='lat' dir='ltr'><strong>est</strong></span> <span class='ocrx_word' id='word_1_583' title='bbox 692 4834 914 4887; x_wconf 77' lang='lat' dir='ltr'><strong>formam</strong></span> <span class='ocrx_word' id='word_1_584' title='bbox 940 4834 1281 4890; x_wconf 88' lang='lat' dir='ltr'><strong>credentibus</strong></span> <span class='ocrx_word' id='word_1_585' title='bbox 1305 4835 1593 4891; x_wconf 79' lang='lat' dir='ltr'><strong>exhibere:</strong></span> <span class='ocrx_word' id='word_1_586' title='bbox 1626 4843 1805 4890; x_wconf 88' lang='lat' dir='ltr'><strong>vestro</strong></span> <span class='ocrx_word' id='word_1_587' title='bbox 1831 4850 2011 4890; x_wconf 78' lang='lat' dir='ltr'><strong>exem-</strong></span> 
     </span>
    </p>
   </div>
   <div class='ocr_carea' id='block_1_76' title="bbox 439 4926 2010 4996">
    <p class='ocr_par' dir='ltr' id='par_1_76' title="bbox 439 4926 2010 4996">
     <span class='ocr_line' id='line_1_76' title="bbox 439 4926 2010 4996; baseline 0.003 -17"><span class='ocrx_word' id='word_1_588' title='bbox 439 4927 527 4995; x_wconf 84' lang='lat' dir='ltr'><strong>plo</strong></span> <span class='ocrx_word' id='word_1_589' title='bbox 555 4942 743 4981; x_wconf 80' lang='lat' dir='ltr'><strong>omnes</strong></span> <span class='ocrx_word' id='word_1_590' title='bbox 770 4936 891 4980; x_wconf 88' lang='lat' dir='ltr'><strong>sunt</strong></span> <span class='ocrx_word' id='word_1_591' title='bbox 915 4926 1209 4996; x_wconf 81' lang='lat' dir='ltr'><strong>provocati.</strong></span> <span class='ocrx_word' id='word_1_592' title='bbox 1242 4928 1283 4980; x_wconf 82' lang='lat' dir='ltr'><strong><em>A</em></strong></span> <span class='ocrx_word' id='word_1_593' title='bbox 1307 4928 1443 4982; x_wconf 88' lang='lat' dir='ltr'><strong>vobis</strong></span> <span class='ocrx_word' id='word_1_594' title='bbox 1465 4927 1598 4981; x_wconf 89' lang='lat' dir='ltr'><strong>enim</strong></span> <span class='ocrx_word' id='word_1_595' title='bbox 1620 4926 1913 4992; x_wconf 78' lang='lat' dir='ltr'><strong>di/Iamatus</strong></span> <span class='ocrx_word' id='word_1_596' title='bbox 1934 4937 2010 4983; x_wconf 85' lang='lat' dir='ltr'><strong>est</strong></span> 
     </span>
    </p>
   </div>
   <div class='ocr_carea' id='block_1_77' title="bbox 435 5016 2005 5085">
    <p class='ocr_par' dir='ltr' id='par_1_77' title="bbox 435 5016 2005 5085">
     <span class='ocr_line' id='line_1_77' title="bbox 435 5016 2005 5085; baseline 0.001 -14"><span class='ocrx_word' id='word_1_597' title='bbox 435 5034 602 5071; x_wconf 77' lang='lat' dir='ltr'><strong>sermo</strong></span> <span class='ocrx_word' id='word_1_598' title='bbox 651 5016 768 5071; x_wconf 86' lang='lat' dir='ltr'><strong>Dei.</strong></span> <span class='ocrx_word' id='word_1_599' title='bbox 798 5017 995 5071; x_wconf 82' lang='lat' dir='ltr'><strong>Natura</strong></span> <span class='ocrx_word' id='word_1_600' title='bbox 1046 5018 1199 5071; x_wconf 55' lang='lat' dir='ltr'><strong>fama)</strong></span> <span class='ocrx_word' id='word_1_601' title='bbox 1248 5017 1364 5072; x_wconf 73' lang='lat' dir='ltr'><strong>hmo</strong></span> <span class='ocrx_word' id='word_1_602' title='bbox 1405 5027 1509 5085; x_wconf 88' lang='lat' dir='ltr'><strong>est,</strong></span> <span class='ocrx_word' id='word_1_603' title='bbox 1540 5027 1598 5071; x_wconf 84' lang='grc' dir='ltr'><strong>ιιι</strong></span> <span class='ocrx_word' id='word_1_604' title='bbox 1624 5018 1738 5073; x_wconf 88' lang='lat' dir='ltr'><strong>sive</strong></span> <span class='ocrx_word' id='word_1_605' title='bbox 1782 5019 2005 5085; x_wconf 88' lang='lat' dir='ltr'><strong>bonum,</strong></span> 
     </span>
    </p>
   </div>
   <div class='ocr_carea' id='block_1_78' title="bbox 436 5108 2007 5177">
    <p class='ocr_par' dir='ltr' id='par_1_78' title="bbox 436 5108 2007 5177">
     <span class='ocr_line' id='line_1_78' title="bbox 436 5108 2007 5177; baseline 0 -15"><span class='ocrx_word' id='word_1_606' title='bbox 436 5111 548 5162; x_wconf 83' lang='lat' dir='ltr'><strong>sive</strong></span> <span class='ocrx_word' id='word_1_607' title='bbox 595 5110 791 5163; x_wconf 88' lang='lat' dir='ltr'><strong>malum</strong></span> <span class='ocrx_word' id='word_1_608' title='bbox 822 5111 1091 5173; x_wconf 87' lang='lat' dir='ltr'><strong>nuntians,</strong></span> <span class='ocrx_word' id='word_1_609' title='bbox 1121 5109 1315 5177; x_wconf 87' lang='lat' dir='ltr'><strong>ubique</strong></span> <span class='ocrx_word' id='word_1_610' title='bbox 1358 5108 1643 5164; x_wconf 88' lang='lat' dir='ltr'><strong>discurrat.</strong></span> <span class='ocrx_word' id='word_1_611' title='bbox 1675 5109 1797 5164; x_wconf 87' lang='lat' dir='ltr'><strong>Non</strong></span> <span class='ocrx_word' id='word_1_612' title='bbox 1839 5112 2007 5164; x_wconf 87' lang='lat' dir='ltr'><strong>solunt</strong></span> 
     </span>
    </p>
   </div>
   <div class='ocr_carea' id='block_1_79' title="bbox 437 5200 2011 5270">
    <p class='ocr_par' dir='ltr' id='par_1_79' title="bbox 437 5200 2011 5270">
     <span class='ocr_line' id='line_1_79' title="bbox 437 5200 2011 5270; baseline 0.003 -19"><span class='ocrx_word' id='word_1_613' title='bbox 437 5202 489 5251; x_wconf 90' lang='lat' dir='ltr'><strong>in</strong></span> <span class='ocrx_word' id='word_1_614' title='bbox 526 5200 834 5254; x_wconf 83' lang='lat' dir='ltr'><strong>Macedonia</strong></span> <span class='ocrx_word' id='word_1_615' title='bbox 865 5208 910 5254; x_wconf 90' lang='lat' dir='ltr'><strong>et</strong></span> <span class='ocrx_word' id='word_1_616' title='bbox 942 5201 995 5253; x_wconf 88' lang='lat' dir='ltr'><strong>in</strong></span> <span class='ocrx_word' id='word_1_617' title='bbox 1045 5200 1258 5266; x_wconf 84' lang='lat' dir='ltr'><strong>Achaia,</strong></span> <span class='ocrx_word' id='word_1_618' title='bbox 1282 5203 1370 5254; x_wconf 84' lang='lat' dir='ltr'><strong>sed</strong></span> <span class='ocrx_word' id='word_1_619' title='bbox 1399 5203 1453 5255; x_wconf 91' lang='lat' dir='ltr'><strong>in</strong></span> <span class='ocrx_word' id='word_1_620' title='bbox 1480 5204 1618 5257; x_wconf 91' lang='lat' dir='ltr'><strong>omni</strong></span> <span class='ocrx_word' id='word_1_621' title='bbox 1643 5202 1847 5256; x_wconf 86' lang='lat' dir='ltr'><strong>loco.lu</strong></span> <span class='ocrx_word' id='word_1_622' title='bbox 1877 5216 2011 5270; x_wconf 89' lang='lat' dir='ltr'><strong>quo-</strong></span> 
     </span>
    </p>
   </div>
   <div class='ocr_carea' id='block_1_80' title="bbox 438 5291 2011 5359">
    <p class='ocr_par' dir='ltr' id='par_1_80' title="bbox 438 5291 2011 5359">
     <span class='ocr_line' id='line_1_80' title="bbox 438 5291 2011 5359; baseline 0.001 -18"><span class='ocrx_word' id='word_1_623' title='bbox 438 5306 552 5341; x_wconf 87' lang='lat' dir='ltr'><strong>rum</strong></span> <span class='ocrx_word' id='word_1_624' title='bbox 586 5307 717 5359; x_wconf 89' lang='lat' dir='ltr'><strong>pene</strong></span> <span class='ocrx_word' id='word_1_625' title='bbox 746 5292 980 5347; x_wconf 80' lang='lat' dir='ltr'><strong>conﬁnio</strong></span> <span class='ocrx_word' id='word_1_626' title='bbox 1008 5299 1092 5346; x_wconf 86' lang='lat' dir='ltr'><strong>est</strong></span> <span class='ocrx_word' id='word_1_627' title='bbox 1120 5291 1520 5347; x_wconf 82' lang='lat' dir='ltr'><strong>Thessalonica.</strong></span> <span class='ocrx_word' id='word_1_628' title='bbox 1540 5292 1695 5347; x_wconf 85' lang='lat' dir='ltr'><strong>Fides</strong></span> <span class='ocrx_word' id='word_1_629' title='bbox 1721 5302 1883 5346; x_wconf 89' lang='lat' dir='ltr'><strong>vestra</strong></span> <span class='ocrx_word' id='word_1_630' title='bbox 1899 5305 2011 5358; x_wconf 70' lang='lat' dir='ltr'><strong>qua:</strong></span> 
     </span>
    </p>
   </div>
   <div class='ocr_carea' id='block_1_81' title="bbox 438 5382 2015 5452">
    <p class='ocr_par' dir='ltr' id='par_1_81' title="bbox 438 5382 2015 5452">
     <span class='ocr_line' id='line_1_81' title="bbox 438 5382 2015 5452; baseline 0 -20"><span class='ocrx_word' id='word_1_631' title='bbox 438 5392 513 5433; x_wconf 87' lang='lat' dir='ltr'><strong>est</strong></span> <span class='ocrx_word' id='word_1_632' title='bbox 543 5383 594 5433; x_wconf 90' lang='lat' dir='ltr'><strong>in</strong></span> <span class='ocrx_word' id='word_1_633' title='bbox 620 5382 800 5448; x_wconf 88' lang='lat' dir='ltr'><strong>Deum,</strong></span> <span class='ocrx_word' id='word_1_634' title='bbox 822 5382 1049 5452; x_wconf 82' lang='lat' dir='ltr'><strong>profecta</strong></span> <span class='ocrx_word' id='word_1_635' title='bbox 1078 5392 1170 5436; x_wconf 89' lang='lat' dir='ltr'><strong>est.</strong></span> <span class='ocrx_word' id='word_1_636' title='bbox 1195 5384 1276 5438; x_wconf 81' lang='lat' dir='ltr'><strong>Ab</strong></span> <span class='ocrx_word' id='word_1_637' title='bbox 1304 5384 1465 5437; x_wconf 90' lang='lat' dir='ltr'><strong>idolis</strong></span> <span class='ocrx_word' id='word_1_638' title='bbox 1487 5384 1553 5438; x_wconf 87' lang='lat' dir='ltr'><strong>ad</strong></span> <span class='ocrx_word' id='word_1_639' title='bbox 1582 5382 1861 5437; x_wconf 82' lang='lat' dir='ltr'><strong>Dominum</strong></span> <span class='ocrx_word' id='word_1_640' title='bbox 1892 5395 2015 5432; x_wconf 87' lang='lat' dir='ltr'><strong>con-</strong></span> 
     </span>
    </p>
   </div>
   <div class='ocr_carea' id='block_1_82' title="bbox 440 5470 2010 5543">
    <p class='ocr_par' dir='ltr' id='par_1_82' title="bbox 440 5470 2010 5543">
     <span class='ocr_line' id='line_1_82' title="bbox 440 5470 2010 5543; baseline 0 -21"><span class='ocrx_word' id='word_1_641' title='bbox 440 5487 608 5526; x_wconf 84' lang='lat' dir='ltr'><strong>versa.</strong></span> <span class='ocrx_word' id='word_1_642' title='bbox 636 5472 719 5527; x_wconf 89' lang='lat' dir='ltr'><strong>Ita</strong></span> <span class='ocrx_word' id='word_1_643' title='bbox 748 5487 799 5527; x_wconf 90' lang='lat' dir='ltr'><strong>ut</strong></span> <span class='ocrx_word' id='word_1_644' title='bbox 827 5490 928 5526; x_wconf 92' lang='lat' dir='ltr'><strong>non</strong></span> <span class='ocrx_word' id='word_1_645' title='bbox 957 5475 1021 5527; x_wconf 88' lang='lat' dir='ltr'><strong>sit</strong></span> <span class='ocrx_word' id='word_1_646' title='bbox 1052 5474 1194 5528; x_wconf 84' lang='lat' dir='ltr'><strong>nobis</strong></span> <span class='ocrx_word' id='word_1_647' title='bbox 1225 5490 1425 5528; x_wconf 85' lang='lat' dir='ltr'><strong>necesse</strong></span> <span class='ocrx_word' id='word_1_648' title='bbox 1450 5475 1729 5543; x_wconf 84' lang='lat' dir='ltr'><strong>quidquam</strong></span> <span class='ocrx_word' id='word_1_649' title='bbox 1750 5470 1909 5539; x_wconf 87' lang='lat' dir='ltr'><strong>loqui.</strong></span> <span class='ocrx_word' id='word_1_650' title='bbox 1936 5470 2010 5522; x_wconf 90' lang='lat' dir='ltr'><strong>lta</strong></span> 
     </span>
    </p>
   </div>
   <div class='ocr_carea' id='block_1_83' title="bbox 439 5559 2012 5635">
    <p class='ocr_par' dir='ltr' id='par_1_83' title="bbox 439 5559 2012 5635">
     <span class='ocr_line' id='line_1_83' title="bbox 439 5559 2012 5635; baseline 0 -23"><span class='ocrx_word' id='word_1_651' title='bbox 439 5570 495 5614; x_wconf 86' lang='lat' dir='ltr'><strong>ut</strong></span> <span class='ocrx_word' id='word_1_652' title='bbox 520 5563 673 5615; x_wconf 86' lang='lat' dir='ltr'><strong>nobis</strong></span> <span class='ocrx_word' id='word_1_653' title='bbox 701 5564 1075 5633; x_wconf 87' lang='lat' dir='ltr'><strong>incipientibus</strong></span> <span class='ocrx_word' id='word_1_654' title='bbox 1101 5565 1298 5635; x_wconf 87' lang='lat' dir='ltr'><strong>aliquid</strong></span> <span class='ocrx_word' id='word_1_655' title='bbox 1322 5565 1389 5620; x_wconf 86' lang='lat' dir='ltr'><strong>de</strong></span> <span class='ocrx_word' id='word_1_656' title='bbox 1410 5564 1562 5617; x_wconf 87' lang='lat' dir='ltr'><strong>vobis</strong></span> <span class='ocrx_word' id='word_1_657' title='bbox 1583 5561 1650 5615; x_wconf 87' lang='lat' dir='ltr'><strong>ad</strong></span> <span class='ocrx_word' id='word_1_658' title='bbox 1673 5574 1860 5614; x_wconf 81' lang='lat' dir='ltr'><strong>eorum</strong></span> <span class='ocrx_word' id='word_1_659' title='bbox 1882 5559 2012 5612; x_wconf 67' lang='lat' dir='ltr'><strong>uadi-</strong></span> 
     </span>
    </p>
   </div>
   <div class='ocr_carea' id='block_1_84' title="bbox 442 5648 2013 5725">
    <p class='ocr_par' dir='ltr' id='par_1_84' title="bbox 442 5648 2013 5725">
     <span class='ocr_line' id='line_1_84' title="bbox 442 5648 2013 5725; baseline 0.002 -24"><span class='ocrx_word' id='word_1_660' title='bbox 442 5650 740 5706; x_wconf 84' lang='lat' dir='ltr'><strong>ticatiunem</strong></span> <span class='ocrx_word' id='word_1_661' title='bbox 786 5653 951 5723; x_wconf 88' lang='lat' dir='ltr'><strong>loqui,</strong></span> <span class='ocrx_word' id='word_1_662' title='bbox 1002 5655 1101 5725; x_wconf 85' lang='lat' dir='ltr'><strong>ipsi</strong></span> <span class='ocrx_word' id='word_1_663' title='bbox 1153 5657 1351 5723; x_wconf 85' lang='lat' dir='ltr'><strong>optimc</strong></span> <span class='ocrx_word' id='word_1_664' title='bbox 1382 5653 1521 5706; x_wconf 87' lang='lat' dir='ltr'><strong>scire</strong></span> <span class='ocrx_word' id='word_1_665' title='bbox 1561 5665 1621 5705; x_wconf 86' lang='lat' dir='ltr'><strong>se</strong></span> <span class='ocrx_word' id='word_1_666' title='bbox 1664 5648 1863 5706; x_wconf 86' lang='lat' dir='ltr'><strong>dicant.</strong></span> <span class='ocrx_word' id='word_1_667' title='bbox 1899 5648 2013 5720; x_wconf 83' lang='lat' dir='ltr'><strong>Ipsi</strong></span> 
     </span>
    </p>
   </div>
   <div class='ocr_carea' id='block_1_85' title="bbox 443 5745 2005 5817">
    <p class='ocr_par' dir='ltr' id='par_1_85' title="bbox 443 5745 2005 5817">
     <span class='ocr_line' id='line_1_85' title="bbox 443 5745 2005 5817; baseline 0.003 -19"><span class='ocrx_word' id='word_1_668' title='bbox 443 5747 571 5802; x_wconf 71' lang='lat' dir='ltr'><strong>enim</strong></span> <span class='ocrx_word' id='word_1_669' title='bbox 602 5747 663 5802; x_wconf 81' lang='lat' dir='ltr'><strong>de</strong></span> <span class='ocrx_word' id='word_1_670' title='bbox 691 5746 827 5805; x_wconf 87' lang='lat' dir='ltr'><strong>nobis</strong></span> <span class='ocrx_word' id='word_1_671' title='bbox 855 5751 1178 5817; x_wconf 84' lang='lat' dir='ltr'><strong>annuntiant,</strong></span> <span class='ocrx_word' id='word_1_672' title='bbox 1212 5746 1414 5817; x_wconf 88' lang='lat' dir='ltr'><strong>qualem</strong></span> <span class='ocrx_word' id='word_1_673' title='bbox 1455 5745 1721 5801; x_wconf 86' lang='lat' dir='ltr'><strong>introitum</strong></span> <span class='ocrx_word' id='word_1_674' title='bbox 1769 5746 2005 5803; x_wconf 79' lang='lat' dir='ltr'><strong>habueri-</strong></span> 
     </span>
    </p>
   </div>
   <div class='ocr_carea' id='block_1_86' title="bbox 2115 3373 3689 3444">
    <p class='ocr_par' dir='ltr' id='par_1_86' title="bbox 2115 3373 3689 3444">
     <span class='ocr_line' id='line_1_86' title="bbox 2115 3373 3689 3444; baseline 0 -16"><span class='ocrx_word' id='word_1_675' title='bbox 2115 3373 2322 3429; x_wconf 88' lang='lat' dir='ltr'><strong>dentes.</strong></span> <span class='ocrx_word' id='word_1_676' title='bbox 2361 3373 2465 3430; x_wconf 88' lang='lat' dir='ltr'><strong>Sed</strong></span> <span class='ocrx_word' id='word_1_677' title='bbox 2490 3375 2619 3428; x_wconf 87' lang='lat' dir='ltr'><strong>sicut</strong></span> <span class='ocrx_word' id='word_1_678' title='bbox 2649 3373 2849 3444; x_wconf 86' lang='lat' dir='ltr'><strong>probati</strong></span> <span class='ocrx_word' id='word_1_679' title='bbox 2882 3389 3056 3427; x_wconf 88' lang='lat' dir='ltr'><strong>sumus</strong></span> <span class='ocrx_word' id='word_1_680' title='bbox 3085 3390 3117 3427; x_wconf 92' lang='lat' dir='ltr'><strong>a</strong></span> <span class='ocrx_word' id='word_1_681' title='bbox 3151 3374 3279 3440; x_wconf 94' lang='lat' dir='ltr'><strong>Deo,</strong></span> <span class='ocrx_word' id='word_1_682' title='bbox 3313 3384 3364 3427; x_wconf 87' lang='lat' dir='ltr'><strong>ttt</strong></span> <span class='ocrx_word' id='word_1_683' title='bbox 3410 3376 3689 3429; x_wconf 72' lang='lat' dir='ltr'><strong>credentur</strong></span> 
     </span>
    </p>
   </div>
   <div class='ocr_carea' id='block_1_87' title="bbox 2117 3464 3687 3538">
    <p class='ocr_par' dir='ltr' id='par_1_87' title="bbox 2117 3464 3687 3538">
     <span class='ocr_line' id='line_1_87' title="bbox 2117 3464 3687 3538; baseline 0 -17"><span class='ocrx_word' id='word_1_684' title='bbox 2117 3467 2261 3521; x_wconf 88' lang='lat' dir='ltr'><strong>nobis</strong></span> <span class='ocrx_word' id='word_1_685' title='bbox 2309 3466 2660 3538; x_wconf 82' lang='lat' dir='ltr'><strong>Evangelum,</strong></span> <span class='ocrx_word' id='word_1_686' title='bbox 2702 3466 2774 3520; x_wconf 89' lang='lat' dir='ltr'><strong>ita</strong></span> <span class='ocrx_word' id='word_1_687' title='bbox 2816 3464 3088 3535; x_wconf 85' lang='lat' dir='ltr'><strong>loquimur.</strong></span> <span class='ocrx_word' id='word_1_688' title='bbox 3140 3465 3347 3536; x_wconf 78' lang='lat' dir='ltr'><strong>lntegre</strong></span> <span class='ocrx_word' id='word_1_689' title='bbox 3408 3468 3687 3536; x_wconf 88' lang='lat' dir='ltr'><strong>loquimur,</strong></span> 
     </span>
    </p>
   </div>
   <div class='ocr_carea' id='block_1_88' title="bbox 2116 3548 3691 3638">
    <p class='ocr_par' dir='ltr' id='par_1_88' title="bbox 2116 3548 3691 3638">
     <span class='ocr_line' id='line_1_88' title="bbox 2116 3548 3691 3638; baseline 0.002 -26"><span class='ocrx_word' id='word_1_690' title='bbox 2116 3560 2263 3628; x_wconf 67' lang='lat' dir='ltr'><strong>quasi</strong></span> <span class='ocrx_word' id='word_1_691' title='bbox 2294 3575 2332 3638; x_wconf 32' lang='lat' dir='ltr'><strong>a.</strong></span> <span class='ocrx_word' id='word_1_692' title='bbox 2365 3559 2473 3614; x_wconf 92' lang='lat' dir='ltr'><strong>Deo</strong></span> <span class='ocrx_word' id='word_1_693' title='bbox 2512 3559 2715 3629; x_wconf 81' lang='lat' dir='ltr'><strong>probati</strong></span> <span class='ocrx_word' id='word_1_694' title='bbox 2739 3548 2875 3626; x_wconf 80' lang='lat' dir='ltr'><strong>,qui</strong></span> <span class='ocrx_word' id='word_1_695' title='bbox 2916 3560 3152 3614; x_wconf 88' lang='lat' dir='ltr'><strong>omnium</strong></span> <span class='ocrx_word' id='word_1_696' title='bbox 3195 3570 3403 3615; x_wconf 84' lang='lat' dir='ltr'><strong>mentes</strong></span> <span class='ocrx_word' id='word_1_697' title='bbox 3434 3561 3610 3625; x_wconf 82' lang='lat' dir='ltr'><strong>novit,</strong></span> <span class='ocrx_word' id='word_1_698' title='bbox 3641 3571 3691 3615; x_wconf 88' lang='lat' dir='ltr'><strong>et</strong></span> 
     </span>
    </p>
   </div>
   <div class='ocr_carea' id='block_1_89' title="bbox 2115 3648 3689 3719">
    <p class='ocr_par' dir='ltr' id='par_1_89' title="bbox 2115 3648 3689 3719">
     <span class='ocr_line' id='line_1_89' title="bbox 2115 3648 3689 3719; baseline 0.001 -15"><span class='ocrx_word' id='word_1_699' title='bbox 2115 3651 2182 3705; x_wconf 86' lang='lat' dir='ltr'><strong>ab</strong></span> <span class='ocrx_word' id='word_1_700' title='bbox 2209 3650 2324 3719; x_wconf 90' lang='lat' dir='ltr'><strong>ipso</strong></span> <span class='ocrx_word' id='word_1_701' title='bbox 2354 3653 2402 3704; x_wconf 92' lang='lat' dir='ltr'><strong>in</strong></span> <span class='ocrx_word' id='word_1_702' title='bbox 2434 3649 2535 3705; x_wconf 87' lang='lat' dir='ltr'><strong>hoc</strong></span> <span class='ocrx_word' id='word_1_703' title='bbox 2576 3651 2751 3704; x_wconf 76' lang='lat' dir='ltr'><strong>officio</strong></span> <span class='ocrx_word' id='word_1_704' title='bbox 2777 3649 3047 3705; x_wconf 62' lang='lat' dir='ltr'><strong>destinati.</strong></span> <span class='ocrx_word' id='word_1_705' title='bbox 3080 3648 3199 3703; x_wconf 78' lang='lat' dir='ltr'><strong>Non</strong></span> <span class='ocrx_word' id='word_1_706' title='bbox 3228 3653 3373 3718; x_wconf 87' lang='lat' dir='ltr'><strong>quasi</strong></span> <span class='ocrx_word' id='word_1_707' title='bbox 3402 3651 3689 3705; x_wconf 83' lang='lat' dir='ltr'><strong>hominibus</strong></span> 
     </span>
    </p>
   </div>
   <div class='ocr_carea' id='block_1_90' title="bbox 2116 3740 3690 3812">
    <p class='ocr_par' dir='ltr' id='par_1_90' title="bbox 2116 3740 3690 3812">
     <span class='ocr_line' id='line_1_90' title="bbox 2116 3740 3690 3812; baseline 0.001 -18"><span class='ocrx_word' id='word_1_708' title='bbox 2116 3742 2393 3812; x_wconf 80' lang='lat' dir='ltr'><strong>placentes,</strong></span> <span class='ocrx_word' id='word_1_709' title='bbox 2423 3742 2513 3799; x_wconf 87' lang='lat' dir='ltr'><strong>sed</strong></span> <span class='ocrx_word' id='word_1_710' title='bbox 2543 3741 2672 3807; x_wconf 84' lang='lat' dir='ltr'><strong>Deo,</strong></span> <span class='ocrx_word' id='word_1_711' title='bbox 2701 3741 2788 3811; x_wconf 88' lang='lat' dir='ltr'><strong>qui</strong></span> <span class='ocrx_word' id='word_1_712' title='bbox 2820 3740 2996 3808; x_wconf 88' lang='lat' dir='ltr'><strong>probat</strong></span> <span class='ocrx_word' id='word_1_713' title='bbox 3024 3742 3178 3793; x_wconf 85' lang='lat' dir='ltr'><strong>corda</strong></span> <span class='ocrx_word' id='word_1_714' title='bbox 3208 3751 3403 3796; x_wconf 87' lang='lat' dir='ltr'><strong>nostra.</strong></span> <span class='ocrx_word' id='word_1_715' title='bbox 3432 3741 3561 3809; x_wconf 69' lang='grc' dir='ltr'><strong>ρυω</strong></span> <span class='ocrx_word' id='word_1_716' title='bbox 3589 3742 3690 3795; x_wconf 74' lang='grc' dir='ltr'><strong>(ειηὶ</strong></span> 
     </span>
    </p>
   </div>
   <div class='ocr_carea' id='block_1_91' title="bbox 2118 3831 3693 3904">
    <p class='ocr_par' dir='ltr' id='par_1_91' title="bbox 2118 3831 3693 3904">
     <span class='ocr_line' id='line_1_91' title="bbox 2118 3831 3693 3904; baseline -0.002 -15"><span class='ocrx_word' id='word_1_717' title='bbox 2118 3841 2356 3904; x_wconf 87' lang='lat' dir='ltr'><strong>possunt.</strong></span> <span class='ocrx_word' id='word_1_718' title='bbox 2408 3833 2587 3902; x_wconf 80' lang='lat' dir='ltr'><strong>Neque</strong></span> <span class='ocrx_word' id='word_1_719' title='bbox 2629 3833 2759 3885; x_wconf 82' lang='lat' dir='ltr'><strong>enim</strong></span> <span class='ocrx_word' id='word_1_720' title='bbox 2803 3831 3083 3901; x_wconf 88' lang='lat' dir='ltr'><strong>aliquando</strong></span> <span class='ocrx_word' id='word_1_721' title='bbox 3132 3832 3324 3901; x_wconf 87' lang='lat' dir='ltr'><strong>fuimus</strong></span> <span class='ocrx_word' id='word_1_722' title='bbox 3368 3833 3423 3885; x_wconf 84' lang='lat' dir='ltr'><strong>in</strong></span> <span class='ocrx_word' id='word_1_723' title='bbox 3468 3848 3693 3886; x_wconf 79' lang='lat' dir='ltr'><strong>sermons</strong></span> 
     </span>
    </p>
   </div>
   <div class='ocr_carea' id='block_1_92' title="bbox 2113 3923 3688 3993">
    <p class='ocr_par' dir='ltr' id='par_1_92' title="bbox 2113 3923 3688 3993">
     <span class='ocr_line' id='line_1_92' title="bbox 2113 3923 3688 3993; baseline -0.003 -12"><span class='ocrx_word' id='word_1_724' title='bbox 2113 3926 2443 3990; x_wconf 85' lang='lat' dir='ltr'><strong>adulationis,</strong></span> <span class='ocrx_word' id='word_1_725' title='bbox 2470 3927 2600 3979; x_wconf 88' lang='lat' dir='ltr'><strong>sicut</strong></span> <span class='ocrx_word' id='word_1_726' title='bbox 2639 3925 2808 3986; x_wconf 87' lang='lat' dir='ltr'><strong>scitis;</strong></span> <span class='ocrx_word' id='word_1_727' title='bbox 2848 3940 3007 3993; x_wconf 89' lang='lat' dir='ltr'><strong>neque</strong></span> <span class='ocrx_word' id='word_1_728' title='bbox 3045 3923 3099 3975; x_wconf 89' lang='lat' dir='ltr'><strong>in</strong></span> <span class='ocrx_word' id='word_1_729' title='bbox 3144 3925 3411 3977; x_wconf 84' lang='lat' dir='ltr'><strong>occasione</strong></span> <span class='ocrx_word' id='word_1_730' title='bbox 3446 3924 3688 3985; x_wconf 66' lang='lat' dir='ltr'><strong>avaritia,</strong></span> 
     </span>
    </p>
   </div>
   <div class='ocr_carea' id='block_1_93' title="bbox 2114 4010 3690 4083">
    <p class='ocr_par' dir='ltr' id='par_1_93' title="bbox 2114 4010 3690 4083">
     <span class='ocr_line' id='line_1_93' title="bbox 2114 4010 3690 4083; baseline -0.005 -13"><span class='ocrx_word' id='word_1_731' title='bbox 2114 4016 2255 4072; x_wconf 87' lang='lat' dir='ltr'><strong>Deus</strong></span> <span class='ocrx_word' id='word_1_732' title='bbox 2281 4016 2418 4071; x_wconf 84' lang='lat' dir='ltr'><strong>testis</strong></span> <span class='ocrx_word' id='word_1_733' title='bbox 2461 4024 2564 4080; x_wconf 87' lang='lat' dir='ltr'><strong>est;</strong></span> <span class='ocrx_word' id='word_1_734' title='bbox 2595 4030 2684 4068; x_wconf 89' lang='lat' dir='ltr'><strong>nec</strong></span> <span class='ocrx_word' id='word_1_735' title='bbox 2725 4022 3001 4083; x_wconf 68' lang='lat' dir='ltr'><strong>quarrentes</strong></span> <span class='ocrx_word' id='word_1_736' title='bbox 3027 4012 3088 4065; x_wconf 83' lang='lat' dir='ltr'><strong>ab</strong></span> <span class='ocrx_word' id='word_1_737' title='bbox 3117 4010 3405 4065; x_wconf 85' lang='lat' dir='ltr'><strong>hominibus</strong></span> <span class='ocrx_word' id='word_1_738' title='bbox 3442 4013 3690 4082; x_wconf 77' lang='lat' dir='ltr'><strong>gloriam,</strong></span> 
     </span>
    </p>
   </div>
   <div class='ocr_carea' id='block_1_94' title="bbox 2114 4102 3694 4180">
    <p class='ocr_par' dir='ltr' id='par_1_94' title="bbox 2114 4102 3694 4180">
     <span class='ocr_line' id='line_1_94' title="bbox 2114 4102 3694 4180; baseline -0.006 -16"><span class='ocrx_word' id='word_1_739' title='bbox 2114 4126 2275 4180; x_wconf 88' lang='lat' dir='ltr'><strong>neque</strong></span> <span class='ocrx_word' id='word_1_740' title='bbox 2303 4126 2335 4162; x_wconf 94' lang='lat' dir='ltr'><strong>a</strong></span> <span class='ocrx_word' id='word_1_741' title='bbox 2377 4108 2535 4170; x_wconf 83' lang='lat' dir='ltr'><strong>vobis,</strong></span> <span class='ocrx_word' id='word_1_742' title='bbox 2576 4122 2733 4173; x_wconf 89' lang='lat' dir='ltr'><strong>neque</strong></span> <span class='ocrx_word' id='word_1_743' title='bbox 2776 4104 2838 4158; x_wconf 91' lang='lat' dir='ltr'><strong>ab</strong></span> <span class='ocrx_word' id='word_1_744' title='bbox 2884 4104 3022 4157; x_wconf 87' lang='lat' dir='ltr'><strong>aliis.</strong></span> <span class='ocrx_word' id='word_1_745' title='bbox 3062 4103 3212 4159; x_wconf 70' lang='lat' dir='ltr'><strong>Sicut</strong></span> <span class='ocrx_word' id='word_1_746' title='bbox 3250 4104 3337 4172; x_wconf 91' lang='lat' dir='ltr'><strong>qui</strong></span> <span class='ocrx_word' id='word_1_747' title='bbox 3393 4102 3694 4156; x_wconf 79' lang='lat' dir='ltr'><strong>hominibus</strong></span> 
     </span>
    </p>
   </div>
   <div class='ocr_carea' id='block_1_95' title="bbox 2115 4194 3693 4271">
    <p class='ocr_par' dir='ltr' id='par_1_95' title="bbox 2115 4194 3693 4271">
     <span class='ocr_line' id='line_1_95' title="bbox 2115 4194 3693 4271; baseline -0.006 -17"><span class='ocrx_word' id='word_1_748' title='bbox 2115 4203 2351 4271; x_wconf 87' lang='lat' dir='ltr'><strong>placent,</strong></span> <span class='ocrx_word' id='word_1_749' title='bbox 2381 4198 2605 4254; x_wconf 79' lang='lat' dir='ltr'><strong>inﬁrmis</strong></span> <span class='ocrx_word' id='word_1_750' title='bbox 2630 4196 2807 4250; x_wconf 86' lang='lat' dir='ltr'><strong>omnia</strong></span> <span class='ocrx_word' id='word_1_751' title='bbox 2835 4212 2953 4265; x_wconf 64' lang='lat' dir='ltr'><strong>qua:</strong></span> <span class='ocrx_word' id='word_1_752' title='bbox 2980 4194 3284 4249; x_wconf 85' lang='lat' dir='ltr'><strong>desiderant</strong></span> <span class='ocrx_word' id='word_1_753' title='bbox 3314 4195 3693 4256; x_wconf 86' lang='lat' dir='ltr'><strong>concedentes,</strong></span> 
     </span>
    </p>
   </div>
   <div class='ocr_carea' id='block_1_96' title="bbox 2114 4285 3691 4355">
    <p class='ocr_par' dir='ltr' id='par_1_96' title="bbox 2114 4285 3691 4355">
     <span class='ocr_line' id='line_1_96' title="bbox 2114 4285 3691 4355; baseline -0.007 -7"><span class='ocrx_word' id='word_1_754' title='bbox 2114 4303 2167 4348; x_wconf 91' lang='lat' dir='ltr'><strong>et</strong></span> <span class='ocrx_word' id='word_1_755' title='bbox 2194 4306 2378 4347; x_wconf 56' lang='lat' dir='ltr'><strong>eorum</strong></span> <span class='ocrx_word' id='word_1_756' title='bbox 2410 4298 2633 4343; x_wconf 87' lang='lat' dir='ltr'><strong>mortem</strong></span> <span class='ocrx_word' id='word_1_757' title='bbox 2662 4302 2764 4342; x_wconf 91' lang='lat' dir='ltr'><strong>non</strong></span> <span class='ocrx_word' id='word_1_758' title='bbox 2796 4297 3063 4341; x_wconf 83' lang='lat' dir='ltr'><strong>curantes.</strong></span> <span class='ocrx_word' id='word_1_759' title='bbox 3095 4285 3278 4341; x_wconf 88' lang='lat' dir='ltr'><strong>Omnis</strong></span> <span class='ocrx_word' id='word_1_760' title='bbox 3307 4287 3396 4355; x_wconf 88' lang='lat' dir='ltr'><strong>qui</strong></span> <span class='ocrx_word' id='word_1_761' title='bbox 3428 4285 3691 4348; x_wconf 88' lang='lat' dir='ltr'><strong>adulatur,</strong></span> 
     </span>
    </p>
   </div>
   <div class='ocr_carea' id='block_1_97' title="bbox 2114 4378 3694 4452">
    <p class='ocr_par' dir='ltr' id='par_1_97' title="bbox 2114 4378 3694 4452">
     <span class='ocr_line' id='line_1_97' title="bbox 2114 4378 3694 4452; baseline -0.005 -14"><span class='ocrx_word' id='word_1_762' title='bbox 2114 4393 2206 4438; x_wconf 89' lang='lat' dir='ltr'><strong>aut</strong></span> <span class='ocrx_word' id='word_1_763' title='bbox 2232 4392 2447 4452; x_wconf 88' lang='lat' dir='ltr'><strong>pr0pter</strong></span> <span class='ocrx_word' id='word_1_764' title='bbox 2477 4381 2752 4435; x_wconf 79' lang='lat' dir='ltr'><strong>avaritiam</strong></span> <span class='ocrx_word' id='word_1_765' title='bbox 2780 4382 2860 4435; x_wconf 91' lang='lat' dir='ltr'><strong>vel</strong></span> <span class='ocrx_word' id='word_1_766' title='bbox 2897 4380 3121 4450; x_wconf 79' lang='lat' dir='ltr'><strong>gloriam</strong></span> <span class='ocrx_word' id='word_1_767' title='bbox 3150 4378 3412 4433; x_wconf 88' lang='lat' dir='ltr'><strong>adulatur.</strong></span> <span class='ocrx_word' id='word_1_768' title='bbox 3446 4379 3539 4433; x_wconf 87' lang='lat' dir='ltr'><strong>Ille</strong></span> <span class='ocrx_word' id='word_1_769' title='bbox 3568 4393 3694 4448; x_wconf 82' lang='lat' dir='ltr'><strong>ergo</strong></span> 
     </span>
    </p>
   </div>
   <div class='ocr_carea' id='block_1_98' title="bbox 2115 4471 3692 4545">
    <p class='ocr_par' dir='ltr' id='par_1_98' title="bbox 2115 4471 3692 4545">
     <span class='ocr_line' id='line_1_98' title="bbox 2115 4471 3692 4545; baseline -0.005 -13"><span class='ocrx_word' id='word_1_770' title='bbox 2115 4477 2368 4545; x_wconf 77' lang='lat' dir='ltr'><strong>probatur</strong></span> <span class='ocrx_word' id='word_1_771' title='bbox 2411 4483 2627 4543; x_wconf 77' lang='lat' dir='ltr'><strong>propter</strong></span> <span class='ocrx_word' id='word_1_772' title='bbox 2669 4473 2832 4526; x_wconf 89' lang='lat' dir='ltr'><strong>Deum</strong></span> <span class='ocrx_word' id='word_1_773' title='bbox 2876 4473 3051 4540; x_wconf 86' lang='lat' dir='ltr'><strong>loqui,</strong></span> <span class='ocrx_word' id='word_1_774' title='bbox 3095 4472 3182 4538; x_wconf 86' lang='lat' dir='ltr'><strong>qui</strong></span> <span class='ocrx_word' id='word_1_775' title='bbox 3215 4472 3312 4526; x_wconf 87' lang='lat' dir='ltr'><strong>ista</strong></span> <span class='ocrx_word' id='word_1_776' title='bbox 3342 4486 3447 4525; x_wconf 90' lang='lat' dir='ltr'><strong>non</strong></span> <span class='ocrx_word' id='word_1_777' title='bbox 3481 4471 3692 4537; x_wconf 61' lang='lat' dir='ltr'><strong>quzrit.</strong></span> 
     </span>
    </p>
   </div>
   <div class='ocr_carea' id='block_1_99' title="bbox 2117 4561 3670 4639">
    <p class='ocr_par' dir='ltr' id='par_1_99' title="bbox 2117 4561 3670 4639">
     <span class='ocr_line' id='line_1_99' title="bbox 2117 4561 3670 4639; baseline -0.006 -16"><span class='ocrx_word' id='word_1_778' title='bbox 2117 4569 2241 4623; x_wconf 88' lang='lat' dir='ltr'><strong>Cum</strong></span> <span class='ocrx_word' id='word_1_779' title='bbox 2271 4584 2530 4639; x_wconf 81' lang='lat' dir='ltr'><strong>possemus</strong></span> <span class='ocrx_word' id='word_1_780' title='bbox 2557 4567 2698 4621; x_wconf 88' lang='lat' dir='ltr'><strong>oneri</strong></span> <span class='ocrx_word' id='word_1_781' title='bbox 2722 4582 2827 4620; x_wconf 78' lang='lat' dir='ltr'><strong>esse</strong></span> <span class='ocrx_word' id='word_1_782' title='bbox 2855 4576 2906 4617; x_wconf 91' lang='lat' dir='ltr'><strong>ut</strong></span> <span class='ocrx_word' id='word_1_783' title='bbox 2934 4561 3121 4617; x_wconf 87' lang='lat' dir='ltr'><strong>Christi</strong></span> <span class='ocrx_word' id='word_1_784' title='bbox 3151 4566 3390 4631; x_wconf 86' lang='lat' dir='ltr'><strong>apostoli.</strong></span> <span class='ocrx_word' id='word_1_785' title='bbox 3418 4564 3550 4617; x_wconf 85' lang='lat' dir='ltr'><strong>Cum</strong></span> <span class='ocrx_word' id='word_1_786' title='bbox 3575 4576 3670 4630; x_wconf 85' lang='lat' dir='ltr'><strong>pos</strong></span> 
     </span>
    </p>
   </div>
   <div class='ocr_carea' id='block_1_100' title="bbox 2115 4653 3693 4725">
    <p class='ocr_par' dir='ltr' id='par_1_100' title="bbox 2115 4653 3693 4725">
     <span class='ocr_line' id='line_1_100' title="bbox 2115 4653 3693 4725; baseline -0.008 -8"><span class='ocrx_word' id='word_1_787' title='bbox 2115 4661 2282 4718; x_wconf 85' lang='lat' dir='ltr'><strong>simus</strong></span> <span class='ocrx_word' id='word_1_788' title='bbox 2310 4673 2404 4713; x_wconf 87' lang='lat' dir='ltr'><strong>vos</strong></span> <span class='ocrx_word' id='word_1_789' title='bbox 2432 4658 2514 4713; x_wconf 87' lang='lat' dir='ltr'><strong>vel</strong></span> <span class='ocrx_word' id='word_1_790' title='bbox 2546 4659 2596 4710; x_wconf 92' lang='lat' dir='ltr'><strong>in</strong></span> <span class='ocrx_word' id='word_1_791' title='bbox 2628 4656 2728 4711; x_wconf 92' lang='lat' dir='ltr'><strong>hoc</strong></span> <span class='ocrx_word' id='word_1_792' title='bbox 2772 4669 3013 4725; x_wconf 81' lang='lat' dir='ltr'><strong>gravare,</strong></span> <span class='ocrx_word' id='word_1_793' title='bbox 3053 4653 3195 4723; x_wconf 91' lang='lat' dir='ltr'><strong>quod</strong></span> <span class='ocrx_word' id='word_1_794' title='bbox 3226 4653 3379 4708; x_wconf 88' lang='lat' dir='ltr'><strong>nobis</strong></span> <span class='ocrx_word' id='word_1_795' title='bbox 3427 4653 3566 4705; x_wconf 65' lang='lat' dir='ltr'><strong>Deus</strong></span> <span class='ocrx_word' id='word_1_796' title='bbox 3606 4667 3693 4705; x_wconf 87' lang='lat' dir='ltr'><strong>or-</strong></span> 
     </span>
    </p>
   </div>
   <div class='ocr_carea' id='block_1_101' title="bbox 2116 4742 3692 4815">
    <p class='ocr_par' dir='ltr' id='par_1_101' title="bbox 2116 4742 3692 4815">
     <span class='ocr_line' id='line_1_101' title="bbox 2116 4742 3692 4815; baseline -0.004 -12"><span class='ocrx_word' id='word_1_797' title='bbox 2116 4749 2340 4803; x_wconf 87' lang='lat' dir='ltr'><strong>dinavit.</strong></span> <span class='ocrx_word' id='word_1_798' title='bbox 2388 4746 2492 4802; x_wconf 63' lang='lat' dir='ltr'><strong>Sed</strong></span> <span class='ocrx_word' id='word_1_799' title='bbox 2535 4747 2657 4815; x_wconf 87' lang='lat' dir='ltr'><strong>facti</strong></span> <span class='ocrx_word' id='word_1_800' title='bbox 2697 4760 2871 4799; x_wconf 85' lang='lat' dir='ltr'><strong>sumus</strong></span> <span class='ocrx_word' id='word_1_801' title='bbox 2917 4744 3115 4813; x_wconf 85' lang='lat' dir='ltr'><strong>parvuli</strong></span> <span class='ocrx_word' id='word_1_802' title='bbox 3150 4743 3201 4795; x_wconf 88' lang='lat' dir='ltr'><strong>in</strong></span> <span class='ocrx_word' id='word_1_803' title='bbox 3242 4742 3407 4796; x_wconf 88' lang='lat' dir='ltr'><strong>medio</strong></span> <span class='ocrx_word' id='word_1_804' title='bbox 3450 4752 3692 4796; x_wconf 83' lang='lat' dir='ltr'><strong>vestrum.</strong></span> 
     </span>
    </p>
   </div>
   <div class='ocr_carea' id='block_1_102' title="bbox 2117 4832 3691 4902">
    <p class='ocr_par' dir='ltr' id='par_1_102' title="bbox 2117 4832 3691 4902">
     <span class='ocr_line' id='line_1_102' title="bbox 2117 4832 3691 4902; baseline -0.006 -8"><span class='ocrx_word' id='word_1_805' title='bbox 2117 4839 2469 4894; x_wconf 84' lang='lat' dir='ltr'><strong>llumiliautes</strong></span> <span class='ocrx_word' id='word_1_806' title='bbox 2491 4852 2588 4892; x_wconf 89' lang='lat' dir='ltr'><strong>nos</strong></span> <span class='ocrx_word' id='word_1_807' title='bbox 2611 4845 2666 4890; x_wconf 91' lang='lat' dir='ltr'><strong>et</strong></span> <span class='ocrx_word' id='word_1_808' title='bbox 2696 4849 2795 4890; x_wconf 88' lang='lat' dir='ltr'><strong>nec</strong></span> <span class='ocrx_word' id='word_1_809' title='bbox 2818 4834 3054 4887; x_wconf 87' lang='lat' dir='ltr'><strong>debitum</strong></span> <span class='ocrx_word' id='word_1_810' title='bbox 3085 4842 3383 4902; x_wconf 59' lang='lat' dir='ltr'><strong>quaerentes</strong></span> <span class='ocrx_word' id='word_1_811' title='bbox 3410 4832 3691 4887; x_wconf 88' lang='lat' dir='ltr'><strong>honorem.</strong></span> 
     </span>
    </p>
   </div>
   <div class='ocr_carea' id='block_1_103' title="bbox 2118 4922 3693 4996">
    <p class='ocr_par' dir='ltr' id='par_1_103' title="bbox 2118 4922 3693 4996">
     <span class='ocr_line' id='line_1_103' title="bbox 2118 4922 3693 4996; baseline -0.004 -13"><span class='ocrx_word' id='word_1_812' title='bbox 2118 4930 2379 4995; x_wconf 82' lang='lat' dir='ltr'><strong>Tanquam</strong></span> <span class='ocrx_word' id='word_1_813' title='bbox 2422 4929 2467 4985; x_wconf 87' lang='lat' dir='ltr'><strong>si</strong></span> <span class='ocrx_word' id='word_1_814' title='bbox 2510 4928 2682 4982; x_wconf 72' lang='lat' dir='ltr'><strong>nutris:</strong></span> <span class='ocrx_word' id='word_1_815' title='bbox 2723 4927 2888 4996; x_wconf 77' lang='lat' dir='ltr'><strong>fat-eat</strong></span> <span class='ocrx_word' id='word_1_816' title='bbox 2915 4923 3051 4992; x_wconf 84' lang='lat' dir='ltr'><strong>ﬁlios</strong></span> <span class='ocrx_word' id='word_1_817' title='bbox 3079 4940 3217 4978; x_wconf 87' lang='lat' dir='ltr'><strong>suos.</strong></span> <span class='ocrx_word' id='word_1_818' title='bbox 3272 4922 3567 4977; x_wconf 88' lang='lat' dir='ltr'><strong>Humilians</strong></span> <span class='ocrx_word' id='word_1_819' title='bbox 3615 4939 3693 4986; x_wconf 88' lang='lat' dir='ltr'><strong>se,</strong></span> 
     </span>
    </p>
   </div>
   <div class='ocr_carea' id='block_1_104' title="bbox 2113 5014 3691 5086">
    <p class='ocr_par' dir='ltr' id='par_1_104' title="bbox 2113 5014 3691 5086">
     <span class='ocr_line' id='line_1_104' title="bbox 2113 5014 3691 5086; baseline -0.006 -12"><span class='ocrx_word' id='word_1_820' title='bbox 2113 5029 2167 5074; x_wconf 90' lang='lat' dir='ltr'><strong>et</strong></span> <span class='ocrx_word' id='word_1_821' title='bbox 2189 5019 2241 5073; x_wconf 89' lang='lat' dir='ltr'><strong>in</strong></span> <span class='ocrx_word' id='word_1_822' title='bbox 2263 5018 2511 5071; x_wconf 89' lang='lat' dir='ltr'><strong>omnibus</strong></span> <span class='ocrx_word' id='word_1_823' title='bbox 2540 5018 2759 5086; x_wconf 88' lang='lat' dir='ltr'><strong>parvulo</strong></span> <span class='ocrx_word' id='word_1_824' title='bbox 2787 5029 3088 5084; x_wconf 71' lang='lat' dir='ltr'><strong>comquans,</strong></span> <span class='ocrx_word' id='word_1_825' title='bbox 3118 5022 3173 5068; x_wconf 93' lang='lat' dir='ltr'><strong>ut</strong></span> <span class='ocrx_word' id='word_1_826' title='bbox 3200 5014 3345 5067; x_wconf 90' lang='lat' dir='ltr'><strong>illutn</strong></span> <span class='ocrx_word' id='word_1_827' title='bbox 3368 5016 3436 5067; x_wconf 89' lang='lat' dir='ltr'><strong>ad</strong></span> <span class='ocrx_word' id='word_1_828' title='bbox 3465 5014 3691 5082; x_wconf 85' lang='lat' dir='ltr'><strong>majora,</strong></span> 
     </span>
    </p>
   </div>
   <div class='ocr_carea' id='block_1_105' title="bbox 2112 5103 3692 5175">
    <p class='ocr_par' dir='ltr' id='par_1_105' title="bbox 2112 5103 3692 5175">
     <span class='ocr_line' id='line_1_105' title="bbox 2112 5103 3692 5175; baseline -0.003 -12"><span class='ocrx_word' id='word_1_829' title='bbox 2112 5122 2208 5163; x_wconf 89' lang='lat' dir='ltr'><strong>sua</strong></span> <span class='ocrx_word' id='word_1_830' title='bbox 2236 5107 2535 5163; x_wconf 82' lang='lat' dir='ltr'><strong>imitatione</strong></span> <span class='ocrx_word' id='word_1_831' title='bbox 2567 5106 2837 5175; x_wconf 82' lang='lat' dir='ltr'><strong>perducat.</strong></span> <span class='ocrx_word' id='word_1_832' title='bbox 2869 5105 2998 5158; x_wconf 86' lang='lat' dir='ltr'><strong>Nam</strong></span> <span class='ocrx_word' id='word_1_833' title='bbox 3040 5112 3096 5157; x_wconf 90' lang='lat' dir='ltr'><strong>et</strong></span> <span class='ocrx_word' id='word_1_834' title='bbox 3123 5105 3173 5157; x_wconf 89' lang='lat' dir='ltr'><strong>in</strong></span> <span class='ocrx_word' id='word_1_835' title='bbox 3213 5103 3385 5172; x_wconf 76' lang='lat' dir='ltr'><strong>lingua</strong></span> <span class='ocrx_word' id='word_1_836' title='bbox 3433 5104 3692 5170; x_wconf 87' lang='lat' dir='ltr'><strong>balbutit,</strong></span> 
     </span>
    </p>
   </div>
   <div class='ocr_carea' id='block_1_106' title="bbox 2114 5192 3691 5269">
    <p class='ocr_par' dir='ltr' id='par_1_106' title="bbox 2114 5192 3691 5269">
     <span class='ocr_line' id='line_1_106' title="bbox 2114 5192 3691 5269; baseline -0.004 -15"><span class='ocrx_word' id='word_1_837' title='bbox 2114 5211 2167 5254; x_wconf 86' lang='lat' dir='ltr'><strong>et</strong></span> <span class='ocrx_word' id='word_1_838' title='bbox 2196 5215 2380 5269; x_wconf 85' lang='lat' dir='ltr'><strong>parum</strong></span> <span class='ocrx_word' id='word_1_839' title='bbox 2407 5198 2544 5263; x_wconf 91' lang='lat' dir='ltr'><strong>edit,</strong></span> <span class='ocrx_word' id='word_1_840' title='bbox 2569 5205 2767 5252; x_wconf 84' lang='lat' dir='ltr'><strong>etcum</strong></span> <span class='ocrx_word' id='word_1_841' title='bbox 2794 5210 2858 5250; x_wconf 89' lang='lat' dir='ltr'><strong>eo</strong></span> <span class='ocrx_word' id='word_1_842' title='bbox 2889 5194 3030 5249; x_wconf 87' lang='lat' dir='ltr'><strong>lente</strong></span> <span class='ocrx_word' id='word_1_843' title='bbox 3072 5192 3337 5258; x_wconf 87' lang='lat' dir='ltr'><strong>ambulat,</strong></span> <span class='ocrx_word' id='word_1_844' title='bbox 3372 5203 3429 5247; x_wconf 92' lang='lat' dir='ltr'><strong>ut</strong></span> <span class='ocrx_word' id='word_1_845' title='bbox 3468 5208 3691 5247; x_wconf 84' lang='lat' dir='ltr'><strong>consue-</strong></span> 
     </span>
    </p>
   </div>
   <div class='ocr_carea' id='block_1_107' title="bbox 2113 5284 3693 5352">
    <p class='ocr_par' dir='ltr' id='par_1_107' title="bbox 2113 5284 3693 5352">
     <span class='ocr_line' id='line_1_107' title="bbox 2113 5284 3693 5352; baseline -0.007 -6"><span class='ocrx_word' id='word_1_846' title='bbox 2113 5301 2245 5346; x_wconf 86' lang='lat' dir='ltr'><strong>scat.</strong></span> <span class='ocrx_word' id='word_1_847' title='bbox 2283 5288 2368 5343; x_wconf 86' lang='lat' dir='ltr'><strong>Ita</strong></span> <span class='ocrx_word' id='word_1_848' title='bbox 2411 5290 2748 5343; x_wconf 86' lang='lat' dir='ltr'><strong>desiderantes</strong></span> <span class='ocrx_word' id='word_1_849' title='bbox 2795 5302 2881 5341; x_wconf 85' lang='lat' dir='ltr'><strong>vos</strong></span> <span class='ocrx_word' id='word_1_850' title='bbox 2929 5284 3110 5352; x_wconf 89' lang='lat' dir='ltr'><strong>cupide</strong></span> <span class='ocrx_word' id='word_1_851' title='bbox 3156 5285 3445 5343; x_wconf 82' lang='lat' dir='ltr'><strong>volebamus</strong></span> <span class='ocrx_word' id='word_1_852' title='bbox 3494 5286 3693 5339; x_wconf 67' lang='lat' dir='ltr'><strong>trudere</strong></span> 
     </span>
    </p>
   </div>
   <div class='ocr_carea' id='block_1_108' title="bbox 2112 5372 3692 5448">
    <p class='ocr_par' dir='ltr' id='par_1_108' title="bbox 2112 5372 3692 5448">
     <span class='ocr_line' id='line_1_108' title="bbox 2112 5372 3692 5448; baseline -0.006 -14"><span class='ocrx_word' id='word_1_853' title='bbox 2112 5381 2269 5435; x_wconf 86' lang='lat' dir='ltr'><strong>vobis.</strong></span> <span class='ocrx_word' id='word_1_854' title='bbox 2294 5379 2401 5435; x_wconf 78' lang='lat' dir='ltr'><strong>Vos</strong></span> <span class='ocrx_word' id='word_1_855' title='bbox 2428 5378 2703 5448; x_wconf 89' lang='lat' dir='ltr'><strong>prolicere.</strong></span> <span class='ocrx_word' id='word_1_856' title='bbox 2735 5374 2857 5429; x_wconf 84' lang='lat' dir='ltr'><strong>Non</strong></span> <span class='ocrx_word' id='word_1_857' title='bbox 2887 5376 3054 5431; x_wconf 77' lang='lat' dir='ltr'><strong>solum</strong></span> <span class='ocrx_word' id='word_1_858' title='bbox 3078 5372 3411 5441; x_wconf 80' lang='lat' dir='ltr'><strong>Evangelium</strong></span> <span class='ocrx_word' id='word_1_859' title='bbox 3446 5373 3569 5439; x_wconf 84' lang='lat' dir='ltr'><strong>Dei,</strong></span> <span class='ocrx_word' id='word_1_860' title='bbox 3604 5376 3692 5426; x_wconf 78' lang='lat' dir='ltr'><strong>scd</strong></span> 
     </span>
    </p>
   </div>
   <div class='ocr_carea' id='block_1_109' title="bbox 2113 5465 3691 5533">
    <p class='ocr_par' dir='ltr' id='par_1_109' title="bbox 2113 5465 3691 5533">
     <span class='ocr_line' id='line_1_109' title="bbox 2113 5465 3691 5533; baseline -0.008 -7"><span class='ocrx_word' id='word_1_861' title='bbox 2113 5472 2267 5526; x_wconf 83' lang='lat' dir='ltr'><strong>etiam</strong></span> <span class='ocrx_word' id='word_1_862' title='bbox 2296 5472 2490 5523; x_wconf 82' lang='lat' dir='ltr'><strong>animas</strong></span> <span class='ocrx_word' id='word_1_863' title='bbox 2520 5478 2735 5520; x_wconf 87' lang='lat' dir='ltr'><strong>nostras.</strong></span> <span class='ocrx_word' id='word_1_864' title='bbox 2765 5466 2916 5521; x_wconf 81' lang='lat' dir='ltr'><strong>Sicut</strong></span> <span class='ocrx_word' id='word_1_865' title='bbox 2945 5466 3121 5518; x_wconf 70' lang='lat' dir='ltr'><strong>nutrix</strong></span> <span class='ocrx_word' id='word_1_866' title='bbox 3162 5480 3376 5518; x_wconf 87' lang='lat' dir='ltr'><strong>sensum</strong></span> <span class='ocrx_word' id='word_1_867' title='bbox 3412 5465 3691 5533; x_wconf 65' lang='lat' dir='ltr'><strong>perit-etin.</strong></span> 
     </span>
    </p>
   </div>
   <div class='ocr_carea' id='block_1_110' title="bbox 2114 5554 3691 5628">
    <p class='ocr_par' dir='ltr' id='par_1_110' title="bbox 2114 5554 3691 5628">
     <span class='ocr_line' id='line_1_110' title="bbox 2114 5554 3691 5628; baseline -0.007 -11"><span class='ocrx_word' id='word_1_868' title='bbox 2114 5565 2197 5617; x_wconf 78' lang='lat' dir='ltr'><strong>nis</strong></span> <span class='ocrx_word' id='word_1_869' title='bbox 2224 5578 2334 5617; x_wconf 69' lang='lat' dir='ltr'><strong>sua:</strong></span> <span class='ocrx_word' id='word_1_870' title='bbox 2363 5564 2413 5614; x_wconf 90' lang='lat' dir='ltr'><strong>in</strong></span> <span class='ocrx_word' id='word_1_871' title='bbox 2442 5559 2714 5628; x_wconf 83' lang='lat' dir='ltr'><strong>parvulum</strong></span> <span class='ocrx_word' id='word_1_872' title='bbox 2743 5559 2853 5610; x_wconf 88' lang='lat' dir='ltr'><strong>vult</strong></span> <span class='ocrx_word' id='word_1_873' title='bbox 2893 5554 3287 5621; x_wconf 80' lang='lat' dir='ltr'><strong>transfundere,</strong></span> <span class='ocrx_word' id='word_1_874' title='bbox 3322 5566 3378 5607; x_wconf 89' lang='lat' dir='ltr'><strong>ut</strong></span> <span class='ocrx_word' id='word_1_875' title='bbox 3418 5564 3473 5609; x_wconf 90' lang='lat' dir='ltr'><strong>et</strong></span> <span class='ocrx_word' id='word_1_876' title='bbox 3512 5557 3581 5607; x_wconf 89' lang='lat' dir='ltr'><strong>sit</strong></span> <span class='ocrx_word' id='word_1_877' title='bbox 3624 5556 3691 5606; x_wconf 71' lang='lat' dir='ltr'><strong>si-</strong></span> 
     </span>
    </p>
   </div>
   <div class='ocr_carea' id='block_1_111' title="bbox 2114 5643 3739 5720">
    <p class='ocr_par' dir='ltr' id='par_1_111' title="bbox 2114 5643 3739 5720">
     <span class='ocr_line' id='line_1_111' title="bbox 2114 5643 3739 5720; baseline -0.006 -13"><span class='ocrx_word' id='word_1_878' title='bbox 2114 5652 2276 5709; x_wconf 86' lang='lat' dir='ltr'><strong>milis.</strong></span> <span class='ocrx_word' id='word_1_879' title='bbox 2323 5651 2571 5714; x_wconf 80' lang='lat' dir='ltr'><strong>Quoniam</strong></span> <span class='ocrx_word' id='word_1_880' title='bbox 2607 5646 2890 5709; x_wconf 77' lang='lat' dir='ltr'><strong>charissiuti</strong></span> <span class='ocrx_word' id='word_1_881' title='bbox 2936 5645 3078 5699; x_wconf 86' lang='lat' dir='ltr'><strong>nobis</strong></span> <span class='ocrx_word' id='word_1_882' title='bbox 3125 5644 3247 5713; x_wconf 87' lang='lat' dir='ltr'><strong>facti</strong></span> <span class='ocrx_word' id='word_1_883' title='bbox 3285 5644 3424 5697; x_wconf 86' lang='lat' dir='ltr'><strong>estis.</strong></span> <span class='ocrx_word' id='word_1_884' title='bbox 3467 5643 3691 5712; x_wconf 64' lang='grc' dir='ltr'><strong>[δι-θρίων</strong></span> <span class='ocrx_word' id='word_1_885' title='bbox 3732 5660 3739 5720; x_wconf 50' lang='grc' dir='ltr'><strong> </strong></span> 
     </span>
    </p>
   </div>
   <div class='ocr_carea' id='block_1_112' title="bbox 2113 5734 3687 5807">
    <p class='ocr_par' dir='ltr' id='par_1_112' title="bbox 2113 5734 3687 5807">
     <span class='ocr_line' id='line_1_112' title="bbox 2113 5734 3687 5807; baseline -0.007 -9"><span class='ocrx_word' id='word_1_886' title='bbox 2113 5744 2270 5800; x_wconf 84' lang='lat' dir='ltr'><strong>ﬁdem</strong></span> <span class='ocrx_word' id='word_1_887' title='bbox 2302 5734 2549 5797; x_wconf 79' lang='lat' dir='ltr'><strong>vestram.</strong></span> <span class='ocrx_word' id='word_1_888' title='bbox 2589 5737 2836 5793; x_wconf 62' lang='lat' dir='ltr'><strong>aleatores</strong></span> <span class='ocrx_word' id='word_1_889' title='bbox 2863 5736 2994 5793; x_wconf 88' lang='lat' dir='ltr'><strong>enim</strong></span> <span class='ocrx_word' id='word_1_890' title='bbox 3022 5737 3147 5807; x_wconf 86' lang='lat' dir='ltr'><strong>facti</strong></span> <span class='ocrx_word' id='word_1_891' title='bbox 3184 5736 3325 5801; x_wconf 87' lang='lat' dir='ltr'><strong>estis,</strong></span> <span class='ocrx_word' id='word_1_892' title='bbox 3371 5736 3572 5796; x_wconf 75' lang='lat' dir='ltr'><strong>fratres,</strong></span> <span class='ocrx_word' id='word_1_893' title='bbox 3613 5736 3687 5787; x_wconf 67' lang='grc' dir='ltr'><strong>(ιι</strong></span> 
     </span>
    </p>
   </div>
  </div>
