3982 6352
283 343 402 397 ωε

929 324 1429 400 m’ErISTOLAM
1468 341 1488 396 ι
1526 341 1617 397 Al)
1654 342 1897 401 mssa

2002 342 2357 403 lNICENSES
2381 344 2912 404 'COMMENTABIA.

3429 329 3437 335 ’
3464 354 3571 409 sta

302 459 439 514 boris
480 457 661 513 nostri.
691 456 931 512 Labores
974 473 1229 513 manuum
1274 457 1565 513 exercebat
1609 458 1878 524 noctibus,
1909 462 1959 521 Α
1984 476 2119 528 spes.
2163 461 2294 528 Quae
2338 477 2444 517 nou
2491 456 2765 536 detineat»:
2796 454 2895 517 Aut
2932 463 3196 532 gaudium.
3246 474 3335 517 aut
3377 482 3568 521 corona

300 551 660 631 fatigationem
692 551 837 625 verbi
882 551 1088 608 diebus.
1118 553 1252 608 Nam
1292 552 1338 606 si
1382 566 1594 620 semper
1628 553 1886 621 operaba-

278 653 410 720 ltur,
438 640 651 710 quando
673 641 930 696 docebat?
957 641 1025 695 Et
1053 634 1393 713 fatigationis,
1418 650 1564 696 nocte
1590 652 1637 696 et
1662 643 1743 695 die
1765 659 1885 713 ape-

290 737 491 784 'rantes.
534 729 687 800 Apud
716 729 832 797 hos,
863 741 916 785 et
944 727 1273 795 Corinthios,
1303 739 1358 785 et
1388 729 1649 798 Ephesios
1676 730 1886 785 labora-

300 821 406 888 vit,
452 806 645 890 quibus
692 822 1025 877 occasionem
1073 819 1289 876 auferre
1332 820 1581 890 cupiebat
1622 822 1703 876 vel
1746 822 1885 876 acci-

290 911 479 981 ‘p'endi
511 911 590 964 vel
630 894 963 965 detrahendi.
1002 909 1084 964 Ne
1116 926 1262 973 quem
1286 920 1501 964 vestrum
1538 926 1883 980 gravaremus,

304 1001 687 1069 pradicavimus
714 1002 767 1055 in
796 1002 934 1056 vobis
963 1001 1299 1072 Evangelium
1330 1002 1447 1057 Dei.
1478 1003 1585 1058 Hoc
1618 1013 1699 1057 est
1718 1043 1733 1068 ,
1762 1019 1887 1058 cum

304 1091 570 1159 possimus
597 1091 745 1146 oneri
767 1105 905 1155 esse,
930 1093 1070 1162 quod
1092 1094 1335 1162 superius
1360 1093 1585 1148 dixerat.
1622 1092 1720 1148 Vos
1741 1103 1887 1148 testes

301 1182 421 1234 estis
444 1189 489 1235 et
517 1180 673 1235 Deus.
707 1181 852 1236 Sicut
880 1182 1095 1237 Samuel
1128 1184 1322 1253 populo
1348 1182 1499 1237 dixit.
1530 1183 1697 1248 Quam
1717 1193 1888 1237 sancte

283 1282 353 1325 ‘et
386 1275 527 1342 juste
551 1282 598 1327 et
626 1253 732 1326 sitis
760 1273 983 1341 querela.
1032 1275 1108 1329 Ne
1150 1275 1305 1329 vobis
1342 1274 1504 1329 ullam
1541 1275 1889 1330 offensionem

306 1362 576 1416 daremus.
609 1349 761 1416 Vobis
786 1364 875 1433 qui
912 1364 1200 1418 credidistis
1229 1364 1514 1434 adfuimus.
1556 1363 1674 1419 Non
1718 1364 1893 1419 incre-

292 1438 467 1508 ‘dulis.
488 1440 641 1508 Sicut
672 1455 831 1517 scitis,
861 1455 1081 1525 qualiter
1105 1472 1509 1525 unumquemque
1534 1465 1751 1511 vestrum
1781 1466 1895 1510 tan-

294 1552 459 1610 quam
484 1553 627 1612 pater
651 1544 785 1611 ﬁlios
808 1546 1134 1615 deprecantes
1158 1561 1266 1599 vos.
1297 1546 1579 1601 Parvulum
1611 1553 1668 1601 ut
1692 1551 1890 1617 nutrix,

312 1634 678 1701 prolicientem
729 1634 838 1702 jam
878 1643 936 1687 ut
975 1649 1124 1703 pater
1161 1637 1406 1691 instituit.
1446 1636 1512 1689 Et
1554 1639 1892 1705 consolantes,

298 1720 570 1790 testiﬁcati
597 1740 791 1777 sumus.
822 1724 878 1779 ln
908 1725 1247 1781 tribulatione
1274 1728 1532 1783 consolati
1563 1744 1746 1785 sumus
1776 1747 1896 1801 pro-

1986 552 2202 622 glorite?
2246 554 2435 610 Nonne
2495 572 2584 611 vos
2627 565 2746 611 ante
2795 556 3067 609 Dominum
3125 566 3349 609 nostrum
3394 556 3571 611 Jesum

1987 642 2246 696 Christum
2283 645 2399 702 estis
2435 645 2487 697 in
2531 647 2751 699 adventu
2787 646 2932 716 ejus?
2964 645 3066 699 Vos
3091 646 3223 698 enim
3248 648 3364 699 estis
3406 647 3572 716 gloria

1988 742 2199 801 nostra,
2226 743 2274 787 et
2308 736 2573 803 gaudium.
2605 735 2735 789 Boni
2776 736 3012 805 magistri
3049 750 3261 790 onmem
3292 752 3440 806 spem
3460 779 3475 801 ,
3516 746 3573 790 ct

1987 823 2587 890 gaudiutn,etcoronam
2603 827 2655 881 in
2672 825 3002 896 perfectione
3014 827 3327 880 discenzium
3344 837 3567 896 ponunt.

2058 909 2188 965 CAP.
2220 928 2298 966 ιιι.
2333 913 2553 985 Propter
2575 918 2711 984 quod
2737 933 2840 969 non
2866 917 3165 969 sustinentes
3197 918 3435 985 amplius.
3464 916 3572 972 Ne-

1990 1000 2190 1054 minem
2223 1010 2463 1055 nostrum
2506 1003 2571 1056 ad
2618 1019 2713 1059 vos
2750 1005 2951 1069 venire,
2983 1012 3038 1059 et
3077 1006 3340 1058 consolari
3380 1015 3475 1059 Vos
3500 1005 3573 1058 de

1991 1093 2173 1157 nobis,
2222 1099 2277 1145 et
2332 1092 2457 1147 ideo
2506 1093 2867 1149 sollicitudine
2924 1097 3323 1164 torquebamur.
3364 1095 3572 1150 Placuit

1992 1182 2133 1237 nobis
2179 1198 2439 1237 remanere
2472 1184 2704 1249 Athenis,
2734 1185 2878 1239 solis.
2925 1186 3205 1240 Maluimus
3246 1187 3347 1241 soli
3392 1203 3571 1242 rema-

1994 1286 2153 1336 nere,
2185 1286 2342 1339 quam
2398 1272 2606 1325 nescire
2651 1274 2776 1341 quid
2811 1274 3061 1341 ageretis.
3106 1273 3171 1328 Et
3206 1276 3447 1329 misimus
3476 1274 3573 1327 Ti-

1993 1357 2253 1412 motheum
2291 1360 2499 1429 fratrem
2548 1370 2798 1413 nostrum.
2844 1363 3131 1427 Quomodo
3158 1364 3315 1419 simul
3357 1365 3576 1432 scripsit

1993 1449 2039 1503 si
2078 1450 2275 1503 missus
2304 1450 2420 1502 eet?
2445 1449 2538 1505 sed
2578 1449 2663 1504 hic
2692 1451 2888 1505 factum
2936 1461 3060 1508 ante
3102 1453 3294 1519 refert,
3335 1464 3390 1509 et
3427 1471 3577 1510 ret-a-

1996 1540 2207 1610 pitulat.
2236 1538 2303 1593 Et
2337 1542 2623 1594 ministrant
2650 1541 2747 1596 Dei
2786 1545 2837 1596 in
2869 1543 3146 1615 Evangelio
3172 1545 3379 1600 Christi.
3412 1547 3577 1614 Adju-

2000 1640 2144 1685 tores
2190 1646 2285 1698 pro
2321 1631 2596 1700 discipulis
2640 1634 2800 1687 etiam
2840 1635 2994 1703 vulgo
3032 1634 3299 1689 dicuntur.
3332 1637 3410 1688 Ad
3449 1648 3576 1689 σθη-

1996 1721 2265 1791 fortandos
2307 1736 2424 1785 vos,
2469 1731 2517 1774 et
2555 1722 2892 1779 exhortandos
2938 1743 3030 1795 pro
3069 1726 3171 1795 ﬁde
3216 1738 3400 1781 vestra.
3445 1728 3579 1794 Quia

311 1813 487 1867 missis
514 1811 730 1868 Christi.
766 1815 834 1869 Ut
863 1815 1191 1870 ambularetis
1228 1819 1378 1888 digne
1407 1817 1537 1874 Deo.
1569 1820 1738 1889 Digne
1781 1822 1889 1874 Deo
1927 1819 1967 1877 Β
1990 1812 2099 1881 iam
2128 1811 2286 1865 ﬁdem
2324 1811 2599 1879 ΐθεευίεῑίε
2629 1846 2645 1877 ν
2678 1821 2877 1868 la"tum
2908 1815 3211 1871 conﬁrmari
3248 1832 3384 1886 opus
3414 1818 3580 1871 liabe-

311 1902 549 1960 au'ibulat
586 1906 675 1974 qui
718 1894 853 1960 nihil
915 1907 1025 1962 Deo
1070 1908 1181 1974 agit
1226 1908 1520 1979 indignum.
1557 1911 1659 1976 Qui
1696 1914 1889 1965 vocavit

309 2010 397 2048 vos
427 1996 479 2048 in
508 2011 657 2048 suum
686 2011 897 2067 regnum
926 2005 972 2050 tt
998 1997 1233 2066 gloriam.
1263 1999 1414 2067 Quod
1440 2016 1545 2055 non
1572 2002 1671 2056 nisi
1706 2002 1891 2057 ﬁdelis

312 2085 687 2153 possidebunt,
714 2087 904 2156 quibus
935 2087 1161 2142 dicitur:
1195 2089 1406 2155 Venite,
1446 2090 1730 2145 benedicti.
1766 2089 1891 2144 Ideo

312 2182 363 2229 et
389 2191 479 2229 nos
504 2179 695 2246 gratias
724 2178 921 2246 agimus
952 2176 1058 2231 Deo
1082 2181 1189 2233 sine
1215 2181 1620 2235 intermissione:
1650 2182 1892 2248 quoniam

310 2280 430 2318 cum
473 2267 789 2334 accepissetis
827 2284 860 2319 a
903 2268 1045 2321 nobis
1086 2270 1287 2323 verbum
1332 2270 1539 2323 auditus
1583 2268 1702 2325 Dei.
1740 2270 1891 2336 Quod

306 2356 540 2424 primum
569 2356 634 2409 de
680 2357 791 2411 Deo
832 2359 1076 2422 audistis,
1122 2360 1235 2413 sive
1282 2368 1338 2413 ut
1380 2360 1632 2414 audiretis
1674 2361 1837 2415 Deum
1875 2378 1890 2414 :

312 2442 586 2517 Accepistis
608 2446 763 2515 illud,
794 2464 893 2501 non
920 2459 974 2502 ut
994 2451 1195 2503 verbum
1223 2450 1506 2515 hominum,
1534 2452 1643 2516 sed,
1664 2453 1792 2505 sicut
1820 2463 1891 2505 est

309 2551 442 2599 vere,
472 2536 677 2590 verbum
708 2537 825 2592 Dei.
860 2538 926 2594 Ut
955 2542 1174 2594 verbum
1216 2540 1489 2595 hominum
1521 2541 1610 2610 qui
1654 2551 1893 2596 contem-

297 2627 427 2692 ‘nit;
462 2642 555 2682 vos
593 2636 771 2683 autem
813 2630 881 2682 ita
923 2630 1244 2695 credidistis,
1277 2640 1335 2684 ut
1376 2631 1443 2685 ab
1485 2631 1601 2700 ipso
1642 2630 1751 2684 Deo
1798 2646 1892 2684 vos

311 2718 497 2773 audire
541 2720 814 2787 putaretis.
849 2720 950 2783 Qui
994 2731 1232 2786 operatur
1273 2722 1324 2775 in
1365 2720 1521 2786 vobis,
1550 2721 1637 2789 qui
1675 2720 1893 2774 credidi-

310 2810 424 2864 stis.
472 2810 732 2877 Operatur
777 2811 1143 2882 inspiratione,
1193 2814 1273 2869 vel
1318 2814 1506 2883 signis,
1556 2812 1637 2867 vel
1683 2812 1726 2866 si
1766 2810 1892 2881 quid

301 2888 437 2954 'boni
468 2892 661 2967 futilis,
693 2901 781 2956 ille
813 2904 863 2957 in
894 2902 1044 2958 vobis
1074 2903 1218 2957 facit.
1246 2902 1477 2958 Adverte
1506 2903 1628 2971 quia
1660 2902 1711 2957 in
1744 2902 1893 2957 vobis

312 2984 474 3060 dixit,
504 3001 556 3046 ct
584 3007 686 3046 non
718 2992 1022 3060 vobiscum,
1055 3004 1114 3048 ut
1144 2994 1254 3049 Deo
1280 3010 1493 3063 semper
1517 2994 1685 3065 gIOria
1715 2994 1889 3058 detur,

314 3081 465 3151 cujus
490 3093 570 3137 est
599 3097 758 3137 omne
786 3085 926 3151 quod
958 3099 1264 3152 possumus,
1292 3094 1346 3140 et
1372 3086 1459 3155 qui
1492 3086 1544 3139 in
1574 3084 1728 3138 nobis
1765 3097 1894 3151 0pc-

2000 1904 2092 1954 tis.
2137 1900 2205 1954 Ut
2252 1916 2396 1955 nemo
2445 1913 2705 1955 moveatur
2739 1904 2792 1957 in
2839 1904 3244 1962 tribulationibus
3292 1909 3422 1962 istis.
3465 1909 3581 1964 Non

1993 1992 2115 2045 dico
2144 2006 2329 2045 omnes
2353 2030 2370 2056 ,
2402 1992 2497 2045 sed
2531 2006 2596 2046 ne
2630 1994 2714 2047 vel
2744 1994 2928 2063 aliqui.
2963 1994 3077 2063 Ipsi
3102 1998 3235 2051 enim
3266 2001 3403 2053 scitis
3456 2000 3574 2055 Non

1993 2096 2121 2149 ergo
2165 2081 2367 2135 moveri
2406 2095 2469 2135 ac
2511 2082 2690 2137 mirari
2730 2083 2961 2151 debetis,
3004 2086 3237 2141 scientes
3280 2102 3378 2144 nos
3421 2090 3579 2145 aliter

1997 2174 2225 2228 transire
2269 2189 2375 2228 non
2426 2188 2609 2242 posse.
2660 2175 2808 2240 Quod
2854 2176 2907 2229 in
2952 2175 3052 2229 hoc
3100 2179 3251 2247 positi
3298 2192 3495 2233 sumus.
3536 2184 3585 2236 A

1994 2267 2231 2331 Christo,
2262 2267 2351 2335 qui
2396 2266 2566 2320 dixit:
2602 2268 2739 2322 Ecce
2766 2284 2866 2337 ego
2912 2271 3064 2324 mito
3108 2285 3204 2326 vos
3243 2272 3385 2327 sicut
3419 2287 3585 2341 agnos

1995 2352 2136 2405 inter
2176 2355 2350 2420 lupos,
2382 2360 2438 2407 et
2465 2354 2631 2407 multa
2650 2356 2781 2409 alia.
2824 2355 2963 2409 Nam
2991 2365 3040 2411 et
3068 2374 3183 2412 cum
3217 2362 3358 2427 apud
3384 2378 3470 2415 vos
3507 2379 3587 2416 es-

1991 2458 2179 2507 semus,
2212 2442 2617 2510 prwdicabamus
2645 2444 2781 2497 vobis
2810 2462 3052 2515 passuros
3090 2464 3185 2503 nos
3210 2449 3583 2516 tribulationes,

1994 2532 2122 2585 sicut
2152 2539 2196 2585 et
2239 2536 2429 2601 factum
2456 2542 2548 2595 est,
2582 2542 2628 2586 et
2654 2534 2790 2587 scitis
2814 2548 2834 2588 :
2862 2546 3010 2605 pr0pt
3038 2551 3128 2589 rea
3161 2546 3210 2590 et
3239 2550 3329 2607 ego
3365 2540 3586 2608 amplius

1994 2639 2027 2675 η
2047 2639 2095 2674 ιη
2118 2623 2369 2676 sustinens
2402 2620 2518 2675 misi
2546 2623 2614 2675 ad
2643 2626 3041 2693 cognoscendam
3067 2627 3221 2695 fidem
3248 2637 3483 2682 vestram.
3518 2629 3587 2685 Ut

1997 2730 2099 2766 non
2130 2728 2223 2768 vos
2253 2715 2330 2768 rei
2360 2714 2569 2767 novitas
2597 2714 2922 2779 deterreret,
2961 2717 3269 2773 sednostra
3299 2721 3501 2789 prophe
3532 2722 3580 2776 ia

1996 2806 2269 2867 firmaret,
2323 2803 2466 2860 unde
2507 2812 2562 2859 et
2610 2805 2853 2860 Salvator
2903 2810 3206 2875 passionem
3259 2824 3408 2864 suam
3455 2819 3584 2864 ante

1997 2897 2266 2965 prazdixit.
2301 2894 2386 2950 Ne
2415 2896 2545 2965 forte
2585 2898 2849 2951 tentaverit
2886 2913 2994 2953 vos.
3033 2899 3112 2954 Ne
3138 2900 3181 2954 si
3212 2900 3361 2955 vobis
3388 2901 3589 2956 dist-rit

1998 3001 2234 3049 tentator
2260 3009 2274 3048 ε
2304 2992 2443 3049 Ecce
2473 2993 2525 3048 in
2550 2994 2743 3062 quibus
2776 2995 3003 3064 speratis
3035 2996 3197 3050 Deum
3228 3012 3367 3063 esse,
3398 2999 3465 3053 de
3494 3000 3586 3052 tri-

1999 3088 2361 3143 bulationibus
2389 3088 2605 3141 liberari
2647 3103 2751 3141 non
2786 3096 3037 3155 possunt,
3070 3096 3125 3142 et
3153 3088 3310 3141 iidem
3346 3097 3582 3142 vestram

306 3179 484 3236 ‘ratur,
514 3185 571 3226 ut
602 3188 905 3241 operemur,
934 3175 1074 3229 sicut
1102 3176 1230 3229 dicit
1263 3175 1315 3228 in
1353 3176 1560 3229 cantico
1589 3174 1737 3228 Isaiae
1760 3190 1773 3227 :
1800 3175 1898 3227 Do-
1927 3160 1973 3221 C
2006 3177 2229 3232 forsitan
2262 3176 2521 3231 turbaret.
2552 3175 2608 3230 ls
2636 3178 2722 3242 qui
2746 3185 2924 3229 tentat.
2953 3177 3050 3242 Qui
3078 3178 3238 3228 etiam
3277 3177 3439 3230 Deum
3471 3186 3587 3232 teu-

316 3265 461 3319 mine
493 3266 631 3319 Deus
680 3276 881 3330 ιιοειεςτ,
932 3282 1115 3334 pact-ni
1167 3265 1320 3321 dabis
1367 3267 1540 3331 nobis,
1591 3275 1666 3329 et,
1715 3265 1896 3319 omnia

316 3367 478 3422 opera
512 3364 690 3408 nostra
720 3369 973 3422 cperatus
998 3371 1059 3410 es
1100 3357 1152 3410 in
1192 3358 1369 3411 nobis.
1401 3355 1506 3412 Vos
1550 3357 1683 3409 enim
1724 3356 1898 3409 imita-

316 3455 448 3499 tores
486 3446 608 3515 facti
647 3447 764 3500 estis
810 3446 1157 3502 Ecclesiarum
1188 3447 1283 3502 Dei
1323 3463 1436 3517 quas
1471 3459 1587 3503 sunt
1621 3448 1677 3501 in
1711 3446 1899 3502 Judaa

309 3529 371 3591 in
410 3536 606 3591 Christo
631 3536 775 3592 Iesu.
815 3538 1019 3605 Quibus
1050 3538 1214 3594 dicit:
1246 3539 1376 3594 Nam
1417 3547 1474 3593 et
1516 3539 1712 3594 vinctis
1751 3553 1901 3594 com-

309 3628 462 3696 ‘passi
508 3626 671 3692 estis,
719 3637 772 3681 et
818 3630 1057 3697 rapinam
1116 3630 1376 3684 bonorum
1426 3641 1724 3684 vestrorum
1774 3645 1895 3685 cum

317 3718 509 3787 gaudio
546 3718 876 3787 suscepistis.
908 3718 1042 3785 Quia
1084 3720 1261 3773 eadem
1300 3720 1438 3790 passi
1467 3721 1586 3775 estis
1613 3731 1660 3773 et
1687 3738 1800 3783 vos.
1824 3720 1900 3775 De

313 3809 470 3863 Vobis
500 3810 615 3876 plus
641 3812 825 3871 miror,
856 3812 978 3877 quia
1011 3825 1110 3864 nec
1149 3810 1317 3879 legem
1346 3812 1554 3875 edocti,
1588 3826 1686 3864 nec
1720 3828 1902 3865 exem-

320 3900 422 3969 plis
461 3899 839 3969 prophetarum
866 3901 997 3954 estis
1030 3901 1317 3968 provocati.
1347 3901 1389 3954 Α
1421 3902 1790 3956 contribulibus
1820 3917 1899 3955 ve-

313 3992 459 4056 stris,
490 3992 617 4044 sicut
664 4001 710 4045 ct
750 3993 844 4062 ipsi
887 4008 919 4045 a
962 3990 1180 4047 ludatis.
1227 3993 1564 4047 Conttibules
1603 3992 1669 4046 de
1712 3992 1897 4047 eadem

314 4092 446 4138 "sunt
483 4083 719 4137 natione.
771 4083 871 4148 Qui
910 4093 956 4136 et
1005 4083 1281 4137 Dominum
1322 4085 1609 4138 occiderunt
1648 4080 1827 4136 Jesum
1856 4092 1901 4136 et

320 4174 610 4245 prophetas,
642 4182 687 4227 et
716 4190 807 4227 nos
834 4176 1081 4244 persecuti
1119 4184 1267 4240 sunt,
1304 4184 1350 4228 et
1393 4174 1502 4228 Deo
1543 4189 1645 4227 non
1679 4175 1901 4241 placent.

318 4264 458 4332 Quid
491 4266 682 4320 mirum
710 4266 754 4320 si
804 4282 901 4320 nos
950 4275 1357 4335 persequantur,
1388 4267 1479 4335 qui
1512 4264 1822 4319 occiderunt
1850 4274 1904 4320 et

319 4354 490 4411 Deum
516 4367 570 4410 et
598 4358 919 4425 prophetas?
948 4356 1013 4409 Et
1052 4357 1284 4409 omnibus
1321 4356 1605 4409 hominibus
1634 4356 1905 4409 adversan-

325 4456 428 4511 tur,
460 4446 772 4515 prohibentes
802 4462 891 4499 nos
921 4444 1151 4514 gentibus
1186 4445 1351 4511 loqui,
1394 4454 1446 4496 ut
1476 4461 1576 4496 non
1603 4444 1729 4497 salvi
1754 4446 1899 4512 ﬁant.

2003 3268 2151 3320 tavit.
2197 3266 2261 3319 Et
2298 3268 2464 3320 inanis
2508 3267 2600 3334 fiat
2641 3266 2783 3319 labor
2811 3276 3002 3320 noster.
3038 3266 3094 3321 Si
3126 3268 3277 3321 vobis
3325 3283 3418 3334 per
3449 3271 3588 3326 hanc

1998 3360 2391 3426 suggestionem
2429 3357 2737 3424 scrupulum
2782 3355 3072 3421 iujeciss‘et.
3114 3355 3271 3409 Nunc
3304 3370 3471 3413 autem
3499 3377 3584 3415 ve-

2000 3446 2169 3498 niente
2196 3442 2459 3499 Timotheo
2493 3444 2563 3497 ad
2600 3460 2691 3499 nos
2719 3462 2751 3498 a
2789 3446 2945 3513 vobis,
2978 3455 3025 3498 et
3064 3449 3398 3501 annuntiante
3442 3451 3587 3504 nobis

2001 3538 2173 3604 ﬁdem.
2217 3536 2321 3603 Qui
2365 3536 2592 3592 ﬁrmiter
2634 3537 2852 3593 creditis
2897 3536 3132 3592 Christo.
3178 3539 3246 3592 Et
3284 3541 3588 3597 charitutem

2000 3639 2236 3682 vestrum.
2276 3629 2412 3694 Quia
2455 3644 2553 3682 nus
2592 3630 2752 3685 solito
2793 3632 2907 3698 plus
2937 3631 3176 3701 diligitis.
3214 3634 3279 3687 Et
3315 3637 3434 3704 quia
3471 3654 3583 3690 me-

2004 3726 2218 3774 moriam
2258 3721 2419 3774 nostri
2460 3721 2653 3775 habetis
2691 3723 2894 3776 bonam.
2929 3721 3022 3775 Est
3049 3725 3189 3776 enim
3222 3731 3278 3778 et
3312 3726 3447 3779 mala
3477 3743 3591 3781 ine-

2004 3811 2194 3887 moria.
2217 3809 2429 3879 Semper
2450 3812 2793 3864 desiderantes
2814 3827 2906 3864 nos
2924 3813 3108 3877 videre,
3133 3814 3261 3866 sicut
3282 3824 3329 3867 et
3354 3832 3443 3868 nos
3463 3830 3593 3886 quo-

2001 3917 2097 3970 que
2132 3918 2240 3956 vos.
2284 3902 2554 3959 Firmiter.
2598 3901 2724 3955 Ideo
2764 3904 3015 3957 consolati
3055 3920 3247 3967 sumus,
3292 3908 3494 3974 fratres,
3538 3910 3591 3963 in

2002 3993 2161 4056 vobis,
2196 3994 2250 4046 in
2288 3993 2427 4046 omni
2467 3994 2759 4046 necessitate
2787 3994 3124 4047 tribulationis
3162 4004 3351 4047 nostra:
3396 4012 3482 4060 per
3508 4014 3592 4050 ve-

2002 4092 2161 4144 stram
2200 4082 2371 4148 ﬁdem.
2404 4082 2627 4136 Omnem
2670 4082 3041 4135 necessitatem
3090 4089 3146 4135 et
3196 4084 3589 4140 tribulationem

2006 4188 2111 4227 non
2154 4174 2412 4227 sentimus
2452 4186 2670 4242 propter
2718 4174 3136 4241 magnitudinem
3188 4176 3367 4242 gaudii
3417 4186 3590 4232 status

2007 4263 2192 4319 vestri.
2224 4266 2476 4330 Quoniam
2501 4280 2633 4316 nunc
2650 4265 2883 4327 vivimus,
2911 4264 2954 4314 si
2979 4279 3064 4315 vos
3090 4265 3236 4315 statis
3264 4267 3316 4315 in
3348 4264 3590 4322 Domina.

2009 4353 2230 4407 Etiamsi
2272 4352 2599 4416 occidantur,
2658 4351 2764 4404 vita
2830 4357 3013 4403 nostra
3060 4365 3130 4404 ex
3175 4352 3325 4405 vobis
3370 4353 3586 4420 pendet.
3648 4365 3665 4376 ·

2014 4441 2181 4506 Quam
2204 4442 2339 4493 enim
2365 4441 2647 4509 gratiarum
2671 4440 2919 4492 actionem
2945 4456 3211 4507 possumus
3240 4441 3345 4495 Deo
3370 4442 3590 4497 tribuere
3635 4438 3655 4461 ⁶

324 4535 441 4589 Νοιι
468 4536 637 4589 solum
662 4536 790 4587 suis.
821 4534 886 4589 Ut
914 4536 1156 4601 impleant
1184 4543 1388 4601 peccatu
1409 4551 1500 4587 sua
1526 4548 1741 4605 semper.
1767 4534 1899 4600 Quia
1930 4521 1984 4583 Β
2006 4546 2098 4601 pro
2134 4531 2270 4584 vobis
2317 4532 2369 4584 in
2398 4531 2535 4583 omni
2561 4531 2770 4600 gaudio,
2807 4546 2908 4599 quo
2934 4534 3214 4602 gaudemus
3254 4543 3459 4601 propter
3501 4550 3590 4587 vos

328 4639 435 4678 non
482 4625 610 4677 solis
666 4623 861 4678 ludatis
914 4624 1243 4693 impediunt,
1294 4624 1388 4678 sed
1444 4625 1603 4678 etiam
1654 4626 1901 4691 gentibus

327 4714 601 4778 invident,
632 4715 697 4768 ad
728 4728 941 4768 Suorum
970 4715 1240 4769 cumulum
1272 4724 1631 4785 peccatorum.
1668 4712 1902 4767 Pervenit

328 4816 491 4860 autem
533 4806 609 4859 ira
655 4804 749 4859 Dei
788 4820 941 4873 super
980 4804 1095 4858 illos
1136 4820 1294 4872 usque
1317 4805 1371 4857 in
1399 4804 1572 4872 ﬁnem.
1614 4802 1737 4857 Sive
1781 4818 1902 4872 quia

329 4896 538 4951 ablatus
590 4904 675 4949 est
730 4911 834 4949 non
864 4896 1207 4949 credentibus
1256 4896 1579 4961 intellectus,
1626 4896 1737 4949 sive
1781 4895 1901 4963 quia

329 5002 613 5058 praecoqua
659 5001 816 5056 pmna
864 4988 1090 5054 captivi,
1132 4995 1188 5040 et
1234 4988 1285 5040 in
1337 4987 1584 5041 universa
1635 4995 1775 5040 terra
1817 4987 1903 5040 di-

330 5082 523 5149 spersi.
560 5077 670 5132 Nos
697 5090 886 5142 autem,
917 5078 1120 5147 fratres,
1152 5077 1367 5143 desoluti
1393 5095 1423 5130 a
1449 5078 1585 5131 vobis
1613 5078 1681 5130 ad
1711 5088 1906 5147 tempus

332 5176 490 5238 horte,
517 5181 745 5239 aspectu,
766 5188 865 5222 non
893 5171 1063 5235 corde,
1088 5170 1430 5223 abundantius
1459 5170 1802 5237 festinavimus
1830 5171 1911 5239 {u-

332 5266 462 5317 cism
504 5272 721 5316 vestram
762 5262 931 5315 videre
979 5276 1093 5313 cum
1145 5261 1303 5312 multo
1351 5260 1620 5323 desiderio,
1674 5262 1911 5327 quoniam

332 5352 581 5406 voluimus
607 5352 773 5405 venire
803 5352 869 5403 ad
900 5367 1000 5403 vos.
1035 5350 1190 5404 Sicut
1232 5349 1393 5403 alibi:
1427 5348 1637 5403 Absens
1663 5363 1909 5418 corpore,

336 5460 571 5513 praesens
617 5452 798 5498 autem
848 5441 1038 5510 spiritu
1082 5442 1191 5511 jam
1235 5440 1491 5509 judicavi.
1544 5437 1658 5509 Ego
1708 5440 1914 5507 quidem

339 5535 554 5601 Paulus,
580 5545 625 5589 et
652 5535 825 5600 semel,
851 5544 897 5587 et
920 5535 1123 5600 iterum,
1150 5532 1237 5586 sed
1267 5531 1523 5601 impedivit
1550 5544 1642 5583 nos
1671 5528 1915 5584 Satanas.

338 5626 789 5679 Tribulationibus
831 5626 1292 5694 persequentium,
1337 5623 1420 5677 vel
1467 5622 1919 5677 imbecillitatibus

340 5714 697 5783 inﬁrmorum,
741 5728 847 5769 non
893 5730 988 5770 sua
1034 5716 1249 5771 virtute.
1281 5713 1410 5784 Quae
1449 5721 1523 5767 est
1564 5712 1700 5767 enim
1746 5721 1921 5789 nostra

2004 4630 2123 4675 ante
2153 4621 2431 4675 Dominum
2456 4632 2685 4675 nostrum
2722 4630 2866 4675 nocte
2905 4632 2957 4676 et
2998 4624 3097 4678 die.
3143 4622 3427 4693 'l‘riplicem
3468 4641 3597 4679 cau-

2004 4727 2118 4766 sam
2163 4712 2359 4765 Ιεθιὶιίιε
2386 4711 2544 4765 nobis
2581 4720 2775 4766 vestra‘
2796 4714 3135 4767 conversatio
3169 4722 3423 4782 prmstat,
3468 4714 3591 4783 quia

2005 4814 2058 4857 et
2096 4818 2193 4857 vos
2219 4803 2498 4873 prolicitis,
2525 4810 2583 4857 et
2613 4803 2866 4859 Dominus
2894 4819 2990 4873 per
3018 4819 3111 4857 vos
3140 4804 3500 4872 benedicitur,
3534 4816 3597 4859 et

2007 4892 2125 4946 aliis
2174 4893 2427 4960 praebetis
2476 4895 2803 4960 exemplum.
2858 4894 3212 4946 Abundantius
3259 4905 3491 4958 orantes,
3539 4900 3595 4946 ut

2012 4984 2277 5036 rideamus
2313 4985 2494 5053 [aciem
2532 4995 2765 5038 vestram.
2808 4984 3054 5038 Ostendit
3095 4992 3353 5052 quantum
3386 4985 3454 5037 ab
3484 4984 3592 5039 illis

2013 5074 2394 5129 desiderandus
2420 5076 2492 5129 sit
2521 5076 2793 5141 fratribus,
2832 5092 2965 5146 quos
2996 5084 3197 5130 tantum
3240 5079 3353 5145 ipse
3381 5078 3593 5132 deside-

2019 5177 2116 5221 rat.
2149 5168 2278 5233 Quis
2300 5168 2443 5221 enim
2473 5184 2593 5222 cum
2624 5170 2691 5224 de
2719 5170 2856 5223 fama
2886 5170 3240 5238 compererit,
3272 5170 3452 5224 videre
3482 5186 3587 5224 non

2017 5258 2200 5325 optat?
2232 5255 2301 5310 Et
2325 5260 2665 5326 compleantus
2698 5277 2757 5313 ea
2784 5276 2896 5329 qua:
2935 5262 3115 5312 desunt
3156 5260 3275 5327 ﬁdei
3313 5269 3510 5313 vestrm.
3540 5260 3598 5315 Si

2020 5350 2147 5420 quid
2199 5360 2378 5405 vestra
2428 5351 2558 5407 ﬁdes
2604 5355 2781 5406 minus
2827 5361 3003 5419 potest
3049 5351 3245 5405 habere
3294 5350 3595 5406 doctrinae:

2018 5442 2230 5511 quando
2265 5443 2408 5497 enim
2438 5444 2736 5511 completur
2760 5442 2900 5511 quod
2940 5441 3136 5508 defuit,
3181 5456 3287 5495 non
3329 5442 3598 5508 imprOba-

2024 5542 2109 5585 tur
2135 5532 2273 5598 quod
2308 5530 2405 5585 fuit
2434 5531 2514 5595 ei;
2541 5531 2681 5599 quod
2713 5530 2887 5584 minus
2916 5540 3033 5583 erat
3060 5529 3291 5594 additur,
3323 5544 3425 5583 non
3453 5530 3594 5599 quod

2020 5623 2193 5678 inerat
2222 5623 2449 5685 tollitur;
2475 5623 2567 5675 sed
2606 5623 2726 5690 quia
2754 5632 2916 5677 rectae
2942 5623 3063 5677 fidei
3093 5637 3187 5677 eos
3211 5635 3332 5676 esse
3356 5623 3593 5685 sciebat.

2021 5716 2142 5786 quia
2168 5714 2567 5774 fundamentum
2598 5711 2867 5787 Christum
2891 5714 3185 5783 habt-baut,
3209 5725 3262 5770 et
3293 5716 3414 5770 ideo
3442 5714 3601 5769 addi-
