3982 6352
444 288 550 346 6Ᾱὸ

1535 298 1831 359 PRIMASII
1876 304 2327 365 ADRUMETANI
2377 311 2592 370 EPISC.

3599 337 3701 392 ΟΜ

443 406 628 474 iur,ad
643 406 946 476 editicium,
972 424 1078 468 non
1099 411 1430 468 subtrahitur
1451 413 1872 473 fundamentum.
1895 418 2014 491 Ipse
2047 426 2097 484 Α
2121 442 2269 479 suum
2295 438 2524 482 sanctum
2564 432 2619 484 in
2647 433 2812 486 nobis.
2843 433 2942 501 Qui
2982 452 3086 493 non
3120 441 3220 497 nisi
3261 443 3315 498 in
3356 451 3559 505 sanctis
3607 453 3700 507 ha-

438 509 611 554 autem
631 499 790 570 Deus,
811 514 858 558 et
881 504 1038 558 Pater
1071 515 1259 572 noster,
1281 515 1327 562 et
1349 507 1594 566 Dominus
1619 510 1770 568 Iesus
1785 514 2018 569 Christus

437 595 627 664 dirigat
654 597 789 650 viam
815 607 1039 653 nostram
1067 599 1134 653 ad
1164 616 1267 655 vos.
1300 601 1538 658 Remotis
1561 604 1837 662 diabolicis
1863 622 2018 663 scan-

441 682 596 751 dalis,
612 695 667 741 et
687 688 1082 758 tentationibus,
1101 691 1293 760 quibus
1316 702 1501 750 noster
1522 695 1809 766 impeditur
1825 698 2018 755 adven-

443 787 547 834 tus.
604 778 708 835 Vos
752 792 920 837 autem
973 784 1224 840 Dominus
1277 790 1608 859 multiplicet,
1658 802 1705 846 et
1756 795 2017 852 abundare

437 867 597 933 faciat
626 871 920 926 charitatem
964 884 1181 928 vestram
1226 878 1278 930 in
1323 879 1554 934 invicem.
1603 883 1917 953 Multiplicet
1963 887 2014 942 in

443 972 663 1014 numero
705 961 1064 1031 credentium,
1095 966 1178 1021 vel
1207 967 1260 1021 in
1303 968 1406 1024 fide
1431 980 1486 1026 et
1524 972 1767 1028 scientia.
1801 974 1868 1030 Et
1913 992 2014 1030 no-

442 1048 655 1103 tandum
692 1051 832 1120 quod
885 1052 1144 1111 Dominus
1184 1057 1288 1114 hoc
1319 1059 1474 1126 facit,
1503 1069 1558 1116 et
1597 1077 1704 1118 non
1744 1065 1860 1121 sine
1902 1066 2011 1122 Deo

440 1149 669 1194 numana
696 1139 975 1213 fragilitas.
1010 1145 1076 1201 Et
1101 1149 1156 1203 in
1184 1165 1378 1216 omnes,
1398 1155 1817 1222 quemadmodum
1843 1166 1893 1211 et
1921 1175 2012 1213 nos

438 1227 491 1284 in
518 1231 672 1302 vobis,
697 1234 767 1288 ad
795 1239 1151 1301 conﬁrmanda
1178 1245 1334 1297 corda
1359 1255 1522 1302 vestra
1547 1249 1657 1304 sine
1694 1251 1914 1319 querela.
1946 1253 2013 1308 Ut

441 1331 549 1374 non
573 1320 746 1377 solum
772 1323 1122 1397 Christianos,
1153 1333 1246 1388 sed
1274 1336 1432 1389 etiam
1457 1337 1631 1393 omnis
1656 1349 1816 1396 sectae
1844 1341 2014 1396 homi-

435 1420 551 1473 nes,
595 1425 702 1465 non
743 1425 960 1484 propter
984 1433 1253 1487 errorem,
1284 1424 1377 1479 sed
1416 1435 1633 1495 propter
1661 1431 2008 1490 substantiam

433 1497 690 1572 diligatis,
717 1515 772 1562 et
798 1510 878 1564 eis
916 1512 967 1565 in
997 1527 1104 1582 quo
1149 1514 1503 1588 indiguerint,
1549 1522 1971 1580 misericordiam
1992 1568 2007 1592 ,

433 1606 590 1661 quam
613 1596 692 1652 eis
723 1597 862 1654 Deus
884 1601 935 1654 in
967 1606 1212 1671 praesenti
1237 1608 1483 1676 exhibet,
1508 1625 1610 1666 non
1635 1618 1859 1684 negetis.
1887 1618 2009 1673 Hinc

435 1681 613 1736 omnia
643 1693 701 1738 ut
733 1684 956 1753 faciatis,
985 1693 1406 1749 subaudiendum
1429 1709 1509 1752 est
1539 1701 1680 1769 quod
1710 1681 1836 1758 illud
1861 1720 2009 1773 supe-

2121 519 2272 575 bitat.
2324 520 2401 574 De
2445 522 2692 577 charitate
2739 535 2906 580 autem
2955 531 3293 598 fraternitatis
3341 555 3442 593 non
3501 560 3698 601 necesse

2121 610 2358 666 habemus
2400 615 2614 668 scribere
2649 616 2824 672 vobis:
2853 620 2952 687 ipsi
2979 623 3112 676 enim
3155 641 3186 677 α
3221 626 3326 680 Deo
3364 631 3616 686 didicistis
3647 647 3700 688 ut

2118 700 2345 771 diligatis
2373 703 2610 770 invicem,
2643 709 2822 761 etenim
2867 712 3038 779 facitis
3076 714 3227 770 illud.
3276 717 3500 787 Propter
3546 722 3700 777 Chri-

2119 799 2284 860 stum,
2310 795 2399 864 qui
2429 794 2566 850 dixit
2597 813 2610 850 :
2636 799 2938 855 Mandatum
2967 817 3160 860 novum
3194 807 3261 862 do
3286 810 3461 874 vobis,
3490 824 3549 868 ut
3580 815 3699 868 dili-

2116 885 2255 952 gatis
2279 885 2528 943 invicem.
2553 889 2754 946 Novum
2772 934 2787 960 ,
2815 893 2915 948 hoc
2939 905 3052 961 est,
3085 906 3141 952 ut
3169 913 3266 967 pro
3294 902 3555 958 alterutro
3585 922 3696 960 nio-

2118 973 2338 1042 riamur,
2371 978 2491 1046 quia
2522 978 2624 1035 hoc
2662 990 2813 1036 vetus
2855 1000 2959 1039 non
3005 988 3238 1055 jusserat
3265 991 3694 1052 Testamentum.

2119 1063 2187 1119 In
2215 1081 2385 1120 omnes
2414 1067 2625 1138 fratres,
2657 1073 2710 1127 in
2739 1074 2973 1129 universa
3008 1077 3331 1133 Macedonia.
3365 1081 3494 1140 Sine
3541 1101 3698 1142 exce-

2118 1156 2297 1222 ptione
2318 1170 2581 1225 personas.
2611 1160 2869 1232 Itogamus
2905 1176 3070 1219 autem
3093 1184 3196 1236 vos,
3221 1174 3429 1240 fratres,
3460 1186 3518 1228 ut
3541 1177 3698 1230 abun-

2116 1248 2271 1314 detis,
2314 1257 2361 1303 et
2402 1268 2604 1321 operam
2650 1255 2800 1308 detis.
2864 1257 3036 1313 Etiam
3077 1276 3202 1332 erga
3241 1266 3550 1335 peregrinos
3613 1270 3694 1323 vel

2115 1337 2357 1392 inimicos
2397 1342 2674 1397 amandos.
2711 1343 2779 1397 Ut
2822 1349 2978 1415 quieti
3006 1350 3138 1416 sitis,
3171 1362 3215 1406 et
3245 1362 3300 1406 ut
3340 1365 3560 1410 vestrum
3603 1376 3692 1411 ne-

2113 1429 2307 1496 gotium
2333 1432 2517 1500 agatis,
2542 1441 2588 1486 et
2617 1437 2895 1502 aperemini
2921 1441 3152 1495 manibus
3181 1446 3379 1510 vestris,
3403 1449 3535 1500 sicut
3564 1465 3692 1517 prte-

2115 1519 2338 1586 cepimus
2368 1520 2522 1576 vobis.
2552 1522 2817 1589 Quosdam
2847 1542 2876 1581 a
2921 1531 3202 1599 superﬂuis
3251 1543 3304 1588 et
3348 1538 3692 1593 smcularibus

2114 1611 2339 1679 negotiis
2365 1623 2601 1679 revocat,
2634 1631 2770 1683 qum,
2802 1628 3056 1686 quantum
3104 1623 3260 1678 datur
3289 1626 3532 1697 inteftigi,
3561 1631 3690 1684 lucri

2111 1714 2272 1757 causa
2301 1709 2569 1773 agebant:
2599 1707 2768 1762 multo
2805 1725 2933 1780 ergo
2956 1712 3156 1779 justius
3194 1724 3277 1770 est
3319 1721 3552 1788 propriis
3582 1739 3692 1776 ma-

434 1771 549 1829 rius
577 1774 738 1842 dixit,
768 1778 876 1836 Vos
897 1793 1071 1838 autem
1103 1785 1355 1844 Dominus
1393 1792 1735 1862 multiplicet,
1763 1806 1815 1851 et
1843 1771 1994 1854 abun

2117 1791 2272 1848 nibus
2311 1771 2509 1848 victum
2549 1811 2811 1865 qumrere,
2853 1816 3011 1869 quam
3059 1805 3233 1860 causis
3273 1807 3467 1862 talibus
3515 1811 3690 1880 impli-

432 1860 560 1917 dare
598 1863 752 1920 iaciat
790 1868 841 1922 in
883 1870 1182 1929 charitate:
1214 1878 1334 1947 quia
1369 1860 1770 1949 ipsiusidonuim
1809 1901 1921 1955 εει,
1948 1900 2004 1946 ut

431 1949 699 2019 faciamus,
740 1959 889 2025 cujus
926 1973 1009 2016 est
1034 1964 1259 2033 donum,
1290 1978 1349 2023 ut
1375 1969 1678 2041 dil‘gamus.
1712 1975 1778 2030 In
1816 1981 2006 2034 sancti-

430 2047 529 2094 tate
550 2051 668 2096 ante
703 2045 864 2100 Deum
898 2059 946 2103 et
977 2051 1183 2108 Patrem
1207 2066 1454 2124 nostrum,
1485 2063 1536 2115 in
1558 2065 1774 2119 adventu
1801 2066 2006 2124 Domini

428 2133 586 2186 nostri
622 2131 747 2190 Iesu
782 2136 970 2195 Christi
1001 2159 1118 2198 cum
1155 2148 1382 2203 omnibus
1425 2155 1611 2209 sanctis
1647 2156 1777 2225 ejus.
1820 2159 2000 2215 Amen.

427 2217 537 2276 Non
559 2231 682 2278 ante
709 2225 972 2285 homines.

489 2311 619 2369 CAP.
645 2329 718 2370 tv.
741 2316 816 2371 De
841 2330 1021 2375 cwtero
1041 2338 1178 2395 ergo,
1202 2327 1400 2394 fratres,
1425 2347 1660 2402 rogamus
1689 2352 1774 2390 vos
1794 2345 1842 2391 et
1871 2340 2004 2394 obse-

415 2402 623 2456 cramus
645 2404 699 2457 in
719 2403 937 2462 Domino
961 2408 1105 2476 Iesu,
1139 2424 1193 2466 ut
1220 2419 1645 2485 quemadmodum
1687 2428 1943 2496 accepistis
1970 2447 2001 2484 a

425 2489 586 2555 nobis,
609 2496 862 2560 quomodo
890 2513 975 2551 vos
1014 2510 1242 2568 Oporteat
1270 2506 1530 2564 ambulare
1565 2521 1610 2564 et
1636 2489 1836 2580 placere
1870 2517 1995 2572 Deo.

428 2576 549 2646 Vos,
581 2581 771 2650 quibus
808 2587 890 2642 via
929 2589 1172 2648 Christus
1211 2605 1323 2663 est,
1351 2599 1523 2669 dignis
1569 2576 1687 2659 eam
1727 2610 1997 2676 gressibus

424 2670 705 2740 ambulate,
726 2683 1146 2741 mansuetudinis
1167 2689 1396 2756 scilicet,
1424 2693 1722 2764 charitatis,
1754 2702 1919 2768 pacis,
1944 2713 1998 2758 et

422 2769 733 2822 cmterorum
779 2769 1051 2830 similium.
1093 2777 1184 2830 Sic
1218 2789 1268 2833 et
1313 2782 1602 2851 ambuletis,
1648 2796 1704 2840 ut
1728 2789 1996 2846 abundetis

423 2857 602 2926 magis.
629 2859 783 2917 Scitis
801 2866 933 2919 enim
957 2883 1068 2937 quin
1090 2883 1341 2941 praecepta
1369 2876 1590 2931 dederim
1614 2881 1749 2935 vobis
1776 2901 1863 2949 per
1889 2882 1995 2939 Do-

423 2948 613 3004 minum
652 2949 850 3008 Iesum.
883 2957 1016 3023 Quia
1045 2975 1166 3016 cum
1210 2972 1365 3021 aetate
1418 2975 1471 3022 et
1500 2968 1602 3024 fide
1627 2948 1832 3028 debetis
1871 2990 1994 3044 pro-

421 3036 593 3095 fectus
636 3055 832 3113 augere
872 3056 927 3102 et
973 3064 1169 3118 mores,
1217 3055 1356 3110 sicut
1397 3072 1495 3127 pro
1538 3069 1693 3117 (etate
1735 3068 1908 3121 carnis
1940 3076 1994 3122 et

421 3127 570 3184 cibus
595 3135 790 3190 crescit
825 3146 878 3192 et
905 3141 1160 3197 studium.
1195 3144 1320 3200 licet:
1362 3157 1435 3204 est
1477 3152 1610 3205 enim
1639 3154 1870 3211 voluntas
1897 3159 1993 3214 Dei
2021 3128 2066 3189 Ο

417 3220 750 3288 sanctiﬁcatio
790 3237 970 3283 vestra.
1002 3231 1360 3293 Sanctificatio
1387 3240 1455 3295 ab
1484 3244 1631 3298 omni
1658 3245 1997 3303 incoiitinen-

419 3309 490 3361 tia
530 3317 791 3380 temperat
827 3315 1220 3393 Christianum,
1254 3340 1375 3382 cum
1414 3329 1623 3400 Moyses
1663 3337 1996 3394 sanctificare

419 3396 603 3455 volens
633 3405 918 3475 populum,
946 3409 1014 3465 ab
1043 3415 1187 3468 omni
1232 3415 1425 3472 femina
1469 3396 1784 3492 praeceperit
1824 3428 1996 3482 conti-

416 3500 565 3554 nere,
594 3498 650 3545 ut
679 3491 772 3549 Dei
798 3496 965 3567 legem
992 3502 1232 3571 accipere
1262 3519 1576 3563 mereretur.
1609 3491 1676 3564 Ut
1701 3513 1995 3571 abstinealis

414 3592 500 3630 vos
527 3596 559 3632 a
585 3581 940 3652 fornicatione,
968 3599 1023 3643 ut
1052 3594 1179 3646 sciat
1221 3597 1563 3666 unusquisque
1589 3610 1825 3657 vestrum.
1855 3606 1994 3662 Con-

412 3666 751 3725 siderandum
790 3684 872 3727 est
909 3677 1029 3742 quia
1077 3693 1180 3733 non
1219 3682 1297 3736 eis
1352 3695 1408 3738 ut
1445 3686 1735 3743 Corinthiis
1781 3693 1989 3750 scribit.

415 3752 581 3806 Suum
606 3770 694 3809 vas
721 3760 979 3826 possidere
1003 3764 1056 3818 in
1085 3767 1275 3821 honore
1301 3780 1346 3824 et
1373 3775 1790 3842 sanctiﬁcatione.
1825 3780 1990 3838 Suum

414 3855 608 3913 corpus
633 3859 832 3904 castum
879 3857 1143 3911 servando
1187 3863 1483 3920 sanctilicet
1521 3877 1576 3922 et
1605 3868 1871 3939 honoret,
1905 3878 1988 3932 vel

413 3940 559 3988 certe
597 3943 796 3993 tantum
832 3954 1052 4012 propter
1081 3948 1216 4004 ﬁlios
1247 3967 1464 4010 uxorem
1508 3973 1816 4029 cognoscat.
1867 3965 1988 4022 Non

408 4023 465 4077 in
512 4029 742 4095 passione
785 4036 1052 4108 desiderii,
1101 4044 1230 4098 sicut
1276 4057 1324 4100 et
1370 4061 1541 4119 gentes
1585 4071 1699 4124 qua:
1749 4059 1987 4128 ignorant

411 4114 597 4174 Deum.
628 4121 705 4179 Ne
741 4135 892 4182 extra
935 4134 1240 4205 coniugium
1284 4114 1486 4198 licitum
1526 4114 1985 4209 lor'niceniinisEt

405 4226 470 4265 ne
496 4217 606 4284 quis
633 4223 1060 4294 supergrediatur.
1109 4229 1448 4301 PrOpositum
1491 4241 1820 4300 continendi.
1870 4247 1982 4302 Ne-

324 4410 344 4434 ο
404 4413 525 4468 post
549 4405 792 4464 devomm
823 4429 891 4468 ex
919 4431 1179 4476 consensu
1208 4429 1586 4487 continentiam
1618 4438 1727 4504 pari
1759 4453 1856 4494 suo
1885 4441 1978 4496 ali-

403 4502 508 4586 qua
528 4492 979 4594 circumventione
1006 4510 1112 4562 vim
1151 4512 1372 4584 inferat,
1399 4523 1511 4577 s've
1537 4523 1587 4576 in
1616 4492 1856 4594 quolibet
1883 4546 1978 4586 ne-

404 4575 562 4673 gotio.
584 4576 726 4634 fraus
749 4583 857 4638 llat.
885 4587 1135 4652 Quoniam
1171 4601 1355 4656 vindex
1392 4618 1463 4660 est
1505 4575 1756 4667 Dom‘inus
1796 4618 1858 4670 de
1899 4620 1977 4673 his

402 4664 655 4721 omnibus.
701 4670 814 4727 Non
859 4677 1032 4734 solum
1073 4682 1138 4737 de
1186 4686 1551 4760 fornicatione,
1582 4702 1675 4752 sed
1709 4704 1865 4758 etiam
1909 4708 1976 4763 dc

401 4759 822 4852 transgressione
844 4770 1120 4839 propositi,
1149 4779 1273 4844 quia
1298 4781 1396 4849 ipsi
1421 4784 1522 4839 sibi
1549 4795 1814 4847 movendo
1839 4795 1976 4852 fece-

399 4853 526 4900 runt
561 4847 798 4908 illicitum
838 4859 979 4926 quod
1022 4862 1233 4921 licebat.
1269 4847 1416 4926 Sicut
1452 4877 1776 4943 pradiximus
1815 4890 1969 4954 vobis,

396 4942 450 5049 et
471 4939 722 5006 testiﬁcati
746 4961 939 5003 sumus.
966 4953 1020 5008 Si
1060 4956 1202 5012 enim
1239 4939 1548 5034 Corinthiis,
1593 4973 1760 5027 multo
1801 4939 1972 5049 magis

399 5024 481 5080 his
522 5031 902 5096 prtedicaverat
939 5045 1255 5103 castitatem.
1295 5051 1414 5108 Non
1457 5059 1591 5112 enim
1637 5069 1827 5121 vocavit
1877 5024 1968 5124 rios

396 5115 535 5173 Deus
562 5122 615 5175 in
642 5125 1031 5187 immunditiam.
1061 5136 1229 5194 Nimia
1275 5143 1652 5208 incontinentis
1693 5156 1744 5210 in
1777 5160 1969 5230 conju-

394 5208 483 5275 gio
507 5215 702 5278 poterit
726 5216 1072 5279 immunditia:
1098 5229 1379 5301 deputari,
1407 5240 1529 5305 quia
1556 5257 1751 5311 corpus
1772 5208 1969 5305 Christi

394 5311 501 5353 non
543 5307 801 5370 permittit
841 5312 1102 5383 accipere.
1146 5319 1252 5376 Sed
1293 5327 1346 5378 in
1393 5307 1864 5398 sanctiﬁcationem.
1899 5341 1966 5396 Ut

393 5393 636 5494 exemplo
675 5397 868 5456 Christi
908 5406 1116 5464 vivatis.
1148 5411 1331 5485 Itaque
1357 5421 1443 5487 qui
1482 5393 1588 5476 hac
1616 5431 1836 5494 spernit,
1863 5449 1965 5487 non

393 5477 642 5536 hominem
670 5492 888 5557 spernit,
921 5497 1008 5549 sed
1039 5496 1220 5555 Deum.
1257 5506 1368 5559 Non
1401 5524 1512 5563 mea
1542 5515 1699 5566 verba
1728 5522 1961 5584 spernit,

391 5570 490 5675 sed.
525 5573 639 5640 ejus
667 5582 754 5646 qui
787 5584 835 5636 in
876 5600 960 5641 me
987 5589 1219 5668 loquitur
1242 5637 1256 5660 ,
1289 5597 1440 5666 cujus
1467 5600 1684 5669 Spiritui
1717 5570 1960 5675 itijuriaiii

393 5659 514 5717 facit
558 5667 730 5721 omnis
768 5675 856 5740 qui
887 5659 1196 5742 contetnnii.
1234 5686 1335 5753 Qui
1361 5692 1508 5746 etiam
1540 5695 1672 5750 dedit
1711 5659 1962 5770 spiritum

2071 1890 2077 1895 '
2106 1884 2247 1952 cari,
2275 1895 2328 1940 et
2359 1901 2453 1956 per
2483 1888 2578 1942 bas
2610 1888 2676 1944 ab
2722 1890 2805 1944 his
2844 1893 3042 1964 aliquid
3098 1899 3188 1965 qui
3232 1897 3360 1953 foris
3407 1911 3533 1956 sunt
3568 1918 3690 1970 spc-

2106 1988 2226 2030 rare
2254 1974 2526 2043 beneﬁcii,
2559 1992 2655 2046 pro
2684 1981 2921 2049 quolibet
2963 2000 3119 2052 quam
3144 1987 3381 2056 juvando
3410 1992 3544 2045 alios
3588 1995 3679 2048 lae-

2105 2063 2288 2121 debat.
2316 2067 2496 2137 Aliqui
2523 2078 2707 2137 putant
2732 2073 2874 2141 quod
2905 2090 3009 2130 non
3038 2077 3270 2134 oilicium
3297 2081 3563 2149 docentis,
3591 2088 3680 2141 sed

2103 2155 2291 2210 vitium
2326 2160 2498 2227 gentis
2528 2161 2858 2230 exprobret:
2892 2166 3123 2236 denique
3151 2175 3204 2225 tn
3236 2174 3468 2228 secunda
3500 2176 3567 2231 ad
3592 2193 3681 2232 eos

2104 2245 2277 2301 dicit:
2313 2248 2369 2304 Si
2413 2251 2533 2318 quis
2575 2253 2789 2321 operari
2830 2268 2934 2309 non
2966 2257 3103 2322 vult,
3137 2273 3235 2314 nec
3275 2262 3580 2319 manducet.
3620 2265 3684 2319 Et

2102 2350 2157 2395 ut
2185 2342 2388 2398 honeste
2416 2345 2683 2402 ambuletis
2716 2348 2784 2400 ad
2812 2365 2894 2404 eos
2922 2351 3012 2419 qui
3055 2353 3180 2422 foris
3223 2367 3372 2423 sunt,
3405 2368 3453 2411 et
3496 2361 3683 2414 nullius

2102 2434 2303 2503 aliquid
2344 2437 2656 2493 desideretis.
2692 2439 2772 2496 Ne
2811 2457 2906 2497 vos
2935 2444 3032 2513 ipsi
3075 2445 3363 2514 denutent,
3409 2452 3499 2519 qui
3548 2468 3680 2522 prae-

2097 2531 2240 2579 stare
2280 2527 2540 2585 videntur.
2575 2529 2829 2586 Nolumus
2860 2544 3028 2590 autem
3056 2553 3140 2592 vos
3178 2540 3439 2608 ignorare,
3472 2549 3676 2615 fratres,

2099 2615 2162 2668 de
2196 2618 2576 2687 dormientibus,
2621 2632 2677 2675 ut
2714 2640 2814 2678 non
2854 2629 3238 2683 contristemini.
3275 2631 3530 2688 Lazarum
3561 2637 3678 2692 Sal-

2097 2713 2248 2759 vator
2285 2708 2494 2763 dixerat
2532 2711 2784 2779 dormire,
2827 2731 2985 2784 quem
3022 2730 3245 2775 noverat
3286 2734 3674 2781 surrecturum.

2098 2792 2190 2848 Sic
2227 2803 2277 2848 et
2317 2799 2504 2851 cccteri.
2540 2802 2708 2857 Aliter
2752 2804 2911 2860 debet
2954 2807 3066 2862 ﬂeri
3111 2809 3202 2879 qui
3247 2827 3468 2892 peregre
3510 2819 3677 2884 proli-

2095 2884 2334 2953 ciscitur,
2365 2889 2520 2945 aliter
2559 2893 2648 2948 ille
2689 2896 2778 2965 qui
2822 2899 3064 2953 moritur.
3101 2900 3204 2966 Qui
3252 2884 3529 2974 spcmvnon
3575 2909 3673 2961 ha-

2095 2981 2229 3037 bent.
2263 2985 2601 3045 Futurorum.
2630 2992 2692 3046 Si
2715 2994 2847 3049 enim
2889 2997 3158 3064 credimus,
3189 3002 3329 3070 quod
3355 3000 3498 3056 Iesus
3528 3019 3662 3058 mor—

2095 3081 2211 3129 tuus
2236 3086 2307 3130 est
2333 3088 2381 3131 et
2403 3083 2694 3139 resurrexit.
2718 3084 2774 3140 Si
2800 3087 2904 3143 hoc
2929 3089 3196 3145 credimus
3223 3093 3362 3162 quod
3390 3109 3534 3162 mque
3560 3110 3667 3150 non

2103 3166 2362 3240 videmus,
2388 3179 2442 3225 et
2471 3187 2564 3240 per
2592 3174 2709 3243 ejus
2737 3185 2834 3232 nus
2862 3182 3308 3239 resurrectionem
3338 3187 3472 3239 certi
3506 3187 3670 3240 simus

2097 3259 2304 3312 veniam
2353 3273 2691 3330 consecutos,
2732 3281 2827 3322 cur
2863 3269 2995 3324 illud
3046 3271 3288 3326 similiter
3337 3289 3442 3329 non
3491 3277 3673 3332 creda-

2095 3363 2233 3414 mus,
2265 3351 2403 3420 quod
2444 3365 2630 3422 gentes
2668 3355 2789 3411 ideo
2830 3372 2936 3415 non
2980 3362 3234 3428 credunt,
3269 3365 3391 3433 quia
3442 3382 3546 3420 non
3595 3368 3671 3420 vi-

2094 3438 2258 3494 dent?
2288 3441 2373 3495 Ita
2407 3454 2453 3496 et
2479 3443 2618 3498 Deus
2643 3462 2725 3501 eos
2754 3448 2843 3518 qui
2869 3449 3183 3507 dormierunt
3221 3472 3310 3522 per
3337 3454 3547 3523 Iesum,
3580 3460 3669 3511 ad-

2094 3531 2240 3586 ducet
2266 3549 2378 3587 cum
2403 3550 2482 3590 eo.
2523 3536 2623 3603 Qui
2661 3549 2818 3609 caput
2849 3544 3210 3608 resuscitavit,
3253 3547 3365 3616 ipse
3393 3558 3449 3603 et
3477 3561 3668 3605 cmtera

2094 3621 2332 3677 membra
2374 3627 2699 3683 resuscitare
2726 3633 3048 3700 repromisit.
3081 3633 3198 3689 Hoc
3242 3637 3374 3689 enim
3425 3639 3562 3692 vobis
3592 3641 3669 3692 di-

2092 3710 2252 3766 cimus
2280 3714 2333 3766 in
2378 3715 2523 3770 verbo
2565 3717 2795 3778 Domini.
2822 3721 2940 3776 Non
2970 3722 3022 3777 in
3051 3733 3254 3779 nostro.
3288 3728 3422 3792 Quia
3463 3745 3553 3781 nos
3585 3731 3668 3799 qui

2091 3801 2322 3872 vivimus,
2346 3807 2435 3875 qui
2477 3809 2670 3864 residui
2694 3827 2887 3868 sumus.
2932 3813 3200 3884 Suspensa
3233 3817 3506 3888 Evangelii
3551 3836 3667 3874 scn-

2092 3895 2274 3961 tentia,
2303 3910 2516 3966 semper
2543 3914 2636 3955 eos
2664 3902 2805 3958 diem
2849 3904 3058 3960 Domini
3087 3907 3210 3962 fecit
3246 3909 3446 3966 habere
3481 3927 3664 3980 suspe-

2088 3993 2259 4047 ctum.
2292 3990 2442 4057 quasi
2482 4005 2574 4044 eos
2615 3991 2666 4045 in
2709 4006 2934 4062 corpore
2973 3998 3237 4054 inveniret
3277 4000 3392 4057 dies
3431 4003 3564 4070 ipse.
3601 4003 3660 4055 In

2086 4077 2358 4131 adventum
2388 4080 2593 4134 Domini
2623 4086 2801 4148 nostri,
2831 4102 2930 4139 non
2948 4090 3306 4156 praeveniamus
3329 4107 3414 4145 eos
3440 4095 3526 4163 qui
3556 4095 3661 4146 dor-

2087 4169 2322 4223 mierunt.
2353 4171 2483 4225 Tam
2528 4174 2674 4229 celer
2719 4175 2822 4230 erit
2869 4193 3055 4233 eorum
3101 4183 3454 4248 resurrectio,
3507 4200 3660 4254 quain

2085 4270 2265 4314 nostra
2294 4263 2607 4331 assumptio.
2655 4266 2911 4331 Quoniam
2948 4270 3056 4338 ipse
3086 4269 3336 4324 Dominus
3365 4273 3418 4326 in
3440 4274 3592 4342 jussu
3618 4285 3659 4326 et

2083 4353 2136 4405 in
2163 4369 2278 4407 voce
2315 4357 2630 4424 archangeli.
2663 4359 2929 4414 Terribili.
2966 4361 3105 4416 Elias
3133 4362 3424 4419 terribilem
3458 4366 3547 4420 Dei
3587 4367 3658 4420 vi-

2082 4443 2160 4496 dit
2201 4445 2504 4500 adventum.
2542 4447 2606 4501 Et
2646 4449 2700 4502 in
2737 4451 2856 4503 tuba
2903 4449 2999 4505 Dei
3043 4454 3308 4508 descendet
3337 4456 3401 4508 de
3434 4457 3582 4523 caelo,
3612 4467 3656 4511 et

2081 4537 2266 4588 mortui
2293 4538 2378 4605 qui
2407 4539 2459 4590 in
2503 4538 2703 4594 Christo
2741 4552 2878 4597 sunt.
2919 4543 3033 4598 Non
3076 4545 3336 4602 homines.
3380 4547 3653 4619 liesurgent

2079 4628 2248 4695 primi.
2275 4628 2356 4682 Ab
2378 4629 2482 4682 illis
2505 4633 2592 4698 qui
2618 4642 2742 4686 sunt
2771 4637 2962 4688 mortui
2988 4651 3092 4690 non
3121 4637 3173 4690 in
3205 4635 3438 4692 Christo.
3469 4639 3655 4693 Deinde

2079 4732 2171 4770 nos
2198 4719 2283 4786 qui
2313 4721 2544 4790 vivimus,
2573 4725 2659 4787 qui
2688 4725 3039 4794 relinquimur,
3071 4729 3227 4780 simul
3259 4731 3521 4796 rapientur
3548 4748 3654 4783 cum

2076 4805 2181 4858 illis
2214 4809 2267 4859 in
2306 4809 2516 4862 nubibus
2557 4812 2753 4865 obviam
2795 4813 3015 4869 Domino
3055 4818 3106 4869 in
3150 4834 3291 4870 aera.
3339 4819 3654 4873 Peccatorcs

2077 4899 2272 4952 mortui
2306 4914 2424 4954 cum
2455 4903 2537 4955 his
2564 4905 2653 4972 qui
2685 4905 2791 4958 vivi
2824 4909 3182 4974 inveniuntur,
3212 4918 3265 4964 et
3294 4910 3414 4979 igne
3445 4912 3652 4964 salven-

2079 4998 2179 5050 tur,
2218 4990 2374 5045 simul
2414 5005 2691 5064 resurgent
2728 4996 2794 5051 ad
2843 5013 3052 5067 poenam
3077 5015 3092 5055 :
3122 5010 3174 5055 et
3207 5000 3333 5070 justi
3377 5003 3517 5067 \ivi,
3559 5003 3653 5055 iui-

2074 5081 2287 5145 mutati,
2327 5090 2380 5135 et
2420 5083 2847 5154 incorruptibiles
2877 5088 3083 5155 eli‘ecti,
3130 5091 3181 5144 in
3225 5102 3499 5147 momento
3534 5110 3651 5147 cum

2067 5166 2223 5233 justis
2268 5175 2668 5241 resurgentibus
2715 5178 2984 5246 rapientur
3013 5180 3077 5232 ad
3116 5180 3372 5250 gloriam,
3414 5185 3502 5252 qui
3547 5201 3648 5238 non

2069 5256 2468 5328 iudicabuntur,
2497 5264 2591 5318 sed
2616 5267 2950 5333 judicabunt.
2985 5269 3050 5322 Et
3078 5273 3149 5323 sic
3177 5287 3372 5341 semper
3401 5290 3514 5326 cum
3548 5273 3649 5325 Du-

2071 5349 2228 5403 mino.
2269 5348 2324 5404 in
2365 5352 2552 5408 eadem
2599 5356 2784 5425 gloria.
2836 5359 3062 5416 Erimus.
3115 5361 3423 5433 Ubicunque
3469 5365 3645 5419 fuerit.

2066 5435 2250 5506 Itaque
2289 5443 2622 5496 consulamini
2664 5445 2894 5501 invicem.
2938 5448 3236 5504 Notandum
3278 5453 3418 5520 quod
3451 5469 3508 5508 se
3553 5455 3646 5507 lai-

2066 5540 2157 5580 cos
2187 5528 2314 5584 dicit
2356 5531 2550 5589 debere
2593 5539 2879 5593 consolari.
2925 5539 2990 5593 In
3037 5542 3197 5596 verbis
3234 5544 3364 5597 istis.
3405 5545 3479 5600 Ne
3508 5562 3638 5600 con-

2069 5614 2374 5672 tristemiui.

2134 5705 2260 5762 (utr.
2295 5727 2344 5764 γ.
2395 5712 2465 5768 De
2496 5720 2798 5786 temporibus
2827 5733 2992 5776 autem
3022 5735 3067 5778 ct
3109 5727 3398 5793 momentis,
3433 5732 3634 5799 fratres,
