3982 6352
247 297 368 351 τίίὸ

893 302 960 359 ΙΝ
999 305 1387 366 EPlSTOLAM
1427 308 1469 365 ll
1500 309 1592 367 AD
1634 308 2321 380 THESSALONICENSES
2357 321 2872 383 COMMENTARIA.

3410 335 3515 389 646

253 431 362 467 non
391 414 628 486 indigetis
677 423 731 469 ut
771 419 1051 475 scribamus
1077 423 1213 478 vobis
1237 439 1254 476 :
1283 423 1383 492 ipsi
1410 424 1542 477 enim
1571 424 1837 495 diligenter
1860 427 1913 486 Δ
1940 428 2099 486 cinae.
2142 431 2291 491 Nunc
2331 439 2633 507 praepositls
2662 440 2911 512 loquitur,
2941 449 2994 498 et
3034 443 3307 517 hucusque
3341 450 3512 519 plebi.

253 507 416 561 scitis.
459 506 746 564 Evidenter
793 510 861 568 de
911 513 1184 584 Evangelii
1240 516 1493 573 lectione.
1541 517 1675 582 Quia
1723 519 1832 573 dies

252 595 470 649 Domini
507 598 640 651 sicut
681 600 766 668 fur
803 601 854 656 in
893 612 1038 657 nocte
1080 605 1151 657 ita
1195 606 1345 658 venit.
1376 605 1598 673 Quando
1643 620 1830 662 omnes

254 688 437 743 scierit
487 689 721 746 dormire
764 706 1004 749 securos.
1054 696 1182 751 Cum
1236 699 1369 752 enim
1419 699 1675 767 dixerint,

239 789 299 834 et
339 783 601 847 securitas,
636 794 754 839 tunc
794 790 1086 854 repentinus
1130 791 1202 844 eis
1240 794 1530 861 supervenit
1574 795 1826 851 interitus.

246 868 400 924 Tunc
441 874 671 929 maxime
712 877 977 933 timendus
1007 890 1117 948 est,
1142 878 1359 953 'quando
1399 900 1518 940 eum
1559 902 1718 943 nemo
1758 889 1828 943 ti-

245 968 380 1015 met.
415 961 562 1016 Sicut
591 965 735 1018 dolor
762 966 816 1019 in
845 979 986 1022 utero
1015 970 1265 1026 habentis.
1298 971 1352 1027 Id
1392 987 1473 1030 est
1514 987 1719 1045 partus.
1758 978 1828 1031 Et

245 1067 354 1105 non
396 1052 656 1122 e/fugient.
701 1056 849 1111 Sicut
893 1059 981 1112 illa
1024 1063 1360 1119 venientibus
1402 1065 1676 1122 doloribus
1719 1082 1824 1122 non

230 1143 462 1212 effugiet
487 1153 717 1212 partum.
752 1147 855 1200 Vos
885 1158 1070 1215 autem,
1099 1156 1302 1222 fratres,
1333 1170 1433 1208 non
1461 1158 1577 1210 estis
1605 1157 1659 1211 in
1691 1166 1824 1213 tene-

244 1232 367 1287 bris.
397 1233 512 1289 Non
541 1237 670 1291 estis
711 1239 763 1292 in
795 1240 1114 1309 ignorantia,
1147 1246 1270 1313 quia
1299 1247 1446 1301 scitis
1476 1261 1568 1302 vos
1611 1263 1826 1316 semper

242 1331 459 1391 paratos
501 1339 618 1380 esse
662 1325 879 1384 debere.
933 1330 1000 1384 Ut
1044 1348 1128 1386 vos
1176 1334 1283 1388 dies
1326 1337 1414 1390 ille
1453 1346 1696 1407 tanquant
1738 1346 1824 1408 fur

239 1415 651 1484 comprehendat.
705 1418 905 1473 Somno
959 1422 1167 1478 inertiae
1222 1425 1573 1484 dormientes.
1637 1429 1824 1485 Omnes

237 1503 374 1555 enim
405 1519 489 1557 vos
520 1505 617 1573 lilii
659 1505 788 1561 lucis
834 1511 973 1577 estis,
1013 1521 1061 1565 et
1096 1513 1195 1580 ﬁlii
1242 1515 1363 1570 diei.
1410 1516 1528 1584 lpse
1573 1525 1656 1572 est
1700 1518 1818 1585 lux,

239 1601 296 1647 et
337 1594 450 1651 dies
491 1597 760 1664 scientiae,
793 1607 848 1654 et
886 1603 1238 1670 operationis.
1284 1605 1407 1660 Non
1449 1624 1624 1661 sumus
1662 1611 1820 1663 noctis

239 1701 397 1754 neque
443 1687 778 1744 tenebrarum.
822 1692 971 1747 Sicut
1011 1696 1265 1759 tenebrae,
1313 1698 1382 1752 ita
1425 1710 1479 1753 et
1521 1701 1817 1768 ignorantia

1729 717 1832 770 pax

1936 517 2285 578 Consolamini
2332 528 2702 594 pusillanimes.
2741 533 2842 598 Qui
2887 536 3183 604 exasperati
3230 517 3504 596 deficiunt.

1936 607 2195 680 Suscipite
2222 616 2472 683 infirmos,
2517 620 2790 678 Sustinete
2835 639 3005 693 nuper
3044 628 3344 698 credentes,
3385 631 3509 701 quia

1933 701 2168 756 nondum
2199 714 2324 760 sunt
2377 707 2518 763 firmi
2547 711 2600 765 in
2642 712 2767 766 fide.
2822 711 3080 770 Patientes
3109 725 3268 772 estote
3293 721 3359 772 ad
3400 737 3513 773 om-

1932 806 2037 846 nes.
2069 793 2241 849 Etiam
2269 796 2334 851 ad
2366 797 2483 853 illos
2511 801 2599 868 qui
2628 803 3004 872 corripiuntur.
3038 805 3139 872 Qui
3167 807 3220 862 in
3252 811 3511 876 patientia

1929 898 2035 939 non
2065 893 2176 950 est,
2203 902 2306 942 non
2337 890 2586 960 corrigit,
2620 893 2711 948 sed
2745 895 2934 950 irritat.
2975 895 3150 950 Videte
3180 915 3240 951 ne
3266 900 3376 965 quis
3407 918 3510 954 ma-

1931 975 2060 1030 lum.
2090 978 2246 1033 Omni
2274 980 2552 1050 diligentia
2579 993 2629 1039 et
2659 987 2886 1041 cautela.
2917 987 3021 1042 Pro
3048 990 3184 1042 malo
3208 991 3363 1044 alicui
3388 993 3511 1045 rett-

1927 1069 2037 1122 dat.
2069 1069 2246 1124 Timet
2292 1086 2360 1127 ne
2401 1072 2486 1128 vel
2525 1074 2750 1130 reddant
2793 1092 2926 1146 quos
2975 1079 3148 1135 facere
3194 1096 3300 1134 non
3348 1097 3512 1151 posse

1925 1159 2208 1227 credebat,
2241 1161 2342 1216 hoc
2367 1163 2478 1232 jam
2511 1168 2849 1233 generaliter.
2882 1168 2986 1224 Sed
3022 1186 3220 1239 semper
3254 1175 3388 1240 quod
3418 1173 3509 1226 ba-

1925 1265 2046 1302 num
2073 1259 2146 1304 est
2174 1253 2433 1306 sectamini
2460 1254 2513 1306 in
2541 1256 2772 1310 invicem.
2823 1257 3067 1315 Reddere
3105 1274 3202 1329 pro
3243 1260 3381 1316 malo
3414 1262 3512 1316 ho-

1924 1353 2073 1393 num.
2109 1339 2174 1394 Et
2205 1341 2258 1394 in
2287 1358 2478 1398 omnes.
2507 1343 2620 1399 Non
2651 1346 2820 1400 solum
2850 1348 2903 1401 in
2932 1348 3156 1404 invicem
3175 1393 3191 1420 ,
3218 1350 3314 1406 sed
3343 1353 3505 1406 etiam

1925 1428 1978 1484 ln
2024 1444 2212 1485 omnes
2255 1431 2522 1488 homines.
2570 1434 2781 1505 Semper
2827 1438 3061 1506 gaudete.
3092 1440 3252 1504 Quasi
3303 1442 3506 1506 tristes,

1923 1533 2135 1589 semper
2156 1529 2328 1576 autem
2352 1524 2661 1591 gaudentes,
2687 1525 2739 1580 id
2760 1535 2864 1594 est,
2886 1542 2986 1596 spe
3009 1529 3197 1582 futura:
3219 1530 3362 1584 vitaz.
3383 1531 3507 1585 Sine

1924 1610 2298 1667 intermissione
2338 1626 2498 1668 orate.
2527 1615 2722 1683 Corde,
2757 1618 2896 1672 sicut
2940 1620 3105 1689 Moysi
3153 1622 3346 1676 tacenti
3375 1622 3509 1676 dici-

1925 1711 2044 1756 tur:
2075 1703 2210 1769 Quid
2253 1704 2454 1760 clamas
2495 1707 2560 1759 ad
2601 1710 2720 1762 me?
2752 1708 2816 1763 In
2858 1713 3087 1764 omnibus
3117 1714 3308 1781 gratias
3346 1715 3506 1784 agite.

238 1775 334 1829 dat
390 1776 638 1832 fiduciam
694 1780 1059 1851 delinquendi.
1112 1784 1281 1856 Igitur
1333 1804 1434 1841 non
1484 1789 1817 1844 dormiamus.
1851 1787 1980 1847 Blu
2010 1796 2262 1850 omnibus
2308 1813 2428 1865 qum
2466 1799 2785 1863 acciderint,
2828 1802 2963 1856 sicut
3012 1805 3070 1856 Β.
3095 1775 3216 1868 ίυΙ),
3250 1805 3300 1857 in
3329 1775 3507 1858 omni-

237 1863 435 1921 Mente.
470 1866 618 1922 Sicut
648 1875 835 1926 cazteri.
871 1873 970 1940 Qui
997 1875 1097 1930 sic.
1144 1875 1250 1931 Sed
1279 1879 1563 1948 vigilemus,
1590 1891 1636 1936 et
1665 1884 1818 1937 sobrii

234 1954 416 2009 simus.
453 1957 724 2013 Attendite
767 1961 938 2028 vobis,
987 1979 1054 2018 ne
1100 1976 1389 2035 graventur
1430 1970 1592 2024 corda
1640 1981 1817 2027 vestra

235 2045 484 2115 crapula,
525 2056 580 2102 et
619 2048 896 2120 ebrietate,
925 2062 978 2108 et
1007 2056 1151 2110 curis
1201 2057 1360 2127 hujus
1404 2059 1567 2115 vitae:
1600 2075 1730 2131 ergo
1766 2073 1820 2119 et

234 2148 383 2197 cura:
413 2138 693 2196 inebriant.
728 2142 827 2208 Qui
860 2144 994 2198 enim
1028 2146 1311 2202 dormiunt.
1346 2149 1469 2206 Ideo
1508 2151 1664 2208 otiosi
1695 2163 1818 2210 sunt

223 2233 291 2279 et
318 2227 529 2293 caeteri,
559 2229 683 2298 quia
715 2231 766 2285 in
811 2233 1044 2288 tenebris
1073 2245 1216 2289 sunt.
1246 2238 1500 2308 Sequitur
1540 2255 1820 2312 compara-

233 2314 457 2370 tionem.
505 2316 673 2372 Nocte
716 2321 995 2375 dormiunt.
1042 2324 1100 2378 in
1148 2328 1398 2393 peccatis.
1448 2329 1515 2383 Et
1557 2333 1645 2400 qui
1692 2335 1818 2388 ebrii

231 2413 382 2469 sunt,
414 2414 556 2460 nocte
584 2408 710 2461 ebrii
736 2420 872 2463 sunt.
906 2411 962 2465 ld
994 2422 1107 2481 est,
1138 2415 1206 2469 de
1235 2419 1486 2484 peccatis.
1512 2419 1627 2475 Nos
1649 2432 1814 2478 autem

228 2496 324 2567 qui
351 2498 455 2551 diei
483 2514 678 2554 sumus.
721 2501 828 2555 Nos
871 2503 960 2573 qui
1006 2504 1146 2561 diem
1194 2509 1476 2578 habemus,
1521 2528 1621 2569 nec
1659 2516 1816 2572 otiosi

229 2601 330 2642 nec
353 2589 486 2644 ebrii
517 2605 637 2646 esse
662 2592 941 2651 debemus.
974 2597 1147 2653 Sobrii
1185 2602 1365 2657 simus.
1395 2605 1477 2658 Ab
1517 2609 1661 2663 omni
1691 2625 1817 2680 pec-

227 2690 371 2738 cato.
395 2682 579 2738 Induti
606 2687 816 2741 loricam
837 2691 958 2757 ﬁdei
989 2702 1035 2746 et
1064 2694 1348 2763 charitatis,
1389 2709 1435 2751 et
1456 2701 1654 2768 galeam
1675 2720 1814 2774 spent

227 2774 433 2831 salutis.
495 2777 627 2833 Fide
675 2788 730 2834 et
776 2781 1037 2839 charitate
1082 2786 1303 2854 justitize
1351 2802 1553 2846 vestem
1607 2793 1809 2862 induti,

228 2879 387 2935 quam
427 2868 554 2922 alibi
597 2870 778 2925 lorica:
821 2877 1169 2943 comparavit.
1216 2880 1472 2945 Quoniam
1503 2902 1604 2939 non
1645 2889 1816 2955 posuit

227 2972 321 3011 nos
352 2957 490 3013 Deus
536 2961 587 3014 in
617 2963 770 3017 irant.
813 2964 871 3019 ld
911 2977 993 3021 est
1042 2969 1094 3023 in
1128 2967 1498 3038 perditionem.
1534 2979 1648 3034 Non
1696 2996 1814 3037 cre-

218 3046 419 3104 dentes
450 3051 501 3105 in
544 3052 624 3106 ira
664 3064 788 3108 sunt
813 3058 1008 3126 positi,
1036 3059 1126 3128 qui
1151 3060 1260 3129 jam
1288 3063 1512 3134 judicati
1538 3081 1679 3125 sunt.
1707 3071 1814 3126 Sed

1922 1883 2022 1937 bus
2049 1884 2257 1939 actibus
2303 1886 2497 1940 vestris
2529 1888 2755 1942 Domino
2793 1890 2977 1957 gratiae
3025 1893 3338 1946 referantur.
3377 1892 3507 1949 Hrrc

1922 1981 1993 2026 est
2039 1974 2174 2027 enim
2200 1974 2436 2029 voluntas
2467 1975 2562 2030 Dei
2599 1977 2653 2031 in
2683 1976 2885 2032 Christo
2912 1979 3037 2033 Jesu
3067 1981 3122 2034 in
3150 1983 3380 2036 omnibus
3419 1999 3506 2035 vo-

1922 2063 2015 2115 bis.
2046 2063 2196 2118 Sicut
2238 2065 2291 2118 in
2336 2065 2427 2119 illo
2472 2065 2688 2134 impleta
2718 2077 2800 2121 est
2831 2083 2923 2135 per
2970 2069 3180 2133 omnia,
3227 2071 3299 2123 ita
3347 2080 3402 2125 et
3446 2072 3502 2126 in

1921 2152 2074 2206 vobis
2096 2155 2340 2210 omnibus
2367 2156 2671 2224 impleatur.
2701 2157 2953 2225 Spiritum
2980 2158 3135 2212 nolite
3165 2161 3497 2230 exstinguere.

1919 2239 2180 2310 Spiritum
2233 2244 2571 2300 exhortantis
2627 2245 3020 2316 objectionibus
3073 2249 3237 2304 nolite
3283 2250 3500 2304 exstin-

1916 2344 2079 2398 guere
2119 2334 2496 2401 quaestionum.
2543 2336 2901 2406 Exstinguere
2938 2339 3094 2392 malis
3127 2341 3399 2408 operibus.
3448 2342 3501 2396 id

1917 2431 2000 2477 est
2041 2438 2204 2493 opera
2238 2429 2410 2482 sancti
2451 2427 2700 2497 Spiritus,
2740 2431 2863 2499 quia
2907 2430 3164 2500 quidquid
3196 2433 3288 2485 illo
3324 2431 3499 2499 instu-

1916 2524 2068 2569 rante
2099 2514 2346 2582 facimus,
2373 2518 2462 2573 ille
2493 2519 2659 2574 facit:
2687 2521 2776 2590 qui
2810 2529 2997 2575 auctor
3026 2530 3108 2577 est
3133 2522 3311 2590 operis
3338 2523 3498 2589 boui,

1915 2604 2052 2659 sicut
2093 2606 2334 2662 diabolus
2372 2609 2519 2663 mali.
2554 2609 2860 2681 Pr0phetias
2888 2613 3046 2666 nolite
3089 2630 3343 2683 spernere.
3377 2614 3501 2668 Sive

1917 2697 2090 2751 futura
2116 2699 2486 2767 praedicentes,
2505 2700 2619 2754 sive
2637 2703 2903 2771 praeterita
2925 2703 3272 2771 dis-erentes,
3294 2715 3498 2760 tantum

1917 2790 2151 2856 probetis
2179 2790 2223 2843 si
2265 2790 2385 2844 lidei
2424 2805 2528 2844 non
2567 2802 2692 2845 sunt
2729 2793 3027 2857 contraria,
3075 2809 3194 2862 quae
3223 2793 3491 2860 dicuntur,

1916 2889 1970 2935 et
2019 2879 2065 2934 si
2119 2880 2246 2949 quid
2292 2880 2398 2936 tale
2453 2881 2650 2947 fuerit,
2701 2882 2950 2938 refutate.
3013 2883 3199 2937 Omnia
3252 2886 3497 2952 probate,

1912 2974 2046 3043 quod
2076 2973 2262 3026 bonum
2285 2982 2358 3026 est
2390 2983 2583 3037 tenete;
2614 2974 2677 3027 ab
2709 2976 2848 3028 omni
2877 2975 3042 3046 specie
3074 2976 3211 3029 mala
3252 2976 3498 3031 abstinete

1915 3082 2022 3121 vos.
2054 3066 2188 3132 Quia
2228 3065 2409 3120 multa:
2447 3067 2657 3134 species
2692 3075 2816 3120 sunt
2855 3067 3141 3120 malorum.
3183 3065 3302 3133 Ipse
3325 3076 3498 3122 autem

225 3138 280 3191 in
309 3141 700 3208 acquisitionem
725 3146 908 3199 salutis
935 3164 1025 3216 per
1058 3148 1331 3206 Dominum
1367 3164 1597 3210 nostrum
1634 3160 1813 3214 .lesuin
1842 3135 1887 3197 Ο
1919 3156 2056 3210 Deus
2086 3155 2246 3226 pacis.
2289 3155 2389 3220 Qui
2428 3169 2616 3209 omnes
2659 3157 2887 3211 sustinet
2913 3157 3069 3210 etiam
3111 3155 3497 3223 blaspheman-

223 3225 502 3284 Christum.
546 3231 616 3287 Ut
655 3236 994 3303 acquiramus
1042 3239 1288 3296 salutem.
1333 3244 1434 3309 Qui
1476 3258 1702 3301 mortuus
1742 3261 1816 3304 est

227 3335 322 3387 pro
351 3320 510 3374 nobis.
550 3319 680 3377 Nam
719 3325 837 3380 sive
866 3328 1149 3396 morimur,
1179 3330 1295 3388 sive
1325 3333 1576 3401 vivimus,
1617 3339 1730 3394 sive
1762 3341 1812 3395 in

223 3421 474 3478 corpore,
511 3413 625 3468 sive
660 3423 810 3470 extra
854 3431 1072 3488 corpus,
1110 3435 1231 3476 cum
1272 3422 1389 3492 ipso
1428 3439 1642 3495 semper
1681 3430 1814 3485 vivi-

224 3515 366 3555 mus.
413 3501 480 3555 Ut
514 3506 618 3559 sive
659 3506 952 3578 vigilemus,
980 3511 1085 3564 sive
1130 3512 1462 3580 dormiamus,
1503 3518 1654 3571 simul
1697 3537 1812 3574 cum

227 3590 323 3644 illo
362 3592 606 3649 vivamus.
641 3596 804 3650 Bonis
834 3600 1107 3666 operibus.
1149 3601 1369 3674 PrOpter
1404 3607 1542 3674 quod
1579 3611 1812 3664 consola-

222 3685 350 3739 mini
376 3686 617 3755 invicem,
655 3698 701 3742 et
733 3692 985 3759 adificate
1009 3692 1342 3764 alterutrum,
1379 3699 1509 3753 sicut
1542 3711 1590 3754 et
1618 3703 1808 3770 facitis.

228 3777 382 3834 Sicut
421 3779 548 3835 felix
578 3791 659 3836 est
688 3784 774 3854 qui
808 3784 1064 3852 aediﬁcat,
1120 3789 1190 3842 ita
1223 3789 1404 3845 infelix
1431 3793 1521 3861 qui
1562 3793 1807 3854 destruit.

224 3867 488 3941 Rogamus
517 3881 685 3926 autem
720 3890 828 3942 vos,
861 3877 1062 3945 fratres.
1105 3877 1404 3934 Notandum
1431 3882 1554 3953 quia
1585 3884 1685 3940 hoc
1717 3887 1809 3941 lai-

219 3960 327 4029 cis,
368 3976 501 4031 quos
530 3965 831 4032 praapositis
858 3977 1039 4021 monet
1066 3969 1318 4025 exhibere
1363 3972 1536 4027 officia
1579 3975 1810 4032 eharita-

225 4053 312 4109 tis.
347 4054 414 4110 Ut
446 4059 684 4112 noveritis
718 4075 803 4112 eos
840 4062 927 4130 qui
953 4061 1184 4116 laborant
1230 4065 1361 4117 inter
1395 4082 1501 4119 vos.
1540 4067 1608 4122 Ut
1656 4071 1808 4124 intel-

225 4140 402 4214 ligatis
426 4146 661 4204 laborem
690 4149 945 4218 ipsorum.
972 4150 1039 4204 Et
1071 4163 1296 4220 prcesunt
1323 4155 1460 4209 vobis
1485 4157 1537 4210 in
1562 4157 1802 4216 Domino.

223 4235 437 4290 Domini
461 4240 725 4308 exemplo,
755 4256 858 4295 non
892 4251 1152 4312 potestate
1178 4255 1385 4301 terrena
1414 4262 1428 4299 :
1461 4247 1584 4317 quia
1634 4250 1806 4306 bonus

221 4322 413 4379 doctor
442 4341 546 4381 non
594 4328 710 4383 sine
758 4330 939 4386 labore
973 4343 1147 4400 potest
1192 4336 1407 4402 docere,
1441 4338 1526 4392 vel
1573 4354 1806 4406 praeesse

221 4416 366 4469 aliis.
392 4415 459 4470 Et
486 4427 689 4472 monent
718 4435 827 4484 vos,
869 4431 925 4473 ut
971 4423 1198 4478 habeatis
1230 4427 1345 4480 illos
1381 4428 1724 4482 abundantius
1753 4431 1806 4483 in

1917 3258 2020 3302 tes.
2050 3245 2351 3312 Sanctiﬁcet
2379 3262 2487 3299 vos.
2517 3246 2634 3315 iugi
2674 3246 2916 3300 custodia
2957 3246 3288 3314 protegendo
3317 3263 3327 3298 :
3361 3260 3498 3316 quos

1915 3346 2092 3391 autem
2131 3334 2468 3403 justiflcavit,
2510 3335 2609 3390 hos
2648 3343 2704 3389 et
2744 3335 3114 3389 sanctificavit.
3155 3334 3260 3389 Per
3299 3340 3493 3391 omnia.

1916 3427 1984 3484 Ut
2030 3428 2250 3497 perfecti
2293 3428 2409 3483 sitis
2447 3427 2499 3480 in
2531 3423 2800 3480 omnibus.
2848 3424 2915 3477 Et
2946 3427 3138 3497 integer
3165 3426 3375 3493 spiritus
3414 3444 3497 3483 vc-

1914 3528 2035 3570 ster.
2077 3517 2257 3573 Gratia
2300 3518 2522 3586 Spiritus
2568 3528 2900 3584 quaecunque
2942 3515 2996 3569 iu
3041 3529 3101 3569 se
3147 3515 3350 3586 integra
3391 3516 3495 3584 sit,

1915 3624 2020 3664 non
2053 3617 2229 3664 tamen
2259 3608 2485 3679 integra,
2515 3608 2617 3662 nisi
2648 3608 2718 3662 ab
2745 3607 2965 3677 integris
3003 3609 3321 3663 custoditur.
3355 3609 3498 3665 Dici-

1913 3712 2000 3759 tur
2049 3704 2358 3773 frequenter
2402 3702 2622 3771 Spiritus
2666 3701 2780 3770 ipsa
2824 3715 2973 3754 mens
3017 3701 3370 3765 rationabilis,
3403 3702 3492 3756 ubi

1910 3806 1990 3852 est
2020 3795 2270 3866 quiddam
2308 3802 2552 3863 tanquam
2596 3791 2781 3847 oculus
2829 3791 3042 3855 animm,
3074 3791 3139 3844 ad
3168 3806 3324 3860 quam
3367 3807 3493 3859 per-

1911 3886 2042 3941 tinet
2090 3887 2265 3954 imago
2312 3892 2369 3938 et
2413 3883 2615 3953 agnitio
2674 3881 2802 3946 Dei,
2853 3889 2903 3936 et
2951 3881 3232 3949 aliquoties
3272 3881 3493 3950 spiritus

1912 3991 2006 4044 pro
2034 3975 2255 4045 spiritali
2284 3974 2554 4028 intellectu
2584 3972 2862 4041 accipitur.
2890 3971 2956 4025 Et
2993 3974 3186 4024 anima.
3222 3970 3487 4040 Cogitato.

1910 4065 1976 4119 Et
2005 4082 2190 4132 corpus
2220 4066 2327 4117 sine
2367 4065 2592 4132 querela.
2622 4061 2705 4117 Ab
2743 4077 2923 4132 opere.
2959 4061 3024 4115 In
3066 4061 3334 4114 adventum
3379 4061 3492 4114 Do-

1909 4155 2034 4207 mini
2061 4155 2218 4206 nostri
2247 4151 2373 4205 Jesu
2401 4151 2590 4205 Christi
2617 4163 2860 4207 servetur.
2894 4149 3094 4204 Fidelis
3119 4160 3191 4203 est
3219 4152 3308 4214 qui
3345 4167 3498 4205 voea-

1908 4245 1974 4298 vit
2004 4259 2112 4297 vos.
2147 4243 2246 4310 Qui
2276 4242 2437 4295 dixit:
2468 4241 2657 4296 Venite
2684 4241 2749 4294 ad
2779 4255 2884 4306 me,
2912 4253 3099 4294 omnes
3120 4241 3207 4307 qui
3238 4240 3491 4293 laboratis

1908 4344 1961 4388 et
1990 4333 2192 4386 onerati
2225 4331 2376 4394 estis,
2408 4339 2461 4382 et
2490 4342 2590 4395 ego
2617 4343 2714 4381 vos
2760 4328 3096 4394 requiescere
3139 4326 3350 4378 faciam.
3388 4327 3492 4389 Qui

1908 4423 2059 4476 etiam
2104 4423 2272 4490 faciet.
2305 4419 2373 4472 Ut
2411 4417 2786 4486 perseveretis.
2819 4416 2968 4481 Quod
3004 4416 3243 4482 promisit
3265 4415 3486 4472 dicens:

222 4503 496 4558 charitate.
534 4506 835 4575 Presbyteri
869 4511 954 4578 qui
998 4511 1240 4568 laborant
1283 4519 1334 4569 in
1381 4517 1564 4582 verba,
1604 4517 1798 4586 duplici
1834 4495 1885 4553 Ῐ)
1912 4512 2046 4565 Ecce
2079 4525 2178 4578 ego
2208 4508 2480 4561 "ObiScum
2512 4522 2630 4560 3m"
2662 4522 2829 4576 υεψιθ
2855 4507 2920 4559 ad
2951 4507 3496 4563 0°"S"mm‘“i°"e"‘°

223 4597 431 4649 honore
456 4596 600 4665 digni
630 4605 752 4651 sunt
770 4639 785 4663 ,
812 4611 866 4655 et
887 4602 1176 4671 charitatis,
1201 4617 1252 4661 et
1280 4607 1400 4663 loci.
1427 4607 1646 4676 Propter
1671 4627 1800 4676 opus

222 4684 437 4738 illorum
458 4701 478 4739 :
504 4696 551 4740 et
579 4703 753 4756 pacem
781 4690 956 4744 habete
984 4709 1096 4746 eum
1120 4696 1214 4749 eis.
1243 4697 1320 4752 Ne
1347 4713 1465 4752 cum
1498 4715 1596 4768 pro
1625 4699 1800 4769 aliqua

220 4787 387 4827 causa
427 4777 824 4844 corriperentur
862 4795 889 4833 a
932 4784 1316 4852 sacerdotibus,
1370 4790 1570 4845 inimici
1617 4799 1673 4846 et
1716 4793 1802 4845 in-

219 4866 360 4933 grati
407 4867 717 4922 existerent.
770 4871 1030 4939 Rogamus
1067 4883 1236 4930 autem
1270 4895 1395 4942 ,vos,
1441 4884 1643 4951 fratres.
1693 4885 1802 4940 lloc

217 4954 882 5026 sa-cerdotibus‘przccipit.
924 4960 1172 5030 Corripitc
1197 4967 1464 5032 inquietos.
1495 4971 1597 5024 Pro
1627 4972 1802 5029 diver-

224 5045 381 5098 sitate
426 5046 732 5101 morborum
797 5049 1082 5106 diversitas
1151 5054 1448 5110 adhibenda
1499 5070 1582 5114 est
1627 5066 1799 5118 medi-

1913 4602 2141 4665 Fratres,
2185 4608 2326 4653 orate
2370 4613 2462 4666 pro
2502 4597 2667 4652 nobis.
2709 4597 2944 4652 Salutate
2992 4602 3174 4667 fratres
3217 4613 3388 4651 omnes
3432 4599 3485 4652 iit

1912 4697 2083 4750 osculo
2123 4703 2319 4748 sancto.
2363 4692 2562 4763 Adjuro
2597 4707 2681 4744 vos
2725 4707 2814 4760 per
2853 4690 3159 4754 Dominum,
3198 4699 3253 4742 ut
3293 4690 3493 4757 legatur

1912 4786 2148 4856 Epistola
2180 4785 2306 4839 hare.
2340 4783 2600 4852 Adjurare
2641 4781 2792 4844 licet,
2820 4780 3000 4850 jurare
3041 4795 3144 4834 non
3190 4780 3327 4832 licet.
3367 4778 3491 4832 Out-

1910 4882 2059 4935 nibus
2107 4878 2297 4931 sanctis
2347 4873 2610 4945 fratribus.
2659 4871 2840 4926 Gratia
2888 4869 3096 4923 Domini
3156 4868 3318 4922 nostri
3362 4867 3491 4920 Jesu

1913 4970 2101 5024 Christi
2127 4967 2397 5020 vobiscum.
2431 4965 2610 5017 Amen.
2635 4962 2860 5018 Sanctos
2886 4974 3168 5030 possumus
3197 4959 3496 5032 baptizatos

1911 5059 2174 5132 accipere-

247 5154 1813 5195 Μ

1918 5160 3465 5209 Μ

536 5257 691 5341 AD

293 5458 472 5516 CAPUT
501 5479 720 5519 PMIIUM.
776 5466 990 5533 Paulus,
1031 5479 1080 5523 et
1120 5469 1381 5536 Silvanus,
1422 5481 1467 5525 et
1514 5472 1804 5527 Timotheus

227 5549 470 5608 Ecclesia:
517 5555 1042 5613 Thessalonicensium
1091 5563 1141 5614 in
1188 5561 1295 5614 Deo
1339 5561 1497 5616 Patre
1544 5575 1713 5617 nostra
1755 5573 1802 5617 et

228 5639 448 5697 Domino
473 5643 597 5700 Jesu
624 5644 842 5702 Christo.
873 5648 1053 5704 Gratia
1078 5652 1217 5706 vobis
1245 5661 1293 5705 et
1322 5669 1424 5722 pax
1450 5671 1480 5706 a
1513 5653 1618 5708 Deo
1649 5653 1805 5707 Patre

225 5742 417 5801 nostra,
451 5745 497 5792 et
540 5736 758 5794 Domino
805 5738 924 5796 Iesu
954 5741 1174 5798 Christo.
1205 5743 1387 5802 Sancti
1435 5755 1594 5812 sunt,
1643 5745 1697 5802 id
1726 5753 1814 5802 est

744 5260 1909 5355 THESSALONICENSES
1977 5266 2541 5354 EPISTOLA.
2591 5265 2970 5349 SECUN
2984 5263 3174 5345 DA.

1912 5471 2145 5528 Ecclesia
2174 5480 2227 5526 et
2258 5485 2445 5526 omnes
2484 5468 2663 5523 fideles
2690 5464 2959 5534 baptizati.
2991 5462 3198 5517 Gratias
3226 5475 3374 5530 agrrc
3401 5458 3488 5510 de-

1909 5563 2080 5616 bemus
2123 5560 2230 5614 Deo
2277 5576 2472 5629 semper
2509 5575 2600 5627 pro
2638 5557 2802 5619 vobis,
2836 5557 3039 5624 fratres,
3070 5555 3138 5605 ita
3185 5562 3237 5602 ut
3277 5552 3488 5619 dignum

1909 5663 1999 5708 est.
2033 5652 2132 5720 Qui
2166 5667 2258 5707 vos
2295 5651 2429 5707 tales
2477 5651 2629 5713 fecit,
2677 5649 2943 5716 talemque
2989 5662 3050 5699 ex
3102 5661 3131 5699 v
3169 5645 3249 5698 bis
3299 5643 3485 5696 Evcl-:-

1921 5746 2086 5815 siam,
2119 5744 2364 5814 donoque
2412 5743 2792 5799 misericordia
2835 5740 3178 5811 praeparavit,
3223 5748 3276 5792 ut
3329 5734 3486 5791 tantis
