3982 6352
492 286 602 341 {H7

501 499 587 557 des
616 514 809 567 vestra,
839 513 883 557 et
927 503 1148 556 abundat
1176 503 1396 555 charitas
1427 504 1827 575 uniuscujusque
1860 515 2075 557 vestrum

501 594 551 646 in
582 595 810 647 invicem.
841 596 976 650 Ante
1020 594 1160 647 dono
1190 594 1278 648 Dei
1326 592 1587 648 credidit:
1620 610 1761 649 nunc
1797 609 2074 662 supercre-

501 684 600 738 scit
642 685 792 747 ﬁdes,
826 684 943 739 ideo
968 693 1019 740 et
1051 685 1164 739 laus
1193 694 1434 752 augetur.
1476 686 1685 740 Iustum
1717 695 1859 751 erat,
1890 697 1944 740 ut
1984 702 2074 741 su-

492 786 870 843 per-crescente
895 789 1079 828 eorum
1112 774 1212 828 [ide
1253 786 1307 828 et
1347 775 1626 837 charitate,
1665 784 1718 831 et
1744 776 1858 844 ejus
1885 791 2073 842 super-

501 876 769 921 cresceret
796 866 911 919 laus
950 864 1102 918 simul
1130 883 1143 917 :
1176 876 1228 919 et
1260 865 1386 919 illud
1419 869 1496 920 eis
1536 867 1885 933 prmnuntiat,
1932 867 2072 936 quod

501 954 551 1007 id
583 970 719 1007 novo
740 963 1048 1022 argumento
1071 968 1162 1007 eos
1188 954 1400 1023 quidam
1427 971 1455 1009 a
1486 955 1587 1011 lide
1617 957 1865 1011 tentaturi
1891 967 2071 1013 essent

500 1054 763 1107 avertere,
812 1045 951 1114 quod
994 1045 1235 1102 dicerent
1278 1048 1549 1102 Christum
1598 1050 1703 1105 cito
1748 1051 1967 1116 adesse,
2020 1060 2076 1107 et

500 1151 656 1202 quem
684 1135 909 1201 vellent,
941 1153 1035 1203 pro
1056 1136 1268 1193 Christo
1292 1140 1601 1195 inducerent
1628 1142 1693 1194 ad
1718 1141 2069 1196 suadendum.

499 1225 587 1278 Ita
612 1234 664 1278 ut
704 1235 752 1279 et
784 1243 874 1281 nos
916 1229 1014 1295 ipsi
1046 1230 1097 1282 in
1118 1229 1253 1283 vobis
1285 1231 1561 1298 gloriemur
1586 1234 1637 1285 in
1678 1231 1918 1287 Ecclesiis
1952 1233 2071 1297 Dei,

497 1335 591 1387 pro
637 1320 883 1388 patientia
926 1332 1087 1374 vestra
1126 1332 1170 1375 et
1211 1323 1330 1391 ﬁde.
1376 1323 1601 1378 Tantum
1651 1324 1974 1393 profccistis,
2016 1333 2075 1379 ut

499 1422 606 1462 non
637 1409 807 1463 solum
835 1411 925 1463 alii
955 1425 1047 1465 vos
1075 1412 1318 1476 laudent,
1352 1414 1442 1467 sed
1485 1414 1641 1467 etiam
1673 1428 1770 1469 nos
1802 1415 1901 1483 ipsi
1934 1430 2073 1483 pra:—

502 1497 738 1552 Ieramus
768 1501 1018 1554 onmibus
1052 1516 1146 1556 vos
1187 1502 1494 1557 imitandos.
1539 1504 1605 1558 In
1634 1504 1864 1558 omnibus
1904 1520 2077 1573 perse-

500 1589 786 1642 cutionibus
833 1590 1010 1642 vestris
1051 1601 1096 1642 et
1138 1592 1578 1660 tribulationibus,
1623 1611 1749 1663 quas
1793 1596 2068 1649 sustinetis.

500 1677 633 1743 Quia
666 1678 763 1732 nisi
811 1680 1099 1736 crederetis
1139 1682 1279 1737 dono
1320 1684 1411 1740 Dei
1455 1685 1659 1751 futura,
1702 1688 1801 1742 ista
1850 1690 2074 1745 minime

504 1768 817 1824 siilTerretis.
850 1770 953 1826 Sed
998 1773 1192 1841 gratias
1234 1775 1440 1842 agimus
1482 1777 1620 1841 Deo,
1664 1778 1816 1847 cujus
1857 1789 1971 1846 est,
2015 1790 2073 1836 ιιι
2102 1764 2150 1821 Β

503 1859 738 1927 possitis.
774 1861 835 1914 In
863 1865 1140 1932 exemplum
1160 1866 1294 1935 justi
1309 1868 1497 1936 judicii
1530 1868 1644 1923 Dei.
1676 1868 1745 1924 Ut
1770 1872 2071 1940 exemplum

503 1947 641 2003 detis
680 1948 881 2019 justum
930 1953 1019 2008 Dei
1062 1954 1318 2023 judicium
1364 1960 1707 2026 exspectandi
1741 1980 1754 2015 :
1794 1976 1953 2029 quem
1998 1963 2071 2018 ita

503 2040 721 2096 creditis
746 2044 976 2098 venisse.
1008 2045 1073 2099 Ut
1103 2047 1245 2117 digni
1274 2048 1559 2105 habeumini
1586 2067 1742 2121 regno
1774 2051 1887 2107 Dei.
1918 2053 2069 2124 Digni

476 2140 625 2184 :.sunt
660 2145 825 2201 regno
855 2133 978 2199 Dei,
1012 2136 1098 2204 qui
1147 2136 1367 2205 gloriam
1410 2138 1526 2207 ejus
1573 2141 1825 2208 scientes,
1872 2142 2070 2197 nullam

500 2221 814 2292 condignam
841 2239 958 2280 esse
1000 2236 1187 2295 putant
1230 2230 1551 2297 passionem.
1582 2230 1689 2285 Pro
1724 2249 1825 2302 quo
1863 2243 1908 2287 et
1938 2235 2072 2304 pati-

499 2312 667 2366 mini:
696 2313 792 2367 nisi
818 2314 863 2367 si
890 2326 1055 2369 tamen
1082 2321 1282 2387 justum
1318 2330 1393 2373 est
1430 2324 1568 2391 apud
1599 2321 1763 2377 Deum
1802 2328 2072 2381 retribuere

501 2401 874 2456 tribulationem
902 2404 981 2458 his
1008 2407 1093 2473 qui
1132 2422 1216 2461 vos
1254 2410 1516 2467 tribulam.
1550 2413 1661 2478 llic,
1700 2416 1748 2469 si
1778 2425 1951 2472 tamen
1992 2418 2071 2473 in-

502 2489 746 2545 saltantis
772 2502 882 2560 est,
912 2509 1016 2549 non
1064 2496 1371 2566 dubitantis,
1415 2505 1565 2572 quasi
1599 2504 1778 2561 dicat:
1808 2508 1861 2562 Si
1894 2520 2067 2567 tamen

501 2578 621 2632 fons
651 2580 871 2648 justitis:
918 2593 1089 2653 potest
1130 2587 1387 2656 judicare,
1432 2595 1572 2662 quod
1615 2594 1817 2663 justum
1850 2609 1951 2654 est.
1997 2600 2067 2655 Et

498 2669 657 2734 vobis,
683 2673 771 2740 qui
800 2674 1138 2747 tribulamini,
1170 2683 1390 2749 requiem
1422 2685 1677 2739 nobiscum
1710 2689 1761 2740 in
1803 2692 2067 2745 revelatio-

502 2775 615 2813 nem
654 2760 857 2817 Domini
886 2768 951 2820 de
994 2770 1136 2823 ctelo.
1183 2772 1313 2839 Quia
1360 2775 1635 2831 nobiscum
1683 2783 2066 2848 compatimini.

501 2848 629 2904 Cum
656 2854 851 2924 angelis
887 2858 1083 2913 virtutis
1124 2864 1256 2932 ejus.
1288 2862 1385 2931 Qui
1429 2867 1718 2923 vindicent.
1764 2870 1830 2924 In
1858 2874 2067 2938 ﬂamma

499 2942 632 3011 ignis
656 2944 825 3000 dantis
852 2948 1125 3004 vindictam
1156 2954 1234 3007 his
1271 2956 1359 3024 qui
1386 2973 1484 3010 non
1516 2971 1760 3013 noverunt
1790 2961 1975 3017 Deum.
2006 2966 2065 3021 Si

500 3033 673 3100 potuit
698 3036 909 3092 ﬂamma
941 3049 1048 3094 tres
1078 3057 1268 3110 pueros
1316 3060 1418 3100 non
1463 3056 1703 3118 tangere,
1750 3066 1912 3120 quare
1956 3070 2062 3110 non

498 3122 687 3177 eadem
713 3125 834 3181 aliis
859 3128 1069 3192 saevior,
1099 3131 1217 3185 aliis
1247 3134 1422 3189 mitior
1447 3138 1731 3192 credatur?
1756 3138 1823 3194 lit
1851 3146 1935 3211 qui
1965 3161 2064 3199 non
2096 3138 2140 3201 C

497 3212 736 3268 obediunt
770 3217 1048 3290 Evangelia
1078 3219 1279 3278 Domini
1324 3229 1482 3281 nostri
1524 3227 1649 3284 Jesu
1695 3231 1788 3286 Chi
1803 3234 1906 3289 isti.
1951 3236 2064 3292 Non

496 3304 668 3360 solum
695 3308 788 3376 qui
833 3324 937 3364 non
969 3324 1225 3369 noverant
1263 3316 1456 3385 Deum,
1486 3323 1578 3375 sed
1619 3324 1778 3378 etiam
1821 3327 1909 3395 qui
1960 3344 2064 3383 non

495 3395 751 3453 obediuut
778 3398 1106 3471 Evangelicis
1134 3406 1442 3477 disciplinis.
1475 3412 1574 3476 Qui
1600 3431 1773 3483 plenas
1800 3419 1990 3472 dabunt
2014 3421 2067 3474 in

495 3484 753 3541 interitum
798 3500 1030 3546 atcrnas.
1064 3491 1226 3550 Pmna
1255 3500 1372 3554 sine
1412 3503 1646 3567 patiente
1669 3505 1777 3560 dici
1820 3523 1925 3563 non
1974 3524 2067 3577 po-

497 3587 599 3633 test
640 3582 982 3649 scmpiterna.
1011 3589 1052 3639 Α
1083 3588 1215 3656 facie
1253 3589 1489 3660 Domini,
1518 3604 1631 3651 et-a
1664 3600 1844 3669 gloria'
1872 3604 2066 3659 virtutis

494 3671 629 3738 ejus.
657 3672 704 3725 A
749 3672 899 3740 cujus
939 3687 1226 3759 conspectu
1271 3686 1584 3742 sententiam
1624 3690 1904 3759 accipient.
1937 3695 2064 3751 Cum

496 3773 632 3812 vene:
647 3762 682 3812 it
723 3764 1007 3832 gloriﬁcari
1035 3750 1085 3821 in
1113 3773 1298 3828 sanctis
1336 3778 1458 3831 suis.
1504 3779 1620 3849 Ipse
1651 3784 1703 3837 in
1732 3788 1843 3843 suis
1870 3788 2066 3858 gloriﬁ-

494 3850 702 3908 cabitur
726 3858 999 3923 membris,
1022 3861 1111 3931 qui
1137 3864 1264 3919 solis
1289 3870 1570 3937 splendore
1598 3850 1909 3935 rutilabuni.
1941 3884 2064 3939 Sive

472 3947 896 4017 .glorilicabitur,
928 3966 1049 4007 cum
1080 3955 1348 4014 exhibebit
1387 3965 1527 4033 quod
1573 3972 1831 4035 promisit.
1873 3974 1938 4027 lit
1968 3977 2063 4029 ad-

495 4036 741 4093 mirabilis
773 4042 882 4108 ﬁeri
910 4044 962 4097 in
989 4049 1219 4101 omnibus
1249 4052 1337 4120 qui
1366 4058 1703 4113 crediderunt.
1734 4046 2063 4121 Illitabunlnr

493 4127 637 4182 enim
678 4130 821 4200 impii
854 4134 905 4189 in
936 4136 1311 4198 sublimatioue
1346 4144 1608 4213 justorum
1654 4154 1946 4222 inspirante
1975 4173 2061 4211 sa-

497 4218 620 4275 lutis
637 4222 776 4294 (sic).
804 4227 936 4293 Quia
957 4233 1200 4286 creditum
1219 4248 1290 4289 est
1311 4240 1646 4295 testimonium
1666 4256 1890 4301 nostrum
1912 4267 2062 4311 super

492 4326 577 4364 ros
614 4312 664 4365 in
705 4315 788 4368 die
816 4318 925 4372 illo.
955 4320 1085 4388 Quia
1116 4325 1262 4379 anniti
1290 4329 1504 4384 creditis
1544 4333 1844 4391 testimonio
1874 4354 2059 4394 nosrro

490 4402 557 4457 dc
591 4406 676 4459 dic
708 4408 817 4463 illo.
850 4411 913 4463 in
939 4429 1036 4481 quo
1057 4417 1206 4469 etiam
1234 4434 1439 4474 oramus
1460 4440 1655 4491 semper
1681 4444 1772 4494 pro
1816 4431 1971 4496 vobis,
2005 4441 2058 4484 ut

490 4495 729 4562 dignetur
758 4515 844 4553 vos
873 4507 1129 4558 vocatione
1153 4525 1244 4561 sua
1272 4510 1425 4565 Deus.
1457 4513 1524 4569 Ut
1551 4517 1691 4585 digni
1720 4519 1873 4573 inven

491 4585 558 4637 ad
611 4588 750 4654 quod
806 4594 936 4647 estis
995 4600 1209 4651 vocali:
1260 4618 1393 4670 quos
1444 4608 1586 4659 eni'n
1647 4610 1890 4676 vocavit,
1946 4613 2062 4667 illos

492 4681 548 4726 et
592 4674 919 4743 justiﬁeavit.
955 4682 1112 4738 Certe
1156 4688 1259 4756 iam
1311 4692 1591 4760 baptizatis
1631 4674 1963 4766 loquebatur.
2000 4702 2063 4756 Et

472 4765 700 4843 impleat
741 4795 937 4835 onmem
977 4784 1284 4840 voluntatem
1324 4789 1578 4858 bonitatis,
1611 4805 1657 4849 et
1692 4813 1818 4864 opus
1853 4800 1969 4865 ﬁdei
2011 4804 2065 4856 in

496 4875 705 4930 virtute.
737 4879 1011 4943 Ad,utorio
1042 4886 1347 4953 quotidiana
1387 4893 1569 4960 gratia}
1593 4907 1643 4949 et
1689 4898 1925 4954 scientim
1952 4920 1963 4954 :
1997 4918 2060 4957 ac

491 4979 787 5034 consolatio
816 4982 1069 5039 virtutmn
1088 5029 1102 5053 ,
1132 5001 1251 5056 quae
1280 5005 1413 5059 opus
1450 5006 1572 5049 sunt
1600 4995 1738 5053 ﬁdei.
1772 4998 1837 5055 Ut
1866 5002 2060 5071 clari/in

482 5089 621 5132 cetur
648 5099 825 5135 nomen
854 5081 1061 5141 Domini
1090 5091 1251 5143 nostri
1275 5090 1397 5146 Jesu
1428 5094 1612 5149 Christi
1637 5098 1688 5152 in
1716 5101 1872 5166 vobis,
1899 5114 1945 5153 et
1973 5119 2055 5157 vos

479 5186 531 5237 in
563 5186 674 5239 illo.
707 5187 775 5242 Ut
817 5188 1010 5244 Christi
1044 5208 1233 5249 nomen
1278 5196 1329 5250 in
1377 5199 1568 5253 vestris
1606 5201 1811 5256 actibus
1850 5204 2049 5259 clarum

476 5284 572 5349 sit,
602 5298 656 5339 et
687 5304 781 5342 vos
810 5291 859 5343 in
884 5290 999 5359 ejus
1027 5295 1192 5363 signis
1213 5307 1368 5365 atque
1398 5300 1677 5354 virtutibus
1699 5303 1933 5370 gloriosi.
1963 5306 2051 5358 Se-

475 5389 700 5440 cundum
722 5399 939 5459 gratiam
967 5390 1060 5446 Dei
1082 5394 1241 5447 nostri
1262 5405 1307 5448 et
1337 5396 1539 5451 Domini
1558 5398 1682 5452 Jesu
1704 5399 1908 5454 Christi.
1933 5403 2046 5458 Non

474 5488 768 5541 secundum
801 5491 1045 5547 virtutem
1077 5504 1344 5560 nostram,
1377 5496 1471 5551 sed
1505 5499 1794 5553 secundum
1824 5501 2046 5569 gratiam

476 5582 593 5636 Dei.
642 5586 720 5638 Dil
744 5600 928 5655 genter
968 5594 1264 5660 considera,
1305 5594 1444 5663 quod
1494 5597 1784 5653 secundum
1825 5601 2044 5670 gratiam

474 5676 566 5735 Dei
602 5679 767 5752 dixit,
802 5703 903 5744 non
930 5695 1220 5750 secundum
1247 5696 1434 5753 merita
1461 5714 1674 5764 nos:rai
1708 5712 1767 5760 ut
1793 5704 1921 5761 nihil
1944 5706 2043 5763 sibi

1611 290 1907 347 PRIMASIi
1952 293 1989 345 Α
2002 290 2395 349 DRUMETANI
2437 295 2649 355 EPISC.

492 406 935 461 tribulationibus
971 422 1075 462 mm
1131 407 1349 463 cedatis.
1383 408 1630 473 Quoniam
1658 411 1985 476 supercreuit
2015 411 2077 476 Ιί-
2107 410 2155 468 Λ
2182 442 2392 501 ξιτ-ιδοὲοι
2432 433 2659 487 humana
2698 438 3077 509 pmsumprio,
3110 449 3162 496 ει

3669 311 3783 373 (πε

3203 443 3313 497 suis
3357 445 3563 501 meritis
3609 450 3775 517 quid—

2165 528 2334 595 ‘qnam
2361 529 2611 582 ascribat.

2246 619 2373 672 Car.
2408 635 2463 673 tt.
2501 621 2757 691 Rogamus
2787 634 2953 678 autem
2991 642 3096 689 vos,
3129 629 3334 700 fra’res,
3364 648 3453 701 per
3492 635 3773 689 adventum

2177 709 2384 765 Domini
2414 714 2576 765 nostri
2604 713 2729 767 Jesu
2758 715 2963 770 Christi.
3006 718 3120 786 Quo
3155 723 3235 772 vo'
3259 723 3304 776 is
3342 723 3473 776 nihil
3516 734 3605 779 est
3641 728 3774 781 cita-

2176 803 2308 867 rius,
2333 804 2481 872 quasi
2512 806 2731 859 sanctis.
2759 805 2823 859 Et
2849 819 3035 862 nostra:
3061 815 3463 882 congregationis
3489 815 3539 868 in
3572 817 3769 884 ipsum.

2171 891 2399 956 Quando
2425 909 2451 947 a
2480 904 2707 963 quatuor
2731 898 2905 951 ventis
2935 901 3054 954 «(eli
3087 904 3549 972 eongregabuntur
3581 907 3766 962 electi.

2171 979 2246 1034 'Ut
2294 996 2398 1035 non
2439 985 2537 1036 cito
2586 987 2885 1040 moveamini
2921 1004 2953 1040 et
2997 1001 3158 1044 uestro
3198 1010 3367 1046 sensu.
3415 994 3531 1049 Non
3586 997 3610 1048 f
3641 1000 3767 1062 cie,

2172 1071 2268 1125 sed
2312 1073 2716 1140 rationabiliter,
2760 1079 3050 1133 secundum
3104 1081 3373 1151 Evangelii
3416 1087 3767 1142 eviden'issi-

2172 1176 2315 1216 mam
2348 1166 2667 1220 sententiam
2710 1169 2777 1222 de
2818 1169 2905 1223 illa
2954 1171 3060 1225 die.
3093 1173 3191 1238 Qui
3234 1174 3403 1230 credit
3448 1180 3576 1243 cito,
3635 1182 3766 1235 levis

2175 1255 2354 1323 corde,
2393 1267 2447 1311 et
2488 1257 2860 1316 minorabilur.
2891 1262 3070 1331 Neque
3109 1269 3429 1333 terreamini,
3474 1287 3638 1340 neque
3678 1290 3766 1338 per

2173 1346 2431 1413 spiritum.
2462 1346 2569 1402 Nec
2605 1350 2754 1417 signa
2795 1364 2890 1405 vos
2930 1361 3165 1409 terreant
3201 1371 3319 1425 qum
3368 1374 3464 1426 per
3504 1364 3757 1429 spiritum

2176 1434 2601 1505 transﬁguratum
2634 1440 2685 1493 in
2725 1452 2965 1497 sanctum
2999 1441 3151 1510 ﬁent;
3185 1448 3307 1516 quia
3352 1459 3405 1503 et
3436 1451 3543 1505 hoc
3576 1453 3761 1507 δῖνοι-ει-

2176 1533 2258 1577 tor
2286 1536 2408 1580 ante
2441 1531 2770 1596 prtemonuit.
2800 1531 2977 1602 Neque
3006 1552 3094 1600 per
3118 1553 3422 1594 sermonem.
3453 1540 3759 1600 Dialectit-a

2175 1614 2416 1681 fallaciae,
2451 1618 2537 1671 vel
2578 1621 2857 1678 rhetorica:
2892 1626 3174 1681 suasionis.
3208 1628 3392 1697 Neque
3435 1649 3528 1700 per
3571 1636 3756 1701 ερίιιο-

2178 1705 2299 1759 lam.
2334 1706 2546 1763 Poterat
2573 1712 2713 1766 enim
2744 1716 2902 1769 etiam
2933 1716 3035 1772 hoc
3065 1719 3325 1775 diabolica
3360 1724 3607 1780 invenire
3639 1743 3757 1781 ver-

2175 1796 2352 1850 sutia:
2383 1799 2523 1855 sicut
2560 1801 2615 1857 in
2657 1804 2838 1859 multis
2886 1810 3207 1880 apocryphis
3252 1822 3508 1882 apparet,
3539 1833 3662 1886 qua:
3688 1820 3753 1874 ad

2174 1887 2332 1943 fidem
2364 1892 2601 1959 perfidia:
2626 1894 2932 1952 "faciendam
2965 1902 3326 1969 apostolorum
3360 1907 3580 1962 nomine
3621 1911 3749 1964 titu-

2174 1980 2373 2037 Iantur.
2426 1982 2693 2051 Tanquam
2742 2005 2831 2055 per
2871 2006 2965 2045 nos
3010 1993 3238 2049 missam.
3287 1997 3481 2051 Nostro
3536 2003 3751 2058 nomine

2172 2070 2459 2127 titulatsm.
2485 2074 2648 2140 Quasi
2684 2079 2834 2131 ins‘trt
2862 2080 2970 2135 dies
3001 2081 3226 2140 Domini.
3272 2085 3396 2143 Dies
3426 2088 3578 2158 judic
3603 2092 3638 2144 i.
3672 2091 3750 2146 Ne

2172 2163 2285 2229 quis
2327 2178 2410 2216 vos
2438 2166 2646 2218 seducat
2690 2170 2799 2222 ulla
2848 2173 3017 2226 modo.
3052 2174 3263 2243 Dicens,
3300 2177 3438 2233 Ecce
3482 2180 3569 2235 hic
3599 2181 3750 2237 Chri-

2172 2260 2307 2319 stus,
2338 2267 2463 2309 ccce
2488 2255 2617 2312 illic.
2654 2257 2906 2324 Quoniam
2949 2263 3049 2317 nisi
3077 2267 3287 2321 venerit.
3327 2268 3437 2323 Nisi
3480 2272 3747 2327 Antichri-

2172 2352 2285 2397 stus
2313 2346 2545 2414 venerit,
2579 2363 2685 2402 non
2720 2351 2897 2406 veniet
2923 2352 3189 2423 Christus,
3220 2358 3340 2426 quia
3374 2358 3444 2413 ita
3482 2362 3596 2429 ipse
3628 2381 3746 2432 pro-

2174 2434 2336 2489 misit.
2376 2434 2628 2491 Discessio
2668 2442 2905 2507 primum.
2953 2443 3194 2500 Desertio
3236 2444 3498 2517 veritatis,
3542 2452 3626 2506 vel
3666 2455 3743 2509 sui

2174 2525 2531 2595 principatus;
2577 2530 2690 2586 sive
2735 2532 2993 2588 discessio
3036 2534 3270 2604 gentium
3302 2554 3330 2592 a
3376 2540 3617 2595 Itouiano
3651 2545 3746 2598 im-

2172 2616 2342 2682 perio,
2381 2616 2515 2671 sicut
2551 2618 2604 2672 in
2654 2620 2871 2676 Daniele
2912 2639 3007 2692 per
3042 2625 3262 2681 bestiam
3293 2639 3347 2683 et
3394 2631 3645 2701 imaginis
3689 2633 3745 2689 li-

2170 2718 2356 2772 gurum
2403 2717 2747 2765 monstratur.
2796 2712 3059 2769 Disccs-io
3105 2726 3282 2772 autem
3337 2720 3586 2776 diabolus
3639 2742 3742 2780 non

2172 2794 2439 2852 immerito
2464 2798 2676 2865 dicitur,
2705 2801 2772 2855 ab
2796 2818 2861 2857 eo
2887 2805 3029 2873 quod
3057 2805 3305 2864 discessit
3342 2826 3369 2862 a
3394 2812 3536 2869 Deo.
3567 2809 3638 2866 Et
3668 2833 3749 2868 re-

2170 2889 2362 2941 velatus
2406 2892 2557 2958 fuerit
2600 2892 2748 2947 homo
2788 2896 2996 2965 peccati.
3037 2897 3088 2951 Id
3130 2909 3213 2954 est
3255 2902 3475 2968 diaboli,
3516 2906 3609 2974 qui
3651 2922 3747 2962 se.

2170 2981 2400 3035 cundum
2451 2983 2638 3037 Isaiam
2688 2987 2995 3056 prOpbetam
3046 2992 3331 3048 conturbat
3367 3004 3570 3064 gentes,
3625 3009 3737 3054 etc.

2176 3070 2345 3125 Filius
2388 3074 2680 3141 perditionis
2718 3079 2804 3144 qui
2841 3080 3159 3146 adversatur,
3203 3092 3250 3137 et
3286 3085 3556 3138 ex'ollitur.

2169 3178 2290 3218 eum
2329 3164 2477 3234 quasi
2518 3167 2617 3221 sibi
2651 3179 2831 3223 natum
2861 3172 3109 3239 excipiet.
3157 3174 3331 3245 Supra
3360 3193 3525 3232 omne.
3569 3178 3746 3249 Supra

2166 3256 2516 3312 :eternitatem
2559 3269 2613 3314 et
2643 3261 3097 3332 .omnipotentiam
3144 3282 3204 3322 se
3235 3268 3497 3336 jar-titabit
3520 3311 3534 3333 ,
3576 3281 3631 3324 et
3665 3288 3749 3325 sa-

2167 3358 2435 3401 cramenta
2462 3349 2682 3406 cultura:
2712 3367 2909 3420 augere
2944 3369 3003 3410 se
3029 3356 3188 3412 dicet.
3228 3357 3357 3413 Nam
3389 3370 3438 3413 et
3487 3363 3744 3429 templum

2168 3438 2541 3513 Hierosolymis
2584 3444 2855 3512 restituet,
2884 3458 2936 3502 et
2963 3450 3139 3503 omnia
3179 3449 3308 3520 legis
3352 3453 3744 3508 czereruonirdia

2167 3533 2516 3597 restatrabit,
2562 3541 2765 3589 tantum
2807 3547 2862 3591 ut
2908 3539 3251 3607 Evangelium
3297 3536 3496 3595 Christi
3553 3542 3748 3598 dissol-

2168 3629 2291 3674 vat:
2325 3636 2439 3691 qua:
2480 3638 2566 3678 res
2614 3626 2947 3683 miserabiles
2983 3628 3198 3684 Jmlznos
3238 3640 3359 3684 eum
3406 3646 3501 3700 pro
3535 3631 3745 3686 Christo

2166 3714 2438 3780 suscipere
2482 3716 2845 3783 persuadebit,
2890 3721 2940 3773 in
2994 3734 3111 3789 suo,
3147 3716 3249 3775 non
3297 3722 3347 3774 in
3399 3722 3490 3775 Dei
3535 3726 3749 3779 nomine

2165 3801 2484 3866 venientem.
2517 3804 2667 3869 Quod
2712 3808 2898 3861 dicitur
2933 3808 3090 3877 Deus,
3122 3821 3211 3863 aiat
3240 3812 3378 3880 quod
3412 3814 3599 3866 colitur
3625 3830 3645 3867 :
3680 3815 3748 3867 ita

2166 3902 2222 3944 ut
2262 3895 2315 3947 in
2366 3896 2550 3964 templo
2598 3895 2695 3952 Dei
2736 3899 2937 3968 sedeat,
2989 3903 3253 3956 ostendens
3296 3920 3346 3957 se
3402 3913 3644 3967 tanquam
3684 3907 3752 3960 sit

2167 3985 2326 4039 Deus.
2360 3986 2483 4040 Non
2514 3990 2737 4045 retinetis
2768 3996 2923 4061 quod,
2959 4009 3073 4047 cum
3102 4011 3322 4049 essemus
3344 3998 3489 4064 apud
3510 4013 3615 4066 vos,
3645 4000 3749 4051 hac

2162 4075 2452 4130 dicebamus
2480 4078 2654 4133 vobis?
2678 4080 2831 4146 Quod
2875 4082 3072 4137 dicitur
3116 4084 3280 4147 Deus,
3338 4084 3575 4139 Ecclesia
3627 4098 3746 4142 est:

2165 4165 2304 4233 quod
2334 4175 2513 4221 autem
2543 4170 2759 4241 colitur,
2793 4172 2933 4228 Deus
2966 4187 3205 4227 summus
3238 4184 3338 4228 est.
3367 4173 3436 4229 Ut
3463 4174 3515 4229 in
3545 4178 3746 4245 templo

2168 4254 2259 4309 Dei
2288 4255 2501 4325 sedeat,
2539 4262 2826 4316 ostendens
2861 4278 2941 4329 se,
2973 4263 3114 4333 quod
3147 4264 3259 4333 ipse
3286 4265 3356 4318 sit
3388 4264 3547 4331 Deus,
3583 4267 3634 4321 id
3666 4278 3748 4323 est

2163 4348 2301 4415 quod
2355 4351 2468 4418 ipse
2520 4351 2588 4405 slt
2636 4353 2921 4410 Ecclesia:
2962 4360 3118 4426 quale
3165 4372 3279 4426 est,
3323 4362 3366 4416 si
3417 4364 3653 4429 diceret,
3687 4362 3745 4416 in

2166 4441 2415 4504 templum
2452 4442 2541 4496 Dei
2577 4444 2792 4510 sedeat,
2824 4449 3112 4504 ostendens
3150 4465 3209 4505 se
3238 4451 3381 4521 quod
3410 4454 3523 4523 ipse
3552 4454 3620 4507 sit
3650 4448 3744 4507 Dei

1884 4524 2059 4575 iatnini
2089 4517 2143 4577 D
2169 4533 2454 4601 templum;
2487 4545 2576 4588 aut
2620 4536 2672 4591 in
2704 4537 2869 4593 Deum
2898 4542 3108 4608 sedeat,
3141 4546 3429 4600 ostendens
3457 4547 3597 4617 quod
3634 4547 3748 4616 ipse

2166 4623 2235 4675 sit
2264 4623 2422 4679 Deus.
2456 4625 2594 4680 Istud
2618 4628 2684 4683 de
2711 4629 2913 4684 Ticonii
2943 4631 3176 4702 Regulis.
3214 4634 3279 4689 Et
3303 4654 3435 4690 nunc
3463 4638 3588 4705 quid
3615 4640 3745 4690 deti-

2167 4724 2284 4767 neat
2308 4714 2465 4767 scitis.
2507 4714 2801 4771 Adventum
2833 4721 3167 4776 Antichristi.
3208 4722 3273 4777 Ut
3296 4726 3543 4778 reveletur
3568 4727 3622 4778 in
3650 4741 3747 4776 suo

2168 4809 2409 4869 tempore.
2438 4803 2579 4858 Idem
2603 4806 2983 4865 Antichristus.
3009 4809 3146 4864 Nam
3170 4815 3463 4883 mysterium
3476 4821 3587 4886 jam
3619 4834 3746 4882 ope-

2168 4900 2314 4942 ratur
2353 4891 2653 4959 iniquitatis.
2691 4895 2744 4949 In
2776 4900 3196 4965 plﬂ‘Clll‘SOIibUS
3233 4902 3349 4971 ejus
3392 4903 3742 4969 Antichristi,

2167 4980 2254 5048 qui
2294 4980 2538 5036 exierunt
2589 4985 2639 5037 in
2690 4987 2907 5043 mundo.
2938 4985 3159 5042 Tantum
3187 4999 3240 5043 ut
3280 4993 3367 5058 qui
3405 5000 3536 5046 tenet
3580 5010 3744 5047 nunc.

2159 5069 2375 5125 Scilicet
2390 5071 2906 5143 imperium.1‘eneat,
2929 5079 3089 5132 donec
3106 5083 3169 5132 de
3185 5081 3346 5135 medio
3364 5082 3479 5150 ﬁat.
3501 5082 3742 5151 Regnum

2160 5163 2517 5219 Romanorum
2548 5166 2616 5221 de
2655 5167 2834 5221 medio
2880 5170 3028 5237 prius
3073 5170 3344 5225 auferetur
3390 5188 3546 5241 quam
3580 5176 3743 5226 Anti-

2151 5255 2383 5309 christns
2428 5258 2713 5311 reveletur.
2756 5259 2822 5310 Et
2871 5270 2987 5312 tunc
3033 5263 3337 5314 revelabitur
3366 5260 3454 5314 ille
3503 5263 3740 5326 iniquus,

2150 5362 2296 5411 quem
2329 5346 2574 5401 Dominus
2601 5346 2752 5402 Jesus
2779 5349 3044 5417 interﬁciel
3074 5352 3257 5421 spiritu
3284 5352 3405 5415 oris,
3433 5363 3480 5406 et
3510 5353 3741 5406 destruet

2149 5438 2490 5491 illustratione
2527 5442 2770 5492 adventus
2798 5441 2895 5493 sui.
2924 5440 3058 5505 Quia
3088 5440 3227 5496 sicut
3266 5441 3436 5511 fulgor
3484 5456 3737 5496 corusca-

2152 5527 2228 5581 bit
2272 5528 2323 5581 in
2372 5528 2589 5583 mundo.
2652 5528 2811 5593 Eum,
2852 5532 2999 5601 cujus
3042 5540 3114 5585 est
3166 5531 3412 5586 adventus
3452 5534 3739 5585 secundum

2152 5620 2499 5686 Operationem
2545 5619 2775 5675 Satanaz.
2806 5621 3111 5691 Exsurgent
3140 5621 3643 5695 pseudOprOphetae,
3673 5633 3738 5677 es

2150 5710 2570 5778 pseudochristi,
2602 5721 2656 5768 et
2685 5712 2879 5770 dabunt
2909 5714 3056 5783 signa
3102 5728 3321 5786 magna,
3352 5715 3423 5769 ita
3452 5724 3507 5770 ut
3543 5713 3597 5767 in
3630 5728 3739 5785 er;
