3982 6352
174 372 283 431 649

173 504 354 551 mrem
402 490 700 561 mittantur,
741 495 786 550 si
831 496 949 552 ﬁeri
998 509 1206 570 potest,
1256 503 1416 559 etiam
1467 505 1645 562 electi.
1692 506 1760 559 In

172 583 313 636 omni
359 582 574 651 uirtute,
612 594 658 639 et
692 588 884 658 signis,
927 600 983 644 et‘
1010 592 1261 664 prodigiis
1306 598 1655 654 mendacibus.
1705 601 1762 658 In

172 672 477 741 phantasia.
511 674 579 729 Et
607 676 661 730 in
688 681 830 733 omni
852 682 1143 737 seductione
1166 685 1467 755 iniquitatis.
1500 691 1594 747 Est
1617 694 1761 749 enim

170 763 412 835 sedttctio
452 767 715 824 veritatis.
756 769 858 827 His
902 774 989 842 qui
1033 786 1283 843 pereunt:
1315 794 1373 832 eo
1400 783 1539 850 quod
1580 782 1766 839 chari-

170 864 328 911 tatent
374 858 597 913 ueritatis
645 877 746 915 non
790 875 1119 935 receperunt,
1160 878 1217 923 ut
1259 871 1389 926 salvi
1429 874 1628 943 ﬁerent.
1661 878 1764 946 Qui

167 951 450 1005 veritatem
479 967 584 1007 non
631 953 965 1024 dilexerunt,
1007 960 1235 1030 diligent
1271 966 1583 1024 vanitatem.
1628 968 1761 1028 Ideo

165 1042 333 1096 mittet
361 1042 467 1099 illis
499 1044 640 1101 Deus
677 1052 1019 1119 Operationem
1048 1058 1257 1122 erroris,
1288 1067 1343 1112 ut
1384 1060 1593 1116 credant
1623 1080 1765 1119 men-

168 1133 342 1189 dacio.
368 1134 632 1194 Permittit
661 1139 983 1199 deserendo.
1008 1144 1141 1201 Nam
1170 1147 1217 1203 si
1244 1150 1384 1207 Deus
1404 1153 1599 1222 mittit,
1629 1172 1763 1227 quo-

166 1224 331 1280 modo
353 1230 600 1298 operatio
629 1231 842 1289 Satanas
879 1244 964 1290 est
1001 1238 1120 1308 ejus
1162 1239 1460 1298 adventus?
1516 1243 1586 1301 Ut
1614 1224 1761 1317 judi-

165 1326 349 1373 centur
370 1335 548 1375 omnes
582 1323 673 1394 qui
700 1341 804 1379 non
831 1327 1178 1386 crediderunt.
1222 1330 1289 1388 Ut
1318 1348 1423 1390 non
1453 1348 1511 1391 se
1554 1351 1650 1407 per
1678 1338 1763 1394 in-

164 1409 497 1466 carustionis
542 1411 744 1471 Christi
796 1415 1185 1475 obscuritatem
1248 1432 1512 1481 excusent
1564 1424 1761 1485 divinis

163 1498 455 1556 virtutibus
480 1516 587 1557 non
619 1504 940 1574 credidisse,
971 1523 1093 1565 cum
1116 1509 1323 1568 homini
1347 1512 1615 1573 diabolica
1642 1527 1759 1576 arte

162 1586 369 1646 fallenti
395 1589 763 1648 crediderint:
797 1597 922 1665 quia
949 1599 1003 1653 in
1051 1599 1283 1657 hominis
1312 1602 1492 1673 efﬁgie
1526 1620 1759 1678 apparo.

161 1680 264 1740 bit.
302 1682 521 1739 Veritatt‘
541 1686 764 1744 Christo.
800 1690 909 1746 Sed
938 1708 1302 1752 consenserunt
1328 1700 1611 1772 iniquitati.
1644 1707 1757 1760 An-

161 1774 426 1834 tichristo.
461 1778 575 1834 Nos
601 1790 772 1837 autent
797 1782 1035 1841 debemus
1072 1793 1268 1860 gratias
1294 1810 1447 1865 agere
1475 1796 1585 1851 Deo
1624 1815 1758 1854 sem-

160 1880 255 1934 per
299 1884 392 1938 pro
436 1871 596 1936 vobis,
627 1873 813 1940 fratres
851 1878 1023 1933 dilecti
1063 1897 1096 1934 a
1128 1882 1255 1939 Deo.
1286 1886 1390 1952 Qui
1435 1887 1752 1949 charitatem
1785 1898 1833 1958 Β
1862 1895 2138 1952 admodum
2169 1914 2400 1973 oporteat
2437 1910 2629 1966 imitari
2668 1931 2781 1983 nos,

159 1959 466 2025 recepimus
509 1964 771 2033 veritatis,
803 1976 859 2021 et
901 1981 1185 2039 propterea
1225 1991 1258 2030 a
1303 1976 1414 2033 Deo
1457 1980 1751 2052 diligimur.

164 2047 319 2113 Quod
352 2052 560 2123 elegerit
603 2073 690 2111 vos
720 2058 880 2115 Deus.
926 2062 1136 2119 Fecerit
1166 2080 1382 2135 paratos
1414 2072 1481 2127 ad
1524 2047 1753 2131 creden-

160 2135 292 2191 dum
320 2156 333 2192 :
364 2142 503 2197 sicut
530 2146 578 2199 ei
608 2147 714 2202 alio
741 2149 820 2205 ire
851 2153 1086 2220 cupienti
1109 2156 1177 2211 de
1204 2159 1319 2214 viro
1351 2160 1641 2220 Macedone
1669 2182 1755 2223 re-

158 2226 395 2284 velatum
434 2243 538 2288 est.
579 2234 847 2296 Primitias
890 2244 1211 2314 insalutetn,
1255 2252 1309 2306 in
1347 2258 1753 2324 sanctiﬁcatione

153 2315 390 2385 spiritus,
432 2332 478 2376 et
522 2324 627 2392 fide
670 2332 926 2399 ueritatis,
962 2336 1016 2388 in
1057 2355 1158 2407 qua
1202 2350 1251 2394 et
1297 2348 1487 2399 vocavit
1530 2364 1617 2401 vos
1662 2366 1753 2418 per

154 2406 496 2479 Euangel’um
525 2428 774 2474 nostrum.
799 2423 930 2491 Quia
963 2406 1167 2496 primos
1193 2448 1293 2488 nos
1339 2436 1463 2491 lect‘t
1501 2441 1745 2509 credere,

154 2512 316 2567 quam
357 2516 566 2572 gentes.
598 2509 665 2565 In
708 2517 1095 2582 acquisitionem
1121 2523 1304 2597 gloria:
1333 2528 1543 2587 Domini
1583 2536 1751 2590 nostri

150 2586 284 2644 Jesu
322 2592 531 2653 Christi.
553 2600 636 2656 Ad
664 2602 764 2661 hoc
793 2611 967 2666 vocati
993 2586 1154 2683 estis:
1187 2628 1243 2671 ut
1281 2619 1481 2678 Christi
1521 2586 1744 2695 gaias.

151 2681 484 2750 aequitatis:
514 2690 846 2766 scimusque,
887 2716 1010 2757 cum
1052 2681 1388 2778 apparuerit,
1419 2681 1621 2771 similes
1668 2719 1748 2774 illi

150 2772 399 2832 erimus:
431 2778 547 2837 sive
585 2784 654 2839 ad
694 2787 786 2844 Dei
831 2791 1057 2860 gloriam
1088 2772 1365 2873 pertinet,
1401 2819 1524 2862 cum
1571 2809 1747 2880 major

148 2866 484 2928 credentium
516 2890 773 2936 numerus
802 2889 1014 2943 crescit.
1045 2889 1246 2963 Itaque,
1278 2898 1486 2968 fratres,
1525 2912 1656 2961 state
1695 2914 1744 2961 et

149 2966 337 3016 tenete.
365 2962 491 3021 Haec
517 2966 573 3023 in
598 2969 724 3040 ﬁde,
749 2984 804 3029 et
827 2978 1077 3051 veritate,
1103 2962 1160 3040 et
1182 2962 1608 3051 sanctiﬁcatione
1633 3000 1742 3068 spi-

147 3049 309 3105 ritus.
345 3051 686 3119 Traditiones.
728 3064 858 3121 Cum
896 3082 1023 3127 suas
1060 3049 1181 3129 vult
1228 3083 1429 3151 teneri,
1473 3099 1577 3138 non
1626 3089 1742 3143 vult

146 3139 286 3198 alias
322 3150 630 3216 superaddi.
664 3154 808 3223 Quas
841 3160 1113 3232 didicistis,
1160 3169 1265 3223 sive
1300 3190 1394 3243 per
1422 3191 1733 3249 sermonem,

142 3232 253 3289 sive
290 3254 381 3307 per
412 3239 696 3312 Epistolam
732 3260 976 3308 nostram.
1008 3256 1084 3312 De
1112 3232 1361 3328 baptismi
1401 3281 1738 3329 sacramento
1764 3262 1813 3326 C

143 3330 207 3378 et
233 3331 443 3386 caeteris
485 3348 605 3403 qua:
642 3345 756 3394 toto
804 3346 1005 3401 mundo
1048 3363 1353 3423 servantur,
1394 3368 1448 3412 et
1500 3377 1593 3428 per
1636 3364 1737 3421 hoc

142 3420 441 3485 apostolice
465 3431 903 3496 comprobantur.
937 3435 1057 3507 Ipse
1082 3454 1255 3498 autem
1284 3446 1537 3505 Dominus
1567 3464 1735 3509 noster

140 3502 300 3561 Iesus
325 3509 575 3584 Christus,
597 3527 644 3571 et
675 3521 813 3577 Deus
834 3537 883 3579 et
909 3502 1070 3584 Pater
1093 3542 1281 3591 noster.
1307 3540 1406 3604 Qui
1438 3542 1551 3597 haec
1581 3546 1735 3603 nobis

143 3601 331 3655 omnia
359 3609 555 3663 attultt.
582 3609 781 3670 Contra
809 3620 1059 3688 Arianos,
1090 3627 1181 3695 qui
1212 3632 1469 3698 majorem
1512 3648 1729 3707 putant,

139 3692 237 3759 qui
266 3695 415 3762 prius
447 3700 606 3757 fuerit
635 3708 982 3769 nominatus:
1015 3692 1143 3772 ecce
1172 3718 1259 3775 hic
1290 3692 1435 3791 prius
1468 3692 1606 3783 liiius
1632 3746 1731 3786 no-

138 3782 399 3843 minatur.
437 3792 538 3859 Qui
579 3797 759 3855 dilexit
796 3819 908 3860 nos.
945 3806 1161 3877 Impius,
1188 3828 1309 3869 cum
1347 3833 1452 3873 non
1492 3837 1729 3881 merere-

136 3890 284 3933 mur.
328 3879 397 3934 Et
441 3886 582 3942 dedit
629 3894 1031 3953 consolationem
1087 3916 1347 3962 (sternam.
1402 3911 1561 3969 Prom
1584 3918 1725 3974 ssio-

135 3980 270 4023 num
306 3987 319 4023 :
365 3974 483 4031 sive
524 3979 781 4049 Spiritum
822 3994 1250 4063 consolatorem,
1293 4002 1394 4058 hoc
1433 4018 1515 4062 est
1558 4009 1723 4067 Para-

134 4060 359 4120 cletum.
396 4065 466 4122 Et
500 4087 641 4139 spem
670 4077 855 4133 bonam
880 4084 933 4136 in
970 4089 1159 4154 gratia.
1193 4092 1289 4146 Est
1326 4096 1468 4152 enim
1507 4111 1561 4155 et
1600 4118 1723 4173 spes

135 4156 305 4214 mala.
334 4158 651 4223 Exhortetur
676 4173 833 4227 corda
862 4187 1050 4236 uestra.
1087 4181 1381 4243 Virtutibus
1406 4193 1485 4246 vel
1516 4197 1725 4251 revela-

133 4247 302 4305 tione.
330 4252 400 4307 Et
446 4262 713 4331 conﬁrmet
750 4267 805 4323 in
842 4276 981 4327 omni
1023 4292 1194 4343 opere.
1233 4281 1503 4340 Conﬁrma
1536 4303 1623 4344 me
1664 4290 1720 4348 in

129 4341 315 4397 verbis
355 4348 506 4404 tuis:
546 4354 669 4422 quia
706 4357 752 4411 si
799 4359 893 4415 ille
941 4341 1065 4420 non
1101 4370 1534 4443 conﬁrmaverit,
1584 4395 1719 4437 vana

127 4440 216 4486 est
256 4435 402 4493 salus
442 4441 696 4503 hominis.
728 4446 799 4504 Et
832 4468 1063 4511 sermone
1103 4458 1255 4515 bono.
1297 4463 1414 4521 Non
1458 4435 1718 4529 solum

126 4538 319 4595 opere.

200 4634 334 4691 CAP.
368 4652 445 4694 ttt.
476 4641 555 4699 De
580 4657 781 4719 cietero,
826 4656 1031 4726 fratres,
1065 4672 1205 4719 orate
1242 4683 1336 4735 pro
1374 4670 1538 4728 nobis.
1569 4674 1717 4734 Sicut

125 4741 228 4795 pro
258 4726 438 4797 Petro,
470 4743 526 4790 et
550 4737 643 4794 dat
679 4739 997 4804 humilitatis
1022 4726 1360 4839 exemplum,
1392 4772 1447 4819 et
1475 4770 1717 4825 occasio-

125 4831 255 4873 nem
293 4819 588 4895 charitatis,
615 4841 672 4885 ut
711 4840 809 4903 pro
851 4839 1114 4899 alterutro
1160 4834 1397 4908 oremus.
1434 4855 1503 4912 Ut
1543 4876 1712 4917 sermo

126 4906 339 4967 Domini
360 4927 563 4985 currat,
590 4931 637 4976 et
671 4924 1006 4999 clari/icetur,
1035 4937 1167 4991 sicut
1194 4952 1243 4994 et
1271 4946 1412 5014 apud
1438 4964 1547 5003 vos.
1580 4952 1713 5008 Cur-

125 5008 211 5055 rat
248 5004 527 5062 allluentia
552 5024 568 5064 :
597 5016 974 5084 magniticetur
1001 5025 1245 5093 profectu
1282 5004 1615 5095 auditorum:
1640 5042 1710 5098 Et

124 5101 179 5144 ut
214 5093 486 5153 liberemur
512 5102 577 5156 ab
614 5105 918 5176 intportunis
955 5124 1003 5169 et
1046 5120 1195 5174 malis
1228 5093 1707 5191 Ιιοηιὶηἱιηιελέοξζ

127 5187 509 5249 tradicentihus
544 5205 599 5251 et
628 5209 1092 5272 persequentibus.
1142 5215 1268 5270 Non
1306 5223 1443 5275 enim
1479 5229 1705 5285 omnium

123 5286 195 5331 est
212 5280 358 5343 fides.
375 5283 492 5341 Non
511 5301 698 5346 omnes
714 5304 861 5351 caste
881 5303 1198 5360 annuntiant
1218 5307 1565 5383 Evangelium

121 5365 321 5427 Ftdelis
342 5386 511 5431 autem
534 5378 673 5436 Deus
692 5392 787 5449 est,
808 5389 896 5455 qui
925 5395 1245 5463 confirmabit
1267 5365 1520 5462 vos.v
1542 5409 1705 5467 relin-

121 5470 250 5527 quet
269 5464 368 5519 nisi
397 5469 777 5539 relinquentes.
810 5477 879 5532 Et
907 5487 1154 5542 custodiet
1177 5506 1212 5543 α
1237 5492 1394 5548 malo.
1422 5496 1702 5557 Tentatio-

119 5552 275 5609 nibus
318 5557 597 5620 diabolicae
643 5567 1021 5632 infestationis.
1063 5579 1381 5653 Conﬁdimus
1426 5601 1597 5647 autem
1634 5595 1700 5651 de

121 5646 255 5701 vobis
290 5649 342 5704 in
372 5650 613 5724 Domino,
641 5666 879 5731 quoniam
908 5687 1023 5741 qute
1060 5646 1391 5750 praecepimus
1421 5687 1609 5756 facitis,
1654 5698 1700 5745 et

918 5735 930 5741 -
1060 5735 1071 5746 .
1222 5735 1237 5750 1
1315 5735 1386 5738 νη-
1445 5735 1609 5756 -ν---νι
1654 5735 1699 5745 ’⁷

122 5735 332 5803 facietis.
352 5740 603 5804 Dominus
619 5764 787 5810 autem
806 5759 995 5831 dirigat
1013 5770 1172 5823 corda
1188 5782 1352 5829 vestra
1370 5735 1432 5831 in.
1450 5780 1700 5839 charitate

123 5827 236 5895 Dei.
267 5836 604 5912 lnspirando,
634 5827 979 5917 gubernando
1013 5860 1237 5937 jugiter,
1278 5827 1346 5929 et
1359 5827 1696 5951 adiuvando,

389 5936 664 6027 Pirum.
698 5964 986 6051 vatu,

810 378 878 436 IN
916 380 1309 444 ειηετοιΑκ
1347 386 1392 445 ll
1429 388 1522 446 AD
1571 388 1735 449 THES

1839 390 2271 465 LONICENSES
2304 405 2830 474 COMMENTARIA.‘

3350 435 3457 495 650

1787 511 1841 570 Α
1866 522 1929 564 ac
1949 515 2240 574 revelando
2270 535 2469 591 quanta
2496 529 2604 586 sint
2632 550 2751 604 qua:
2784 538 3030 606 promisit
3054 544 3137 601 vel
3166 543 3342 618 bonis,
3369 559 3455 612 vel

1867 607 2041 665 malis.
2091 612 2157 668 Et
2202 621 2495 678 notandum
2538 629 2680 697 quod
2727 630 2815 687 hic
2866 633 3151 696 Dominum
3199 607 3455 715 Spiritum

1865 711 2109 758 sanctum
2148 706 2369 778 dixerit,
2399 726 2587 774 contra
2629 721 2857 781 Arianos
2890 726 2974 784 hic
3020 734 3165 801 prior
3211 741 3458 797 nomina-

1868 799 1977 851 tur.
2006 794 2134 854 ldco
2161 800 2249 857 hic
2280 807 2472 865 merito
2500 811 2756 881 Spiritum
2786 830 3027 877 sanctum
3060 825 3341 886 Dominum
3374 847 3456 891 ac-

1865 883 2093 953 cipimus
2120 891 2210 960 qui
2248 892 2305 949 in
2338 898 2600 960 charitate
2629 906 2755 975 Del,
2786 921 2840 966 et
2868 913 2921 967 in
2950 913 3147 974 Christi
3191 924 3449 991 patientia

1865 977 2028 1051 corda
2060 979 2294 1039 ﬁdelium
2327 988 2541 1062 diriget.
2573 994 2643 1051 Et
2667 1002 2916 1071 patientia
2946 1005 3156 1066 Christi.
3193 977 3258 1069 iit

1866 1066 2043 1137 ligatis
2067 1071 2199 1129 nihil
2229 1091 2424 1133 novum
2448 1084 2557 1152 pati
2582 1066 2677 1154 pro
2696 1091 2873 1159 vobis,
2897 1098 3040 1164 quod
3063 1102 3154 1157 ille
3182 1066 3467 1173 movebis-

1865 1173 1975 1215 non
2004 1172 2128 1220 ante
2155 1170 2452 1236 pertulerit.
2476 1176 2848 1241 Denuntiamus
2873 1198 3044 1247 autem
3068 1198 3225 1267 vobis,
3241 1201 3450 1272 fratres,

1864 1249 1920 1305 in
1953 1257 2158 1311 nomine
2185 1257 2396 1318 Domini
2429 1271 2593 1324 nostri
2619 1270 2744 1327 Jesu
2776 1275 2987 1336 Christi.
3018 1286 3153 1351 Quia
3184 1249 3253 1345 in.
3278 1249 3453 1362 prima

3026 1341 3063 1351 ὴ
3129 1341 3151 1343 η
3278 1341 3451 1362 τη.-.-

1863 1341 2037 1400 lenius
2062 1357 2518 1425 commonuimus;
2548 1371 2602 1417 et
2623 1367 2914 1427 emendare
2935 1375 3251 1448 noluerant,
3280 1393 3338 1438 ut
3365 1387 3451 1441 vel

1861 1434 1942 1491 sic
1961 1440 2301 1501 erubescant.
2336 1447 2405 1504 Ut
2432 1454 2743 1514 subtrahatis
2778 1476 2865 1516 vos
2890 1467 2955 1518 ab
2985 1472 3124 1524 omni
3152 1476 3313 1542 fratce
3337 1494 3453 1533 am-

1861 1524 2070 1585 bulante
2098 1533 2405 1595 inordinate.
2431 1542 2731 1604 Notandum
2763 1555 2907 1622 quod
2932 1524 3355 1623 subtrahendum
3384 1572 3469 1650 sit.

1861 1617 1929 1650 oh
1956 1618 2172 1650 λιι-ηε..-
2197 1626 2422 1650 [τι-ιημ
2440 1649 2458 1650 η
2486 1649 2494 1650 ,
2859 1646 2872 1650 -

1859 1617 1929 1672 ab
1956 1618 2174 1681 homine
2196 1626 2506 1690 Christiano
2538 1652 2643 1694 non
2671 1617 2967 1704 secundum
2995 1617 3452 1730 apostolica

1859 1722 2013 1783 cepta
2057 1717 2292 1778 vivente.
2338 1723 2407 1780 Et
2434 1745 2537 1783 non
2572 1736 2852 1793 secundum
2898 1717 3258 1819 traditionem,
3300 1742 3467 1824 quam

1858 1818 2165 1875 acceperunt
2201 1828 2234 1867 a
2263 1815 2426 1871 nobis.
2456 1818 2765 1880 inhoneste.
2797 1826 2909 1899 Ipsi
2937 1837 3073 1889 enim
3099 1815 3252 1896 scitis
3276 1815 3455 1914 quem-

2820 1924 3063 1990 quoniam
3100 1945 3201 1984 non
3239 1933 3456 2003 inquieti

1860 1987 2055 2057 fuimus
2082 1992 2215 2049 inter
2242 2012 2348 2052 vos.
2383 1998 2484 2066 Qui
2517 2003 2684 2061 forma
2714 2022 2900 2066 sumus
2939 2018 3294 2078 credentium.
3341 2027 3452 2083 Ne-

1858 2096 1955 2148 que
1990 2086 2152 2153 gratis
2188 2105 2374 2158 panem
2404 2099 2822 2159 manducauimus
2846 2108 2911 2159 ab
2939 2108 3131 2178 aliqua,
3164 2117 3255 2169 sed
3284 2118 3338 2172 in
3376 2122 3456 2175 la~

1858 2168 1977 2224 bore
2017 2183 2064 2227 et
2102 2178 2426 2250 fatigatione,
2460 2200 2609 2242 nocte
2647 2199 2696 2243 et
2740 2194 2822 2249 die
2866 2210 3153 2269 operantes,
3200 2221 3264 2260 ne
3302 2226 3453 2280 quem

1854 2269 2077 2317 uestrum
2114 2282 2461 2335 grauarentur.
2512 2277 2652 2334 Ecce
2697 2284 3041 2345 traditionem
3087 2307 3294 2354 eorum.
3326 2300 3453 2357 Non

1853 2354 2001 2420 quasi
2030 2371 2135 2410 non
2180 2360 2509 2420 habuerimus
2553 2382 2874 2438 potestatem.
2920 2378 3141 2438 Dicente
3172 2388 3397 2446 Domino
3429 2411 3443 2446 :

1854 2441 2056 2512 Dignus
2102 2458 2187 2503 est
2225 2458 2502 2523 operarius
2546 2465 2796 2520 mercede
2831 2483 2951 2526 sua.
2984 2471 3093 2528 Sed
3129 2486 3184 2531 ut
3228 2495 3451 2537 nosmet-

1851 2532 1990 2603 ipsos
2031 2538 2255 2608 formam
2300 2544 2540 2604 daremus
2584 2554 2724 2610 vobis
2762 2558 2832 2612 ad
2873 2562 3180 2641 imitandum
3222 2587 3333 2626 nos.
3367 2573 3448 2631 Ne

1849 2631 2008 2689 alicui
2052 2638 2393 2698 occasionem
2434 2649 2674 2704 avaritia:
2715 2653 2799 2708 vel
2845 2656 3029 2727 utique
3072 2661 3313 2720 fomitem
3355 2667 3447 2723 in-

1848 2724 2178 2790 quietudinis
2209 2735 2594 2799 praeberemus.
2628 2741 2770 2797 Nam
2811 2755 2859 2799 et
2885 2724 3001 2804 cum
3038 2769 3260 2811 essemus
3301 2762 3444 2831 apud

1845 2828 1956 2880 vos,
1981 2816 2079 2870 hoc
2120 2821 2548 2883 denuntiabamus
2580 2833 2739 2889 vobis.
2785 2836 2939 2905 Quod
2984 2842 3299 2904 videbamus
3344 2852 3444 2907 ali-

1844 2920 1980 2975 quos
2013 2909 2145 2965 tales
2176 2913 2402 2971 futuros.
2440 2921 2691 2988 Quoniam
2720 2928 2765 2980 si
2794 2930 2903 2995 quis
2929 2948 3031 2987 non
3060 2937 3169 2990 uult
3207 2943 3437 3009 operari.

1844 3000 1912 3056 Ut
1943 3014 2029 3059 aut
2058 3009 2282 3065 sedeant
2303 3015 2499 3083 quieti,
2534 3028 2653 3085 aut,
2683 3022 2728 3076 si
2757 3025 2869 3079 veri
2897 3038 3021 3085 sunt
3043 3036 3302 3103 apostoli,
3335 3054 3437 3095 nos

1840 3109 2150 3165 sequantur,
2180 3105 2225 3157 si
2255 3121 2361 3161 non
2387 3111 2649 3179 avaritiae,
2682 3115 2775 3168 sed
2810 3116 2902 3172 Dei
2930 3123 3207 3180 ambulant
3242 3141 3428 3185 causa.

1841 3186 1956 3242 Nec
1989 3195 2277 3249 manducet.
2309 3199 2436 3255 Haec
2460 3202 2530 3255 sit
2558 3203 2942 3273 inquietudinis
2972 3226 3081 3267 non
3110 3216 3287 3272 solum
3315 3234 3435 3290 pm-

1844 3296 1940 3351 na,
1989 3285 2085 3339 sed
2126 3290 2286 3343 etiam
2327 3292 2656 3351 emendatio.
2702 3300 2953 3357 Audimus
2992 3307 3126 3360 enim
3172 3310 3305 3365 inter
3344 3328 3435 3369 vos

1840 3373 2111 3440 quosdam.
2149 3376 2346 3435 Reddit
2388 3382 2549 3453 hujus
2577 3392 2862 3446 sententia:
2900 3408 3114 3453 causas.
3156 3400 3435 3461 Ambulare

1838 3462 2078 3534 inquiete,
2109 3470 2239 3524 nihil
2273 3487 2560 3543 operantes.
2590 3478 2709 3535 Non
2740 3484 2930 3542 sedete
2960 3490 3159 3557 quiete.
3189 3493 3297 3549 Sed
3331 3513 3429 3552 cu-

1837 3557 1972 3613 riose
2001 3573 2229 3632 agentes.
2254 3566 2391 3634 Quid
2416 3569 2471 3622 in
2503 3586 2605 3641 qua
2639 3576 2935 3645 provincia,
2967 3582 3049 3635 vel
3081 3583 3296 3643 civitate
3334 3604 3431 3659 ge-

1834 3661 1982 3706 ratur
2021 3653 2372 3720 inquirentes.
2407 3659 2505 3714 llis
2544 3674 2714 3718 autem
2742 3668 2832 3738 qui
2866 3670 3119 3739 ejusmodi
3159 3686 3306 3743 sunt,
3337 3680 3430 3735 de-

1834 3746 2156 3816 nuntiamus,
2200 3761 2250 3805 et
2298 3752 2618 3811 obsecramus
2665 3760 2719 3813 in
2762 3760 2987 3819 Dontine
3024 3767 3150 3823 Jesu
3194 3772 3424 3833 Christo.

1829 3832 1941 3890 Nec
1984 3838 2129 3906 ipsos
2170 3851 2289 3909 post
2329 3844 2555 3902 alteram
2597 3854 2993 3921 correptionem
3033 3859 3233 3918 desinit
3274 3880 3425 3923 com-

1830 3940 2070 3984 monere.
2110 3928 2180 3985 Ut
2212 3948 2325 3987 cum
2362 3938 2567 3994 silentio
2607 3956 2893 4016 operantcs,
2935 3952 3240 4008 manducent
3273 3974 3425 4015 suum

1828 4035 2029 4088 panem.
2073 4023 2209 4078 Cum
2257 4028 2437 4096 quiete
2478 4040 2535 4087 et
2585 4038 2963 4107 tranquillitate
2992 4059 3011 4098 :
3058 4060 3126 4099 ne
3170 4049 3250 4104 vel
3299 4066 3422 4109 cum

1826 4110 2200 4182 inquietudine
2250 4134 2563 4189 operentur.
2618 4127 2720 4183 Vos
2762 4143 2965 4202 autem,
3006 4142 3213 4207 fratres,
3265 4146 3423 4203 nolite

1826 4202 2045 4271 deficere
2078 4208 2464 4274 benefacientes.
2498 4216 2651 4280 Quod
2679 4222 2724 4273 si
2760 4224 2875 4291 quis
2918 4202 3021 4279 non
3061 4202 3230 4285 obedit
3272 4202 3422 4291 rerbo

1826 4306 1998 4350 nostro
2038 4315 2128 4367 per
2156 4298 2478 4372 Epistolam,
2511 4308 2648 4361 hunc
2682 4320 2873 4379 notate,
2911 4325 2960 4368 et
3002 4333 3065 4370 ne
3094 4324 3421 4380 commiscea-

1822 4388 1951 4440 minl
1989 4404 2106 4443 cum
2133 4392 2250 4447 illo.
2292 4394 2409 4449 Non
2440 4398 2692 4455 omnibus
2737 4402 2997 4470 prohibeo
3024 4407 3139 4463 dari
3160 4451 3173 4473 ,
3215 4415 3310 4469 sed
3340 4425 3417 4471 ta-

1823 4477 1986 4546 libus,
2019 4496 2087 4534 ne
2113 4483 2312 4551 putetis
2353 4502 2438 4542 me
2475 4493 2922 4550 consuetudinem
2967 4500 3157 4557 tollere
3195 4505 3417 4564 benefa-

1820 4571 2018 4629 ciendi.
2053 4573 2124 4630 Ut
2150 4580 2520 4648 confundatur.
2551 4582 2620 4638 Et
2645 4586 2802 4643 nolite
2831 4592 2979 4658 quasi
3014 4595 3277 4654 inimicum
3305 4603 3414 4658 exi-

1741 4643 2047 4726 I)stintare.
2090 4670 2207 4728 Non
2250 4643 2311 4728 ut
2351 4680 2563 4744 penitus
2608 4679 2977 4744 abscindatur.
3026 4687 3133 4744 Sed
3174 4696 3415 4766 corripite

1821 4769 1876 4814 ut
1902 4762 2136 4830 fratrem.
2168 4764 2459 4837 Corripite,
2496 4780 2554 4826 ut
2576 4774 2925 4845 emendetur;
2954 4780 3118 4836 nolite
3148 4783 3406 4857 abjicere,

1817 4866 1889 4909 ne
1916 4853 2188 4925 desperet.
2212 4857 2376 4929 [Eger
2403 4863 2674 4919 sanandus
2698 4877 2812 4937 est,
2842 4883 2951 4924 non
2982 4876 3254 4933 necandus
3282 4895 3297 4932 :
3335 4895 3408 4937 ne

1816 4945 1886 5003 de
1911 4947 2149 5019 inquieto
2175 4950 2269 5006 tiat
2304 4963 2569 5023 apostata.
2612 4956 2736 5027 Ipse
2763 4969 2934 5017 autem
2963 4962 3105 5019 Deus
3139 4973 3280 5039 pacis
3317 4973 3405 5028 det

1815 5040 1955 5096 vobis
1990 5058 2167 5113 pacem
2206 5046 2586 5114 sempiternam.
2632 5050 2698 5106 Ut
2736 5055 2955 5123 possitis
2992 5070 3182 5115 omnes
3210 5078 3404 5122 curare

1815 5135 2055 5204 paciﬁce.
2088 5135 2155 5192 In
2184 5138 2323 5193 omni
2351 5140 2484 5195 loco.
2518 5141 2769 5199 Dominus
2800 5149 2865 5202 sit
2900 5165 3015 5203 cum
3043 5155 3277 5210 omnibus
3314 5171 3403 5212 Ito-

1814 5224 1910 5279 bis.
1941 5226 2006 5280 Et
2044 5230 2097 5282 in
2140 5230 2287 5284 omni
2335 5228 2475 5299 loco,
2514 5233 2817 5307 ubicunque
2857 5238 3089 5297 fueritis.
3136 5244 3399 5304 Salutatio

1810 5332 1924 5373 mea
1954 5335 2108 5373 manu
2150 5318 2338 5387 Pauli,
2380 5324 2519 5392 quod
2552 5335 2626 5379 est
2657 5327 2862 5399 signum
2897 5332 2952 5385 in
2994 5337 3129 5390 omni
3157 5338 3397 5407 epistola.

1810 5404 1899 5461 Ita
1924 5407 2111 5463 scribo.
2142 5407 2208 5465 Ut
2231 5409 2414 5466 sciatis
2440 5411 2600 5469 falsas
2626 5418 2880 5483 epistolas
2918 5422 3177 5482 invenire.
3214 5428 3396 5486 Gratia

1811 5500 2019 5557 Domini
2047 5504 2210 5556 nostri
2234 5504 2361 5559 Jesu
2388 5505 2574 5561 Christi
2599 5526 2715 5564 cum
2746 5514 2979 5569 omnibus
3007 5518 3169 5591 vobis,
3220 5539 3391 5581 amen.

1806 5593 1900 5649 His
1941 5596 2120 5652 verbis
2157 5612 2347 5655 omnes
2391 5600 2662 5670 Epistolas
2712 5607 3118 5682 subscribebat,
3162 5629 3389 5690 excepta

1806 5686 2143 5760 Galatarum,
2173 5706 2333 5761 quam
2362 5694 2575 5763 propria
2612 5710 2775 5752 manu
2806 5705 3150 5773 perscripsit,
3182 5717 3240 5763 ut
3266 5686 3391 5780 post

1803 5796 1919 5838 eam
1943 5797 2044 5838 nec
2064 5784 2129 5838 ad
2151 5788 2515 5859 semetipsum,
2544 5789 2647 5847 nisi
2668 5806 2832 5851 manu
2850 5798 3065 5870 prapria
3087 5803 3389 5900 perscrin

1802 5883 2143 5950 receperant.
2844 5894 2849 5897 ’

2778 5997 2863 6078 .21
