3982 6352
1594 284 1889 371 PRlMASII
1943 312 2394 369 ADRUMETANI
2428 306 2656 371 Ense.

1190 562 1682 642 EPISTULA
1728 560 2031 641 PAULI
2084 561 2217 639 AD
2289 560 3016 644 COLOSSENSES.

1019 817 1525 876 ARGUMENTUM.

491 924 809 979 Colossenses
848 922 895 969 et
936 914 1021 975 hi,
1068 915 1199 967 sicut
1239 912 1598 975 Laodicenses,
1642 917 1759 964 sunt
1785 908 2001 975 Asiani;
2029 921 2076 964 et

558 993 658 1061 ipsi
682 986 918 1062 praetenti
938 993 1081 1062 erant
1101 1003 1132 1038 a
1154 983 1346 1062 pseudo
1375 982 1642 1062 apostolis,
1672 996 1763 1062 nec
1785 980 1851 1062 ad
1879 980 1970 1035 hos
1991 997 2078 1062 ac-

561 1052 703 1117 c'essi't
733 1062 839 1129 ipse
862 1052 1167 1129 Apostolus,
1200 1056 1287 1129 sed
1317 1063 1361 1107 et
1388 1054 1478 1129 hos
1506 1052 1892 1129 per-epistolam
1919 1054 2078 1129 corri-

560 1135 653 1203 git.
684 1123 970 1204 Audierant
1000 1128 1131 1181 enim
1162 1126 1368 1204 verbum
1394 1125 1466 1204 ab.
1484 1123 1761 1204 Archippo,
1791 1123 1951 1204 quiet
1979 1124 2078 1204 mi-

559 1192 825 1257 nisterium
847 1202 899 1253 in
922 1215 1006 1253 eos
1028 1199 1239 1266 accepit.
1267 1196 1408 1266 Ergo
1433 1192 1710 1263 Apostolus
1727 1195 1836 1266 jam
1861 1192 2073 1262 ligatus,

560 1274 731 1329 scribit
778 1273 849 1325 eis
891 1270 951 1323 ab
1000 1265 1225 1338 Epheso.
1280 1265 1350 1338 Et
1399 1266 1657 1333 imprimis
1703 1265 1860 1332 ﬁdem
1905 1279 2079 1338 eorum

558 1360 799 1413 magnam
823 1342 1028 1395 audisse
1050 1335 1247 1394 laudat.
1276 1337 1471 1413 Deinde
1493 1345 1690 1413 monet,
1718 1352 1779 1389 ne
1801 1350 1889 1405 per
1910 1335 2080 1405 philo-

559 1408 793 1486 sophiam
818 1413 895 1467 vel
925 1413 1045 1482 legis
1072 1410 1397 1464 cteremonias
1424 1408 1748 1463 seducantur.

560 1506 739 1562 CAPUT
769 1520 987 1559 PRIMUM.
1032 1502 1231 1555 Paulus
1276 1504 1537 1571 apostolus
1587 1499 1773 1553 Christi
1820 1496 1946 1552 Jesu
1992 1514 2081 1569 per

490 1601 801 1654 voluntatem
823 1593 943 1661 Dei,
965 1603 1009 1649 et
1034 1593 1327 1647 Timotheus
1350 1594 1526 1663 frater.
1556 1589 1671 1645 Non
1696 1589 1830 1645 meis
1850 1589 2081 1657 meritis,

2100 818 2153 877 Α
2182 817 2409 871 tentiam.
2439 818 2506 869 Ut
2535 825 2590 873 et
2617 832 2714 873 vos
2740 817 2989 874 similiter
3019 820 3196 875 omnia
3226 818 3521 877 suﬂ‘eratis.
3556 823 3817 881 Clarita-

2184 911 2248 965 tis
2266 928 2398 981 ejus,
2418 911 2471 965 in
2488 912 2628 966 omni
2645 913 2889 982 patientia
2911 922 2956 966 et
2981 913 3386 985 longanimitate.
3404 914 3637 973 Glorize.
3669 918 3817 974 Cum

2183 1004 2372 1076 gaudio
2398 1007 2590 1075 gratias
2640 1014 2841 1077 agentes
2872 1006 2979 1059 Deo
3011 1016 3056 1059 et
3085 1006 3253 1062 Patri.
3285 1007 3401 1063 Non
3431 1024 3502 1066 ex
3544 1015 3812 1068 necessi-

2185 1105 2313 1154 tate.
2351 1099 2451 1167 Qui
2483 1100 2665 1171 dignos
2708 1117 2801 1155 nos
2828 1102 2967 1169 fecit.
3001 1100 3125 1156 Plus
3156 1116 3250 1157 vos
3280 1104 3493 1159 vocatio
3524 1104 3809 1172 laztiﬁcet,

2183 1204 2342 1261 quam
2375 1192 2652 1260 passiones
2684 1192 3024 1249 contristent.
3057 1191 3123 1247 In
3155 1205 3352 1263 partem
3381 1197 3538 1251 sortis
3587 1208 3810 1252 sancto.

2183 1297 2319 1337 rum.
2372 1282 2583 1339 Sortem
2632 1283 2999 1339 haereditatem
3043 1286 3093 1339 in
3138 1285 3427 1357 Scripturis
3476 1288 3807 1361 frequenter

2185 1377 2503 1434 invenimus.
2546 1377 2612 1433 In
2656 1380 2867 1433 lumine.
2916 1379 3169 1436 Scientire
3213 1380 3306 1437 Dei
3345 1382 3414 1438 ab
3460 1383 3805 1455 ignorantia.

2188 1472 2288 1541 Qui
2306 1472 2486 1543 eripuit
2504 1488 2596 1527 nos
2620 1473 2679 1526 de
2703 1481 2948 1542 potestate
2971 1475 3309 1530 tenebrarum.
3333 1476 3470 1542 Quia
3494 1478 3622 1548 quis
3640 1492 3672 1531 a
3689 1494 3801 1552 quo

2186 1572 2492 1635 superatur,
2520 1565 2677 1636 hujus
2709 1574 2795 1622 est
2818 1580 3024 1623 servus.
3052 1567 3355 1623 Notandum
3382 1579 3493 1636 est,
3522 1571 3656 1640 quia
3683 1572 3802 1643 ipse

494 1696 587 1750 sed
616 1694 712 1748 Dei
744 1692 1037 1745 voluntate.
1072 1688 1172 1741 His
1201 1688 1287 1757 qui
1310 1695 1429 1740 sunt
1456 1684 1700 1741 Colossis.
1733 1683 1844 1739 Hoc
1870 1690 1954 1739 est
1981 1684 2082 1739 Ec-

495 1784 694 1841 clesiae.
740 1781 939 1836 Sanctis
982 1788 1026 1832 et
1068 1777 1303 1847 ﬁdelibus
1342 1776 1585 1846 fratribus
1623 1776 1677 1828 in
1708 1773 1905 1829 Christo
1933 1774 2077 1829 Jesu.

495 1875 614 1931 Non
635 1874 688 1928 in
711 1886 891 1928 carne.
916 1867 1096 1924 Gratia
1120 1868 1275 1933 vobis,
1298 1876 1346 1922 et
1376 1883 1478 1937 pax
1503 1884 1533 1920 a
1563 1866 1671 1921 Deo
1700 1865 1857 1921 Patre
1885 1876 2079 1924 nostro.

499 1967 707 2023 Gratias
732 1966 929 2037 agimus
957 1963 1084 2030 Deo,
1113 1972 1159 2017 et
1188 1960 1336 2015 Patri
1367 1962 1572 2016 Domini
1597 1961 1755 2016 nostri
1782 1961 1907 2015 .lesu
1938 1960 2085 2017 Chri-

496 2058 584 2121 sti,
616 2071 808 2127 semper
837 2070 932 2126 pro
962 2054 1100 2107 vobis
1128 2062 1329 2106 orantes
1360 2052 1516 2122 [idem
1542 2060 1761 2133 vestram
1788 2053 1843 2105 in
1882 2051 2084 2107 Christo

495 2146 643 2201 Jesu.
667 2144 966 2200 Notandum
992 2144 1131 2213 quod
1155 2144 1379 2214 gratiam
1410 2157 1622 2213 semper
1642 2145 1953 2214 praemittat,
1980 2159 2084 2214 qua

2186 1674 2285 1714 nos
2315 1659 2530 1729 eripuit,
2563 1675 2669 1715 non
2699 1668 2879 1715 nostra
2928 1660 3120 1728 virtus,
3150 1661 3234 1717 vel
3280 1671 3497 1729 natura,
3530 1678 3641 1733 qua
3673 1680 3797 1721 era-

2188 1764 2304 1804 mus
2340 1750 2431 1805 lilii
2464 1750 2576 1805 ira}.
2612 1749 2680 1805 Et
2720 1752 2983 1806 transtulit
3012 1753 3065 1806 in
3093 1770 3307 1825 regnum
3334 1754 3463 1810 Filii
3496 1759 3797 1815 dilectionis

2188 1856 2313 1895 suae.
2346 1841 2420 1895 De
2450 1856 2615 1912 regno
2645 1843 2843 1898 erroris
2872 1852 2928 1898 et
2970 1847 3183 1911 mortis,
3217 1854 3275 1901 ut
3304 1862 3401 1904 nos
3431 1848 3625 1906 dilecti
3656 1866 3797 1907 esse

2188 1947 2307 1988 mus
2336 1943 2390 1988 et
2420 1933 2530 1989 ﬁlii.
2567 1932 2633 1989 In
2664 1951 2763 2006 quo
2795 1936 3035 1991 habemus
3078 1939 3498 2009 redemptionem.
3535 1941 3645 1998 Per
3674 1957 3795 1999 sau-

2190 2027 2403 2096 guinem
2432 2027 2571 2098 ejus.
2622 2025 2688 2082 Et
2730 2031 3078 2085 remissionem
3124 2041 3469 2102 peccatorum.
3502 2033 3795 2104 Βαιθωριί

2191 2118 2448 2188 sanguine
2470 2132 2590 2185 suo,
2621 2134 2716 2188 per
2737 2119 3056 2190 baptismum
3086 2131 3304 2192 peccata
3328 2125 3562 2181 remisit.
3597 2127 3698 2193 Qui
3718 2136 3791 2182 est

495 2242 765 2297 salvamur
812 2239 929 2292 sine
973 2206 1095 2291 ullis
1143 2206 1346 2289 meritis
1387 2206 1605 2290 nostris.
1642 2206 1720 2288 'Et
1765 2206 2089 2290 dilectionem
2120 2206 2168 2266 Β
2194 2210 2363 2282 imago
2389 2209 2489 2265 Dei
2514 2213 2799 2267 ίηυίδίθίίίδο
2834 2214 3139 2271 secundum
3165 2216 3556 2277 humanitatem
3589 2220 3790 2291 absque

497 2347 655 2403 quam
689 2329 882 2383 habetis
905 2329 961 2381 in
987 2337 1189 2380 sanctos
1216 2341 1409 2379 omnes.
1444 2325 1572 2380 Sine
1609 2327 1922 2395 exceptione
1951 2326 2088 2381 noti-

499 2428 588 2481 tiae
616 2425 700 2481 vel
733 2436 1003 2493 personae,
1034 2421 1203 2475 solam
1232 2420 1287 2475 in
1316 2419 1567 2475 omnibus
1593 2419 1811 2491 diligitis
1837 2422 2088 2478 sanctita-

500 2524 632 2572 tem.
684 2514 905 2585 Pr0pter
948 2528 1126 2582 spem,
1180 2528 1293 2581 qua:
1332 2511 1553 2582 reposita
1582 2521 1658 2565 est
1685 2512 1845 2567 vobis.
1877 2512 1993 2568 Non
2033 2525 2092 2569 ut

502 2607 675 2664 sancti
699 2607 767 2661 ab
796 2604 1098 2661 hominibus
1124 2603 1431 2659 videamini.
1467 2602 1532 2659 In
1554 2604 1691 2659 caelis
1721 2620 1739 2658 :
1767 2621 1920 2676 quam
1940 2607 2090 2662 audi-

502 2700 594 2757 stis
622 2700 677 2753 in
703 2697 850 2752 verbo
878 2695 1103 2754 veritatis
1132 2693 1419 2765 Evangelii,
1450 2695 1587 2765 quod
1616 2697 1838 2765 pervenit
1877 2698 1944 2752 ad
1980 2714 2086 2754 vos.

504 2794 681 2850 Verbo
700 2793 823 2848 vitae
845 2802 1079 2847 aeternas.
1114 2790 1261 2845 Sicut
1285 2800 1331 2845 et
1355 2792 1409 2844 in
1438 2793 1674 2847 universo
1702 2795 1893 2849 mundo
1921 2805 2014 2862 est,
2043 2806 2091 2851 et

505 2884 801 2957 fructiﬁcat.
850 2880 1009 2937 Aliud
1055 2880 1417 2950 trigesimum,
1468 2882 1610 2938 aliud
1660 2886 2090 2955 sexagesimum,

504 2977 649 3033 aliud
683 2974 1053 3031 centesimum.
1094 2972 1160 3026 Et
1186 2974 1383 3039 crescit,
1415 2975 1543 3028 sicut
1567 2983 1615 3029 et
1643 2977 1697 3030 in
1722 2977 1879 3032 vobis.
1911 2976 1969 3032 In
1996 2992 2094 3032 nu-

504 3081 656 3123 mero
698 3065 1049 3122 credentium.
1099 3061 1181 3119 Ea:
1218 3082 1278 3118 ea
1316 3065 1399 3119 die
1440 3082 1538 3135 qua
1562 3068 1802 3136 audistis,
1833 3075 1881 3122 et
1906 3085 2095 3140 cogno-

505 3160 643 3213 vistis
668 3158 885 3230 gratiam
909 3155 1007 3210 Dei
1036 3158 1091 3211 in
1116 3156 1345 3211 veritate.
1380 3157 1473 3213 Ille
1505 3158 1596 3213 Dei
1627 3160 1851 3231 gratiam
1876 3160 1930 3216 in
1956 3161 2094 3216 veri-

505 3258 614 3306 tate
638 3250 935 3320 cognoscit,
980 3250 1067 3318 qui
1110 3250 1295 3319 gratiae
1338 3249 1432 3304 Dei
1482 3264 1587 3306 non
1618 3253 1799 3307 existit
1826 3254 2090 3323 ingratus,

506 3345 597 3414 qui
626 3342 735 3398 suis
763 3342 969 3398 meritis
1001 3342 1134 3397 nihil
1164 3343 1437 3409 attribuit;
1470 3343 1568 3399 sed
1595 3345 1669 3399 illi
1699 3347 1791 3402 dat
1833 3348 2091 3417 gloriam,

505 3438 657 3507 cujus
686 3436 827 3492 dono
856 3444 939 3491 est
966 3434 1220 3505 quidquid
1250 3443 1350 3490 est.
1386 3433 1533 3490 Sicut
1573 3436 1825 3492 didicistis
1855 3440 1916 3492 ab
1948 3439 2095 3509 Epa-

506 3528 638 3600 phra
667 3527 966 3581 charissima
996 3542 1233 3580 conservo
1265 3535 1457 3580 nostro.
1493 3527 1591 3593 Qui
1623 3528 1703 3582 eis
1743 3539 2095 3601 exposuerat,

2194 2315 2411 2375 peccato
2441 2326 2453 2361 :
2488 2308 2607 2379 quia
2638 2309 2933 2364 secundum
2965 2308 3299 2368 divinitatem
3326 2328 3432 2368 non
3462 2323 3549 2367 est
3591 2314 3785 2385 imago,

2192 2400 2289 2455 sed
2313 2399 2529 2455 veritas.
2560 2400 2661 2456 Per
2689 2400 2825 2457 hanc
2846 2401 3131 2472 imaginem
3157 2403 3406 2474 Philippo
3432 2404 3661 2463 Patrem
3688 2407 3788 2463 Do-

2195 2493 2372 2547 minus
2417 2492 2837 2548 demonstrabat.
2876 2493 3054 2565 Imago
3094 2495 3195 2550 ista
3224 2497 3424 2552 veritas
3454 2506 3577 2566 est,
3618 2499 3788 2570 imago

2194 2583 2296 2639 ista
2326 2584 2533 2652 justitia
2573 2592 2685 2653 est,
2721 2602 2826 2641 non
2854 2596 3025 2654 muta,
3060 2588 3180 2659 quia
3210 2588 3306 2644 Dei
3340 2590 3575 2647 Verbum
3631 2609 3645 2645 :
3684 2608 3787 2650 non

2196 2677 2543 2748 insensibilis,
2578 2680 2700 2747 quia
2728 2680 2986 2749 sapientia
3012 2689 3131 2743 est;
3164 2695 3269 2737 non
3302 2681 3500 2751 inanis,
3532 2684 3660 2753 quia
3686 2686 3789 2739 vir-

2199 2778 2283 2825 tus
2306 2780 2419 2835 est;
2445 2787 2552 2825 non
2575 2785 2757 2838 vacua,
2783 2771 2901 2841 quia
2928 2771 3205 2842 plenitudo
3229 2774 3387 2837 vitae;
3415 2789 3527 2830 non
3556 2783 3787 2841 mortua,

2198 2865 2321 2932 quia
2352 2866 2676 2919 resurrectio
2704 2874 2807 2921 est.
2845 2865 3046 2938 Imago,
3078 2876 3132 2923 et
3160 2867 3473 2938 aequalitas,
3505 2877 3560 2925 et
3599 2870 3791 2925 simili.

2201 2958 2329 3012 tudo
2354 2958 2722 3029 distinguenda
2748 2969 2872 3014 sunt
2902 2978 2913 3013 :
2948 2961 3073 3030 quia
3100 2960 3189 3014 ubi
3212 2960 3403 3031 imago,
3427 2962 3690 3018 continuo
3710 2962 3792 3018 si-

2198 3050 2480 3118 militudo,
2532 3065 2637 3106 non
2680 3050 2935 3106 continuo
2983 3053 3283 3125 aequalitas.
3327 3052 3423 3110 Ubi
3462 3055 3795 3126 aequalitas,

2199 3143 2453 3198 continuo
2484 3142 2795 3211 similitudo,
2820 3160 2927 3199 non
2950 3147 3202 3203 continuo
3224 3147 3417 3217 imago.
3456 3144 3561 3202 tibi
3598 3148 3793 3203 simili-

2206 3235 2350 3304 tudo,
2381 3252 2489 3291 non
2518 3236 2771 3292 continuo
2800 3235 3009 3308 imago,
3038 3250 3144 3292 non
3176 3239 3437 3293 continuo
3462 3236 3743 3307 aequalitas
3772 3255 3787 3291 :

2201 3339 2262 3385 ut
2282 3329 2332 3384 in
2359 3329 2575 3400 speculo
2604 3336 2683 3383 cst
2706 3328 2879 3398 imago
2901 3328 3155 3397 hominis,
3180 3329 3301 3399 quia
3322 3328 3395 3385 de
3416 3329 3511 3384 illo
3538 3343 3788 3399 expressa

2201 3430 2285 3476 est
2336 3438 2347 3473 :
2399 3427 2484 3476 est
2532 3419 2692 3476 etiam
2744 3420 3048 3476 necessario
3104 3421 3428 3490 similitudo,
3470 3436 3583 3478 non
3616 3431 3786 3478 tamen

2205 3514 2477 3583 aequalitas
2508 3530 2521 3568 :
2550 3512 2669 3584 quia
2702 3514 2871 3568 multa
2896 3514 3091 3570 desunt
3114 3516 3331 3586 imagini
3358 3532 3481 3586 quae
3510 3528 3689 3573 tamen
3711 3516 3783 3572 in-

507 3621 605 3675 Dei
626 3635 746 3675 esse
770 3632 933 3673 omne
960 3619 1100 3685 quod
1130 3624 1399 3687 poterant.
1426 3618 1525 3684 Qui
1553 3628 1625 3673 est
1651 3621 1819 3690 ﬁdelis
1839 3640 1932 3693 pro
1960 3600 2096 3681 vobis
2122 3600 2170 3666 C
2206 3615 2330 3662 sum
2353 3606 2428 3661 iiii
2460 3607 2539 3662 rei
2570 3606 2637 3661 de
2658 3620 2762 3679 qua
2791 3621 3043 3678 expressa
3068 3617 3173 3665 05i-
3205 3608 3307 3667 Ubi
3330 3610 3641 3682 aequalitas.
3668 3625 3783 3666 ωυ-

507 3713 740 3766 minister
768 3709 957 3764 Christi
986 3707 1133 3763 Iesu.
1167 3709 1426 3764 Fideliter
1456 3726 1553 3780 pro
1594 3714 1745 3769 vobis
1774 3715 1829 3770 in
1857 3719 2102 3776 oratione

509 3801 848 3866 incumbens,
869 3799 1129 3853 voluntati
1157 3798 1356 3855 Christi
1384 3802 1671 3858 ministrat.
1702 3805 1806 3871 Qui
1825 3810 1977 3864 etiam
1996 3829 2101 3869 ma-

510 3894 769 3958 nifestavit
798 3892 940 3946 nobis
982 3892 1303 3945 dilectionem
1340 3902 1557 3948 vestram
1593 3897 1649 3949 in
1690 3899 1897 3967 spiritu.
1930 3902 2097 3970 Quam

512 3982 721 4039 habetis
751 3982 805 4036 in
831 3980 1180 4051 spiritalibus.
1220 3979 1347 4036 Ideo
1376 3990 1424 4037 et
1461 4000 1547 4039 vos
1577 4001 1639 4040 ex
1662 4003 1763 4057 qua
1791 3989 1873 4043 die
1901 3992 2101 4048 audivi-

2205 3699 2354 3755 tinuo
2380 3700 2672 3756 similitudo
2691 3743 2706 3769 ,
2738 3715 2845 3755 non
2876 3701 3132 3759 continuo
3158 3702 3366 3771 imago,
3394 3703 3549 3759 velut
3574 3704 3631 3759 in
3661 3704 3780 3758 duo.

2202 3793 2302 3849 bus
2330 3793 2443 3848 ovis
2476 3793 2713 3862 paribus,
2745 3793 2868 3864 quia
2901 3794 3038 3850 inest
3064 3795 3360 3865 mqualitas,
3393 3796 3538 3852 inest
3565 3805 3622 3851 et
3644 3796 3778 3850 simi-

2201 3889 2373 3945 litudo
2398 3908 2409 3943 :
2436 3904 2768 3961 quaecunque
2789 3888 2929 3945 enim
2952 3890 3147 3946 adsunt
3166 3890 3279 3958 uni,
3303 3890 3501 3946 adsunt
3520 3898 3578 3945 et
3602 3891 3744 3947 alteri
3759 3926 3779 3955 ,

2203 3984 2381 4053 imago
2404 3992 2579 4039 tamen
2602 4000 2707 4040 non
2731 3991 2837 4051 est,
2861 3984 2982 4055 quia
3010 3992 3257 4041 neutrum
3284 3984 3352 4041 de
3378 3985 3553 4041 altero
3579 3997 3776 4055 expres-

511 4091 646 4139 mus,
681 4091 778 4127 non
804 4089 1057 4128 cessamus
1083 4090 1177 4144 pro
1206 4076 1342 4129 vobis
1368 4086 1568 4133 orantes
1596 4088 1643 4133 et
1667 4083 2011 4151 postulantes,
2046 4104 2088 4141 ut

2202 4089 2318 4131 sum
2350 4082 2451 4129 est.
2488 4074 2587 4132 Ubi
2634 4075 2956 4143 similitudo,
3005 4091 3114 4133 non
3160 4076 3416 4134 continuo
3454 4078 3650 4146 imago,
3678 4090 3773 4132 non

508 4167 824 4236 impleamini
852 4166 1113 4239 agnitione
1156 4166 1427 4222 voluntatis
1476 4173 1607 4241 ejus.
1654 4171 1753 4238 Qui
1795 4174 1950 4231 aliter
1978 4191 2096 4232 eam

2200 4166 2455 4222 continuo
2502 4167 2780 4237 aequalitas
2814 4184 2827 4222 :
2860 4183 3020 4224 omne
3052 4169 3250 4240 quippe
3276 4184 3438 4225 ovum
3480 4168 3627 4225 omni
3655 4181 3773 4231 ovo,

507 4259 689 4318 facere
716 4274 822 4316 non
854 4259 1099 4331 potestis.
1132 4258 1285 4326 Quod
1318 4261 1575 4331 propheta
1618 4263 1926 4337 intelligens
1954 4268 2100 4326 dice-
2199 4262 2518 4334 inquantum
2544 4276 2703 4318 ovum
2730 4270 2836 4335 est,
2870 4264 3048 4321 simile
3074 4273 3189 4330 est;
3224 4264 3318 4320 sed
3349 4278 3512 4319 ovum
3533 4261 3774 4333 perdicis,

506 4353 601 4409 bat
620 4352 688 4408 ad
718 4351 999 4408 Dominum
1031 4368 1045 4405 :
1082 4353 1223 4408 Doce
1252 4366 1338 4408 me
1365 4352 1540 4409 facere
1566 4356 1896 4415 voluntatem
1929 4366 2094 4428 tuam,

507 4450 631 4519 quia
661 4448 801 4503 Deus
830 4463 984 4503 meus
1009 4462 1087 4503 es.
1124 4446 1190 4500 In
1222 4449 1358 4501 omni
1388 4450 1659 4520 sapientia.
1692 4450 1851 4523 Legis
1883 4455 2000 4510 Dei.
2030 4455 2097 4511 Et

510 4537 772 4593 intellectu
805 4538 1044 4605 spiritali.
1074 4538 1173 4603 Qui
1212 4545 1267 4590 et
1292 4537 1678 4609 intelligentem
1702 4551 1759 4597 et
1790 4546 2096 4602 audientem

511 4628 671 4684 faciat
693 4628 1011 4698 spiritalem.
1040 4628 1108 4682 Ut
1127 4631 1411 4685 ambuletis.
1446 4632 1707 4703 Exposuit
1731 4651 1850 4706 quae
1871 4639 2095 4696 obscura

512 4721 725 4780 dicebat
755 4719 1022 4789 quomodo
1050 4720 1191 4776 Deus
1235 4720 1327 4777 det
1356 4724 1515 4792 velle,
1547 4733 1605 4781 et
1648 4726 1894 4798 adjuvet,
1938 4740 2096 4805 atque

511 4814 796 4872 conﬁrmet
823 4811 1153 4881 inspirando,
1186 4812 1429 4870 docendo
1457 4817 1798 4887 sapientiam,
1844 4829 1900 4878 et
1942 4824 2095 4882 intel-

417 4908 423 4921 ’
510 4908 708 4964 lectum
747 4902 994 4959 donando
1022 4918 1119 4973 per
1147 4905 1370 4976 gratiam
1409 4922 1594 4976 suam;
1626 4908 1924 4969 libertatem
1953 4917 2094 4973 arbi-

2199 4355 2441 4425 quamvis
2462 4354 2773 4427 inquantum
2796 4370 2955 4413 ovum
2978 4364 3081 4422 est,
3109 4354 3284 4413 simile
3308 4365 3391 4414 est
3417 4369 3521 4411 ovo
3544 4354 3771 4423 gallina,

2200 4462 2299 4503 nec
2319 4449 2493 4520 imago
2515 4457 2690 4506 tamen
2714 4449 2832 4520 ejus
2853 4459 2964 4516 est,
2987 4449 3113 4519 quia
3133 4450 3203 4507 de
3227 4449 3322 4505 illo
3342 4462 3654 4520 expressum
3676 4460 3773 4502 non

2198 4549 2314 4607 est;
2345 4557 2447 4597 nec
2471 4542 2693 4612 aequale,
2722 4543 2846 4612 quia
2868 4542 3083 4598 brevius
3112 4550 3216 4611 est,
3243 4550 3300 4596 et
3325 4541 3547 4597 alterius
3572 4541 3774 4611 generis

2198 4636 2569 4692 animantium.
2624 4635 2729 4691 Sed
2776 4634 2867 4691 ubi
2913 4635 3126 4703 dicitur,
3159 4649 3268 4692 non
3296 4635 3575 4700 continuo,
3606 4634 3773 4702 utique

2199 4729 2536 4799 intelligitur,
2568 4730 2689 4798 quia
2734 4742 2853 4784 esse
2896 4727 3183 4798 aliquando
3213 4734 3408 4797 potest.
3448 4726 3630 4782 Potest
3658 4740 3774 4795 ergo

2198 4833 2318 4875 esse
2348 4821 2522 4890 aliqua
2552 4820 2749 4892 imago,
2780 4820 2832 4875 in
2862 4833 2967 4890 qua
2993 4820 3063 4875 sit
3089 4820 3250 4876 etiam
3280 4817 3559 4888 aequalitas
3586 4832 3600 4871 :
3634 4824 3688 4870 ut
3724 4815 3775 4869 in

2198 4914 2509 4984 parentibus
2539 4922 2593 4971 et
2623 4914 2746 4969 ﬁliis
2779 4914 3111 4970 inveniretur
3139 4914 3315 4984 imago
3343 4920 3398 4970 et
3426 4910 3699 4981 aequalitas
3726 4917 3779 4965 et

416 5065 419 5069 ,
508 5002 598 5059 trii
628 4997 929 5070 reparando
956 5005 1013 5054 et
1039 4998 1407 5055 conﬁrmando
1429 5000 1735 5070 quotidiana
1760 5007 1930 5076 gratia
1953 5022 2050 5063 sua
2075 5026 2088 5064 :
2122 4980 2177 5041 D
2198 4980 2510 5074 similitudo,
2539 5008 2583 5062 si
2610 5006 2948 5065 intervallum
2978 5005 3231 5077 temporis
3253 4980 3514 5060 defuisset
3543 5021 3555 5055 :
3584 5017 3704 5058 nam
3724 5008 3778 5057 et

506 5096 647 5153 sicut
674 5094 728 5151 in
759 5092 1010 5165 presenti
1036 5098 1157 5149 orat
1178 5102 1240 5148 ut
1268 5094 1587 5165 impleantur
1611 5100 1881 5170 agnitione
1907 5103 2091 5159 volun-

507 5189 635 5245 tatis
661 5187 799 5257 ejus,
830 5187 885 5241 in
912 5185 1060 5242 omni
1084 5186 1365 5257 sapientia,
1397 5204 1495 5260 qua
1528 5191 1738 5261 possint
1781 5194 1937 5265 digne
1978 5196 2089 5252 Deo

431 5268 443 5273 λ’
505 5280 564 5335 in
592 5278 841 5335 omnibus
869 5278 1165 5335 ambulare.
1197 5276 1391 5352 Digne,
1424 5279 1533 5336 Deo
1569 5300 1657 5355 per
1688 5288 1859 5339 omnia
1884 5289 2090 5356 placen-

508 5378 614 5439 tes,
643 5371 700 5425 in
727 5371 866 5425 omni
892 5386 1043 5440 opere
1066 5372 1192 5425 bono
1222 5374 1615 5446 fructiﬁcantes,
1653 5386 1699 5428 et
1731 5387 2008 5432 crescentes
2035 5380 2088 5435 in

507 5464 720 5518 scientia
765 5463 879 5519 Dei.
913 5464 1079 5535 Digne
1110 5464 1219 5520 Deo
1258 5466 1530 5535 ambulat,
1579 5468 1668 5537 qui
1708 5470 1758 5523 ei
1789 5485 1885 5538 per
1912 5473 2087 5527 omnia

507 5554 681 5623 placet
708 5571 720 5606 ε
751 5555 855 5609 hoc
881 5561 984 5619 est,
1017 5554 1069 5610 in
1099 5555 1243 5610 omni
1271 5571 1434 5625 opere
1464 5556 1625 5623 bono,
1658 5565 1717 5611 ut
1742 5561 1966 5614 scicntia
1997 5564 2088 5617 Dei

509 5652 714 5698 crescat
741 5652 794 5699 et
824 5645 1048 5700 fructus.
1096 5646 1162 5700 In
1208 5649 1345 5701 omni
1371 5649 1589 5701 virtute.
1636 5649 1817 5705 Virtus
1858 5660 1941 5707 est
1968 5669 2089 5711 cum

509 5733 805 5790 inveterata
835 5735 1087 5791 vitiorum
1112 5738 1518 5805 consuetudine,
1548 5740 1633 5795 vel
1664 5741 1715 5795 in
1740 5743 1984 5811 passione
2010 5747 2089 5802 in-

508 5823 814 5884 ﬁmitatem
849 5827 1026 5887 carnis
1053 5842 1324 5899 superare.
1353 5828 1643 5901 Confortati
1683 5836 1962 5893 secundum
1997 5856 2086 5909 po-

2198 5098 2264 5155 de
2289 5109 2512 5169 parente
2536 5112 2791 5170 expressa
2818 5109 2899 5155 est
2929 5098 3221 5153 similitudo
3249 5097 3439 5163 lilii,ut
3466 5102 3614 5151 recte
3638 5091 3778 5148 dies.

2200 5201 2286 5247 tur
2315 5194 2488 5263 imago
2519 5208 2532 5245 :
2564 5200 2619 5248 et
2646 5200 2818 5261 poteSI
2846 5205 2966 5247 esse
2997 5198 3162 5257 tanta,
3194 5198 3254 5246 ut
3282 5199 3425 5245 recte
3454 5191 3620 5245 etiam
3646 5186 3775 5241 dies~

2199 5294 2286 5341 tur
2323 5286 2619 5356 atqualitas,
2651 5284 2754 5343 nisi
2789 5284 2929 5353 quod
2970 5296 3164 5354 parens
3201 5292 3445 5352 tempore
3489 5277 3775 5350 prmit.

2196 5380 2275 5436 Ex
2301 5393 2404 5449 quo
2432 5378 2745 5448 intelligitur
2765 5384 2819 5433 et
2844 5374 3130 5448 aliquando
3156 5374 3538 5446 tequalitatem,
3566 5386 3670 5427 non
3692 5382 3775 5425 so.

2193 5472 2301 5527 lum
2327 5470 2726 5525 similitudinem
2751 5470 2972 5537 habere,
2991 5468 3086 5525 sed
3106 5469 3267 5523 etiam
3288 5466 3575 5537 imaginem
3597 5480 3616 5525 ς
3639 5466 3774 5534 quod

2190 5561 2247 5615 in
2277 5562 2537 5630 superiori
2570 5562 2816 5629 exemplo
2846 5558 3187 5615 manifestum
3234 5566 3334 5614 est.
3384 5558 3571 5612 Potest
3616 5553 3773 5611 etiam

2192 5652 2476 5723 aliquando
2502 5652 2798 5707 similitudo
2828 5666 2946 5707 esse
2976 5661 3029 5705 et
3059 5650 3366 5720 (equalitas,
3400 5647 3642 5720 quamvis
3669 5661 3771 5701 non

2190 5746 2260 5802 sit
2285 5746 2460 5817 imago
2490 5763 2504 5801 :
2534 5756 2589 5800 ut
2614 5746 2681 5802 de
2710 5746 2916 5802 duobus
2939 5746 3051 5801 ovis
3081 5744 3294 5815 paribus
3320 5742 3522 5799 dictum
3549 5750 3649 5795 est.
3675 5737 3771 5793 Po-

2193 5846 2298 5898 test
2328 5840 2486 5899 etiam
2518 5840 2812 5899 similitudo
2840 5850 2891 5898 et
2923 5843 3097 5913 imago
3128 5852 3266 5909 esse,
3300 5836 3541 5905 quamvis
3571 5846 3674 5891 non
3701 5832 3770 5889 sit
