3982 6352
209 294 315 349 655

996 291 1062 347 lN
1102 292 1488 350 EPISTOLAM
1530 293 1620 348 AD
1659 290 2137 349 COLOSSENSES
2175 246 2699 353 CDMMENTARIA.

3387 304 3491 361 6M

207 406 521 478 aequalitas,
564 414 617 460 ut
650 406 702 461 in
731 407 949 478 speculo
978 410 1333 464 ostendimus.
1360 408 1545 464 Potest
1570 416 1624 465 et
1648 408 1798 462 simi-
1825 409 2037 477 Aquod
2087 409 2322 465 audistis.
2370 410 2531 481 Spem
2579 411 2879 484 Evangelii,
2926 415 3027 471 nisi
3074 419 3165 487 qui
3205 421 3494 479 secundum

208 501 376 556 litudo
403 514 545 566 esse,
580 500 668 554 ubi
714 508 769 556 et
799 502 1077 569 aequalitas
1107 510 1163 557 et
1194 504 1369 575 imago
1412 503 1516 569 sit,
1565 503 1702 559 sicut
1731 504 1797 558 de

209 596 331 651 ﬁliis
359 595 920 665 commemoravimus,
947 604 1171 665 excepto
1198 605 1440 668 tempore
1468 611 1573 667 quo
1597 611 1799 666 praece-

206 689 339 744 dunt
373 696 641 758 parentes.
677 686 764 743 Sic
793 688 936 744 enim
969 688 1228 759 :equalem
1275 688 1536 759 syllabam
1583 688 1800 760 syllabae

207 780 437 835 dicimus
472 796 485 832 :
517 779 759 849 quamvis
786 780 955 835 altera
982 780 1270 850 princedat,
1307 780 1472 835 altera
1503 781 1799 851 subsequa-

210 881 316 932 tur.
341 873 398 927 ln
426 872 535 927 Deo
566 880 743 927 autem
774 874 897 944 quia
926 872 1164 929 conditio
1191 874 1448 943 temporis
1476 882 1624 928 vacat
1650 890 1665 928 :
1693 887 1801 928 non

208 965 354 1020 enim
388 971 565 1033 potest
606 972 753 1020 recte
778 964 954 1020 videri
985 965 1127 1021 Deus
1157 966 1211 1020 in
1244 972 1487 1037 tempore
1516 980 1800 1036 generasse

208 1055 430 1120 Filium,
451 1070 546 1125 per
573 1070 728 1125 quem
761 1056 1004 1112 condidit
1034 1067 1275 1127 tempora
1304 1075 1320 1112 :
1350 1072 1687 1129 consequens
1716 1069 1801 1116 est

209 1157 268 1202 ut
296 1162 403 1203 non
434 1148 607 1203 solum
638 1148 707 1202 sit
753 1149 933 1219 imago
963 1148 1109 1220 ejus,
1141 1150 1263 1220 quia
1294 1149 1360 1205 de
1390 1150 1485 1206 illo
1514 1160 1624 1217 est,
1655 1161 1711 1207 et
1732 1152 1802 1206 si-

210 1242 476 1309 militudo,
507 1241 629 1313 quia
658 1240 868 1312 imago;
899 1240 997 1297 sed
1025 1241 1187 1297 etiam
1228 1230 1503 1312 aequalitas
1544 1250 1710 1311 tanta,
1744 1251 1804 1298 ut

210 1348 311 1389 nec
341 1333 597 1401 temporis
629 1332 840 1402 quidem
870 1332 1209 1388 intervallum
1238 1330 1684 1404 impedimentum
1709 1335 1799 1390 sit.

208 1424 542 1495 ltentjaliter.
575 1422 683 1479 Cur
710 1424 884 1494 imago
914 1426 1317 1483 similitudinem
1349 1426 1511 1482 habet
1539 1426 1591 1481 in
1624 1428 1800 1496 pictu-

208 1520 307 1587 ris,
336 1518 580 1574 homines
601 1518 786 1574 nolunt
805 1534 927 1576 esse
950 1518 1276 1575 dissimiles?
1304 1528 1360 1575 et
1383 1518 1543 1575 Arius
1572 1519 1803 1575 dissimi-

210 1613 316 1669 lem
343 1613 635 1682 contendit,
663 1621 718 1669 et
738 1615 849 1669 vult
870 1623 926 1670 ut
952 1624 1099 1684 pater
1119 1614 1436 1670 dissimilem
1458 1624 1678 1684 generet
1695 1614 1797 1671 sui.

212 1706 594 1778 Primogenitus
620 1707 781 1761 omnis
804 1714 1071 1760 creatum.
1090 1705 1276 1760 Omnis
1299 1706 1630 1762 rationabilis
1652 1721 1802 1763 crea-

1904 497 2081 569 ipsum
2105 500 2306 568 vivunt,
2329 516 2547 573 sperare
2569 518 2673 560 non
2704 516 2951 583 possunt.
2985 508 3136 576 Quod
3161 512 3498 581 praedicatum

1904 599 1978 645 est
2006 592 2061 645 in
2090 593 2322 649 universa
2346 605 2605 664 creatura,
2636 614 2750 668 qua:
2775 600 2865 654 sub
2895 601 3021 655 cwlo
3058 610 3153 656 est.
3192 602 3496 662 Notandum

1901 683 2175 741 hominem
2215 687 2320 742 dici
2365 703 2577 746 omnem
2607 699 2926 747 creaturam.
2973 692 3135 766 Cujus
3181 695 3348 765 factus
3384 715 3496 752 sum
3542 739 3548 745 .

1902 794 1994 850 ego
2038 778 2239 835 Paulus
2281 782 2531 852 minister,
2572 784 2659 855 qui
2700 800 2834 839 nunc
2861 788 3058 857 gaudeo
3089 787 3143 841 in
3174 789 3499 858 passionibus

1902 886 1995 942 pro
2017 872 2178 928 vobis.
2206 872 2312 928 Pro
2334 875 2489 931 nobis
2518 876 2740 946 patitur,
2770 888 2829 932 ut
2854 878 3163 935 aediﬁcaret.
3188 880 3297 937 Sed
3318 891 3372 937 et
3392 897 3492 953 pro

1903 962 2022 1033 ipso
2051 973 2173 1019 ante
2204 978 2391 1034 passus
2416 976 2498 1023 est
2524 967 2789 1025 Christus.
2813 969 2882 1024 Et
2903 972 3159 1043 adimpleo
3188 990 3246 1028 ea
3269 991 3382 1047 qua:
3406 977 3497 1030 de—

1903 1062 2021 1107 sunt
2050 1056 2351 1124 passionum
2379 1056 2570 1113 Christi
2597 1060 2651 1113 in
2675 1075 2827 1116 carne
2851 1077 2966 1116 mea
2994 1080 3087 1134 pro
3117 1079 3328 1134 corpore
3359 1070 3493 1135 ejus.

1906 1145 2139 1202 Christus
2156 1149 2299 1205 enim
2320 1163 2351 1205 a
2372 1150 2502 1207 solis
2523 1151 2724 1210 Judaeis
2745 1153 3006 1212 adductus
3026 1158 3092 1212 ad
3114 1166 3343 1215 mortem
3370 1169 3453 1216 est
3477 1177 3492 1214 :

1906 1224 2039 1311 ergo
2063 1257 2161 1312 pro
2185 1243 2422 1302 Ecclesia
2445 1246 2586 1317 ejus,
2612 1256 2667 1303 et
2692 1264 2721 1304 a
2748 1251 3256 1320 gentibnsChristus
3280 1254 3497 1311 inchoa-

1906 1332 1984 1387 vit
2011 1336 2347 1407 passionem,
2378 1352 2486 1393 non
2514 1338 2774 1409 implevit.
2806 1342 2913 1398 Sed
2945 1343 2997 1397 in
3033 1359 3261 1413 corpore
3289 1362 3411 1412 suo,
3443 1348 3501 1403 id

1905 1432 1989 1479 est
2016 1423 2068 1480 in
2100 1425 2361 1496 Ecclesia,
2390 1444 2533 1486 nunc
2562 1431 2903 1502 adimpletur.
2954 1436 3103 1500 Quod
3136 1447 3207 1492 est
3238 1437 3497 1496 Ecclesia.

1906 1512 2069 1588 Cujus
2100 1522 2268 1588 factus
2309 1537 2421 1575 sum
2449 1539 2540 1596 ego
2568 1525 2816 1595 minister,
2849 1530 3131 1581 secundum
3162 1531 3501 1600 dispensatio-

1905 1624 2021 1663 nem
2048 1609 2162 1680 Dei,
2192 1628 2304 1681 qute
2331 1614 2451 1668 data
2478 1624 2551 1669 est
2576 1617 2702 1671 mihi
2729 1618 2782 1673 in
2804 1635 2911 1674 vos.
2942 1620 3092 1675 Dono
3121 1620 3352 1691 Spiritus
3381 1639 3499 1681 san-

1906 1703 2010 1769 cti,
2053 1710 2110 1757 et
2136 1704 2395 1761 doctrina:
2425 1710 2774 1779 evangelicae,
2807 1728 2965 1782 quam
3008 1714 3159 1770 vobis
3199 1715 3385 1784 jussus
3415 1726 3502 1774 est

212 1807 349 1854 tura:
376 1796 668 1853 secundum
695 1811 915 1853 carnem
958 1796 1161 1864 primus
1193 1797 1441 1866 eliectus,
1478 1799 1801 1871 primogeni-
1831 1810 1881 1871 Β
1904 1807 2152 1868 erogare.
2202 1797 2268 1852 Ut
2314 1800 2555 1869 impleam
2606 1801 2824 1859 Verbum
2872 1805 2997 1873 Dei,
3033 1812 3330 1880 mysterium
3360 1815 3496 1882 quod

210 1897 318 1956 tus,
350 1890 541 1961 inquit,
575 1905 682 1944 non
713 1890 885 1960 primo
914 1898 1146 1956 creatus,
1178 1898 1235 1947 ut
1263 1899 1316 1947 et
1340 1892 1547 1961 genitus
1578 1908 1676 1963 pro
1708 1908 1802 1949 na-

213 1994 354 2051 tura,
379 1995 433 2041 et
461 1984 665 2054 primus
686 1998 796 2054 pro
826 1985 1179 2054 perpetuitate
1209 1986 1456 2041 credatur
1489 2000 1507 2040 :
1540 1985 1627 2044 vel
1656 1996 1805 2043 certe

220 2077 607 2147 primogenitus
645 2092 713 2131 ex
751 2077 998 2133 mortuis.
1048 2077 1183 2144 Quia
1220 2078 1274 2132 in
1312 2078 1425 2147 ipso
1454 2078 1663 2133 condita
1688 2088 1806 2133 sunt

219 2169 454 2224 universa
481 2169 535 2221 in
561 2168 698 2223 caelis
724 2175 773 2222 et
800 2170 850 2222 in
881 2178 1035 2235 terra,
1065 2169 1287 2224 visibilia
1313 2177 1359 2224 et
1384 2169 1681 2237 invisibilia,
1702 2172 1806 2226 sive

214 2261 409 2327 throni,
434 2261 536 2314 sive
561 2260 956 2325 dominationes,
972 2261 1071 2314 sive
1097 2261 1440 2331 principatus,
1462 2263 1565 2316 sive
1586 2269 1806 2331 potestav

211 2363 303 2406 tes.
336 2350 396 2405 In
427 2351 544 2419 ipso
578 2366 594 2407 :
625 2350 753 2418 quia
779 2363 993 2419 semper
1022 2350 1167 2405 idem
1197 2359 1298 2417 est,
1331 2353 1470 2407 sicut
1498 2351 1574 2406 ait
1601 2352 1765 2407 Judas
1786 2391 1802 2418 ,

210 2440 366 2497 Jesus
393 2441 648 2511 populum
687 2456 845 2497 suum
887 2440 955 2495 de
983 2448 1129 2497 terra
1155 2440 1375 2513 Egypti
1405 2442 1667 2498 liberavit.
1713 2442 1798 2510 Et,

211 2530 383 2589 Nemo
411 2533 656 2589 ascendit
685 2533 737 2587 in
764 2532 980 2599 caelum,
1009 2532 1111 2588 nisi
1140 2533 1231 2603 qui
1262 2532 1330 2589 de
1358 2534 1498 2590 coelo
1524 2533 1805 2591 descendit

210 2622 378 2677 Filius
424 2622 677 2678 hominis:
735 2620 925 2677 Omnia
967 2637 1055 2693 per
1101 2624 1269 2692 ipsum
1316 2631 1361 2677 et
1411 2625 1467 2678 in
1494 2624 1606 2693 ipso
1635 2634 1805 2681 creata

211 2722 351 2766 sunt.
387 2712 453 2767 Et
483 2727 579 2782 per
607 2712 782 2782 ipsum
807 2713 987 2769 omnia
1018 2712 1153 2768 facta
1184 2723 1329 2780 sunt,
1358 2725 1411 2770 et
1436 2716 1577 2785 quod
1607 2715 1805 2773 factum

212 2811 325 2869 est,
350 2800 405 2856 in
431 2801 548 2872 ipso
570 2801 680 2856 vita
702 2810 805 2859 est.
828 2801 898 2857 Et
919 2803 1026 2874 ipse
1045 2812 1120 2859 est
1142 2813 1263 2857 ante
1283 2820 1475 2859 omnes.
1497 2804 1803 2862 Creaturas.

215 2891 281 2946 Et
310 2892 481 2945 omnia
511 2892 565 2945 in
592 2893 709 2962 ipso
736 2901 991 2946 constant.
1024 2892 1244 2948 Vivunt.
1280 2892 1349 2948 Et
1389 2896 1496 2966 ipse
1539 2904 1613 2950 est
1650 2905 1807 2967 caput

210 2984 442 3053 corporis
472 2982 749 3050 Ecclesiae,
780 2984 867 3055 qui
887 2993 960 3038 est
990 2986 1324 3056 principium,
1349 2989 1719 3059 primogenitae
1743 3004 1806 3045 ea:

214 3076 451 3129 mortuis.
486 3074 600 3132 Hoc
629 3076 790 3132 modo
819 3085 977 3146 caput
1005 3087 1087 3131 est
1122 3077 1395 3134 Ecclesiae.
1429 3080 1497 3134 Et
1524 3080 1588 3134 sit
1617 3081 1670 3135 in
1698 3096 1805 3135 om-

1910 1885 2264 1941 absconditum
2302 1888 2401 1959 fuit
2439 1906 2471 1943 a
2510 1893 2709 1945 steculis
2756 1903 2803 1947 et
2840 1898 3272 1966 generationibus.
3307 1901 3374 1956 Ut
3405 1917 3501 1972 per

1908 1990 1996 2032 me
2039 1978 2351 2047 praedicatio
2391 1981 2695 2050 impleatur.
2735 1983 2889 2039 Nunc
2914 1997 3082 2043 autem
3112 1994 3501 2063 manifestatum

1909 2080 1982 2127 est
2009 2074 2202 2128 sanctis
2230 2075 2363 2145 ejus.
2398 2075 2664 2147 Tempore
2694 2092 2798 2148 quo
2822 2079 2991 2135 voluit
3014 2084 3277 2137 revelare.
3309 2086 3501 2151 Quibus

1909 2164 2069 2218 voluit
2093 2163 2233 2219 Deus
2262 2176 2406 2222 notas
2437 2168 2607 2238 facere
2629 2170 2832 2225 divitias
2859 2174 3041 2244 gloria:
3068 2179 3375 2230 sacramenti
3398 2178 3499 2230 hu-

1901 2256 1993 2325 jus
2014 2256 2068 2309 in
2094 2257 2350 2326 gentibus.
2380 2259 2515 2326 Quia
2546 2260 2686 2317 idem
2709 2262 2852 2319 Deus
2874 2266 3113 2321 omnium
3136 2268 3288 2323 dives
3310 2270 3363 2324 in
3386 2284 3502 2324 om-

1908 2348 2102 2416 nibus,
2152 2351 2422 2420 quomodo
2463 2354 2668 2421 voluit,
2715 2357 2794 2411 sic
2822 2365 2876 2411 et
2904 2358 3054 2427 fecit,
3100 2361 3223 2431 quia
3254 2363 3501 2419 voluntas

1910 2435 2030 2507 ejus
2068 2437 2215 2508 justa
2258 2449 2360 2497 est.
2412 2443 2563 2511 Quod
2602 2454 2677 2499 est
2720 2446 2953 2502 Christus
2996 2450 3050 2502 in
3084 2452 3240 2505 vobis.
3275 2453 3393 2523 Ipse
3420 2465 3503 2510 est

1910 2532 2255 2602 mysterium,
2285 2535 2427 2605 quod
2460 2537 2784 2606 patefactum
2813 2550 2896 2596 est
2922 2543 3195 2613 gentibus.
3231 2545 3363 2618 Spes
3392 2546 3503 2618 glo-

1906 2622 2021 2689 riaz,
2053 2640 2199 2694 quem
2227 2642 2320 2681 nos
2346 2631 2735 2686 annuntiamus.
2760 2632 2944 2702 Vobis,
2968 2649 3064 2704 per
3085 2651 3243 2706 quem
3268 2636 3501 2695 futuram

1910 2715 2134 2786 gloriam
2159 2720 2409 2788 speratis.
2440 2721 2783 2793 Corripientes
2811 2742 3008 2782 omnem
3032 2730 3311 2799 hominem,
3335 2742 3385 2788 et
3406 2736 3503 2789 d0-

1908 2817 2076 2862 centes
2095 2824 2294 2864 omnem
2321 2812 2577 2868 hominem
2626 2816 2680 2868 in
2709 2819 2847 2871 omni
2875 2820 3152 2887 sapientia.
3178 2822 3422 2879 Judaeum
3450 2835 3508 2881 et

1910 2899 2176 2969 Graacum,
2202 2915 2415 2959 servum
2438 2913 2493 2961 et
2520 2906 2773 2964 liberum.
2801 2910 2867 2966 Et
2894 2912 2997 2969 hoc
3020 2914 3335 2985 notandum,
3359 2919 3503 2987 quod

1912 3003 2101 3047 omnes
2131 2992 2377 3050 homines
2424 2996 2538 3052 vult
2582 2998 2839 3057 exhibere
2878 3003 3174 3074 perfectos,
3207 3009 3502 3065 secundum

1908 3080 2056 3137 illam
2086 3086 2466 3153 perfectionem
2508 3105 2669 3160 quam
2693 3092 2821 3149 alibi
2848 3094 2979 3151 dicit
3009 3114 3024 3151 :
3058 3099 3332 3169 Quotquot
3358 3103 3503 3156 enim

217 3165 364 3219 nibus
416 3165 523 3236 ipse
567 3165 843 3235 primatum
880 3175 1070 3220 tenens.
1116 3166 1405 3235 Propterea
1445 3170 1590 3237 prius
1625 3185 1807 3227 resur—
1837 3194 1886 3256 α
1912 3172 2159 3243 perfecti,
2185 3176 2731 3247 hocsapiamus:eum
2749 3192 2892 3238 retro
2908 3186 3127 3253 dixerit,
3144 3165 3379 3254 Fratres,
3405 3205 3505 3259 ego

217 3255 377 3311 rexit.
405 3256 537 3323 Quia
556 3257 606 3310 in
632 3257 741 3329 ipso
763 3258 1090 3328 complacuit,
1113 3273 1308 3312 omnem
1335 3260 1704 3329 plenitudinem
1732 3262 1812 3316 di-

217 3350 446 3403 vinitatis
472 3349 720 3403 habitare.
752 3351 808 3404 In
833 3351 984 3405 nullo
1003 3352 1147 3406 enim
1169 3351 1274 3406 alio
1296 3352 1369 3406 ita
1394 3352 1641 3406 divinitas
1664 3352 1813 3410 habi-

220 3443 371 3496 tavit.
403 3441 461 3496 ln
490 3443 610 3498 aliis
638 3444 781 3498 enim
812 3445 984 3514 gratia
1007 3459 1077 3499 ex
1104 3452 1256 3515 parte
1279 3444 1397 3513 fuit,
1422 3447 1476 3501 in
1500 3447 1603 3502 isto
1621 3455 1813 3504 natura

216 3533 476 3604 perfecta.
492 3532 859 3604 Corporatiter.
878 3534 1064 3605 Neque
1080 3536 1223 3591 enim
1238 3535 1484 3592 divinitas
1498 3551 1694 3607 corpus
1707 3547 1809 3595 est.

220 3626 327 3683 Sed
348 3628 469 3697 quia
494 3637 825 3683 sacramenta
856 3627 1061 3684 Veteris
1081 3628 1406 3685 Testamenti
1428 3631 1666 3701 appellat
1691 3647 1811 3687 um-

218 3718 369 3776 bram
397 3720 587 3785 futuri,
614 3730 828 3791 propter
850 3723 1158 3777 umbrarum
1184 3722 1636 3792 comparationem
1651 3763 1670 3792 ,
1692 3737 1812 3778 cor-

216 3811 479 3882 poraliter
501 3812 631 3867 dixit
657 3811 899 3869 habitare
924 3813 975 3867 in
999 3813 1213 3870 Christo
1233 3814 1615 3883 plenitudinem
1629 3815 1814 3871 divini-

214 3903 365 3969 tatis,
385 3904 527 3975 quod
551 3905 606 3959 in
630 3906 721 3959 illo
744 3906 1066 3975 impleantur
1080 3909 1262 3964 omnia
1278 3923 1396 3979 qua:
1408 3911 1463 3965 in
1482 3908 1587 3966 illis
1608 3910 1813 3968 umbris

216 3996 442 4067 ﬁgurata
466 4006 611 4066 sunt,
639 4013 701 4053 ac
722 4001 800 4053 sic
821 4000 1051 4069 quodam
1082 4002 1244 4058 modo
1267 4005 1579 4062 umbrarum
1602 4006 1810 4062 illarum

218 4089 341 4159 ipse
366 4092 436 4146 sit
461 4106 683 4161 corpus,
718 4092 820 4151 hoc
851 4102 932 4147 est
961 4092 1247 4163 ﬁgurarum
1279 4104 1334 4150 et
1361 4097 1809 4164 signiﬁcationum

216 4180 428 4237 illarum
460 4182 574 4252 ipse
604 4184 674 4238 sit
703 4182 922 4241 veritas.
956 4182 1091 4239 Item
1119 4186 1272 4240 aliter
1306 4202 1320 4240 :
1356 4184 1625 4253 Perfecto,
1658 4189 1812 4259 quasi

218 4274 362 4329 dicat
403 4276 756 4332 summaliter.
804 4276 869 4329 Et
910 4292 997 4345 per
1034 4293 1150 4332 eum
1189 4279 1520 4335 reconciliare
1557 4282 1730 4335 omnia
1757 4284 1813 4338 in

218 4366 407 4429 ipsum.
440 4365 676 4419 Terrena
704 4365 1017 4420 coelestibus
1044 4381 1165 4435 qua:
1193 4368 1259 4422 ab
1288 4367 1365 4422 eis
1394 4382 1491 4437 per
1518 4372 1812 4427 contrarie-

218 4464 384 4510 tatem
406 4456 530 4509 vitae
554 4456 766 4510 l'uerant
790 4466 1054 4525 separata,
1084 4457 1227 4512 unde
1247 4458 1506 4515 Dominus
1531 4475 1687 4516 orare
1708 4477 1806 4519 nos

1922 3277 2012 3320 ne
2036 3278 2143 3319 non
2168 3266 2404 3322 arbitror
2425 3270 2919 3342 comprehendisse,
2950 3284 3003 3329 et
3032 3277 3256 3347 reliqua.
3288 3279 3395 3335 Sed
3422 3291 3509 3337 est

1915 3357 2157 3428 quaedam
2204 3358 2519 3431 imperfecta
2544 3365 2823 3435 perfectio,
2848 3378 2905 3423 ut
2944 3370 3079 3426 sciat
3108 3372 3269 3428 homo
3305 3390 3365 3431 se
3400 3392 3504 3433 non

1917 3466 2039 3508 esse
2070 3454 2359 3523 perfectum
2383 3458 2437 3514 in
2469 3458 2569 3515 hac
2598 3461 2724 3518 vita.
2757 3461 2826 3517 Ut
2854 3463 3175 3521 exhibeamus
3199 3485 3396 3524 omnem
3413 3470 3510 3527 Ito-

1914 3548 2102 3602 minem
2132 3552 2412 3621 perfectum
2431 3554 2484 3608 in
2507 3552 2715 3609 Christo
2736 3553 2772 3609 J
2776 3573 2884 3611 esu.
2910 3557 3214 3615 Secundum
3239 3564 3505 3633 synecdo-

1914 3640 2053 3697 chen
2084 3642 2285 3699 dictum
2316 3651 2486 3702 totum
2518 3662 2613 3716 pro
2644 3656 2814 3717 parte.
2849 3648 2915 3705 In
2958 3668 3057 3722 quo
3102 3662 3149 3707 et
3190 3655 3365 3710 laboro
3394 3671 3507 3710 cer-

1915 3733 2072 3787 tando
2106 3734 2388 3789 secundum
2431 3739 2777 3807 Operationem
2805 3742 2939 3812 ejus,
2971 3758 3125 3811 quam
3170 3754 3412 3817 aperatur
3451 3750 3511 3803 in

1914 3836 1996 3876 me
2023 3823 2079 3876 in
2104 3824 2308 3880 virtute.
2334 3826 2643 3899 Signorum.

1984 3913 2116 3971 CAP.
2149 3932 2207 3973 ιι.
2262 3917 2389 3973 Volo
2419 3922 2553 3976 enim
2582 3939 2669 3978 vos
2700 3924 2851 3993 scire,
2874 3927 3081 3995 qualem
3110 3928 3511 3989 sollicitudinem

1914 4006 2126 4061 habeam
2156 4024 2247 4079 pro
2280 4012 2439 4081 vobis,
2473 4022 2521 4067 et
2548 4030 2640 4085 pro
2669 4015 2747 4069 his
2776 4017 2863 4086 qui
2893 4029 3011 4072 sunt
3040 4018 3329 4079 Laodiceae.
3358 4025 3505 4094 Ago-

1914 4098 2077 4153 niam.
2113 4099 2182 4151 Et
2213 4102 2501 4173 quicunque
2540 4106 2629 4160 alii
2660 4124 2762 4161 non
2797 4108 3014 4163 viderint
3042 4114 3228 4181 faciem
3256 4130 3419 4169 meam
3454 4117 3510 4172 in

1914 4204 2087 4256 carne,
2117 4199 2171 4244 ut
2202 4196 2528 4251 consolentur
2549 4199 2705 4251 corda
2726 4200 2975 4269 ipsorum,
2999 4202 3234 4258 instructi
3257 4207 3315 4260 in
3339 4207 3510 4262 chari-

1915 4286 2037 4343 tate,
2052 4290 2098 4334 et
2116 4282 2170 4333 in
2194 4297 2363 4337 omnes
2377 4284 2581 4339 divitias
2603 4287 2942 4353 plenitudinis
2962 4289 3273 4357 intellectus,
3286 4294 3342 4347 in
3359 4297 3509 4365 agni-

1915 4370 2051 4423 tione
2074 4373 2303 4440 mysterii
2328 4374 2419 4427 Dei
2442 4375 2638 4441 Patris,
2664 4386 2712 4428 et
2740 4376 2947 4431 Domini
2972 4376 3099 4434 Iesu
3127 4380 3336 4439 Christi.
3368 4384 3505 4453 Quia

1915 4460 1958 4512 si
1992 4474 2078 4516 me
2107 4461 2403 4531 vidissent,
2434 4474 2488 4519 et
2514 4466 2832 4522 eharitatem
2860 4483 3035 4525 meam
3060 4486 3186 4547 erga
3212 4489 3294 4546 se,
3328 4485 3386 4534 ot
3425 4479 3507 4536 di-

216 4548 398 4612 docet,
427 4554 483 4598 ut
512 4546 581 4598 ita
609 4546 854 4600 voluntas
888 4547 983 4601 Dei
1010 4548 1099 4601 ﬂat
1123 4550 1176 4603 in
1204 4560 1369 4619 terra,
1397 4552 1535 4607 sicut
1556 4553 1609 4607 in
1635 4554 1806 4612 cmlis.

1917 4550 2075 4605 vitias
2103 4553 2343 4622 mysterii
2380 4554 2473 4610 Dei
2503 4557 2715 4627 plenius
2741 4546 3141 4634 cognovissent,
3162 4565 3290 4622 dum
3313 4576 3367 4625 et
3391 4584 3507 4627 ma-

221 4639 518 4707 Paciﬁcans
541 4656 628 4711 per
651 4641 947 4710 sanguinem
971 4643 1135 4697 crucis
1157 4647 1292 4716 ejus,
1315 4645 1419 4700 sive
1440 4661 1551 4715 qua:
1570 4648 1623 4701 in
1649 4649 1808 4718 cmlis,

220 4730 325 4785 sive
352 4738 466 4802 quia
491 4731 545 4785 in
574 4739 710 4786 terra
741 4742 874 4786 sunt.
907 4732 1009 4788 Per
1037 4749 1155 4804 qua:
1184 4745 1309 4791 sunt
1352 4738 1596 4796 homines
1626 4755 1811 4797 emen-

223 4821 352 4877 dati.
389 4822 456 4877 Et
499 4839 587 4878 vos
616 4840 729 4878 cum
753 4825 923 4880 essetis
952 4825 1231 4895 aliquando
1263 4829 1495 4896 alienati,
1524 4839 1570 4885 et
1616 4833 1811 4887 inimici

222 4933 371 4973 sensu
398 4918 450 4970 in
484 4919 719 4989 cperibus
760 4919 932 4973 malis.
964 4919 1225 4986 Exposuit
1265 4922 1567 4979 inimicitias
1598 4934 1809 4982 nostras

224 5023 343 5065 cum
360 5009 469 5065 Deo
494 5018 548 5065 et
574 5008 689 5079 ejus
717 5008 993 5063 ministris.
1014 5010 1167 5064 Nunc
1193 5022 1359 5067 autem
1387 5018 1731 5072 reconciliavit
1754 5019 1809 5073 in

225 5117 436 5171 corpore
462 5102 635 5155 carnis
663 5102 771 5171 ejus
800 5116 887 5171 per
919 5112 1151 5156 mortem.
1187 5104 1239 5158 ln
1270 5121 1373 5174 qua
1404 5107 1649 5177 baptizati
1678 5111 1809 5166 estis

226 5206 435 5246 Omnes.
474 5193 537 5247 Ut
566 5193 816 5247 exhiberet
848 5210 933 5247 vos
962 5204 1182 5263 sanctos,
1228 5207 1274 5249 ct
1314 5198 1688 5254 immaculatos.
1734 5201 1811 5255 Ne

225 5284 341 5352 ejus
372 5285 691 5341 beneﬁcium
732 5286 943 5342 irritum
977 5288 1201 5355 faciatis,
1244 5300 1299 5346 et
1344 5290 1536 5347 iterum
1566 5294 1682 5350 sitis
1712 5295 1809 5350 ini-

224 5377 370 5430 mici.
398 5376 466 5429 Et
487 5378 971 5450 irreprehensibiles.
1005 5381 1463 5439 Considerandum
1504 5401 1661 5456 quam
1689 5402 1808 5457 per-

226 5468 421 5521 lectum
454 5470 565 5522 vult
608 5485 727 5524 esse
769 5487 1200 5542 unumquemque
1249 5477 1577 5532 credentem.
1623 5480 1807 5535 Coram

226 5558 355 5627 ipso.
387 5558 499 5613 Non
532 5574 708 5615 coram
756 5563 1078 5617 hominibus.
1116 5566 1174 5619 Si
1214 5578 1379 5619 tamen
1412 5572 1714 5637 permanetis
1758 5573 1806 5626 in

233 5650 329 5701 lida
356 5651 558 5718 fundati
580 5661 625 5703 ct
650 5654 851 5707 stabiles
876 5665 917 5706 r‘l
942 5656 1237 5710 immobiles.
1272 5658 1417 5713 Tunc
1443 5662 1683 5728 poteritis
1714 5664 1808 5715 im-

229 5742 475 5797 maculati
521 5759 661 5810 esse,
708 5747 753 5799 si
794 5762 889 5801 vos
934 5750 1204 5803 hominum
1247 5754 1493 5820 exempla
1532 5767 1635 5807 non
1670 5753 1809 5809 deei-

230 5832 397 5899 piant,
429 5834 521 5889 sed
559 5836 781 5890 tirmiter
809 5838 980 5892 futura
1024 5842 1273 5897 credatis.
1316 5847 1359 5898 Α
1389 5860 1476 5912 spe
1510 5845 1805 5917 Evangelii,

1914 4644 2086 4715 jorem
2117 4646 2398 4715 praesentis
2425 4647 2676 4705 affectum
2703 4651 3012 4721 probarent,
3041 4665 3095 4713 et
3121 4657 3506 4721 abundantiam

1916 4736 2138 4793 rationis
2164 4754 2194 4791 a
2222 4752 2328 4807 me,
2358 4740 2447 4811 qui
2480 4741 2693 4812 pr0prie
2720 4757 2751 4799 a
2779 4743 2996 4802 Christo
3025 4748 3210 4819 didici,
3242 4752 3507 4813 doceren-

1917 4834 2023 4885 tur.
2056 4828 2122 4883 1η
2151 4847 2251 4900 quo
2281 4846 2453 4886 omnes
2491 4833 2718 4890 thesauri
2753 4838 3018 4907 sapientia:
3047 4850 3094 4895 et
3123 4843 3368 4904 scientia.
3393 4846 3503 4915 Qui

1916 4920 2174 4989 latebant,
2208 4924 2449 4993 quamvis
2478 4936 2659 4981 essent
2686 4927 2740 4983 in
2768 4928 2959 4986 litteris
2986 4930 3139 5002 legis,
3168 4934 3311 4992 sicut
3337 4938 3503 4997 lsaias

1918 5017 2012 5082 ait,
2046 5017 2101 5071 In
2131 5016 2398 5074 thesauris
2424 5021 2569 5077 salus
2599 5032 2778 5079 nostra
2800 5062 2819 5091 ,
2850 5023 3096 5084 Christus
3119 5024 3268 5085 venit.
3290 5032 3503 5103 sapien-

1919 5108 1990 5161 tia
2018 5116 2072 5164 et
2096 5109 2318 5164 scientia
2340 5126 2368 5164 a
2392 5111 2637 5169 Domino.
2663 5114 2729 5170 Hi
2749 5124 2875 5171 sunt
2901 5118 3137 5175 thesauri
3159 5123 3503 5190 septiformes

1919 5201 2211 5269 gratiarum
2238 5203 2463 5271 Spiritus
2485 5207 2674 5262 sancti.
2700 5208 3013 5264 Absconditi.
3036 5210 3137 5279 Qui
3158 5224 3311 5270 erant
3331 5215 3501 5289 Moysi

1920 5295 2043 5347 tecti
2076 5295 2359 5352 velamine.
2395 5295 2511 5350 Hoc
2539 5309 2708 5354 autem
2734 5303 2870 5372 dico,
2903 5314 2958 5357 ut
2989 5320 3134 5360 nemo
3162 5323 3249 5363 vos
3278 5309 3505 5380 decipiat

1917 5386 1971 5439 in
2003 5386 2315 5443 sublimitate
2356 5405 2668 5447 sermonum.
2718 5393 2842 5450 ldeo
2873 5396 2994 5453 dico
3031 5398 3222 5455 melius
3251 5400 3416 5460 fuisse
3444 5412 3505 5461 ut

1920 5493 2019 5547 ego
2066 5495 2161 5535 vos
2211 5495 2449 5549 praesens
2496 5484 2847 5551 instruerem,
2898 5487 2992 5543 sed
3038 5498 3215 5547 tamen
3263 5495 3535 5553 breviter‘

1923 5574 2232 5643 complexus
2279 5590 2434 5641 sum,
2486 5591 2700 5633 omnem
2762 5580 3065 5636 thesaurum
3115 5586 3389 5655 sapientiae
3444 5602 3501 5647 et

1918 5667 2155 5721 δρὶρηῐὶιρ
2184 5670 2233 5722 in
2265 5670 2378 5739 ipso
2410 5686 2549 5735 esse,
2586 5683 2639 5727 ut
2669 5688 2880 5729 omnem
2909 5692 3208 5736 sermonem
3242 5683 3323 5739 vel
3369 5700 3498 5741 sen-

1919 5773 2054 5813 sum.
2082 5762 2167 5829 qui
2198 5772 2391 5829 [uultur
2416 5764 2559 5817 illum
2591 5774 2704 5831 est,
2740 5781 2842 5821 nou
2868 5769 3041 5824 solum
3070 5788 3176 5828 non
3205 5776 3494 5846 triremini,

1919 5852 2011 5905 sed
2064 5853 2223 5907 etiam
2298 5854 2574 5913 stultitiam
2634 5857 2924 5928 deputetis.
2972 5861 3107 5917 Nam
3152 5866 3247 5921 etsi
3290 5881 3502 5937 corpore
