3982 6352
491 306 599 363 655

1576 304 1873 364 PRlMASll
1915 301 2370 362 ADRUMETANI
2409 300 2627 360 EPISC.

3650 304 3777 362 656

473 426 655 482 absens
692 441 825 495 sum,
858 426 946 481 sed
987 427 1171 496 spiritu
1198 426 1455 480 vobiscum
1479 443 1614 480 sum.
1650 425 1893 480 llabebat
1926 424 2061 478 hanc
2088 426 2138 485 Α
2166 424 2309 477 enim
2339 440 2351 476 :
2382 424 2692 477 Maledictus
2728 422 2903 478 omnis
2943 422 3034 493 qui
3076 422 3336 493 pependit
3369 421 3422 478 in
3470 422 3639 493 ligno.
3696 425 3781 479 Et

474 521 723 593 gratiam,
740 532 798 575 ut
823 520 949 576 alibi
978 522 1202 590 positus,
1222 520 1343 589 quid
1368 520 1489 573 alibi
1520 529 1787 590 ageretur,
1807 534 2059 588 agnosce-

472 625 557 669 ret
589 631 603 667 :
638 614 776 668 sicut
803 612 1028 667 Elisasus
1049 612 1180 665 sidit
1206 614 1255 664 in
1284 612 1471 679 spiritu
1500 612 1645 666 Giezi
1678 622 1791 681 post
1821 611 2056 665 Naaman

444 710 803 761 'currentem.
836 704 1096 769 Caudens,
1140 713 1185 757 et
1214 705 1388 757 videns
1431 706 1663 759 ordinem
1704 714 1945 760 vestrum.
1993 705 2061 760 Et

486 798 637 852 rideo
670 808 723 853 et
766 799 924 865 cupio
965 812 1199 863 prmsens
1232 798 1453 864 implere
1494 814 1655 854 omne
1701 799 1843 867 quod
1881 801 2056 853 deest.

474 886 544 943 Et
567 894 875 961 frumentum
895 892 1005 957 ejus
1027 906 1139 957 quia
1163 892 1214 943 in
1237 890 1439 945 Christo
1465 900 1537 945 est
1560 893 1683 961 ﬁdei
1704 903 1897 949 vestra.
1922 892 2059 960 Sup-

475 982 800 1052 plementum
820 982 1039 1037 credere
1059 982 1228 1037 Deum
1248 1000 1458 1053 verum,
1478 995 1532 1040 et
1555 986 1823 1041 hominem
1850 1001 2056 1054 verum,

476 1088 635 1127 unam
665 1087 947 1142 personam
976 1088 1044 1127 ex
1072 1074 1279 1129 duabus
1309 1075 1659 1141 substantiis,
1693 1076 1817 1145 quia
1850 1078 1950 1130 hoc
1978 1084 2060 1130 est

474 1162 598 1218 ﬁdei
653 1162 1094 1231 fundamentum,
1142 1166 1285 1234 quod
1332 1167 1483 1221 vobis
1530 1166 1723 1221 sullicit
1774 1167 1838 1221 ad
1873 1168 2056 1232 vitam,

474 1255 683 1310 etiamsi
708 1254 905 1324 aliquid
931 1256 1167 1311 scientiae
1188 1259 1363 1311 minus
1382 1258 1593 1312 interim
1623 1257 1884 1313 habeatis.
1910 1258 2059 1313 Sicut

472 1360 594 1414 ergo
623 1347 889 1412 accepistis
909 1344 1168 1401 Christum
1208 1344 1384 1401 Iesum
1414 1347 1693 1401 Dominum
1722 1358 1973 1414 nostrum,
2004 1350 2060 1402 in

472 1442 585 1512 ipso
606 1445 887 1508 ambulate,
914 1444 1156 1497 radicati.
1184 1444 1349 1498 Deum
1379 1444 1659 1500 credentes
1684 1455 1739 1499 et
1764 1444 2058 1500 hominem.

474 1532 543 1587 Et
587 1534 989 1605 supera'dt'ﬁcali
1037 1536 1089 1589 in
1138 1537 1271 1605 ipso.
1312 1536 1615 1591 Secundum
1664 1538 1828 1591 robur
1866 1535 2056 1591 funda—

474 1625 639 1679 menti
671 1624 905 1678 validum
936 1626 1217 1679 aedilicium
1248 1638 1638 1694 supercrescat.
1668 1625 1738 1680 Et
1772 1627 2059 1695 conﬁrmati

471 1713 527 1767 in
558 1715 681 1783 ﬁde,
722 1717 854 1769 sicut
881 1727 927 1769 et
958 1718 1233 1771 didicistis.
1274 1718 1615 1772 Futurorum.
1644 1719 1973 1774 Abundantes
2001 1719 2055 1774 in

2162 514 2329 585 ipsum
2366 514 2483 567 tulit
2520 516 2583 567 de
2607 515 2798 579 medio,
2827 515 3034 585 ajﬁgens
3064 515 3196 568 illud
3230 517 3390 568 cruci.
3421 515 3537 569 Non
3580 515 3775 570 solum

2164 617 2379 675 peccata
2438 608 2779 661 mortiticavit
2826 608 2876 660 in
2923 622 3105 668 cruce,
3161 607 3255 660 sed
3303 608 3469 662 etiam
3511 608 3774 663 incorru-

2163 702 2425 769 ptionem,
2460 709 2515 754 et
2544 700 2761 769 praemia
2792 700 3015 754 donavit
3054 716 3149 769 per
3174 700 3464 756 indebitam
3497 715 3769 757 mortem.

2163 790 2483 860 Exspatians
2517 793 2837 863 principatus
2876 804 2923 847 et
2954 802 3246 864 potestates.
3271 795 3341 851 Ut
3382 811 3479 865 per
3519 804 3771 850 mortem

2160 885 2467 941 destrueret
2505 901 2652 951 eum,
2685 886 2777 956 qui
2834 886 3064 943 habebat
3112 888 3301 942 mortis
3342 890 3655 956 imperium,
3704 903 3773 943 se

2161 976 2437 1031 oﬂ'erendo
2462 992 2560 1048 pro
2590 977 2701 1033 reis
2728 977 2910 1031 morti.
2943 976 3201 1033 Traduxit
3242 980 3588 1045 conﬁdenter.
3616 980 3674 1033 In
3707 994 3773 1034 sa

2162 1079 2383 1140 peccata
2410 1070 2731 1140 suscipiens,
2761 1078 2820 1126 et
2840 1078 3151 1139 peccatores
3178 1070 3489 1134 absolvens,
3511 1071 3644 1124 dum
3672 1071 3773 1127 illa

2161 1162 2308 1215 cruci
2353 1162 2546 1231 alligit.
2581 1160 2768 1215 Palam
2806 1162 3129 1230 triumphans
3159 1163 3296 1216 illos.
3330 1162 3553 1218 Publice
3583 1163 3771 1219 cruci-

2163 1249 2320 1304 ﬁxus.
2353 1248 2418 1305 In
2460 1253 2748 1322 semetipso.
2789 1251 3120 1309 Confusione
3161 1260 3495 1322 contempla,
3527 1266 3640 1306 non
3666 1268 3767 1308 oc-

2160 1344 2411 1411 cidendo,
2444 1344 2539 1399 sed
2568 1343 2872 1410 moriendo,
2903 1359 3005 1401 nec
3033 1345 3143 1399 vim
3168 1343 3487 1410 inferendo,
3515 1344 3616 1399 sed
3637 1360 3767 1400 sus-

2161 1435 2407 1502 tinendo,
2438 1444 2495 1489 ut
2522 1436 2676 1491 nobis
2720 1435 2997 1493 confracta
3026 1437 3172 1492 omni
3214 1435 3467 1505 superbia
3504 1435 3768 1493 vincendi

2160 1528 2316 1581 daret
2343 1527 2674 1593 exemplum.
2719 1527 2887 1583 Nemo
2916 1544 3035 1598 ergo
3062 1545 3151 1582 vos
3173 1528 3373 1603 judicet
3398 1529 3456 1583 in
3498 1528 3638 1596 cibo,
3667 1537 3765 1584 ω

2159 1617 2214 1671 in
2241 1628 2386 1688 potu.
2414 1618 2629 1673 Nullum
2659 1633 2790 1689 ergo
2817 1618 2871 1672 in
2896 1618 3000 1673 hoc
3022 1618 3283 1689 judicium
3322 1626 3430 1687 est,
3473 1622 3604 1690 quia
3632 1635 3760 1677 cum

2159 1711 2349 1765 umbra
2376 1719 2545 1778 esset,
2584 1712 2817 1766 cessavit
2843 1726 3068 1782 corpore
3092 1712 3364 1777 veniente,
3398 1727 3500 1768 nec
3526 1713 3761 1784 imagine

468 1803 564 1859 illo
604 1807 656 1858 in
685 1810 972 1875 gratiarum
1000 1809 1215 1862 actione.
1242 1810 1468 1875 Semper
1504 1820 1808 1865 crescentes
1839 1811 1890 1864 in
1923 1811 2015 1865 illo
2034 1851 2050 1877 ,

2158 1814 2293 1870 Opus
2326 1809 2432 1867 est,
2473 1801 2699 1857 veritate
2728 1812 3016 1871 prasente.
3048 1804 3151 1857 Aut
3193 1802 3247 1855 in
3288 1812 3438 1873 parte
3472 1804 3580 1856 diei
3612 1804 3751 1870 festi.

472 1906 528 1951 et
552 1912 646 1964 pro
672 1896 826 1953 donis
854 1898 969 1968 ejus
994 1899 1350 1955 abundantius
1377 1903 1575 1971 gratias
1605 1901 1918 1956 referentes.
1960 1900 2053 1955 Vi-

472 1992 608 2056 dete,
636 2009 699 2046 ne
724 1994 834 2061 quis
855 2009 941 2047 vos
979 1994 1199 2063 decipiat
1228 2010 1317 2063 per
1345 1995 1747 2065 philosOphiam,
1773 2006 1820 2050 et
1849 1996 2054 2051 inanem

469 2084 755 2151 fallaciam.
800 2082 995 2138 Contra
1031 2085 1375 2155 philosophos
1424 2088 1565 2157 agit,
1613 2102 1836 2154 quorum
1878 2086 2054 2142 omnis

470 2174 759 2243 disputatio
788 2176 854 2228 de
885 2176 1167 2231 elementis
1196 2188 1297 2243 est,
1327 2188 1381 2232 et
1408 2178 1708 2233 visibilibus
1752 2180 2011 2234 creaturis
2034 2220 2050 2246 ,

471 2277 525 2321 et
555 2267 644 2337 qui
690 2282 756 2321 ex
801 2268 961 2323 rebus
991 2270 1320 2323 naturalibus
1347 2274 1595 2326 virtutem
1626 2273 1890 2326 aestimant
1926 2274 2052 2340 Dei,

468 2358 730 2423 dicentes,
762 2376 826 2414 ex
862 2361 1028 2414 nihilo
1060 2361 1174 2415 ﬁeri
1218 2362 1349 2415 nihil
1385 2376 1541 2430 posse
1573 2380 1584 2414 :
1618 2373 1674 2418 et
1701 2367 1932 2418 animam
1961 2373 2056 2419 aut

468 2448 677 2503 initium
703 2465 804 2504 nun
832 2451 1051 2516 habere,
1084 2461 1176 2504 aut
1205 2466 1325 2507 esse
1350 2453 1639 2508 mortalem
1666 2472 1680 2509 :
1709 2464 1763 2510 et
1793 2457 2052 2524 virginem

468 2557 657 2612 parere
684 2560 790 2598 non
823 2560 979 2613 posse
1008 2560 1024 2600 :
1058 2555 1109 2599 et
1138 2545 1303 2599 Deum
1327 2561 1391 2601 ex
1423 2548 1637 2602 hotnine
1670 2550 1848 2614 nasci,
1883 2550 2050 2617 mori,

463 2646 629 2705 atque
654 2652 937 2707 resurgere
963 2638 1181 2692 stultum
1208 2653 1327 2692 esse
1353 2639 1594 2694 credere.
1622 2638 1921 2718 secundum
1946 2652 2053 2694 tra-

466 2727 712 2782 ditionem
747 2728 1030 2795 hominum,
1058 2731 1336 2787 secundum
1365 2731 1612 2785 elementa
1645 2716 1840 2787 mundi.
1876 2735 2051 2789 Sedu-

465 2818 720 2873 ctionem.
772 2818 840 2873 Et
868 2837 969 2874 non
996 2823 1275 2876 secundum
1301 2820 1582 2878 Christum.
1612 2824 1714 2890 Qui
1754 2827 2051 2881 secundum

469 2910 739 2966 Christum
783 2914 940 2979 sapit,
973 2928 1161 2968 sanum
1192 2916 1349 2983 sapit.
1388 2916 1523 2983 Quia
1560 2918 1613 2971 in
1655 2918 1766 2986 ipso
1796 2919 2051 2972 inhabitat

466 3004 634 3057 omnis
675 3004 938 3073 plenitudo
981 3006 1276 3060 divinitatis.
1322 3008 1507 3062 Omnis
1550 3011 1829 3077 plenitudo
1855 3011 2052 3065 divinas

466 3095 684 3149 virtutis
708 3096 759 3149 in
784 3111 1011 3166 corpore
1036 3098 1151 3166 ejus
1178 3099 1456 3155 inhabitat.
1484 3099 1917 3169 Corporaliter,et
1932 3105 2051 3157 estis

2157 1892 2430 1957 Calendas,
2455 1893 2569 1947 sive
2601 1893 2722 1947 luna
2753 1908 2914 1948 nova.
2948 1893 3049 1946 Aut
3078 1893 3375 1959 neomeniac,
3407 1902 3498 1946 aut
3516 1893 3758 1947 sabbato-

2157 2002 2294 2041 rum.
2325 1986 2621 2043 Neomenia
2650 2002 2802 2041 nova:
2826 1987 2971 2051 vitze,
3002 1986 3085 2041 vel
3113 1984 3365 2042 secunda:
3396 1987 3631 2054 ligurem
3662 1986 3754 2039 ba-

2158 2074 2296 2141 huit,
2327 2076 2608 2131 sabbatum
2636 2076 2874 2146 requiem
2896 2076 3021 2132 vita:
3052 2076 3266 2131 futuras.
3310 2078 3445 2142 Qua:
3487 2088 3609 2132 sunt
3637 2095 3751 2130 um-

2159 2166 2250 2221 bra
2276 2172 2589 2237 futurorum.
2622 2167 2821 2223 Umbra
2851 2167 2985 2236 legis
3013 2174 3152 2232 erat,
3180 2182 3377 2238 corpus
3400 2177 3486 2222 est
3520 2166 3744 2223 Christi.

2158 2257 2359 2326 Corpus
2382 2268 2556 2312 autem
2585 2257 2794 2311 Christi.
2828 2257 3025 2312 Futura
3067 2265 3241 2322 erant,
3272 2273 3393 2327 qua:
3422 2256 3588 2312 modo
3620 2272 3751 2326 pre-

2157 2352 2328 2406 sentia
2363 2362 2508 2406 sunt.
2542 2349 2712 2405 Nemo
2740 2366 2827 2404 vos
2852 2353 3061 2404 seducat
3100 2350 3272 2404 volens
3298 2350 3352 2403 in
3387 2349 3677 2403 humilitate
3703 2356 3748 2402 et

2160 2445 2413 2513 religione
2437 2445 2739 2513 angelorum
2767 2460 2878 2513 qua:
2902 2460 3004 2496 non
3051 2443 3197 2510 vidit,
3241 2442 3515 2497 ambulans
3557 2443 3747 2511 frustra

2156 2537 2369 2605 inﬂatus
2398 2554 2548 2591 sensu
2591 2536 2762 2590 carnis
2791 2551 2916 2591 suta.
2948 2536 3120 2590 Nemo
3164 2535 3287 2589 ﬂeta
3319 2535 3625 2590 humilitate
3659 2549 3745 2589 sn-

2157 2629 2374 2697 perbus,
2420 2630 2546 2698 quia
2592 2642 2653 2683 se
2693 2627 2913 2697 angelos
2953 2626 3135 2681 videre
3180 2624 3490 2690 mentiatur,
3525 2635 3582 2679 et
3621 2622 3739 2680 ideo

2155 2718 2354 2774 frustra
2402 2735 2461 2774 sc
2501 2734 2664 2789 super
2690 2718 2934 2774 homines
2959 2717 3151 2787 jactet,
3196 2716 3285 2787 qui
3312 2717 3550 2771 visiones
3578 2733 3611 2770 a
3644 2730 3741 2771 suo

2155 2810 2391 2881 loquitur
2434 2813 2620 2867 corde.
2669 2809 2738 2863 Et
2787 2826 2890 2864 non
2938 2820 3110 2864 tenens
3155 2819 3329 2880 caput.
3378 2808 3593 2865 Christo
3634 2824 3741 2863 non

2155 2905 2381 2958 credens
2423 2904 2584 2972 capiti
2637 2903 2877 2957 omnium
2932 2909 3265 2957 sanctorum.
3309 2900 3389 2955 Ea:
3428 2917 3526 2970 quo
3571 2909 3739 2953 totum

2156 3010 2364 3064 corpus.
2410 2993 2687 3050 Ecclesiae.
2713 2994 2817 3049 Per
2846 3010 3005 3050 nexus
3043 3003 3090 3048 et
3138 2995 3506 3066 conjunctiones
3529 2992 3729 3045 submi-

2155 3086 2445 3139 nistratum.
2489 3086 2625 3153 Quia
2676 3086 2934 3141 membris
2981 3101 3011 3141 a
3040 3087 3217 3157 capite
3259 3100 3420 3156 usque
3456 3084 3521 3138 ad
3564 3082 3733 3152 pedes

465 3192 519 3245 in
545 3191 653 3245 illo.
684 3190 1118 3248 Substantialiter
1141 3203 1195 3248 et
1223 3196 1456 3250 realiter.
1494 3195 1710 3264 llepleti,
1758 3198 1847 3266 qui
1873 3207 1947 3251 est
1974 3215 2050 3251 ca-

2157 3179 2393 3233 membra
2419 3179 2739 3249 junguntur.
2770 3180 3087 3247 Quicunque
3134 3194 3264 3251 ergo
3312 3187 3462 3233 extra
3492 3176 3594 3232 hoc
3619 3191 3741 3231 cor-

464 3294 557 3355 put
582 3286 746 3340 omnis
772 3286 1087 3356 principatus
1117 3297 1161 3341 et
1192 3291 1477 3357 potestatis.
1510 3289 1565 3345 Si
1598 3291 1742 3344 illius
1772 3290 2049 3345 scientiam

465 3379 752 3446 docemiui,
779 3382 867 3449 qui
892 3381 1038 3434 dedit
1066 3380 1270 3435 initium
1301 3382 1459 3435 ctiam
1489 3382 1739 3435 invisibili
1766 3392 2047 3449 creaturae,

465 3474 590 3542 quid
614 3473 765 3528 vobis
790 3473 1089 3541 conferunt,
1118 3475 1206 3543 qui
1235 3474 1364 3527 nihil
1393 3476 1511 3542 plus
1540 3475 1858 3542 intelligunt,
1887 3490 2047 3543 quam

462 3565 601 3633 quod
635 3565 851 3620 vident?
882 3563 946 3617 In
974 3582 1071 3635 quo
1107 3576 1154 3619 et
1178 3566 1467 3618 circumci~i
1496 3566 1636 3630 estis,
1668 3566 2051 3620 circumcisione

464 3676 565 3711 non
590 3674 745 3711 manu
774 3658 932 3726 facta.
977 3657 1070 3711 llic
1098 3658 1205 3724 jam
1237 3656 1449 3709 Judaeos
1483 3665 1537 3710 et
1575 3658 2049 3725 pseudoapustolos

463 3756 630 3811 taxat,
650 3762 717 3800 ne
737 3746 818 3798 vel
844 3748 911 3799 ab
934 3746 1061 3814 ipsis
1085 3746 1427 3800 seduezintur.
1454 3746 1517 3799 In
1545 3748 1910 3815 exspoliatione
1936 3766 2051 3803 cor-

462 3838 603 3907 poris
643 3836 833 3901 cornis,
876 3838 966 3890 sed
1006 3837 1059 3889 in
1099 3838 1481 3891 circumcisione
1519 3836 1646 3892 Jesu
1693 3838 1902 3893 Christi.
1948 3840 2049 3896 Per

464 3941 623 3995 quam
646 3943 740 3981 vos
771 3938 935 3981 totum
961 3938 1194 3983 veterem
1222 3930 1490 3982 hominem
1519 3932 1878 4000 exspoliastis.
1912 3932 2047 3985 Con-

462 4019 645 4089 scpulti
660 4018 723 4072 ei.
739 4019 1089 4073 Commortui.
1108 4015 1170 4071 In
1186 4019 1455 4087 baptismo.
1475 4020 1599 4075 Ilaec
1613 4030 1693 4074 est
1707 4021 2045 4076 circumcisio

462 4110 678 4166 Christi.
714 4110 779 4165 In
819 4128 919 4179 quo
964 4119 1011 4163 et
1052 4112 1406 4166 resurrexistis
1434 4128 1524 4182 per
1554 4115 1705 4179 ﬁdem
1737 4115 2046 4183 opeiationis

460 4202 580 4269 Dei,
611 4205 700 4276 qui
726 4205 987 4259 suscitavit
1028 4205 1175 4259 illum
1220 4223 1251 4258 a
1299 4207 1530 4260 mortuis.
1579 4210 1961 4263 llesurrexistis
1990 4209 2043 4264 in

462 4314 651 4353 novam
701 4300 886 4363 vitam,
932 4299 1215 4355 credentes
1258 4309 1311 4354 ct
1358 4301 1714 4367 intelligentes
1745 4301 1888 4355 illius
1925 4317 2044 4358 esse

459 4395 841 4460 operationem.
879 4391 943 4447 Et
972 4409 1059 4447 vos
1098 4410 1212 4447 cum
1256 4396 1447 4447 mortui
1480 4399 1654 4447 essetis
1688 4395 1739 4448 in
1770 4394 1967 4450 delictis
1995 4405 2043 4451 et

462 4486 713 4552 prtcputia
733 4486 899 4536 carnis
920 4495 1115 4537 vestrm.
1143 4486 1365 4550 Quando
1388 4501 1490 4538 non
1517 4487 1691 4540 solum
1718 4488 2040 4557 prmputiati,

2158 3285 2277 3339 pus,
2308 3271 2652 3339 quantumvis
2690 3285 2750 3326 se
2771 3270 2936 3340 jactet
2987 3286 3092 3326 nou
3135 3272 3289 3337 vivit,
3321 3272 3410 3341 qui
3446 3283 3606 3340 caput
3636 3284 3738 3325 non

2156 3360 2319 3415 habet
2346 3370 2400 3415 et
2428 3362 2611 3416 vitam.
2646 3361 2713 3415 Et
2742 3371 3083 3416 constructum
3122 3363 3303 3417 crescit
3332 3363 3385 3415 in
3414 3374 3739 3434 augmentum

2154 3451 2272 3507 Dei.
2308 3454 2363 3507 lu
2402 3464 2749 3525 augmentum
2796 3456 2941 3510 illius
2978 3458 3218 3526 corporis
3255 3458 3397 3527 quod
3427 3458 3637 3513 unitum
3660 3467 3737 3513 est

2156 3547 2286 3602 Deo.
2318 3547 2380 3601 Si
2418 3549 2609 3601 mortui
2652 3551 2771 3603 estis
2803 3566 2921 3603 cum
2952 3549 3155 3603 Christo
3197 3552 3258 3603 ab
3299 3552 3562 3605 elementis
3588 3551 3736 3622 hstsz

2156 3641 2352 3694 mundi.
2382 3641 2663 3696 Elemeuta
2691 3642 2848 3711 hujus
2874 3642 3057 3697 mundi
3091 3650 3316 3714 possunt
3338 3643 3550 3698 deliniri
3565 3631 3737 3699 'etiam

2151 3734 2372 3788 avaritia
2419 3744 2475 3788 et
2512 3736 2736 3790 ambitio
2785 3735 3071 3804 honorum,
3114 3745 3170 3791 et
3212 3746 3407 3791 ctetera
3449 3737 3738 3793 mundana.

2155 3828 2293 3894 Quid
2324 3829 2494 3883 adhuc
2519 3838 2762 3897 tanquam
2792 3831 3011 3884 viventes
3041 3830 3253 3884 mundo.
3286 3829 3394 3885 Nec
3430 3829 3742 3885 similitudio

2150 3936 2271 3975 nem
2305 3924 2596 3977 viventium
2629 3923 2683 3977 in
2715 3921 2914 3976 mundo
2945 3922 3114 3976 voluit
3145 3936 3243 3975 nos
3290 3921 3511 3975 habere.
3554 3921 3738 3975 Decer-

2148 4015 2308 4067 nitis?
2334 4013 2486 4068 Sicut
2513 4014 2589 4068 illi
2614 4015 2702 4084 qui
2738 4015 2914 4069 futura
2939 4030 3043 4068 non
3066 4014 3313 4069 credunt.
3348 4013 3428 4067 Ne
3448 4015 3735 4085 tetigerim,

2149 4123 2309 4175 neque
2338 4109 2686 4178 gustaveritis,
2720 4125 2879 4177 neque
2917 4109 3365 4163 contrectaveritis.
3407 4107 3631 4161 Illorum
3667 4118 3742 4161 ta-

2149 4207 2257 4263 ctu,
2291 4207 2347 4253 et
2374 4210 2553 4267 gustu,
2585 4201 3111 4263 etcontrectatione,
3142 4201 3234 4270 qui
3269 4201 3319 4254 in
3348 4202 3738 4267 concupiscen-

2151 4293 2237 4347 tiis
2262 4294 2575 4358 abutuntur,
2608 4305 2662 4348 et
2684 4293 3027 4364 diliguntpro
3054 4295 3293 4350 aeternis.
3322 4296 3451 4363 Qui:
3478 4305 3602 4348 sunt
3634 4312 3739 4349 ont-

2148 4388 2234 4440 nia
2265 4388 2317 4439 in
2348 4387 2612 4440 interitum
2643 4388 2752 4457 ipso
2796 4404 2913 4442 usu.
2941 4387 3023 4443 Ex
3063 4389 3302 4456 partibus
3333 4389 3512 4443 mundi
3543 4390 3733 4444 condi-

2149 4479 2348 4534 tionem
2391 4479 2509 4549 ejus
2551 4481 2791 4546 adverte,
2819 4480 2974 4549 cujus
3009 4481 3169 4536 etiam
3211 4482 3449 4536 membra
3491 4496 3744 4537 corrum-

462 4571 557 4625 sed
582 4580 636 4625 et
656 4573 953 4625 circumcisi
980 4577 1179 4640 pariter
1200 4578 1354 4629 morti
1379 4586 1593 4631 tatem-.1:
1614 4553 1777 4633 eratis
1800 4553 2041 4634 obnoxii.
2074 4553 2129 4614 D
2155 4582 2350 4639 Pam"?
2401 4587 2628 4629 necesse
2672 4583 2787 4637 εει.
2839 4581 2900 4626 ιιι
2938 4580 3080 4628 unus
3118 4575 3437 4645 quandoque
3471 4574 3737 4629 εοινέιιπο

461 4660 595 4717 Cum
620 4676 747 4731 ergo
769 4662 1052 4731 dupliciter
1070 4665 1266 4734 indigni
1288 4668 1496 4729 essetis,
1519 4668 1745 4723 ﬁliorum
1767 4672 1897 4723 estis
1919 4684 2047 4724 coo-

460 4761 634 4809 sortes
661 4753 857 4809 ell‘ecti.
883 4753 1258 4821 Conviviﬁcavit
1283 4772 1396 4809 cum
1427 4756 1535 4823 illo,
1560 4760 1757 4813 donans
1780 4761 1918 4815 vobis
1941 4778 2049 4813 om-

461 4845 549 4898 nia
577 4844 783 4913 delt'cta,
813 4847 984 4900 deletis
1015 4847 1151 4917 quod
1183 4849 1425 4903 adversus
1455 4867 1546 4903 nos
1577 4860 1707 4905 erat.
1740 4853 2045 4908 Auferendo

460 4949 650 4991 causas
663 4936 848 4991 mortis
861 4940 1084 5007 peccati.
1098 4938 1505 5012 Chirographum
1519 4946 1720 4998 decreti.
1742 4947 2043 5002 Evacuans.

462 5026 614 5093 Quod
633 5040 741 5082 erat
761 5030 1073 5083 contrarium
1095 5034 1260 5085 nobis.
1282 5032 1701 5103 Chirographutn
1724 5036 1940 5107 quidam
1962 5038 2045 5094 di-

461 5128 591 5176 cunt
619 5133 744 5176 esse
771 5122 923 5191 quasi
953 5123 1203 5192 scriptam
1225 5124 1456 5194 aliquam
1484 5128 1618 5195 apud
1645 5129 1808 5184 Deum
1843 5146 2046 5186 memo-

457 5214 593 5268 riam
630 5225 994 5282 peccatorum,
1028 5217 1165 5269 unde
1193 5217 1308 5281 ipse
1334 5218 1462 5273 dicit
1505 5222 1554 5273 in
1586 5219 1825 5287 Cantica,
1857 5222 2046 5279 Nonne

458 5304 574 5361 haec
600 5319 919 5377 congregata
949 5309 1085 5377 apud
1117 5325 1222 5374 tuo.
1266 5320 1318 5366 et
1344 5313 1547 5382 signata
1578 5325 1698 5368 sunt
1739 5315 1791 5369 in
1823 5315 2044 5371 thesau-

458 5396 535 5450 ris
564 5397 732 5452 meisl
777 5397 844 5451 Et
876 5398 927 5453 in
966 5396 1196 5453 Jeremia
1231 5417 1243 5453 :
1276 5400 1555 5457 Peccatum
1598 5404 1745 5459 Judac
1789 5408 2044 5475 scriptum

459 5496 544 5541 est
585 5490 637 5542 in
668 5503 843 5557 ungue
888 5488 1253 5545 adamantino.
1300 5491 1424 5548 llmc
1455 5509 1581 5563 ergo
1624 5492 1805 5550 deleta
1836 5509 1959 5552 sunt
1990 5500 2041 5555 in

458 5593 641 5643 cruce,
691 5582 817 5664 du’m
863 5582 1179 5640 dimittenda
1227 5598 1465 5656 peccata,
1517 5592 1676 5645 etiam
1729 5596 2041 5649 memoriam

460 5667 640 5722 abolet
675 5670 1016 5727 delictorum.
1052 5674 1297 5731 Christus
1327 5692 1426 5731 nos
1454 5679 1685 5735 redemit
1723 5682 1790 5736 de
1821 5684 2043 5740 maledi-

460 5770 549 5818 cto
576 5762 726 5833 legis,
757 5763 929 5822 lactus
959 5782 1053 5849 pro
1075 5771 1228 5826 nobis
1254 5770 1619 5833 maledictum.
1662 5774 1927 5859 Scriptum
1957 5788 2042 5845 est

2151 4662 2261 4717 Nec
2286 4664 2386 4717 coli
2435 4677 2565 4732 ergo
2610 4663 2876 4719 elementa
2921 4665 3061 4732 ejus,
3112 4674 3169 4719 ut
3215 4666 3483 4730 mortalia,
3510 4664 3741 4730 debent,

2156 4768 2256 4807 nec
2295 4752 2442 4822 diligi
2472 4769 2569 4823 pro
2593 4754 2836 4809 aeternis.
2866 4754 3169 4811 Secundum
3192 4767 3443 4829 pracepta
3469 4766 3513 4810 et
3546 4758 3742 4813 doctri-

2150 4861 2272 4899 nam
2307 4845 2589 4911 hominum,
2637 4864 2751 4916 qute
2802 4858 2920 4902 sunt
2955 4850 3211 4903 rationem
3256 4851 3460 4921 quidem
3496 4851 3741 4906 habenis:

2150 4939 2415 5007 sapientia:
2440 4940 2491 4991 in
2518 4940 2877 5010 superstitione
2902 4950 2949 4995 et
2982 4942 3291 5009 humilitate,
3319 4952 3366 4997 et
3395 4959 3495 4997 non
3518 4945 3598 4995 ad
3623 4961 3745 5014 par-

2153 5029 2371 5082 cendum
2402 5031 2625 5101 corpori,
2657 5047 2759 5084 non
2788 5031 2843 5085 in
2888 5034 3078 5087 honore
3106 5034 3279 5102 aliquo
3305 5033 3372 5086 ad
3414 5035 3742 5089 saturitatem

2151 5121 2339 5176 carnis.
2387 5121 2565 5191 Aliqui
2606 5122 2685 5177 sic
2714 5124 3004 5192 accipiunt,
3031 5133 3217 5178 contra
3248 5139 3343 5180 eos
3385 5124 3488 5179 dici
3528 5127 3627 5194 qui
3674 5141 3744 5183 ex

2149 5211 2353 5267 Judzcis
2369 5213 2735 5281 crediderunt,
2761 5223 2817 5269 et
2837 5215 3087 5270 dicebant
3106 5215 3237 5286 legis
3260 5216 3617 5271 caremonias
3639 5218 3738 5271 ob-

2149 5313 2354 5366 servari
2407 5313 2627 5382 debere,
2676 5314 2798 5371 ideo
2846 5326 2899 5372 et
2926 5316 3196 5373 doctrinas
3237 5317 3511 5375 hominum
3553 5329 3738 5384 vocat,

2151 5407 2275 5475 quia
2332 5417 2599 5476 przecepta
2644 5409 2934 5464 carnaliter
2986 5411 3310 5481 intelligant,
3359 5412 3618 5479 dicentes,
3686 5414 3743 5467 in

2150 5498 2267 5567 lege
2297 5500 2564 5566 prohibita
2588 5516 2694 5556 non
2727 5501 2927 5558 debere
2954 5503 3265 5559 manducari
3288 5521 3304 5570 ;
3328 5504 3425 5561 sed
3451 5519 3643 5560 omnes
3676 5504 3743 5560 il-

2148 5592 2213 5647 lze
2250 5594 2682 5663 observationes,
2741 5598 2867 5655 licet
2897 5598 3129 5669 aliquam
3159 5600 3478 5670 sapientiam
3522 5612 3637 5668 pra
3679 5612 3741 5655 se

2144 5692 2287 5748 ferre
2328 5694 2610 5751 videantur
2646 5699 2764 5768 lege
2810 5709 3097 5770 praecepta,
3146 5709 3324 5758 tamen
3372 5701 3426 5757 in
3474 5700 3738 5770 supersti-

2144 5784 2289 5847 tione
2316 5797 2439 5855 sunt
2462 5787 2516 5851 iu
2544 5789 2725 5877 aliquo
2749 5792 2953 5856 honore
2976 5794 3095 5871 Dei,
3118 5795 3240 5873 quia
3262 5803 3388 5858 sunt
3411 5792 3479 5855 ad
3509 5793 3738 5867 explens
