3982 6352
248 342 350 400 657

1030 334 1097 389 IN
1139 335 1522 394 EPISTOLAM
1570 336 1664 393 AD
1700 338 2181 403 COLOSSENSES
2217 347 2730 416 COMMENTARIA.

3407 370 3508 428 658

247 448 375 560 (Limn
424 447 757 560 Nimium.“
801 448 1166 560 ib'ﬁ'fl'mi“
1210 453 1461 560 θ³ῙΠ²¹ἰ⁸⁶
1508 454 1638 560 A_lii_
1666 462 1833 508 ""“m
1859 456 1912 515 Α
1941 459 2188 560 ξίιῒξῖιθτί.
2227 465 2325 521 Ubi
2350 487 2451 525 non
2498 484 2570 528 est
2602 479 2860 534 masculus
2904 491 2953 537 et
2979 485 3193 554 femina,
3236 492 3437 560 gentilis
3465 507 3509 547 et

251 541 353 596 hoc
384 543 677 613 capitulum
708 542 783 597 ita
811 542 1135 613 intelligunt,
1166 553 1226 601 ut
1253 546 1458 613 dicant,
1480 547 1565 625 ab
1593 548 1830 603 elemen-

247 645 423 689 torum
460 649 559 689 nos
598 634 897 691 rationibus
924 637 1163 692 voluisse
1199 640 1519 708 Apostolum
1547 654 1826 707 revocare,

245 725 311 780 ad
343 740 475 795 quas
496 740 527 780 a
552 726 884 799 philosophis
911 729 1295 798 suadebantur,
1319 732 1563 800 quamvis
1592 732 1827 786 rationa-

242 819 374 875 bilia
401 820 706 887 videantur,
752 837 819 877 ne
865 838 960 892 per
998 823 1133 879 bona
1175 839 1361 880 eorum
1403 810 1721 880 inducamur
1759 824 1827 881 ad

242 916 406 971 mala.
451 916 621 971 Etiam
660 918 929 984 homines,
975 926 1164 973 natura
1207 918 1455 985 docente,
1494 920 1828 975 tradiderunt

241 1010 384 1079 quod
429 1010 659 1066 mundus
708 1020 852 1068 esset
900 1015 1219 1084 quandoque
1248 1014 1555 1079 solvendus,
1602 1022 1657 1068 et
1702 1014 1825 1071 ideo

240 1118 408 1158 unum
453 1103 645 1169 Deum,
688 1120 846 1175 quem
899 1106 1070 1160 selum
1112 1114 1374 1160 aeternum
1421 1104 1822 1172 intellexerant,

241 1196 367 1252 licet
392 1198 789 1266 superstitiose,
823 1205 1000 1252 tamen
1032 1198 1304 1253 humiliter
1329 1197 1579 1271 venerati
1599 1205 1746 1262 sunt,
1769 1203 1828 1252 et

243 1304 350 1344 non
380 1288 703 1360 parcendum
736 1288 989 1344 dixerunt
1011 1290 1250 1356 corpori,
1296 1303 1395 1344 nec
1430 1304 1646 1343 carnem
1679 1296 1825 1344 satu-

239 1383 396 1438 ritate
416 1384 765 1449 ouerandam,
798 1386 938 1454 quod
963 1392 1109 1440 esset
1139 1392 1195 1439 et
1223 1383 1337 1453 ipsa
1361 1385 1640 1438 moritura.

307 1477 439 1534 CAP.
477 1494 557 1533 lli.
587 1478 756 1549 Igitur
782 1479 827 1532 si
855 1478 1249 1532 consurrexistis
1279 1492 1396 1531 cum
1426 1476 1645 1531 Christo.
1677 1475 1821 1531 Con-

238 1578 528 1639 sequenter
556 1572 728 1639 primo
757 1579 1146 1637 cenlmortnos,
1177 1568 1378 1624 deinde
1406 1569 1702 1623 surrexisse
1724 1584 1822 1625 nos

238 1662 392 1728 dicit,
428 1677 527 1718 nec
556 1663 727 1716 solum
764 1670 921 1716 terra:
950 1663 1109 1727 mori,
1149 1661 1243 1716 sed
1266 1662 1425 1716 etiam
1454 1662 1591 1715 caalo
1622 1676 1717 1716 nos
1748 1661 1817 1715 vi-

236 1769 364 1810 vere
393 1756 658 1810 hortatur.
695 1754 822 1820 Qua:
840 1772 1044 1809 sursum
1067 1764 1184 1809 sunt
1214 1756 1447 1825 quierite,
1479 1755 1565 1808 ubi
1588 1754 1819 1809 Christus

1930 544 2169 655 Jludteus,
2200 558 2520 618 circumcisio
2546 576 2595 619 et
2638 544 3262 642 prteputium,'Barbaru;
3304 592 3351 635 et
3382 585 3507 655 Scy-

1931 644 2039 745 tha,
2068 665 2240 745 seruus
2278 665 2335 731 et
2355 657 2501 712 liber.
2529 664 2683 729 Apud
2713 665 2877 722 Deum
2909 686 3012 726 non
3044 674 3301 742 praedicat
3328 644 3508 745 sexus,

1929 737 2014 791 vel
2042 742 2294 812 conditio,
2328 749 2409 804 vel
2439 766 2626 823 genus,
2670 771 2731 811 ac
2760 756 3056 831 provincia,
3099 768 3342 822 sed‘sola
3375 784 3508 824 cnn-

1929 831 2162 921 versatio
2211 849 2328 891 cum
2376 841 2481 921 ﬁde
2533 856 2674 899 recta
2726 852 3043 919 requiretur.
3101 857 3207 910 Sed
3247 856 3417 912 omnia
3456 864 3509 914 in

1932 920 2162 1019 inanibus
2188 920 2440 982 Christus.
2492 930 2692 990 Omnes
2722 941 3021 1012 quicunque
3062 945 3312 1016 baptizati
3351 950 3504 1019 estis,

1927 1006 2194 1105 Christum
2231 1016 2494 1077 iuduistis.
2532 1006 2851 1086 lnduiteivos
2878 1006 3021 1105 ergo,
3049 1006 3179 1091 sicut
3208 1043 3353 1094 electi
3389 1006 3502 1096 Dei:

1928 1101 2023 1198 Illa
2051 1106 2399 1179 deponentes,
2433 1115 2546 1171 hinc
2576 1119 2795 1178 induite.
2821 1101 3004 1181 Sancti
3031 1140 3079 1183 et
3104 1130 3295 1198 dilecti,
3313 1136 3505 1191 viscera
3559 1162 3564 1167 '

1927 1196 2306 1271 misericordia',
2351 1205 2731 1280 benignitatem,
2782 1216 3143 1287 humilitatem,
3184 1214 3536 1293 modestiam.

1926 1291 2247 1357 patientiam.
2282 1299 2413 1363 Quia
2454 1302 2565 1356 illa‘
2592 1308 2831 1363 membra
2870 1311 3097 1382 dixerat,
3129 1316 3247 1371 ideo
3276 1317 3390 1373 hinc
3425 1291 3504 1374 vi-

1924 1393 2077 1476 scera
2134 1386 2444 1449 nominavit.
2507 1392 2879 1464 Supportantes
2941 1402 3174 1458 invicem.
3235 1390 3501 1476 Exemplo

1926 1471 2121 1565 Christi
2144 1479 2233 1545 qui
2265 1478 2600 1539 inﬁrmitates
2632 1498 2843 1542 nostras
2873 1494 3119 1557 portavit,
3150 1501 3254 1548 tam
3283 1471 3500 1565 spirita-

1926 1563 2004 1617 les
2030 1582 2187 1635 qnam
2227 1571 2384 1625 etiam
2430 1577 2757 1643 corporales.
2806 1578 2872 1634 Et
2897 1583 3140 1636 donantes
3187 1563 3324 1640 vobis
3350 1589 3499 1653 ipsis.

1926 1654 2267 1727 lndulgentes
2293 1663 2630 1728 alterutrum,
2680 1670 2820 1723 sicut
2861 1675 3108 1729 omnibus
3133 1675 3374 1731 Christus
3418 1680 3501 1732 in-

1923 1745 2107 1815 dulsit,
2150 1751 2308 1807 etiam
2335 1760 2781 1821 persecutoribus
2826 1763 2954 1816 suis.
3007 1766 3067 1820 Si
3095 1769 3205 1834 quis
3234 1759 3498 1826 adversus

206 1856 309 1919 est
354 1848 407 1900 in
438 1848 648 1902 dextera
696 1848 791 1901 Dei
832 1848 1033 1902 sedens.
1070 1848 1196 1914 Qua:
1222 1863 1427 1902 sursum
1470 1855 1589 1900 sunt
1631 1846 1814 1916 sapite,

1924 1839 2145 1910 aliquem
2190 1843 2339 1898 habet
2384 1850 2656 1914 querelam.
2688 1850 2861 1907 Nolite
2905 1830 3119 1927 exigere
3152 1860 3313 1925 parva
3363 1875 3497 1915 enn-

236 1953 340 1991 non
366 1955 482 2007 qua:
520 1955 683 2007 supra
713 1948 921 1991 terram.
956 1938 1100 1993 Nihil
1136 1945 1404 1993 terrenum
1438 1937 1708 2002 ambiatis,
1739 1937 1820 1991 ni-

202 2012 311 2081 hil
357 2029 584 2083 mortale
624 2030 906 2099 quteratis,
956 2030 1233 2085 caelestem
1275 2029 1556 2084 sectamini
1606 2030 1821 2098 sapien-

206 2108 207 2111 “
237 2112 389 2181 tiam,
414 2135 519 2175 non
551 2129 845 2176 terrenam.
886 2121 1083 2177 Μοτιαί
1108 2124 1241 2177 enim
1282 2125 1424 2189 estis,
1454 2132 1501 2177 et
1528 2124 1627 2177 rita
1655 2136 1819 2178 vestra

234 2207 535 2264 abscondita
563 2224 636 2265 est
664 2229 779 2267 cum
809 2211 1010 2267 Christo
1033 2218 1085 2266 in
1114 2212 1244 2267 Deo.
1274 2213 1464 2267 Mortui
1495 2215 1629 2269 estis
1658 2222 1820 2268 terre-

232 2315 319 2355 nte
344 2305 491 2366 vitae,
528 2320 621 2372 per
656 2308 1120 2361 conversationem
1161 2307 1399 2362 cmlestis
1431 2308 1639 2374 patriae.
1690 2306 1817 2360 Cum

229 2390 370 2444 enim
409 2389 640 2448 Christus
681 2398 975 2465 apparuerit
1021 2398 1124 2450 vita
1168 2405 1354 2451 uestra.
1402 2398 1537 2461 Quia
1582 2397 1678 2451 ﬁlii
1719 2397 1813 2452 Dei

230 2494 351 2536 cum
377 2483 568 2551 simus,
604 2487 839 2542 nondum
872 2490 1123 2559 apparuit
1150 2490 1279 2560 quid
1315 2492 1546 2557 erimus;
1588 2490 1681 2546 sed
1711 2490 1813 2546 hoc

233 2574 405 2629 solum
453 2577 675 2645 Scimus,
718 2582 837 2651 quia
871 2597 990 2637 cum
1030 2585 1361 2654 apparuerit,
1398 2585 1607 2641 similes
1627 2586 1676 2640 ei
1706 2586 1814 2640 eri-

230 2679 370 2720 mus.
413 2666 560 2722 Tunc
582 2680 633 2723 et
662 2688 746 2726 vos
777 2674 1087 2743 apparebitis
1129 2691 1244 2728 cum
1278 2675 1390 2742 ipso
1414 2676 1467 2728 in
1491 2674 1677 2745 gloria.
1708 2676 1815 2729 No-

231 2755 327 2810 lite
354 2770 480 2825 ergo
504 2759 662 2814 modo
697 2761 782 2817 hic
810 2776 1052 2832 quaerere
1083 2764 1307 2831 gloriam
1335 2774 1593 2844 vestram.
1623 2764 1812 2819 Morti-

1922 1933 2115 1999 servis,
2153 1950 2220 1989 ne
2246 1935 2445 1992 indulta
2472 1940 2727 1997 reddatis.
2763 1943 2909 1997 Sicut
2940 1956 2986 1999 et
3016 1946 3263 2003 Dominus
3292 1951 3501 2006 donavit

1920 2025 2080 2093 vobis,
2114 2027 2183 2078 ita
2206 2037 2251 2080 et
2275 2045 2378 2082 vos.
2424 2030 2521 2085 llic
2551 2034 2769 2101 exponit
2799 2039 3066 2103 quomodo
3099 2041 3372 2110 indulgere
3400 2044 3499 2098 de-

1922 2114 2109 2170 bemus
2140 2118 2476 2187 alterutrum,
2525 2122 2569 2175 si
2615 2122 2707 2178 ille
2754 2125 2997 2188 indulsit,
3034 2127 3121 2196 qui
3170 2132 3341 2198 potuit
3370 2133 3499 2185 vin-

1919 2205 2128 2272 dicare;
2188 2219 2386 2277 quanto
2442 2213 2610 2280 magis
2662 2229 2788 2282 vos,
2834 2232 3058 2284 quorum
3116 2221 3350 2277 vindicta
3407 2235 3499 2281 aut

1898 2312 2101 2364 parva,
2131 2308 2219 2352 aut
2246 2302 2387 2354 nulla
2414 2304 2524 2355 est!
2562 2303 2730 2371 Super
2756 2310 2928 2360 omnia
2950 2317 3119 2363 autem
3147 2313 3255 2366 ha'c
3274 2313 3499 2370 charito-

1919 2396 2019 2442 tem
2047 2390 2243 2445 habete.
2276 2392 2448 2461 Super
2478 2395 2591 2450 haec
2620 2399 2796 2452 omnia
2827 2409 2908 2454 est
2945 2398 3199 2471 cliarita's,
3226 2408 3345 2476 quia
3376 2423 3496 2464 om-

1917 2496 2037 2535 nem
2064 2498 2220 2551 quem
2250 2485 2538 2555 diligimns,
2572 2491 2916 2557 sustinemus,
2951 2509 3057 2549 non
3090 2512 3301 2552 omnem
3333 2515 3498 2569 quem

1915 2575 2243 2630 sustinemus
2286 2576 2578 2648 diligimus.
2626 2583 2727 2635 Sed
2762 2598 2951 2639 omnes
2994 2587 3254 2643 debemus
3280 2601 3500 2660 propter

1918 2664 2083 2718 Dcum
2114 2667 2351 2737 diligere.
2411 2669 2561 2735 Quod
2591 2684 2663 2726 est
2690 2674 2944 2728 uinculum
2981 2679 3325 2746 perfectionis.
3354 2682 3494 2737 Cha-

1914 2755 2045 2808 ritas
2079 2758 2243 2811 multa
2274 2760 2510 2815 membra
2547 2764 2596 2815 in
2629 2778 2789 2818 unum
2819 2770 3148 2837 conglutinat
3176 2787 3390 2841 corpus.
3422 2772 3495 2830 Et

228 2851 387 2919 βεαιε
411 2868 552 2923 ergo,
586 2854 808 2931 ιιηριειθ
841 2856 1230 2925 professionem
1279 2840 1534 2913 vestram,
1578 2856 1812 2913 Membra
1906 2836 2017 2919 pax
2056 2848 2269 2905 Christi.
2298 2850 2517 2917 Christi,
2564 2869 2666 2908 non
2698 2858 2902 2920 saeculi,
2938 2836 3088 2928 quod
3118 2836 3291 2917 solum
3322 2865 3495 2936 diligit
3528 2887 3537 2891 '

226 2954 419 3010 vestra,
439 2962 556 3015 qua:
581 2957 699 3001 sunt
725 2965 878 3018 super
899 2957 1101 3003 terram.
1125 2949 1359 3005 Membra
1389 2950 1664 3019 vitiorum,
1691 2965 1811 3021 qua:

212 3050 413 3105 nostra
456 3052 604 3109 sunt,
641 3044 766 3113 quia
811 3058 878 3098 ex
906 3044 1060 3099 nobis
1103 3054 1226 3100 sunt
1256 3063 1269 3098 :
1302 3047 1416 3101 sive
1448 3046 1809 3101 membrorum

227 3131 431 3187 malum
460 3147 616 3188 usum
674 3135 840 3204 (sicut
868 3136 1029 3206 solet)
1062 3137 1303 3200 nominat
1331 3138 1591 3211 membra.
1624 3136 1809 3192 Forni-

1911 2938 2213 3011 diligentes.
2246 2942 2482 2999 Emsultet
2511 2945 2565 2999 in
2589 2948 2825 3002 cordibus
2864 2950 3064 3018 uestris,
3091 2953 3144 3006 in
3184 2972 3285 3026 qua
3322 2972 3369 3009 et
3398 2958 3492 3012 vo-

1910 3036 2011 3088 cati
2049 3037 2166 3091 estis
2209 3036 2261 3089 in
2290 3053 2392 3091 uno
2426 3054 2658 3106 corpore.
2708 3040 2823 3097 Non
2855 3043 2909 3097 in
2944 3042 3079 3101 facie
3106 3047 3249 3113 ﬁcta,
3301 3059 3356 3103 et
3400 3065 3490 3105 se-

1909 3140 2063 3191 rena,
2094 3126 2178 3181 vel
2208 3140 2302 3181 ore
2338 3127 2546 3183 doloso.
2577 3128 2640 3182 Et
2670 3133 2806 3198 grati
2843 3144 3019 3189 estote.
3051 3135 3163 3189 Hoc
3191 3148 3296 3201 est,
3324 3139 3493 3195 nolite

214 3224 511 3293 tationem,
553 3227 964 3298 immunditiam,
1011 3205 1298 3283 libidinem.
1343 3208 1532 3285 omnis
1574 3205 1878 3286 iuconti-c
1912 3216 2016 3284 Ieei
2057 3216 2365 3283 assimilari.
2391 3233 2509 3288 quae
2535 3220 2708 3275 vicem
2733 3221 2948 3286 reddit.
2983 3225 3077 3281 sed
3120 3216 3327 3296 gratiis;
3352 3232 3492 3299 'quaa

226 3318 436 3387 nentia,
470 3320 804 3376 immunditia
844 3322 947 3377 dici
977 3332 1172 3393 potest,
1206 3334 1364 3394 atque
1393 3325 1576 3380 libido.
1610 3323 1812 3380 Concu-

222 3412 525 3481 piscentiam
554 3415 765 3469 malam.
797 3414 892 3470 Est
918 3414 1062 3470 enim
1094 3424 1148 3470 et
1184 3415 1612 3486 concupiscentia
1647 3416 1807 3474 bona.

227 3500 386 3558 Unde
427 3512 481 3558 et
508 3504 693 3560 Daniel
722 3506 804 3560 vir
842 3505 1231 3560 desideriorum
1271 3517 1354 3561 est
1393 3507 1707 3577 appellatus.
1740 3507 1810 3561 Et

228 3594 524 3661 auaritiam,
569 3611 684 3664 qute
731 3605 804 3650 est
833 3596 1227 3663 simulacrorum
1271 3601 1505 3652 servitus.
1541 3597 1673 3652 Dum
1704 3598 1810 3654 illis

227 3688 465 3745 metallis
491 3689 558 3745 de
587 3690 781 3760 quibus
816 3691 948 3744 fiunt
987 3690 1270 3746 simulacra
1319 3690 1600 3757 servimus,
1631 3699 1685 3746 et
1716 3705 1812 3744 au-

226 3796 350 3837 rum
386 3795 483 3849 pro
528 3781 638 3835 Deo
681 3796 1015 3845 veneramur.
1064 3783 1187 3851 quia
1225 3783 1313 3851 qui
1361 3781 1460 3836 soli
1491 3781 1602 3835 Deo
1644 3781 1812 3836 servit

226 3874 415 3943 utique
438 3873 667 3945 elllgiem
712 3888 869 3928 unam
898 3874 1217 3929 inellabilem
1246 3881 1556 3930 veneratur.
1588 3871 1812 3943 Propter

226 3980 343 4035 qute
366 3974 497 4020 uenit
525 3967 602 4019 ira
634 3965 729 4020 Dei
748 3983 901 4035 super
928 3966 1065 4036 ﬁlios
1091 3968 1482 4023 incredulitatis.
1512 3970 1682 4038 Super
1710 3970 1811 4025 Soo

228 4055 447 4109 demam
477 4068 531 4110 et
557 4070 650 4110 eos
676 4058 762 4125 qui
790 4057 843 4111 in
869 4057 1066 4111 diluvio
1094 4060 1391 4129 perierunt.
1427 4060 1500 4113 Es
1528 4061 1812 4129 praeteritis

229 4159 359 4213 ergo
389 4147 559 4201 futura
589 4145 821 4202 timenda
863 4158 1008 4202 sunt.
1044 4148 1139 4203 Vel
1181 4163 1344 4218 super
1389 4163 1486 4204 eos
1517 4149 1603 4218 qui
1634 4149 1812 4204 incre-

229 4237 342 4295 duli
381 4240 593 4296 luerunt
639 4241 689 4295 in
719 4241 951 4297 deserto.
1004 4241 1305 4298 Notandum
1344 4233 1528 4313 quales
1560 4242 1812 4299 fuerimus

226 4343 357 4389 ante
386 4335 607 4404 gratiam
637 4334 858 4390 Christi.
894 4333 959 4387 In
989 4336 1172 4405 quibus
1200 4345 1249 4387 et
1276 4351 1361 4387 vos
1391 4335 1693 4387 ambulastis
1715 4335 1811 4388 ali-

226 4425 455 4495 quando,
474 4441 585 4477 cum
602 4427 828 4478 viveretis
852 4426 904 4477 in
926 4424 1053 4477 illis.
1072 4424 1247 4479 Nolite
1265 4439 1405 4477 nunc
1424 4424 1718 4489 ambulare,
1742 4439 1810 4480 ne

228 4516 428 4571 lrustra
460 4515 743 4583 videamini
770 4516 1087 4570 credidisse.
1121 4515 1275 4569 Nunc
1300 4526 1471 4570 autem
1498 4516 1735 4588 deponite
1760 4527 1807 4572 et

230 4621 320 4659 eos
352 4606 544 4670 omnia,
572 4606 722 4671 iram,
754 4606 1172 4679 indignationem.
1202 4607 1330 4674 Qua:
1360 4608 1515 4664 nobis
1540 4608 1607 4663 de
1636 4608 1809 4664 Adam

228 4704 627 4761 remanserunt,
664 4696 715 4751 id
760 4708 839 4751 est
864 4700 990 4751 vitia
1022 4712 1141 4766 qua:
1170 4708 1485 4768 sequuntur.
1526 4698 1806 4755 Malitiam.

228 4785 430 4843 Malitia
459 4798 542 4844 est
569 4790 720 4844 alteri
750 4788 947 4844 inferre
974 4790 1114 4858 quod
1143 4790 1249 4857 pati
1290 4805 1394 4846 non
1423 4791 1525 4845 vis.
1557 4790 1811 4863 Blasphe-

228 4880 409 4934 iniam.
452 4880 545 4935 Dei
573 4881 655 4935 vel
702 4881 944 4950 imaginis
985 4882 1120 4951 ejus.
1158 4881 1378 4950 Tui-pem
1426 4900 1707 4939 sermonem
1745 4885 1811 4938 de

228 4990 318 5030 ere
355 4984 534 5028 restro.
570 4971 701 5037 Quia
732 4970 845 5026 haec
895 4972 1309 5042 indisciplinatio
1340 4990 1438 5031 nec
1470 4976 1588 5029 liliis
1631 4976 1808 5031 homi-

230 5082 355 5122 num
386 5064 634 5120 convenit
656 5062 935 5119 honestius
964 5064 1223 5130 ellucatis,
1255 5077 1453 5134 quanto
1482 5068 1650 5138 magis
1676 5068 1807 5124 Dei‘l

233 5158 412 5213 Nolite
433 5158 631 5212 mentiri
660 5157 892 5211 invicem.
921 5155 1034 5210 Non
1070 5165 1280 5221 oportet
1301 5159 1517 5212 mentiri
1551 5159 1692 5213 ﬁlios
1717 5174 1809 5216 ve-

227 5247 425 5314 ritatis,
455 5263 575 5302 cum
608 5249 940 5303 mendacium
970 5247 1037 5301 de
1077 5247 1289 5302 diabolo
1318 5249 1408 5303 sit.
1443 5250 1807 5320 Exspatiantes

228 5353 317 5393 uos
346 5347 554 5391 veterem
581 5340 833 5393 hominem
860 5355 974 5392 cum
999 5340 1194 5393 actibus
1224 5341 1352 5409 ejus.
1389 5340 1615 5397 Peccata
1640 5342 1806 5412 origi-

230 5431 389 5491 nalis,
422 5446 515 5485 seu
549 5429 956 5487 delectationem
986 5431 1181 5485 carnis.
1213 5430 1277 5484 Et
1302 5432 1567 5486 induentes
1598 5450 1804 5490 nouum.

228 5521 536 5587 Christum,
579 5531 634 5576 et
675 5524 899 5578 virtutes
942 5539 1059 5594 quae
1103 5524 1171 5578 ab
1201 5523 1315 5593 ipso
1361 5533 1503 5580 sunt.
1548 5522 1682 5578 Eum
1720 5526 1808 5595 qui

231 5624 496 5669 revocatur
540 5617 593 5669 in
639 5619 897 5689 agnitione
948 5622 1222 5672 secundum
1269 5619 1539 5689 imaginem
1582 5622 1692 5691 ejus
1721 5619 1807 5688 qui

230 5707 413 5759 creauit
442 5723 579 5760 eum.
610 5708 741 5763 Cum
772 5711 1085 5781 cngnoverit
1113 5709 1287 5779 qualis
1317 5710 1404 5772 sit,
1436 5710 1587 5779 cujus
1629 5716 1807 5778 imago

235 5803 318 5851 est
345 5795 417 5863 ei,
446 5796 757 5868 inquantum
786 5810 977 5872 potest,
1009 5800 1167 5857 debet
1216 5800 1310 5858 uiti
1347 5799 1511 5876 ipsius
1540 5798 1805 5872 adjutorio

1914 3307 2143 3376 ignoscit
2188 3308 2347 3363 etiam
2377 3307 2628 3377 inimicis,
2658 3319 2729 3369 et
2760 3326 2855 3380 pro
2899 3303 3215 3383 eis'fexorat.
3266 3316 3492 3374 Verbum

1914 3394 2102 3451 Christi
2133 3396 2322 3451 habitet
2369 3398 2420 3451 in
2452 3398 2588 3453 vobis
2637 3401 2974 3459 abundanter.
3018 3403 3084 3458 Et
3118 3405 3202 3460 hic
3250 3410 3492 3464 ostendi-

1914 3498 2019 3557 tur,
2044 3489 2263 3544 verbum
2288 3489 2480 3545 Christi
2504 3508 2609 3548 non
2636 3494 2809 3549 solum
2838 3495 3185 3564 sufﬁcienter,
3210 3500 3305 3555 sed
3328 3503 3491 3557 etiam

1910 3583 2249 3657 abundanter
2277 3582 2475 3639 habere
2499 3584 2699 3640 debere
2742 3587 2902 3642 etiam
2943 3588 3128 3657 Iaicos,
3160 3603 3215 3647 et
3261 3594 3492 3652 invicem

1914 3675 2235 3749 semetipsos
2270 3687 2491 3743 monere
2520 3684 2575 3729 et
2612 3673 2828 3737 docere.
2864 3675 2929 3731 In
2959 3682 3098 3733 omni
3118 3682 3380 3750 sapientia
3402 3684 3494 3738 do"-

1912 3775 2099 3831 centes,
2144 3776 2192 3820 et
2230 3776 2602 3821 commonentcs
2645 3769 2995 3837 vosmetipsos.
3032 3769 3101 3824 Ut
3140 3774 3409 3841 sapienter
3438 3784 3497 3838 et

1913 3858 2302 3913 rationabiliter
2323 3858 2641 3928 proferatur.
2667 3858 2732 3913 In
2758 3860 3002 3917 Psalmis.
3028 3864 3215 3920 David.
3245 3866 3495 3946 Hymnis.

1913 3949 2094 4005 Trium
2120 3965 2427 4019 puerorum.
2453 3950 2696 4007 Canticis.
2722 3952 2888 4025 Moysi
2918 3965 2975 4010 et
3000 3959 3239 4015 Omnium
3263 3962 3498 4034 prophe-

1917 4051 2111 4095 tarum.
2148 4040 2502 4112 Spiritatibus.
2533 4044 2648 4100 Non
2688 4046 3194 4112 carnalibus,'m'ore
3222 4055 3494 4111 saeculari.

1914 4135 1981 4185 .ln
2009 4136 2179 4203 gratia
2207 4146 2487 4189 cantantes.
2535 4136 2816 4205 Nunquam
2857 4139 3081 4208 legimus
3134 4130 3340 4201 cantari
3377 4151 3497 4204 sine

1915 4238 2065 4278 voce.
2100 4222 2165 4277 In
2193 4227 2432 4279 cordibus
2459 4230 2634 4280 vestris
2666 4227 2794 4279 Dea.
2820 4227 2891 4282 Ut
2920 4246 3026 4284 non
3054 4226 3229 4295 solum
3258 4236 3375 4303 ore,
3398 4227 3495 4292 sed

1914 4315 2073 4368 etiam
2106 4314 2155 4367 in
2185 4315 2351 4368 corde
2379 4321 2622 4377 cantetis,
2658 4328 2715 4369 ut
2744 4332 2837 4370 cor
2863 4332 2986 4374 cum
3017 4337 3152 4376 voce
3183 4326 3493 4393 concordet,

1910 4406 1996 4459 vel
2028 4405 2334 4472 intelligetis
2359 4406 2498 4474 quod
2535 4408 2781 4461 cantatis.
2815 4410 2976 4466 Omne
2996 4413 3336 4485 quodcunque
3365 4417 3499 4484 faci-

1913 4502 1974 4553 tis
2006 4501 2057 4551 in
2088 4499 2258 4566 verbo,
2309 4508 2397 4553 aut
2440 4500 2492 4554 in
2522 4515 2694 4570 opere,
2725 4519 2898 4558 omnia
2942 4509 2998 4559 in
3040 4508 3245 4562 nomine
3282 4505 3503 4565 Domini

1913 4593 2058 4661 Jesu,
2088 4595 2285 4664 gratias
2303 4604 2506 4666 agentes
2536 4595 2643 4651 Deo
2670 4610 2714 4652 et
2745 4597 2894 4653 Patri
2924 4618 3013 4672 per
3035 4603 3223 4671 ipsum.
3252 4603 3376 4660 Sive
3396 4605 3502 4661 do-

1915 4688 2069 4752 cetis,
2098 4687 2214 4742 sive
2238 4690 2554 4755 operamini,
2593 4690 2720 4746 nihil
2747 4688 2811 4746 ad
2841 4704 3072 4750 vestram
3117 4698 3365 4767 gloriam,
3396 4702 3497 4757 sed

1915 4781 1979 4833 ad
2013 4781 2218 4837 Domini
2264 4780 2490 4850 faciatis,
2539 4784 2737 4853 gratias
2768 4788 2876 4841 Deo
2918 4789 3240 4863 referentes,
3281 4791 3370 4860 qui
3400 4793 3495 4857 Fi.

1915 4872 2044 4928 lium
2085 4888 2239 4927 suum
2280 4873 2347 4928 ad
2374 4873 2486 4929 haac
2517 4876 2819 4945 inspiran‘da
2846 4886 2901 4933 et
2946 4868 3185 4933 docenda
3216 4882 3491 4938 destinare

1914 4966 2159 5035 dignatus
2214 4973 2317 5022 est.
2369 4966 2641 5035 Mulieres,
2682 4971 2899 5024 subdita:
2928 4960 3101 5026 estote
3152 4973 3305 5037 uiris,
3338 4974 3491 5027 sicut

1914 5069 2110 5129 oportet
2154 5060 2207 5113 in
2240 5059 2484 5116 Domino.
2516 5060 2571 5116 In
2614 5061 2696 5116 his
2725 5079 2844 5131 quae
2891 5064 3214 5120 conveniunt
3242 5065 3493 5121 Domino.

1922 5149 2056 5215 Viri,
2083 5151 2279 5221 diligite
2308 5168 2488 5205 uxores
2511 5162 2715 5217 uestras,
2745 5163 2792 5207 et
2821 5152 2975 5207 nolite
2997 5155 3163 5208 amari
3190 5171 3296 5210 esse
3323 5156 3392 5209 ad
3421 5157 3494 5210 il-

1914 5242 2012 5295 las.
2062 5238 2216 5308 Filii,
2263 5241 2459 5297 obedite
2504 5228 2798 5309 parentibus
2853 5260 2943 5312 per
2972 5249 3163 5311 omnia,
3214 5248 3310 5300 hoc
3354 5249 3494 5303 cuius

1913 5334 2160 5403 placitum
2204 5345 2277 5390 est
2329 5337 2382 5390 in
2430 5336 2671 5390 Domino.
2710 5335 2988 5405 Nunquam
3035 5353 3147 5393 rem
3194 5338 3495 5395 naturalem

1916 5426 2239 5490 hortaretur,
2275 5428 2378 5483 nisi
2405 5430 2739 5483 continentes
2778 5442 2902 5482 θεῖε
2923 5429 3231 5497 coepissent,
3263 5433 3403 5483 s‘cut
3424 5430 3496 5485 ad

1912 5519 2173 5588 Ephesios
2220 5519 2432 5588 plenius
2478 5520 2787 5572 adnotatum
2839 5526 2943 5572 est.
2997 5516 3201 5583 Patres,
3236 5520 3388 5573 nolite
3425 5520 3497 5574 ae

1912 5611 2314 5682 indignationem
2361 5627 2635 5680 proiecere
2664 5610 2808 5679 filios
2831 5618 3061 5681 uestros,
3081 5622 3136 5665 ut
3179 5627 3278 5665 non
3307 5612 3499 5679 pusillo

1912 5706 2082 5757 animo
2110 5705 2261 5772 ﬁant.
2294 5703 2369 5757 Ne
2401 5702 2697 5770 exasperati
2746 5700 2983 5756 iracundi
3018 5702 3165 5769 ﬁant,
3192 5704 3283 5756 sed
3314 5713 3499 5757 vestro

1912 5798 2158 5871 exemplo
2192 5796 2410 5854 discant
2438 5811 2557 5855 esse
2590 5796 2873 5869 patientes.
2950 5797 3118 5873 Servi,
3170 5797 3366 5854 obruite
3401 5810 3500 5869 per

1712 5912 1731 5917 η,
1775 5892 1880 5918 n+—
1965 5905 1973 5915 ι
