3982 6352
500 479 602 532 ϋῖιθ

1579 470 1879 527 PRIMASH
1934 467 2381 525 ADRUMETANI
2420 466 2633 524 EPISC.

3661 464 3789 519 660

496 588 669 640 omnia
710 588 929 642 dominis
960 584 1271 640 carnalibus.
1318 582 1454 649 Quia
1481 582 1628 636 carni
1660 582 1919 643 serviunt,
1964 594 2068 634 non
2096 585 2146 643 Α
2178 594 2244 634 ue
2270 579 2491 634 stultitia
2521 589 2702 636 nostra
2732 579 2919 649 religio
2948 594 2977 635 a
3019 580 3349 651 philosophis
3381 590 3435 637 et
3466 581 3789 649 gentilibus

497 678 731 746 spiritui.
766 679 886 732 Non
930 678 1227 731 ad.oculum
1265 677 1553 740 servientes,
1598 674 1745 742 quasi
1783 672 2072 727 hominibus

496 769 770 837 placentes.
817 767 1039 835 Quando
1067 780 1164 821 vos
1192 766 1375 820 vident
1403 765 1628 818 domini.
1674 762 1779 818 Sed
1827 764 2074 830 simplici-

500 870 603 914 tate
644 862 831 926 cordis,
883 861 1108 913 timentes
1156 857 1339 912 Deum.
1397 857 1740 921 Quodcunque
1774 854 1964 923 facitis,
2013 870 2075 908 ea:

496 954 666 1005 animo
694 951 988 1022 operamini,
1029 952 1157 1005 sicut
1190 948 1318 1015 Deo,
1353 958 1400 1001 et
1428 964 1527 1001 non
1559 946 1868 1013 hominibus,
1913 950 2075 1000 scien-

499 1051 572 1096 tes
591 1043 725 1113 quod
745 1060 777 1095 a
802 1041 1024 1097 Domino
1052 1043 1313 1111 accipietis
1333 1040 1715 1097 retributionem
1738 1040 2069 1095 htereditatis.

496 1134 596 1200 Qui
625 1134 818 1203 ubique
846 1150 1061 1205 semper
1084 1135 1252 1201 videt,
1295 1144 1350 1189 et
1394 1134 1509 1188 odit
1548 1148 1709 1189 omne
1738 1134 2071 1203 figmentum.

502 1221 629 1275 Nam
660 1221 924 1278 humanus
974 1225 1160 1279 oculus
1190 1223 1299 1279 falli
1334 1232 1527 1292 potest,
1561 1235 1612 1279 et
1644 1225 1763 1279 ideo
1793 1225 1870 1279 sic
1908 1225 2070 1293 agite,

501 1320 553 1365 at
580 1313 905 1369 conditionis
953 1317 1349 1385 necessitatem,
1385 1317 1708 1372 voluntatem
1738 1318 1942 1372 faciatis
1988 1331 2076 1371 re-

500 1403 728 1473 dgionis,
777 1416 832 1460 ut
882 1420 977 1475 per
1004 1415 1183 1461 vestra
1234 1422 1397 1475 opera
1441 1408 1579 1463 bona
1625 1410 1851 1462 Domino
1892 1408 2077 1478 gratiae

500 1493 820 1562 referantur,
853 1512 975 1552 cum
1007 1511 1101 1552 vos
1132 1513 1318 1553 omnes
1344 1498 1573 1553 viderint
1595 1514 1661 1553 ex
1700 1498 2078 1553 Christianita-

500 1588 566 1643 tis
593 1597 837 1659 tempore
887 1590 1203 1659 proiecisse.
1235 1591 1455 1646 Domino
1496 1590 1695 1647 Christo
1738 1594 1939 1646 servile.
1970 1592 2077 1661 lpsi

501 1682 643 1736 enim
675 1683 866 1747 servit,
907 1684 1000 1752 qui
1041 1694 1258 1753 propter
1288 1685 1461 1754 ipsum
1510 1685 1714 1739 homini
1754 1686 1938 1741 servit.
1976 1687 2078 1755 Qui

502 1774 636 1826 enim
675 1774 920 1845 injuriam
959 1776 1110 1845 facit,
1156 1778 1361 1846 recipiet
1398 1777 1453 1830 id
1492 1778 1628 1846 quod
1669 1778 1844 1849 inique
1881 1778 2074 1848 gessit,

476 1872 545 1921 .et
573 1881 677 1920 non
703 1875 775 1921 est
798 1884 1133 1937 personarum
1172 1872 1395 1939 acceptio
1424 1872 1565 1941 apud
1594 1870 1779 1925 Deum.
1809 1870 1932 1926 Sive
1965 1886 2079 1928 ser-

2174 671 2488 726 aestitnctur.
2530 670 2595 725 Ut
2620 673 2795 725 sciatis
2825 676 3077 739 quomodo
3106 690 3191 726 vos
3220 683 3454 743 oporteat
3484 674 3789 741 unicuique

2172 765 2499 833 respondere.
2534 766 2683 821 Sicut
2711 775 2766 820 et
2796 765 3007 819 Petrus.
3039 765 3216 820 Parati
3243 776 3414 821 estote
3445 780 3671 836 semper
3703 766 3785 821 ad

2174 858 2615 924 satisfactionem,
2650 858 2809 913 aliter
2854 860 3093 928 paganis,
3146 860 3299 914 aliter
3343 858 3572 925 Judzeis,
3609 859 3788 913 aliter

2174 950 2463 1018 hmreticis,
2518 952 2675 1006 aliter
2720 951 3075 1021 philosophis,
3136 951 3293 1005 aliter
3344 949 3668 1019 astrologis,
3720 960 3786 1004 et

2174 1042 2384 1096 caeteris
2429 1052 2509 1097 est
2543 1043 2997 1113 respondendum.
3033 1043 3161 1109 Quir
3196 1044 3336 1096 circa
3365 1058 3445 1096 me
3475 1051 3621 1103 sunt,
3656 1058 3787 1094 om-

2178 1134 2263 1186 nia
2295 1135 2434 1186 vobis
2473 1146 2593 1187 nota
2628 1136 2780 1203 faciet
2826 1134 3081 1205 Tychicus
3124 1135 3454 1188 cltarissimus
3484 1136 3673 1203 frater,
3731 1141 3787 1184 et

2178 1228 2345 1295 fidelis
2370 1230 2616 1295 minister,
2651 1238 2696 1282 et
2725 1245 2995 1282 conservus
3017 1230 3071 1282 in
3104 1227 3350 1281 Domino.
3382 1228 3625 1282 Securos
3646 1224 3785 1280 illos

2177 1322 2290 1376 vult
2321 1337 2441 1376 esse
2471 1322 2537 1376 de
2560 1337 2639 1386 se,
2682 1338 2749 1378 ne
2778 1325 2861 1377 vel
2894 1339 2923 1377 a
2965 1323 3175 1377 tristitia
3217 1331 3573 1391 occupentur.
3610 1320 3785 1387 Quem

2179 1412 2294 1465 misi
2319 1413 2386 1465 ad
2411 1429 2497 1466 vos
2527 1413 2595 1465 ad
2642 1411 2736 1466 hoc
2768 1414 2936 1482 ipsum
2983 1424 3038 1466 ut
3070 1421 3342 1484 cognoscat
3371 1427 3484 1481 quae
3516 1413 3656 1463 circa
3691 1428 3782 1464 tos

2179 1512 2317 1569 sunt,
2350 1514 2394 1557 et
2426 1504 2717 1557 consoletur
2746 1505 2902 1557 corda
2934 1514 3117 1572 vestra,
3150 1522 3262 1557 cum
3293 1502 3543 1565 Onesimo
3575 1504 3782 1557 charir

2180 1595 2330 1661 sima,
2364 1604 2413 1649 et
2436 1596 2581 1663 ﬁdeli
2606 1597 2784 1665 fratre,
2825 1597 2916 1667 qui
2952 1606 3022 1650 est
3051 1614 3113 1651 ex
3138 1598 3295 1664 vobis,
3336 1598 3426 1666 qui
3453 1597 3627 1650 omnia
3656 1613 3780 1666 qua:

2181 1686 2265 1739 hic
2299 1697 2524 1757 aguntur
2571 1698 2693 1741 nota
2731 1689 2925 1757 faciant
2974 1690 3133 1743 vobis.
3184 1690 3285 1744 Pro
3334 1689 3510 1743 nobis.
3565 1683 3780 1742 Salutat

2179 1792 2265 1829 vos
2292 1776 2617 1832 Aristarchus
2649 1780 2975 1851 concaptivus
2996 1797 3158 1845 meus,
3192 1789 3240 1833 et
3262 1776 3479 1833 Marcus
3509 1780 3781 1834 consobri-

2182 1885 2277 1922 nus
2304 1868 2556 1923 Barnabte
2585 1870 2647 1923 de
2686 1888 2786 1939 quo
2813 1874 3075 1943 accepistis
3106 1874 3371 1926 mandata.
3415 1872 3519 1938 Qui
3560 1888 3775 1927 mecum

502 1972 621 2023 vus,
666 1959 756 2027 qui
782 1958 1059 2015 dominum
1085 1963 1471 2033 contempserit
1502 1982 1513 2015 :
1545 1963 1658 2018 sive
1686 1964 1957 2033 dominus,
1989 1967 2080 2033 qui
2110 1960 2157 2021 B
2185 1970 2397 2017 tenetur
2420 1963 2474 2017 in
2507 1964 2752 2029 vinculis,
2776 1975 2867 2019 aut
2895 1968 3219 2036 compatitur
3238 1966 3369 2021 mihi
3390 1965 3673 2021 charitatis
3696 1967 3778 2021 af-

478 2062 713 2105 .servum
734 2050 914 2120 inique
940 2053 1266 2121 tractaverit,
1298 2065 1357 2109 ut
1383 2056 1713 2124 consoletur,
1736 2056 1912 2111 sciens
1937 2057 2076 2125 apud

499 2140 667 2196 Deum
696 2143 920 2198 multam
948 2159 1054 2199 non
1084 2160 1204 2203 esse
1241 2161 1391 2203 suam
1423 2148 1696 2217 injuriam.

569 2230 698 2287 CAP.
727 2249 799 2289 IV.
832 2235 1034 2291 Domini
1066 2241 1209 2307 quod
1241 2242 1441 2310 justum
1466 2250 1539 2295 est
1566 2249 1613 2295 et
1653 2256 1879 2310 aequum,
1921 2243 2077 2298 servis

476 2332 752 2391 .prtestate.
778 2325 965 2383 Patres
994 2343 1092 2383 vos
1116 2329 1313 2384 debent
1358 2332 1528 2401 magis
1554 2334 1758 2388 sentire
1797 2347 1955 2401 quam
1982 2334 2077 2388 do-

500 2414 861 2473 minos:unde
888 2420 1044 2489 vulgo
1072 2422 1483 2489 patresiamilias
1509 2423 1877 2491 appellamiui.
1902 2422 2079 2478 Scien-

498 2514 573 2560 tes
596 2510 839 2577 quoniam
865 2520 914 2564 et
941 2526 1031 2565 vos
1066 2511 1354 2567 Dominum.
1382 2514 1578 2570 habetis
1605 2516 1661 2569 in
1688 2516 1830 2571 caelo.
1856 2515 2074 2583 Qualem

498 2612 626 2671 ergo
655 2601 810 2657 vobis
838 2603 1121 2659 Dominum
1167 2621 1285 2663 esse
1334 2608 1514 2676 vultis,
1559 2610 1694 2666 tales
1734 2618 1905 2666 estote
1933 2612 2074 2665 circa

501 2705 788 2748 conservos
818 2696 991 2764 potius
1033 2712 1193 2768 quam
1235 2714 1443 2756 servos.
1489 2701 1723 2754 Orationi
1759 2702 1965 2771 instate,
1995 2703 2073 2755 vi-

501 2782 717 2850 gilantes
746 2786 799 2839 in
828 2803 907 2841 ea.
938 2788 1230 2862 Negligens
1257 2793 1423 2861 enim,
1452 2800 1506 2847 et
1533 2792 1831 2848 dormitans
1862 2794 2070 2863 petitio,

499 2886 603 2926 nec
629 2874 695 2929 ab
726 2874 939 2933 homine
974 2884 1171 2947 poterit
1194 2882 1393 2952 aliquid
1424 2884 1735 2953 impetrare.
1769 2883 1835 2937 In
1865 2886 2074 2955 gratia-

498 2978 616 3015 rum
640 2966 858 3033 actione,
891 2980 1091 3025 orantes
1135 2973 1308 3027 simul.
1355 2973 1460 3028 Pro
1490 2973 1737 3030 omnibus
1776 2990 1893 3045 qua?
1922 2977 2075 3034 vobis

492 3065 622 3115 sunt
650 3072 924 3128 concessa,
957 3063 1039 3117 vel
1088 3065 1249 3120 etiam
1280 3066 1332 3120 in
1362 3068 1623 3135 adversis,
1653 3083 1771 3138 quae
1816 3068 1931 3137 ipso
1960 3070 2074 3126 dis-

499 3158 756 3214 pensante
806 3153 1076 3209 eveniunt.
1115 3155 1233 3211 Non
1267 3159 1412 3213 enim
1452 3158 1657 3214 orando
1700 3168 1973 3229 peteretur
2007 3161 2074 3218 ab

493 3251 583 3307 eo,
614 3241 717 3295 nisi
745 3242 813 3298 ab
836 3244 952 3314 ipso
994 3247 1155 3302 tribui
1198 3250 1533 3320 crederetur,
1564 3262 1625 3308 ut
1666 3253 1865 3309 ostium
1894 3254 2073 3325 aperi-

2180 2052 2338 2109 fectu.
2370 2054 2428 2109 Si
2466 2058 2653 2110 venerit
2691 2058 2757 2109 ad
2792 2073 2899 2123 vos,
2939 2059 3157 2127 excipite
3187 2059 3351 2124 illum,
3394 2066 3445 2112 ct
3473 2056 3646 2122 Iesus,
3678 2059 3775 2125 qui

2179 2144 2365 2198 dicitur
2388 2148 2581 2215 justus.
2613 2146 2713 2211 Qui
2752 2156 2867 2200 sunt
2909 2164 2970 2201 ea:
2998 2149 3402 2201 circumcisione.
3452 2146 3584 2202 Haec
3614 2162 3769 2202 man-

2177 2233 2296 2288 data
2315 2234 2382 2287 ab
2404 2250 2469 2289 eo
2495 2245 2829 2305 acceperant.
2864 2237 2935 2291 Ili
2966 2239 3063 2292 soli
3083 2247 3201 2293 sunt
3229 2238 3492 2308 adjutores
3524 2240 3581 2291 in
3611 2255 3767 2309 regno

2177 2324 2295 2389 Dei,
2321 2328 2408 2392 qui
2431 2326 2560 2379 mihi
2590 2328 2798 2395 fuerunt
2829 2328 3033 2383 solatio.
3079 2328 3142 2383 Hi
3174 2329 3515 2384 solummodo
3547 2342 3759 2383 mecum

2175 2426 2318 2481 sunt,
2352 2418 2467 2473 sive
2489 2418 2543 2473 hi
2576 2419 2678 2473 soli
2708 2435 2774 2475 ex
2800 2421 3203 2477 circumcisione
3222 2421 3497 2490 adjutores
3526 2422 3583 2475 in
3612 2419 3760 2474 Novo

2177 2507 2544 2576 Testamento,
2571 2526 2667 2581 per
2698 2512 2840 2583 quod
2867 2513 3097 2568 intratur
3123 2513 3177 2567 in
3217 2528 3463 2583 regnum,
3496 2512 3639 2567 sicut
3671 2510 3762 2568 Sa-

2176 2608 2329 2654 tanas
2350 2601 2545 2657 dicitur
2571 2618 2736 2669 mors,
2768 2603 2891 2674 quia
2912 2618 3071 2660 causa
3102 2611 3185 2659 est
3210 2604 3417 2659 mortis.
3446 2603 3657 2659 Salutat
3678 2618 3764 2655 ros

2178 2688 2469 2761 Epaphras,
2494 2695 2583 2764 qui
2609 2711 2672 2749 ea:
2695 2696 2835 2749 vobis
2859 2704 2953 2761 est,
2977 2711 3147 2750 servus
3170 2694 3365 2749 Christi
3385 2694 3532 2760 Jesu,
3567 2709 3766 2761 semper

2177 2786 2426 2841 sollicitus
2474 2803 2565 2856 pro
2610 2788 2749 2843 vobis
2796 2788 2851 2842 in
2898 2789 3235 2844 orationibus.
3278 2787 3373 2843 llle
3402 2802 3528 2843 vere
3573 2800 3766 2842 servus

2176 2878 2374 2933 Christi
2404 2888 2507 2945 est,
2536 2880 2626 2949 qui
2654 2896 2752 2950 pro
2782 2881 2900 2951 ejus
2925 2896 3153 2952 corpore
3174 2879 3430 2937 sollicitus
3456 2879 3760 2934 invenitur.

2181 2970 2249 3025 Ut
2276 2972 2418 3026 stetis
2444 2974 2676 3043 perfecti,
2707 2982 2755 3027 et
2778 2974 2917 3044 pleni
2943 2975 2995 3028 in
3036 2974 3176 3028 omni
3200 2974 3445 3027 voluntate
3468 2968 3585 3023 Dei.
3617 2967 3764 3023 Ora—

2176 3063 2413 3117 tionibus
2443 3063 2554 3119 suis
2590 3064 2757 3119 Deum
2790 3065 2981 3135 poscit,
3012 3073 3067 3119 ut
3097 3062 3444 3135 perseveretis
3469 3061 3523 3115 in
3550 3060 3762 3115 volun-

2180 3163 2286 3208 tate
2311 3153 2427 3220 Dei,
2455 3163 2510 3210 et
2542 3155 2632 3223 qui
2658 3155 2821 3223 coepit
2852 3155 2906 3209 in
2940 3156 3107 3218 vobis,
3145 3155 3261 3223 ipse
3302 3151 3555 3223 perﬁciat.
3588 3148 3766 3203 Testi-

2177 3246 2407 3298 monium
2436 3246 2570 3300 enim
2595 3245 2676 3299 illi
2707 3246 2964 3315 perhibeo,
2992 3247 3128 3315 quod
3167 3246 3317 3299 habet
3353 3243 3573 3298 multum
3614 3240 3765 3295 labo-

496 3336 644 3385 retur
665 3336 925 3403 sermoni,
970 3338 1021 3392 id
1053 3346 1156 3405 est,
1189 3349 1247 3395 ut
1288 3341 1495 3397 initium
1543 3342 1667 3401 tldei
1698 3344 1950 3401 cordibus
1980 3361 2071 3402 au-

2182 3352 2284 3390 rem
2312 3352 2406 3406 pro
2447 3338 2607 3403 vobis,
2651 3346 2701 3394 et
2741 3354 2834 3405 pro
2875 3338 2953 3393 his
2976 3340 3064 3405 qui
3096 3346 3217 3392 sunt
3256 3336 3545 3402 Laodiceae,
3582 3344 3631 3389 et
3673 3333 3761 3403 qui

496 3417 726 3477 ditorum
772 3425 1113 3483 tribueretur.
1160 3427 1229 3483 Et
1271 3446 1364 3499 pro
1403 3431 1565 3498 nobis,
1614 3440 1669 3485 ut
1695 3430 1837 3487 Deus
1877 3436 2074 3503 aperiat

496 3513 639 3568 nobis
668 3518 851 3572 ostium
872 3524 1142 3589 sermonis,
1170 3524 1240 3577 ad
1266 3525 1576 3595 loquendum
1599 3531 1895 3597 mysterium
1920 3530 2072 3585 Chri-

494 3607 583 3661 sti.
613 3610 763 3673 Quod
796 3627 892 3679 pro
921 3615 1074 3670 nobis
1102 3617 1291 3683 oratis,
1322 3618 1474 3673 vobis
1503 3619 1744 3688 perﬁciet
1790 3622 1842 3677 iu
1874 3623 2074 3681 doctri-

497 3711 644 3755 nam.
678 3699 807 3753 Nam
837 3704 1107 3771 quomodo
1133 3707 1368 3774 aperitur
1394 3710 1587 3764 ostium
1620 3712 1789 3782 verbi,
1823 3714 1925 3771 nisi
1952 3730 2073 3771 cum

498 3800 690 3844 sensus
718 3792 955 3860 aperitur
994 3796 1280 3863 audientis,
1334 3809 1394 3855 ut
1421 3801 1623 3869 credat,
1669 3812 1725 3860 et
1770 3805 1920 3861 initio
1948 3806 2072 3864 ﬁdei

496 3874 660 3941 facto,
690 3893 751 3933 ea
779 3895 899 3949 quae
939 3884 1005 3937 ad
1043 3883 1411 3943 aedificandam
1461 3890 1729 3948 salubrem
1775 3894 2071 3952 doctrinam

497 3966 857 4033 pradicantur
911 3980 967 4027 et
1004 3974 1343 4045 disputantur
1370 3980 1611 4049 recipiat,
1657 3998 1725 4039 ne
1755 3999 1851 4053 per
1882 3986 2071 4043 inﬁde.

499 4054 701 4112 litatem
733 4061 893 4117 corde
919 4064 1123 4132 clauso,
1152 4081 1215 4123 ea
1242 4084 1359 4136 quas
1392 4070 1671 4139 dicuntur,
1702 4075 1967 4145 improbet
2009 4094 2072 4135 ac

495 4149 756 4218 repellat?
781 4150 1003 4226 Propter
1033 4161 1171 4227 quod
1198 4162 1353 4215 etiam
1381 4164 1577 4219 vinctus
1608 4181 1740 4233 sum,
1772 4177 1826 4220 ut
1855 4170 2071 4240 manife-

492 4249 619 4302 stem
646 4242 795 4308 illud,
824 4246 894 4298 ita
923 4258 977 4301 ut
1018 4260 1217 4318 oportet
1244 4268 1322 4306 me
1354 4253 1513 4324 loqui.
1562 4256 1630 4311 Ut
1660 4256 1773 4327 ipse
1801 4260 1890 4315 det
1918 4262 2067 4330 quid,
2096 4283 2102 4290 ·

491 4333 723 4403 quando,
752 4345 803 4394 et
830 4339 914 4392 cui
946 4341 1274 4399 rationaliter
1304 4346 1497 4402 debeat
1533 4350 1835 4417 praedicari,
1867 4351 1989 4422 quia
2017 4362 2071 4409 et

494 4423 649 4479 nobis
704 4426 770 4479 ad
821 4442 1001 4485 aurem
1046 4437 1461 4500 praedicantibus
1512 4439 1601 4494 ille
1642 4440 1854 4497 interim
1904 4446 2067 4502 corde

496 4526 769 4607 operatur.
844 4519 909 4573 In
953 4522 1225 4591 sapientia
1284 4532 1537 4584 ambulate
1593 4534 1661 4586 ad
1716 4551 1797 4589 eos
1850 4537 1940 4605 qui
1991 4541 2070 4607 fo-

495 4618 568 4671 rts
624 4615 781 4670 sunt,
830 4616 1027 4677 tempus
1082 4618 1401 4673 reditnentes.
1451 4622 1710 4687 Quoniam
1770 4626 1883 4681 dies
1940 4629 2067 4683 mali

2180 3426 2472 3498 Hierapoli.
2518 3430 2678 3486 Tales
2713 3439 2867 3485 erant
2912 3428 3065 3498 primi
3099 3428 3353 3499 temporis
3392 3426 3668 3495 discipuli,
3706 3433 3761 3481 et

2180 3519 2483 3577 imitatores
2516 3522 2663 3578 Pauli
2693 3532 2748 3577 et
2789 3522 3007 3578 Christi.
3043 3522 3251 3579 Salutat
3280 3537 3365 3576 vos
3393 3520 3567 3575 Lucas
3604 3519 3759 3573 medi-

2174 3628 2266 3667 cus
2304 3614 2654 3685 charissimus,
2701 3626 2748 3670 et
2792 3615 3001 3671 Demus.
3036 3616 3268 3672 Salutate
3288 3614 3477 3683 fratres
3515 3612 3608 3681 qui
3647 3619 3760 3667 sunt

2175 3706 2480 3775 Laodicea,
2526 3718 2574 3762 et
2622 3707 2958 3779 Nympham,
3004 3714 3050 3763 et
3079 3723 3193 3779 qua:
3235 3708 3291 3759 in
3321 3707 3476 3759 domo
3531 3704 3648 3774 ejus
3689 3711 3760 3756 est

2174 3802 2459 3857 ecclesiam.
2502 3801 2572 3855 Et
2621 3819 2735 3857 cum
2790 3803 2919 3858 lecta
2967 3803 3119 3873 fuerit
3169 3802 3307 3871 apud
3339 3815 3444 3865 ,vos
3477 3797 3756 3867 Epistula,

2176 3894 2328 3963 facile
2373 3908 2430 3949 ut
2472 3903 2520 3947 et
2567 3896 2622 3949 in
2650 3894 3044 3950 Laodicensium
3090 3892 3301 3948 ecclesia
3323 3888 3544 3962 legatur,
3607 3894 3657 3943 et
3700 3904 3760 3942 ea

2174 4000 2289 4053 qua:
2327 3984 2725 4040 Laodicensium
2765 3996 2860 4054 est,
2904 3986 3044 4040 vobis
3094 3986 3311 4055 legatur.
3358 3983 3491 4051 Quia
3524 3981 3664 4036 tales
3706 3980 3761 4035 in

2173 4073 2335 4129 domo
2357 4088 2451 4129 sua
2485 4076 2733 4143 habebat,
2755 4077 2964 4147 qualem
2988 4078 3275 4145 Apostolus
3302 4074 3544 4131 deﬁnivit
3582 4076 3757 4130 eccle-

2173 4166 2328 4221 siam.
2353 4167 2421 4222 Et
2444 4169 2597 4241 dicite
2628 4171 2885 4241 Archippo
2904 4185 2921 4225 :
2940 4171 3062 4225 Vide
3084 4170 3413 4225 ministerium
3437 4168 3581 4239 quod
3602 4184 3754 4222 acce-

2174 4258 2296 4326 pisti
2324 4259 2377 4312 in
2402 4258 2644 4328 Domino,
2677 4269 2731 4314 ut
2750 4261 2885 4315 illud
2907 4262 3140 4332 impleas.
3172 4260 3432 4316 Salutatio
3452 4275 3567 4313 mea
3592 4274 3755 4312 manu

2175 4350 2355 4405 Pauli.
2402 4353 2671 4410 Diaconos
2713 4354 2877 4410 fuisse
2917 4354 3256 4424 intelligitur,
3299 4367 3405 4407 non
3441 4351 3763 4421 episcopus,

2174 4458 2347 4514 neque
2393 4447 2534 4500 enim
2574 4446 2859 4516 episc0pus
2898 4445 3120 4500 haberet
3160 4457 3377 4500 necesse
3419 4441 3472 4496 in
3524 4440 3761 4496 ecclesia

2173 4542 2525 4605 commoneri,
2554 4548 2613 4594 ut
2636 4555 2788 4595 suum
2832 4547 3073 4594 servaret
3098 4537 3473 4593 ministerium.
3499 4532 3559 4587 Μ
3566 4549 3766 4588 emeres

2172 4639 2324 4684 estote
2339 4633 2657 4686 vinculorum
2681 4649 2929 4687 meorum.
2958 4632 3083 4687 Sive
3108 4640 3260 4687 orate
3284 4638 3340 4684 ut
3364 4627 3558 4683 reddar
3579 4626 3765 4688 vobis,

489 4703 637 4793 ‘Pm-
671 4696 747 4793 9°
776 4699 917 4753 malo
949 4709 1187 4772 ιθηΨοΓθ
1217 4707 1413 4763 bonum
1450 4724 1621 4765 Vestra
1652 4713 1812 4769 faciet
1853 4718 2064 4785 sapieu-
2094 4710 2147 4769 D
2170 4723 2284 4778 sive
2304 4732 2652 4789 mementote,
2679 4725 2801 4793 quia
2826 4726 2990 4780 vestri
3014 4738 3173 4778 causa
3194 4722 3311 4777 haec
3335 4720 3526 4789 patior,
3560 4726 3613 4773 et
3635 4717 3771 4771 imi-

494 4785 588 4853 tia,
622 4786 703 4843 vel
748 4790 908 4845 etiam
954 4806 1049 4861 pro
1092 4794 1271 4863 quiete
1302 4807 1475 4852 vestra
1507 4801 1705 4869 aliquid
1749 4809 2061 4874 temporale,

490 4879 535 4933 si
566 4893 788 4938 necesse
826 4894 926 4951 est,
972 4895 1028 4942 ut
1068 4900 1269 4959 pereat,
1311 4896 1655 4950 contemnite.
1700 4898 1881 4955 Sermo
1907 4913 2065 4957 vester

486 4987 685 5043 semper
708 4976 763 5029 in
790 4980 959 5047 gratia
986 4981 1091 5035 sale
1130 4983 1196 5037 sit
1225 4986 1477 5041 conditus.
1513 4988 1799 5058 Sapientia:
1831 4996 2057 5062 ratione,

2170 4814 2356 4867 tamini
2404 4814 2710 4882 exemplum
2756 4830 2957 4871 meum.
3001 4812 3182 4867 Gratia
3229 4812 3502 4867 vobiscum.
3567 4806 3766 4861 Amen.

2169 4903 2300 4959 Cum
2330 4904 2440 4958 illis
2468 4919 2590 4960 vere
2617 4916 2697 4960 est
2727 4907 2919 4975 gratia,
2960 4905 3049 4975 qui
3080 4920 3202 4959 cum
3238 4918 3300 4958 ea
3340 4898 3770 4972 permanserint,

2171 5007 2224 5051 et
2247 5012 2366 5053 eam
2395 5012 2455 5054 se
2477 5000 2641 5069 gratis
2669 5000 2943 5069 accepisse
2966 4998 3221 5054 fatentur.

1263 5186 1394 5261 AD
1444 5188 2069 5271 TIMOTHEUM
2118 5193 2610 5275 EPISTOLA
2660 5197 2996 5275 PRIMA.

1879 5311 2191 5341 ’κο-..κ

1029 5356 1527 5417 ARGUMENTUM.

485 5437 1067 5527 Timotheumninstruit,
1109 5461 1158 5505 et
1187 5454 1332 5527 docet
1361 5455 1423 5507 de
1446 5455 1767 5527 ordinatione
1801 5459 2069 5527 episwpa-

554 5522 673 5595 ltts,_
701 5526 751 5571 et
792 5519 1038 5595 diaconii,
1073 5531 1123 5595 et
1162 5524 1716 5595 omnis_ecclesiasticte
1754 5519 2062 5595 disciplina».

554 5583 780 5668 Scripta
804 5589 865 5642 de
889 5583 1041 5668 ἰιι-ὺηᾴ
1089 5592 1266 5668 licata.
1314 5592 1610 5668 Timotheus
1647 5583 1911 5665 cpiscopus
1963 5602 2064 5668 fuit

506 5670 509 5675 ν
557 5652 841 5733 discipulus
882 5658 1072 5727 Pauli;
1111 5663 1228 5715 huic
1250 5680 1334 5733 per
1368 5663 1561 5717 litteras
1593 5652 2064 5721 auctoritutem'dat

552 5727 842 5805 corrigendi
901 5748 1100 5805 omnem
1152 5727 1547 5805 ecclesiasticam
1602 5737 1966 5805 disciplinam,
2016 5748 2062 5791 et

504 5848 507 5849 ,
558 5797 808 5867 tpiscOpos
858 5810 917 5875 et
952 5803 1196 5857 diaconos
1233 5800 1539 5870 ordinandi;
1585 5797 1827 5875 pt'teterea
1856 5797 2060 5862 instruit

551 5881 666 5921 eum
700 5873 949 5939 quomodo
980 5877 1419 5943 psettu’oaposlolis
1442 5873 1767 5948 respondeat,
1791 5880 2053 5936 detrahen-

2250 5375 2380 5428 tibus
2404 5374 2593 5441 Paulo,
2621 5376 2874 5431 rationem
2901 5377 3123 5431 reddens
3143 5378 3283 5446 quod
3311 5392 3408 5430 non
3453 5377 3514 5429 sit
3541 5377 3758 5441 mirum,

2245 5446 2289 5498 si
2317 5446 2424 5514 ipse
2450 5464 2512 5500 ea:
2536 5456 2853 5513 persecutore
2876 5450 3101 5501 salvatus
3126 5451 3211 5514 sit,
3238 5464 3352 5501 cum
3375 5446 3615 5501 Christus
3638 5464 3766 5513 pec—

2245 5528 2441 5571 catores
2473 5520 2660 5572 venerit
2695 5519 2928 5573 liberare.
2960 5519 3039 5573 Ad
3066 5529 3349 5572 extremum
3378 5519 3528 5571 aliter
3560 5519 3765 5571 docento

2241 5595 2311 5638 tes
2347 5598 2517 5641 monet
2540 5605 2646 5643 esse
2667 5591 2901 5644 vitandas
2938 5603 2987 5644 et
3018 5592 3269 5645 cavendos
3300 5589 3534 5643 omnibus
3564 5589 3760 5641 modis.

2238 5699 2412 5754 CAPUT
2451 5716 2670 5756 ramum.
2706 5702 2903 5758 Paulus
2950 5704 3214 5774 apOstolus
3252 5703 3463 5758 Christi.
3498 5700 3765 5771 Proponit

2167 5799 2219 5843 et
2241 5790 2472 5846 nominis
2503 5792 2875 5847 auctoritatem
2907 5802 2962 5850 et
3001 5795 3221 5849 ordinis.
3258 5792 3555 5848 Secundum
3584 5793 3761 5857 impe-

2161 5883 2291 5938 rium
2336 5883 2429 5939 Dei
2460 5882 2743 5944 Salvatoris
2797 5886 2980 5958 nostri,
3012 5897 3058 5943 et
3110 5883 3297 5944 Christi
3342 5883 3470 5943 Jesu
3497 5884 3603 5956 spei
3630 5896 3773 5960 ,πολ
