3982 6352
182 316 279 370 661

959 311 1025 367 ΙΝ
1060 308 1445 367 EPISTOLAM
1485 305 1504 359 Ι
1544 303 1636 363 AD
1673 300 2085 362 TIMOTHEUM
2123 306 2640 366 COMMENTARIA.

3354 314 3455 367 (562

181 440 319 484 strte.
344 426 459 483 Non
488 427 781 484 secundum
809 441 983 483 meam
1009 427 1503 497 prmsutnptioncm.
1528 421 1768 478 Simulet
1796 421 1849 480 Α
1871 420 2078 489 {artat-it
2107 425 2155 475 in
2186 422 2390 477 Christo
2436 424 2560 478 Jesu
2612 420 2832 479 Domino
2879 434 3070 481 nostro.
3102 424 3235 482 Cum
3275 442 3443 484 essem

184 521 359 575 Patris
401 530 457 575 et
486 520 605 574 Filii
638 534 799 575 unum
830 518 1111 588 imperium
1139 531 1260 573 esse
1298 517 1650 570 demonstrat.
1677 510 1766 565 Ti-

180 612 385 668 motheo
414 612 600 666 dilecto
620 613 730 681 ﬁlio
760 614 813 666 in
834 612 955 680 ﬁde.
986 610 1100 664 Non
1134 608 1185 663 in
1217 621 1400 663 carne.
1439 604 1643 671 Gratia,
1672 604 1767 657 mi-

183 704 467 761 sericordia
495 712 542 758 et
566 720 667 772 pax
690 720 722 757 a
752 703 863 757 Deo
897 702 1055 756 Patre
1084 710 1133 755 ct
1165 700 1368 754 Christo
1396 698 1525 752 Jesu
1547 696 1770 750 Domino

178 806 382 851 nostra.
407 795 556 849 Sicut
579 797 751 868 rogavi
773 805 840 860 te,
868 804 921 848 ut
947 808 1235 849 remaneres
1267 792 1477 861 Ephesi,
1510 806 1625 845 cum
1646 790 1773 843 irem

184 888 240 941 in
264 887 636 956 Macedoniam,
664 897 717 941 ut
740 886 1061 942 denuntiares
1084 884 1405 955 quibusdam,
1424 898 1486 936 ne
1506 882 1654 936 aliter
1674 881 1771 933 do-

186 989 376 1034 cerent.
408 980 554 1047 Quos
584 962 902 1050 praedixerat
946 980 999 1034 in
1027 978 1287 1043 Actibus,‘
1306 977 1599 1031 intraturos
1620 974 1773 1044 lupos

187 1086 382 1143 graves
411 1086 517 1127 non
549 1083 827 1139 parcentes
856 1070 1021 1141 gregi.
1061 1069 1239 1139 Neque
1274 1068 1591 1122 intenderent
1616 1065 1773 1135 fabu-

189 1163 276 1219 lis.
303 1165 446 1231 Quas
471 1163 542 1220 de
573 1164 765 1220 Genesi
791 1165 1046 1235 appellat,
1074 1163 1123 1218 id
1150 1171 1233 1218 est
1259 1161 1550 1216 secundum
1578 1159 1772 1229 legem,

192 1255 337 1312 unde
380 1272 410 1309 a
440 1256 666 1311 Domino
709 1264 1049 1327 accusantur,
1082 1255 1339 1310 docentes
1368 1252 1641 1307 doctrinas
1673 1252 1773 1307 ho-

194 1351 420 1406 minum.
472 1351 540 1404 Et
583 1342 894 1424 genealogiis
938 1349 1296 1414 interminatis,
1339 1362 1450 1416 qua:
1474 1347 1775 1416 qucestioues

194 1452 440 1512 pra-stant
458 1444 619 1513 magis
639 1460 793 1515 quam
814 1443 1205 1513 wdiﬁcationem
1226 1440 1341 1505 Dei,
1360 1456 1474 1509 qua:
1493 1449 1566 1494 est
1581 1440 1633 1491 itt
1648 1439 1771 1506 ﬁde.

198 1532 643 1592 Generationibus
680 1536 1051 1607 antiquorum,
1079 1535 1134 1590 in
1163 1533 1359 1604 quibus
1383 1531 1485 1589 sibi
1515 1545 1775 1586 summam

198 1630 477 1685 scientiam
524 1630 827 1698 vindicant,
861 1631 906 1686 si
937 1630 1003 1685 ab
1038 1629 1192 1685 initio
1229 1626 1599 1699 generationes
1648 1639 1781 1680 enu-

198 1727 440 1775 merent:
472 1728 580 1775 tam
627 1720 979 1775 deuteroseon
1022 1717 1391 1782 contrarietas,
1424 1731 1585 1787 quam
1615 1729 1780 1784 gene-

1875 512 2117 569 inlirmus
2147 523 2201 570 et
2250 514 2467 570 inutilis.
2506 517 2640 583 Quia
2671 518 2872 585 ﬁdelem
2899 534 2980 573 me
3003 520 3335 585 existimavit,
3362 536 3451 588 po-

1873 620 1996 658 nens
2026 608 2078 658 in
2106 607 2410 663 ministerio.
2442 609 2521 664 Ad
2555 610 2856 679 ponendum
2905 613 2955 665 in
3001 611 3318 666 ministerio.
3356 613 3457 679 Qui

1873 699 2017 768 prius
2049 700 2125 767 fui
2151 700 2495 770 blasphemus,
2527 713 2574 757 et
2614 713 2921 773 persecutor,
2951 715 2997 757 et
3037 706 3452 771 contumeliosus,

1875 792 1964 844 sed
2000 792 2406 848 misericordiam
2433 808 2733 851 consecutus
2758 813 2889 849 sum.
2928 795 3113 852 JttStus
3156 797 3370 868 quidem
3402 799 3454 852 in

1877 884 2168 953 primordio
2197 896 2478 944 accusator
2497 897 2579 943 est
2599 890 2704 957 sui,
2728 897 2786 945 ut
2806 904 2925 945 cum
2955 891 3179 960 coeperit
3204 891 3454 946 adversa-
3486 922 3491 925 »

1875 982 1987 1036 rius
2008 1026 2021 1050 ,
2053 982 2427 1037 confundatur.
2483 983 2588 1041 Sed
2640 985 2739 1039 iste
2767 986 2868 1039 hoc
2897 1001 3081 1040 verum
3112 984 3279 1054 dixit,
3321 986 3468 1040 sicut

1876 1074 2102 1145 legimus
2145 1075 2198 1128 in
2239 1074 2480 1131 Actibus.
2518 1076 2650 1143 Quia
2690 1078 2931 1149 ignorans
2963 1079 3077 1147 feci.
3110 1077 3301 1134 Levius
3339 1094 3459 1147 pec-

1877 1176 2001 1222 cant
2022 1169 2347 1237 ignorantes.
2369 1167 2435 1222 In
2457 1169 2831 1224 incredulitate.
2850 1171 2906 1224 In
2927 1186 3029 1238 qua
3054 1182 3208 1227 natus
3236 1172 3379 1227 fuera
3392 1188 3464 1226 nt.

1881 1258 2330 1326 Superabundavit
2359 1269 2526 1313 autent
2549 1261 2713 1330 gratia
2740 1260 2947 1314 Domini
2970 1263 3130 1315 nostri
3153 1279 3265 1315 cum
3287 1263 3389 1331 [ide
3420 1268 3468 1315 et

1880 1351 2171 1406 dilectione.
2195 1352 2325 1406 Tam
2352 1352 2629 1407 abundans
2661 1353 2757 1406 fuit
2798 1354 2965 1420 gratia
2992 1353 3126 1422 ejus,
3174 1354 3251 1407 vel
3280 1362 3383 1418 est,
3408 1364 3466 1407 ut

1870 1444 2213 1511 'iniquitatum
2246 1459 2482 1498 mearum
2511 1446 2749 1499 vinceret
2775 1446 3067 1510 cumulum,
3103 1462 3221 1513 quae
3251 1446 3381 1500 mihi
3413 1456 3467 1499 et.

1878 1534 2038 1588 ﬁdem
2063 1534 2299 1600 donavit,
2332 1545 2384 1590 et
2404 1535 2767 1601 dilectionem,
2796 1546 2848 1590 ut
2877 1551 2983 1590 non
3010 1538 3347 1604 necessitate,
3372 1537 3465 1592 sed

1881 1626 2143 1682 charitate
2191 1629 2471 1684 servirem.
2530 1632 2656 1696 Quae
2708 1638 2783 1684 est
2828 1631 2881 1685 in
2927 1630 3131 1684 Christo
3181 1625 3325 1683 Iesu.
3367 1628 3470 1683 Per

1881 1715 2151 1772 Christum
2183 1719 2274 1787 qui
2317 1719 2449 1773 mihi
2476 1718 2678 1789 majora
2707 1721 2908 1775 dimisit
2946 1739 2957 1773 :
2990 1736 3111 1774 nam
3144 1734 3248 1775 non
3277 1720 3332 1773 in
3371 1734 3470 1773 na-

198 1811 466 1865 rationum
496 1812 801 1867 sollicitudo
833 1811 1117 1881 superﬂua.
1150 1808 1299 1864 Finis
1329 1816 1502 1862 autem
1540 1806 1856 1877 prwcepti‘B
1886 1816 2025 1863 tura.
2055 1810 2118 1865 Et
2140 1812 2308 1879 ﬁdelis
2336 1828 2522 1879 sermo,
2557 1822 2603 1866 et
2632 1814 2769 1866 omni
2791 1816 3081 1883 acceptione
3105 1816 3324 1885 dignus:
3352 1814 3472 1883 quia

203 1912 275 1954 est
304 1903 529 1956 chap-itas
556 1904 617 1956 de
658 1904 809 1956 corde
841 1919 988 1973 puro,
1021 1913 1069 1957 et
1094 1903 1399 1956 conscientia
1427 1904 1577 1966 bona,
1601 1908 1649 1953 et
1679 1900 1781 1966 ﬁde

202 2009 305 2047 non
328 1994 468 2061 ficta.
493 1991 737 2049 Charitas
766 1993 859 2048 Dei
885 2001 940 2047 et
966 1992 1215 2063 proximi,
1240 1990 1291 2044 in
1320 2005 1420 2060 qua
1445 1998 1621 2044 tamen
1652 2000 1783 2057 pen—

190 2083 299 2139 det
324 2086 406 2139 lex
455 2092 511 2140 et
535 2085 835 2155 prophetae.
869 2084 993 2139 Haec
1020 2084 1065 2139 si
1094 2085 1162 2139 de
1203 2084 1367 2139 corde
1394 2098 1526 2152 puro
1549 2082 1641 2149 sit,
1674 2080 1784 2135 Deo

206 2184 293 2232 est
315 2176 531 2247 placita,
558 2186 613 2234 et
632 2178 677 2232 si
708 2177 838 2233 nihil
862 2178 1006 2232 aliud
1036 2192 1195 2249 quam
1213 2177 1265 2233 id
1295 2176 1435 2247 quod
1461 2172 1787 2246 diligendum

204 2273 290 2320 est
337 2267 603 2337 diligatur.
638 2267 1031 2323 Conscientiam
1080 2281 1210 2321 vero
1238 2266 1436 2321 bonam
1467 2264 1743 2333 subjunxit
1768 2301 1784 2328 ,

202 2364 426 2428 propter
447 2371 596 2426 spem
625 2374 637 2409 :
669 2357 761 2413 ille
795 2358 936 2411 enim
965 2372 1023 2411 se
1048 2356 1115 2411 ad
1137 2356 1190 2411 id
1220 2355 1360 2426 quod
1387 2355 1561 2410 credit
1590 2363 1647 2409 et
1669 2354 1790 2408 dili-

205 2447 301 2517 git,
324 2455 703 2516 perventurum
720 2460 841 2502 esse
865 2446 1136 2515 desperat,
1160 2447 1244 2501 cui
1266 2445 1421 2499 mala:
1446 2443 1791 2499 conscientia:

206 2538 486 2607 scrupulus
514 2538 671 2594 inest.
697 2538 881 2594 Tertio
912 2554 924 2592 :
957 2538 1026 2593 Et
1051 2537 1175 2607 ﬁde,
1204 2535 1394 2607 inquit,
1424 2551 1529 2591 non
1559 2534 1682 2591 ﬁcta
1709 2552 1721 2587 :
1746 2536 1794 2591 si

209 2631 355 2685 enim
378 2630 511 2686 ﬁdes
538 2638 719 2687 nostra
735 2629 1014 2685 mendacio
1038 2629 1295 2694 caruerit,
1318 2635 1378 2683 ut
1401 2636 1455 2684 et
1476 2642 1583 2683 non
1609 2626 1794 2696 diliga-

206 2735 330 2778 mus
343 2724 485 2793 quod
509 2737 617 2778 non
637 2731 717 2779 est
739 2722 1091 2793 diligendum,
1115 2731 1171 2778 et
1186 2730 1330 2777 recte
1350 2722 1581 2777 vivendo
1601 2720 1655 2777 id
1676 2735 1796 2790 spe-

210 2829 415 2883 remus,
444 2823 507 2870 ut
533 2816 677 2870 nullo
703 2816 865 2871 modo
906 2831 1031 2885 spes
1060 2824 1245 2870 nostra
1294 2814 1527 2868 fallatur.
1560 2814 1629 2868 Et
1667 2827 1797 2869 con-

206 2907 454 2975 scientia,
487 2907 678 2977 inquit,
710 2908 870 2962 bona.
903 2906 1240 2962 Conscientia
1273 2920 1403 2975 pura
1427 2905 1796 2961 testimonium

210 2999 495 3070 perhibent
536 3000 809 3064 charitati,
863 3008 918 3056 et
945 3000 1049 3055 ﬁde
1096 3014 1203 3055 non
1233 2999 1377 3055 ﬁcta.
1410 3001 1455 3053 A
1481 2999 1661 3069 quibus
1709 2998 1800 3052 ab-

209 3100 441 3145 errantes
470 3092 697 3162 quidam.
726 3091 823 3145 Est
851 3095 991 3148 enim
1041 3092 1173 3147 ﬁdes
1203 3091 1347 3159 ﬁcta,
1392 3106 1509 3161 quas
1539 3091 1590 3145 in
1620 3090 1798 3145 verbis

1886 1902 2118 1957 Christus
2136 1904 2165 1957 J
2174 1921 2286 1958 esus
2310 1907 2442 1959 venit
2462 1907 2513 1959 in
2536 1908 2802 1960 mundum.
2826 1908 2992 1974 Quem
3015 1922 3202 1963 omnes
3223 1909 3471 1975 credunt,

1885 2006 1941 2051 et
1967 2012 2124 2066 quem
2152 1997 2389 2051 omnium
2423 1997 2768 2052 conscientia:
2790 2012 2976 2052 verum
3008 2009 3323 2070 agnoscunt.
3344 1997 3476 2053 Pec-

1890 2097 2084 2143 calores
2112 2090 2281 2143 salvos
2312 2089 2498 2158 facere.
2534 2089 2675 2159 Ergo
2699 2096 2754 2143 et
2777 2104 2864 2144 me
2894 2090 3123 2144 salvavit
3152 2090 3291 2144 inter
3319 2098 3477 2145 caete-

1882 2191 1980 2232 ros
2011 2188 2339 2247 peccatores.
2364 2179 2596 2245 Quorum
2626 2170 2823 2249 primus
2844 2196 2935 2250 ego
2962 2196 3094 2234 sum.
3127 2179 3256 2234 Sum
3281 2195 3376 2249 pro
3401 2178 3480 2233 fui

1886 2268 2016 2338 poni
2047 2270 2203 2325 solet.
2241 2270 2347 2325 Sed
2372 2272 2485 2325 ideo
2506 2272 2914 2326 misericordiam
2934 2282 3231 2326 consecutus
3259 2288 3394 2339 sum,
3423 2283 3480 2325 ut

1890 2366 1945 2419 in
1972 2382 2051 2421 me
2079 2368 2303 2435 primum
2334 2368 2619 2422 ostenderet
2658 2367 2892 2421 Christus
2936 2368 3107 2422 Jcsus.
3141 2368 3287 2423 Sicut
3312 2366 3482 2422 David

1893 2459 1968 2513 ait
1996 2476 2010 2513 :
2046 2459 2259 2515 Docebo
2287 2460 2500 2530 iniquos
2528 2460 2643 2515 vias
2669 2467 2812 2527 tuas,
2835 2469 2887 2515 et
2909 2460 3055 2530 impii
3086 2460 3153 2515 ad
3183 2468 3234 2515 te
3257 2475 3482 2515 conver-

1894 2559 2077 2607 tentur
2101 2568 2115 2605 :
2138 2552 2343 2607 scilicet
2370 2552 2415 2608 si
2444 2551 2576 2606 mihi
2620 2551 2929 2618 indulseris,
2964 2552 3168 2607 docebo
3210 2553 3482 2608 neminem

1896 2647 2185 2716 desperare
2214 2647 2431 2702 debere.
2485 2646 2699 2700 Omnem
2748 2646 3065 2714 patientiam.
3114 2646 3281 2713 Quam
3324 2646 3483 2701 etiam

1898 2740 2328 2809 persecutoribus
2349 2753 2453 2792 non
2482 2738 2652 2791 solum
2680 2738 2938 2806 indulget,
2964 2738 3057 2792 sed
3090 2738 3249 2792 etiam
3272 2749 3485 2807 aposto-

1897 2830 2040 2886 latus
2068 2832 2275 2885 conlert
2314 2829 2593 2884 honorem.
2636 2829 2716 2881 Ad
2744 2829 3157 2899 informationem
3200 2846 3373 2883 eorum
3396 2832 3485 2901 qui

1900 2922 2145 2975 credituri
2170 2929 2287 2975 sunt
2314 2919 2397 2975 illi
2417 2921 2471 2975 in
2496 2922 2653 2974 vitam
2673 2930 2935 2974 (sternam.
2956 2919 3025 2975 Ut
3044 2934 3201 2974 nemo
3217 2920 3484 2989 desperet.

1902 3013 2031 3085 Regi
2060 3024 2231 3069 autem
2283 3014 2584 3070 strculorum
2617 3013 2912 3079 immortali,
2946 3014 3185 3068 invisibili
3227 3014 3325 3068 soli
3357 3014 3483 3067 Deo.

1903 3107 2005 3172 Qui
2033 3108 2166 3160 mihi
2195 3108 2405 3161 veniam
2437 3106 2621 3161 tribuit
2651 3122 2755 3161 non
2789 3106 3035 3160 merenti.
3070 3105 3255 3159 Honor
3284 3115 3330 3159 et
3370 3106 3486 3175 glo-

210 3190 304 3241 est
321 3183 471 3249 solis,
498 3184 583 3239 vel
611 3183 1005 3251 haereticorum,
1030 3185 1120 3253 qui
1150 3186 1203 3238 in
1231 3183 1469 3239 Ecclesia
1495 3184 1697 3238 intrare
1722 3182 1792 3237 vi-

1904 3199 2005 3264 ria,
2032 3200 2088 3251 in
2114 3199 2303 3252 swcuta
2323 3200 2648 3253 satculorum.
2680 3198 2861 3250 Amen.
2888 3198 3000 3250 Rex
3027 3198 3173 3265 parvi
3206 3197 3481 3264 temporis,

212 3276 435 3343 dentur,
465 3279 553 3334 vel
583 3277 833 3333 ﬁctorum
878 3277 1283 3335 catholicorum.
1319 3275 1554 3332 Conversi
1578 3284 1698 3330 sunt
1745 3277 1801 3329 in

216 3368 590 3440 oaniloquium,
624 3370 844 3424 uolentes
871 3384 980 3423 esse
1008 3369 1133 3439 legis
1182 3369 1433 3423 doctores.
1482 3367 1538 3422 In
1592 3366 1800 3422 vanilo-

215 3462 401 3533 quium
432 3460 727 3516 fabularum
756 3462 1112 3518 saecularium.
1142 3460 1266 3515 Non
1286 3461 1623 3532 intelligentes
1642 3476 1801 3531 neque

211 3570 334 3626 qua:
381 3555 692 3626 loquuntur,
721 3572 881 3625 neque
925 3557 990 3610 de
1035 3555 1210 3626 quibus
1258 3554 1533 3624 aﬁirmant.
1574 3552 1801 3610 Grandis

213 3646 450 3703 stultitia
493 3654 598 3714 est,
630 3660 735 3702 non
764 3646 1035 3703 intellecta
1062 3646 1130 3702 de
1167 3648 1336 3716 magis
1379 3660 1485 3701 non
1516 3644 1800 3701 intellectis

215 3739 363 3796 velle
388 3739 677 3796 afﬁrmare.
702 3740 906 3797 Scimus
935 3749 1105 3796 autem
1131 3740 1250 3811 quia
1277 3740 1407 3795 bona
1432 3748 1505 3793 est
1531 3742 1633 3793 teat.
1664 3738 1802 3793 Con-

219 3840 303 3887 tra
332 3830 654 3888 Manichatos
677 3831 743 3886 ad
773 3832 1044 3893 Romanos
1068 3833 1180 3886 ait:
1208 3832 1316 3886 Lex
1344 3830 1558 3901 quidem
1589 3836 1798 3895 sancta,

219 3934 275 3979 et
306 3922 611 3978 mandatum
642 3930 905 3979 sanetum.
929 3924 1041 3980 Lex
1078 3934 1134 3980 ut
1160 3938 1190 3979 a
1222 3923 1333 3978 Deo
1358 3923 1481 3978 data
1506 3937 1602 3992 pro
1630 3921 1803 3976 homi-

215 4030 349 4072 num
370 4015 647 4085 qualitate.
673 4013 735 4070 Si
754 4016 865 4085 quis
887 4032 952 4069 ea
973 4016 1192 4086 legitime
1211 4024 1423 4069 utatur:
1445 4016 1658 4069 scientes
1684 4016 1799 4071 hoc.

215 4108 277 4166 Si
301 4111 420 4177 quis
447 4108 568 4177 scit,
599 4109 821 4178 quibus,
854 4123 1054 4177 quare,
1082 4117 1138 4164 et
1166 4109 1402 4177 quandiu
1446 4107 1693 4163 habenda
1733 4108 1804 4163 sit

218 4202 344 4257 data
375 4202 706 4271 spiritaliter.
742 4201 875 4267 Quia
893 4204 1037 4273 justo
1058 4203 1140 4258 lca:
1166 4217 1267 4256 non
1298 4210 1372 4257 est
1395 4202 1575 4271 posita,
1601 4202 1689 4257 sed
1718 4200 1801 4255 in-

209 4296 392 4369 justis,
420 4305 467 4351 et
494 4312 591 4351 non
623 4297 857 4352 subditis.
884 4295 940 4352 Si
970 4311 1098 4367 ergo
1123 4296 1197 4351 ita
1218 4305 1321 4361 est,
1351 4295 1668 4351 Christianis
1694 4309 1803 4350 non

217 4402 308 4452 est
336 4409 487 4463 opus,
522 4397 645 4464 quia
684 4395 959 4463 justillcati
1002 4404 1129 4447 sunt
1172 4408 1270 4461 per
1309 4392 1601 4459 Christum,
1634 4400 1689 4448 et
1716 4394 1806 4462 qui

217 4485 525 4543 didicerunt
549 4484 860 4537 occasiones
876 4495 1066 4537 cavere
1094 4488 1456 4549 peccatorum.
1479 4480 1609 4534 Nam
1641 4493 1805 4549 quare

1907 3302 1961 3348 et
1989 3292 2252 3359 mortalis,
2282 3305 2343 3346 ac
2364 3290 2589 3347 visibilis
2617 3297 2671 3346 et
2695 3304 2885 3359 capax,
2909 3297 3186 3344 consortes
3228 3287 3484 3342 honorem

1905 3397 1959 3443 et
2002 3385 2225 3456 gloriam
2259 3382 2416 3439 habet
2465 3382 2852 3451 temporalem,
2902 3393 3010 3435 n0n
3044 3388 3320 3435 aeternam.
3373 3376 3491 3431 Hoc

1905 3484 2234 3549 prteceptum.
2263 3474 2574 3530 Doctrinam
2606 3473 2762 3528 hanc.
2787 3471 3072 3542 [lucusque
3093 3470 3160 3525 de
3189 3478 3327 3526 statu
3357 3484 3488 3523 suo:

1906 3569 2067 3624 modo
2106 3567 2195 3623 dat
2231 3566 2604 3623 auctoritatem
2648 3563 2895 3620 docendi.
2923 3561 3231 3618 Commendo
3263 3560 3376 3628 tibi,
3414 3558 3493 3629 ﬁli

1906 3660 2189 3729 Timothee,
2206 3659 2488 3714 secundum
2502 3657 2841 3729 praecedentes
2868 3656 2921 3708 in
2947 3664 2994 3709 te
3018 3651 3332 3725 praphetias.
3358 3650 3495 3718 Quia

1905 3756 2066 3812 etiam
2095 3762 2219 3809 ante
2250 3752 2351 3808 hoc
2382 3751 2621 3807 habebas
2668 3750 2806 3805 hanc
2834 3748 3081 3820 gratiam.
3116 3745 3183 3801 Ut
3211 3744 3395 3798 milites
3437 3743 3495 3796 in

1906 3847 2010 3902 illis
2032 3848 2214 3901 bonam
2240 3846 2496 3899 militiam.
2540 3844 2686 3899 Bona
2728 3843 2914 3898 militia
2945 3850 3045 3905 est,
3075 3841 3129 3894 in
3175 3853 3277 3909 qua
3305 3844 3496 3891 contra

1906 3939 2181 3995 diabolum
2204 3946 2259 3994 et
2287 3937 2419 3992 vitia
2442 3937 2746 4003 dimicatur,
2772 3944 2826 3991 et
2851 3935 2943 3989 Dei
2973 3934 3232 3987 voluntati
3258 3935 3491 4000 paretur.

1908 4032 2116 4089 Habens
2140 4032 2294 4100 ﬁdem
2314 4042 2359 4084 et
2378 4032 2561 4085 bonam
2582 4028 2967 4083 conscientiam.
2994 4025 3179 4081 Fidem
3205 4022 3497 4092 perlectam

1907 4125 1963 4180 in
1990 4124 2236 4188 Christo,
2262 4132 2316 4178 et
2338 4123 2533 4178 bonam
2560 4120 2943 4176 conscientiam
2972 4119 3023 4172 in
3053 4116 3493 4179 conversatione,

1910 4215 2023 4271 sive
2063 4214 2329 4271 doctrina.
2366 4215 2534 4280 Quam
2578 4215 2784 4281 quidam
2824 4212 3122 4277 repellentes
3169 4210 3305 4262 circa
3342 4208 3498 4276 ﬁdem

1909 4308 2383 4377 naufragacerunt:
2405 4321 2468 4359 ex
2489 4305 2668 4373 quibus
2690 4312 2763 4357 est
2788 4302 3092 4370 Hymiuozus
3114 4307 3159 4351 et
3184 4298 3492 4352 Alexander.

1911 4400 2027 4453 Non
2059 4400 2323 4466 integram
2352 4410 2468 4450 eam
2501 4403 2766 4459 tenentes,
2799 4393 2905 4460 iam
2940 4390 3081 4443 vitiis
3113 4387 3395 4456 implicati,
3431 4387 3497 4440 ii-

1914 4491 2033 4545 dem
2061 4497 2113 4544 et
2134 4490 2296 4543 vitam
2322 4486 2672 4542 maculantes.
2705 4484 2843 4551 Quos
2869 4484 3057 4538 tradidi
3081 4482 3311 4547 Satante,
3336 4491 3390 4535 ut
3411 4482 3496 4535 di-

217 4578 432 4634 dicatur
462 4574 581 4631 his:
612 4574 726 4630 Non
757 4574 969 4630 occides
1001 4591 1014 4630 :
1042 4574 1293 4644 quoniam
1342 4588 1442 4630 nec
1485 4573 1643 4629 irasci
1670 4574 1792 4644 jussi

1908 4590 2054 4639 scant
2075 4598 2176 4636 non
2199 4580 2569 4650 blasphemare.
2597 4578 2663 4634 Ut
2694 4594 2761 4635 ex
2789 4577 3034 4648 praesenti
3055 4576 3392 4645 correptione
3416 4574 3498 4629 di-

219 4682 368 4741 sunt,
399 4673 497 4731 nisi
521 4682 717 4730 uteam
737 4674 1045 4744 spiritaliter
1070 4674 1366 4744 impleant?
1397 4672 1583 4745 Impiis
1617 4683 1664 4730 et
1690 4692 1804 4747 pec-

220 4765 504 4836 catoribus,
536 4766 798 4822 sceleratis
827 4774 874 4821 et
902 4767 1264 4821 contaminatis
1281 4805 1296 4832 ,
1325 4767 1591 4837 patricidis
1620 4776 1665 4821 et
1696 4784 1805 4821 nta-

218 4859 440 4926 tricidis,
472 4853 759 4928 homicidii,
790 4860 1106 4931 fornicariis,
1137 4862 1483 4916 masculorum
1512 4860 1804 4915 concubito-

215 4953 386 5019 ribus,
417 4953 712 5024 plagiariis,
746 4954 1101 5017 mendacibus,
1131 4954 1371 5025 perjuris.
1418 4951 1524 5008 Illis
1553 4952 1803 5009 omnibus

216 5046 342 5103 data
372 5054 475 5113 est,
509 5053 568 5100 ut
590 5046 659 5102 ab
685 5046 800 5101 istis
820 5044 1132 5101 criminibus
1153 5054 1496 5101 revocentur.
1524 5044 1591 5100 Et
1609 5047 1653 5101 si
1679 5047 1803 5115 quid

217 5142 364 5195 aliud
420 5156 559 5197 sanie
609 5141 850 5195 doctrinae
894 5139 1225 5204 adversatur,
1255 5152 1368 5207 qute
1413 5147 1488 5193 est
1527 5139 1805 5193 secundum

220 5230 557 5303 anugelium
604 5231 783 5304 glorise
804 5232 933 5286 beati
978 5229 1077 5284 Dei
1104 5230 1238 5299 quod
1265 5230 1515 5283 creditum
1547 5238 1620 5283 est
1658 5228 1799 5284 mihi.

220 5326 361 5383 Sunt
389 5326 530 5381 enim
559 5327 743 5381 multra
765 5325 968 5380 insana:
998 5323 1277 5389 doctrinae,
1306 5336 1425 5395 qua:
1455 5322 1700 5378 homines
1726 5321 1806 5377 fa-

220 5418 371 5473 ciunt
399 5418 652 5473 insanire.
672 5416 871 5473 Contra
893 5416 981 5471 illa
1008 5417 1090 5471 lex
1114 5423 1217 5481 est,
1248 5429 1368 5485 quae
1391 5414 1659 5470 contraria
1680 5424 1807 5470 sunt

220 5510 545 5580 «angelicis
574 5510 854 5580 prteceptis
894 5526 907 5564 :
938 5523 1067 5580 ergo
1096 5508 1223 5579 quid
1250 5515 1497 5577 quaerunt
1525 5506 1597 5562 ibi
1625 5515 1683 5561 ut
1706 5519 1807 5560 ao-

222 5616 347 5657 vum
373 5644 389 5670 ,
432 5602 577 5673 quod
602 5602 763 5658 etiam
802 5603 857 5657 in
899 5600 1013 5670 lege
1058 5599 1299 5655 habent?
1325 5599 1494 5655 Simul
1542 5608 1597 5654 eL
1635 5600 1807 5669 legem

224 5693 530 5762 Evangeliis
568 5692 897 5749 concordare
916 5692 1268 5748 demonstrat.
1294 5688 1502 5745 Gratias
1518 5706 1615 5762 ago
1637 5689 1703 5745 ei.
1733 5689 1810 5746 Ne

225 5785 498 5857 dicerent,
518 5785 648 5856 Quis
667 5795 751 5845 est
777 5785 887 5855 ille.
915 5785 1002 5845 cui
1023 5784 1288 5844 creditum
1314 5784 1431 5841 est?
1460 5782 1563 5851 Qui
1589 5797 1668 5840 me
1688 5796 1809 5840 cono

1908 4682 2062 4730 scant
2080 4672 2314 4727 futurum
2335 4669 2598 4741 judicium
2622 4684 2726 4723 non
2752 4682 2971 4737 negare.
2995 4666 3076 4722 Ad
3103 4665 3495 4723 emendandum

1909 4767 2085 4823 traditi
2107 4773 2252 4833 sunt,
2278 4779 2385 4821 non
2413 4763 2479 4820 ad
2501 4762 2857 4834 perdendum,
2880 4770 2935 4818 et
2962 4769 3020 4818 ut
3041 4760 3285 4831 exemplo
3308 4774 3495 4817 eorum

1907 4858 1997 4915 alii
2024 4863 2373 4913 terrerentur.

1978 4951 2106 5007 Car.
2140 4967 2197 5006 ιι.
2233 4948 2454 5005 Obsecro
2482 4950 2641 5023 igitur
2672 4950 2838 5020 primo
2871 4946 3098 5003 omnium
3127 4946 3242 5014 fieri
3266 4946 3497 5000 obsecra-

1916 5048 2102 5112 tiones,
2155 5046 2440 5112 orationcs,
2492 5044 2875 5115 postulationes.
2931 5042 3245 5099 Obsecratio
3293 5040 3499 5095 ﬁrmior

1913 5138 2157 5197 oratione
2178 5145 2282 5194 est.
2307 5137 2436 5193 Item
2457 5136 2643 5193 aliter:
2664 5137 3077 5194 Obsecrationes
3102 5135 3236 5190 ﬁunt
3257 5147 3354 5202 pro
3379 5147 3500 5201 pec-

1916 5231 2053 5285 catis
2082 5228 2390 5298 praeteritis,
2423 5228 2508 5284 vel
2536 5229 2887 5298 praesentibus
2918 5244 2931 5285 :
2965 5226 3235 5281 orationes
3258 5239 3355 5294 pro
3384 5222 3500 5278 adi-

1915 5321 2184 5391 piscendis
2204 5335 2325 5391 quas
2345 5334 2623 5390 speramus
2651 5340 2664 5375 :
2690 5319 3101 5390 postulationes,
3121 5333 3241 5373 cum
3267 5332 3361 5384 pro
3382 5315 3500 5371 aliis

1917 5410 2312 5469 intervenimus
2348 5428 2361 5466 :
2393 5412 2689 5483 gratiarum
2727 5412 2985 5475 actiones,
3014 5425 3135 5465 cum
3159 5425 3220 5465 ea
3251 5424 3371 5479 qua:
3401 5423 3501 5479 po-

1914 5502 2145 5571 scimus,
2176 5503 2564 5573 impetramus;
2598 5502 2684 5558 vel
2712 5511 2891 5568 certe,
2941 5516 3061 5557 eum
3094 5514 3190 5571 pro
3228 5500 3500 5555 immensis

1917 5600 2011 5657 Dei
2039 5599 2319 5657 beneﬁciis
2340 5600 2539 5670 gratias
2564 5598 2852 5667 laudesque
2883 5597 3184 5653 referimus.
3205 5594 3504 5650 Gratiarum

1917 5693 2161 5748 actiones.
2185 5690 2397 5747 Gratias
2421 5704 2640 5759 agamus
2658 5690 2707 5746 ei
2737 5690 2825 5762 qui
2851 5704 2950 5746 nos
2970 5690 3161 5761 dignos
3191 5688 3315 5746 iecit
3338 5690 3502 5745 etiam

1915 5783 2163 5866 proeliis
2205 5783 2513 5855 impetrare.
2558 5781 2663 5842 Pro
2694 5782 2927 5841 omnibus
2970 5781 3283 5841 hominibus.
3312 5778 3497 5841 Etiam
