3982 6352
1646 268 1949 331 ΡΜΜΔὸΙΙ
1994 264 2447 329 ADRUHETANI
2485 266 2703 330 EPISC.

3720 278 3829 336 664

525 382 629 475 pro
653 399 1093 472 persecutoribus
1118 411 1296 458 orare.
1322 396 1428 454 Pro
1455 397 1659 471 regibus
1693 406 1743 452 et
1769 396 2001 451 omnibus
2027 395 2116 464 qui
2140 390 2193 453 Δ
2223 390 2388 445 discat
2415 407 2532 445 cum
2559 391 2700 447 omni
2727 390 3056 463 subjectiotte.
3089 392 3269 451 Discat
3295 395 3539 467 quidem.
3563 398 3681 454 ted
3712 415 3839 458 cun

528 498 583 553 in
604 497 917 552 sublimitate
959 507 1098 563 sunt,
1139 504 1197 550 ut
1223 496 1449 567 quietam
1487 502 1537 547 et
1584 493 1917 565 tranquillam
1961 494 2117 547 vitam

528 606 744 661 agamus
782 591 837 643 in
889 591 1031 644 omni
1072 591 1255 659 pietate
1296 598 1343 642 et
1381 587 1635 642 castitate.
1680 588 1746 643 Ut
1790 596 2119 657 cognoscant

529 680 725 748 Deum,
752 684 887 748 sive,
920 692 975 735 ttt
999 680 1267 750 subjectas
1298 680 1533 735 habeant
1560 690 1748 750 gentes
1774 699 1787 733 :
1821 682 1874 735 in
1900 680 2113 735 illorum

528 777 672 830 enim
703 790 832 845 pace
872 775 1021 843 quies
1050 783 1231 827 nostra
1264 774 1547 827 consistit:
1584 775 1627 827 si
1660 773 1803 827 enim
1826 772 2117 828 Chrisﬁani

446 923 451 931 ,
528 878 675 935 sunt,
705 866 935 923 cessabit
952 867 1337 935 persecutionis
1359 867 1609 935 impetus.
1632 864 1750 919 Hoc
1769 866 1906 920 enim
1926 867 2117 920 bonum

444 936 447 941 ί
527 968 602 1012 est
625 968 673 1013 et
694 968 952 1027 acceptum
975 958 1430 1011 coramSulvatore
1454 968 1629 1011 nostro
1662 956 1789 1012 Deo.
1820 957 1885 1012 Ut
1915 969 1966 1011 et
1997 972 2114 1023 vos,

434 1106 442 1125 τ
526 1051 667 1105 sicut
694 1049 801 1115 ille,
830 1063 1020 1103 omnes
1051 1048 1294 1104 homines
1318 1049 1511 1102 salvari
1542 1050 1788 1117 cupiatis.
1818 1050 1919 1114 Qui
1940 1066 2115 1105 omnes

430 1186 436 1219 1.
528 1141 776 1195 homines.
810 1140 942 1194 llinc
972 1142 1225 1210 probatur
1254 1141 1419 1195 Deum
1466 1140 1667 1195 nemini
1696 1141 1801 1195 vim
1835 1141 2034 1197 inferre
2058 1149 2116 1196 ut

524 1242 742 1301 pereat;
774 1232 868 1286 sed
890 1234 979 1299 qui
1003 1234 1143 1302 perit
1168 1248 1265 1287 suo
1293 1234 1485 1287 merito
1509 1235 1678 1303 perit;
1709 1246 1761 1290 et
1782 1235 1873 1304 qui
1901 1236 2113 1290 salvan-

525 1332 632 1389 tur,
670 1325 761 1379 Dei
790 1325 959 1394 gratia
1001 1335 1054 1380 et
1084 1329 1427 1381 miseratione
1457 1327 1749 1381 salvantur.
1788 1326 1920 1381 Nam
1960 1328 2115 1397 juxta

522 1413 749 1484 ﬁguram
784 1418 1159 1487 synecdochen
1192 1419 1296 1487 hic,
1329 1434 1540 1484 omnes,
1571 1436 1599 1471 a
1624 1430 1775 1489 parte
1814 1427 1981 1474 totum
2014 1420 2113 1475 de-

520 1505 713 1561 bemus
744 1508 1008 1576 accipere.
1046 1508 1165 1561 Vult
1191 1510 1359 1563 salvos
1385 1510 1519 1578 fieri.
1548 1509 1651 1565 Sed
1672 1526 1837 1580 quare
1868 1526 1972 1564 non
2001 1526 2117 1564 om-

524 1612 625 1654 nes
655 1599 932 1654 salventur
958 1602 981 1654 7
1009 1602 1144 1668 Quia
1187 1603 1365 1671 justus
1396 1615 1476 1659 est
1509 1612 1564 1658 et
1590 1604 1897 1658 misericors
1929 1603 2112 1659 Deus:

526 1689 669 1759 quod
704 1694 854 1746 multi
911 1694 1263 1759 damnantur,
1298 1698 1632 1764 pereuntium
1687 1705 1771 1751 est
1821 1697 2110 1762 meritum,

2220 484 2367 541 omni
2398 484 2703 542 humilitate
2730 495 2890 557 atque
2919 486 3157 544 silentio.
3194 489 3383 547 Docere
3407 501 3592 545 autem
3620 493 3837 547 mulieri

2218 595 2319 632 non
2343 580 2603 647 permitto.
2631 578 2815 634 Virum
2841 595 2945 634 non
2974 581 3133 636 debet
3157 582 3371 638 docere.
3398 583 3695 640 (laterum
3720 586 3836 653 ipse

2217 672 2374 738 dixit,
2397 673 2640 743 juniores
2681 673 2905 729 feminas
2934 674 3119 730 doceri
3151 692 3181 730 a
3221 677 3529 733 senioribus
3577 678 3829 743 debere;

2217 764 2313 819 sed
2342 776 2397 820 et
2429 766 2594 820 ﬁlium
2622 766 2817 829 virum,
2860 766 2945 821 vel
2988 766 3209 822 fratrem
3242 776 3414 837 potest
3442 783 3690 823 monere
3723 771 3827 837 pri-

2218 858 2403 913 vatim.
2439 856 2621 926 Neque
2660 859 2917 912 dominari
2946 859 3001 911 in
3029 860 3212 914 virum.
3259 860 3638 930 Hagisterium
3676 874 3828 915 usuru

2219 951 2418 1022 pando,
2446 952 2529 1005 vel
2551 953 2743 1005 marito
2764 966 2823 1007 se
2851 952 3209 1021 prtcferendo.
3243 954 3349 1009 Sed
3374 956 3565 1008 essein
3592 956 3819 1011 silentio.

2218 1044 2296 1098 Ne
2319 1044 2372 1097 in
2394 1044 2621 1097 ecclesia
2653 1044 2959 1113 loquantur.
2992 1046 3157 1100 Adam
3178 1047 3310 1099 enim
3338 1049 3539 1118 primus
3564 1049 3820 1118 formatus

2218 1144 2312 1199 est,
2331 1135 2513 1187 deinde
2542 1134 2669 1188 Eva.
2696 1136 2893 1190 Reddit
2921 1150 3115 1190 causas
3143 1152 3239 1191 cur
3266 1138 3393 1193 velit
3414 1152 3506 1192 eas
3542 1153 3677 1192 esse
3701 1139 3817 1193 sab-

2213 1229 2382 1299 jectas
2408 1248 2420 1283 :
2444 1230 2671 1296 scilicet,
2701 1233 2823 1302 quia
2854 1242 2908 1289 et
2930 1233 3256 1302 posteriores
3280 1246 3404 1289 sunt
3432 1237 3483 1289 in
3516 1239 3746 1295 ordine.
3767 1244 3816 1290 et

2222 1322 2429 1390 priores
2460 1324 2512 1377 in
2540 1324 2719 1391 culpa.
2764 1324 2831 1378 Et
2871 1325 3039 1379 Adam
3068 1344 3168 1381 non
3201 1339 3272 1382 est
3309 1330 3582 1383 seducius.
3618 1329 3666 1383 Δ
3709 1344 3813 1385 ser-

2222 1423 2400 1481 pente.
2452 1412 2642 1468 Mulier
2669 1426 2837 1469 autem
2864 1418 3072 1471 seducta
3114 1420 3167 1472 in
3217 1421 3656 1491 praevaricatione
3698 1422 3808 1489 fuit.

2218 1504 2447 1559 blandati
2484 1508 2924 1576 praevaricatione
2950 1527 2963 1574 ;
2995 1511 3089 1565 sed
3122 1526 3228 1565 non
3260 1510 3380 1566 ideo
3409 1511 3678 1581 desperet
3701 1528 3807 1568 mtt-

2217 1596 2335 1662 lier,
2368 1598 2490 1667 quia
2520 1614 2615 1669 per
2644 1600 2965 1670 baptismum
2989 1612 3043 1656 et
3069 1602 3181 1669 ipsa
3211 1603 3534 1659 salvabitur.
3571 1603 3803 1659 Saluti-

2220 1696 2303 1741 tur
2326 1698 2497 1743 autem
2532 1707 2620 1760 per
2667 1693 2891 1760 ﬁliorum
2936 1697 3335 1766 generationem.
3371 1694 3489 1750 Non
3534 1696 3687 1763 Eva,
3718 1696 3800 1751 sed

526 1782 669 1848 quod
700 1785 852 1839 multi
881 1786 1184 1849 salvantur,
1221 1788 1478 1841 salvantis
1505 1797 1587 1841 est
1618 1788 1837 1841 donum.
1873 1788 1941 1844 Ut
1969 1788 2111 1842 enim
2143 1773 2192 1835 Β
2219 1780 2450 1837 "mlier:
2480 1784 2603 1852 quia
2636 1783 2747 1837 Eva
2776 1785 2840 1838 ad
2864 1787 3167 1856 exemplum
3202 1787 3429 1842 adducta
3462 1796 3571 1853 est,
3606 1803 3713 1842 non
3740 1786 3801 1843 ὼ

527 1893 652 1933 reus
683 1878 986 1945 damnetur,
1021 1881 1356 1947 inculpabilis
1384 1889 1467 1936 est
1509 1882 1600 1936 Dei
1628 1881 1876 1952 justitia;
1907 1890 1967 1937 ut
1989 1896 2113 1936 reus

519 1970 878 2039 iustificetur,
916 1972 1195 2027 ineﬁabilis
1232 1974 1326 2028 Dei
1368 1985 1450 2029 est
1482 1977 1650 2046 gratia
1682 1994 1697 2033 :
1730 1977 1916 2032 multis
1964 1978 2110 2036 enim

524 2062 803 2116 beneﬁciis
831 2065 1183 2119 ohdurantur.
1232 2064 1299 2118 Et
1328 2067 1395 2118 ad
1424 2068 1737 2138 agnitionem
1781 2073 2005 2125 veritatis
2030 2088 2113 2127 ve-

525 2154 654 2207 nire.
689 2155 909 2209 Constat
942 2158 1107 2212 Dettm
1140 2161 1319 2213 omnia
1368 2161 1505 2215 bona
1534 2162 1714 2229 velle;
1741 2166 1834 2218 sed
1868 2166 2113 2222 homines

522 2260 621 2299 suo
654 2247 781 2301 vitio
827 2250 1226 2319 praecipitantur
1258 2253 1308 2306 in
1353 2256 1530 2309 malis.
1568 2254 1713 2310 Unus
1762 2258 1896 2310 enim
1946 2258 2109 2315 Deus.

518 2336 701 2402 Pater,
736 2349 789 2394 et
830 2341 1017 2407 Filius,
1058 2352 1112 2397 et
1170 2344 1403 2411 Spiritus
1463 2354 1679 2401 sanctus
1729 2349 1969 2404 omnium
2008 2351 2110 2406 ho-

522 2431 729 2484 minum
784 2431 925 2486 Deus
979 2442 1059 2487 est
1103 2452 1114 2486 :
1177 2444 1226 2489 et
1277 2435 1400 2491 ideo
1445 2438 1591 2507 cupit
1637 2454 1825 2496 omnes
1876 2442 2106 2513 salvari,

523 2536 658 2589 quos
708 2521 849 2579 fecit.
882 2525 1195 2595 Quicunque
1235 2536 1412 2583 autem
1461 2532 1763 2599 salvantur,
1804 2535 1971 2604 ipsius
2014 2536 2111 2590 do-

523 2624 595 2663 no
648 2611 942 2667 salvantur.
1004 2614 1247 2671 Sufﬁciat
1299 2619 1476 2688 nobis,
1525 2624 1646 2691 quia
1703 2640 1810 2679 non
1864 2635 1946 2680 est
2001 2626 2107 2681 ini-

521 2702 698 2771 quitas
742 2705 881 2773 apud
913 2706 1100 2775 Deum,
1139 2719 1189 2764 et
1216 2712 1332 2779 quia
1363 2712 1732 2770 inscrutabilia
1762 2717 2105 2788 suntjudicia

520 2792 655 2864 ejus.
696 2795 843 2851 Unus
869 2808 914 2851 et
956 2801 1206 2854 mediator
1238 2801 1334 2857 Dei
1362 2814 1411 2857 et
1450 2805 1736 2862 hominum.
1773 2808 1921 2865 Sicut
1969 2826 2107 2866 unus

520 2884 687 2953 Deus,
736 2889 806 2942 ita
853 2898 908 2945 et
951 2907 1088 2947 unus
1129 2894 1412 2961 mediator,
1459 2898 1562 2953 hoc
1606 2908 1719 2967 est,
1762 2902 1943 2956 nullus
1985 2904 2104 2958 talis

522 2978 807 3044 mediator,
836 2997 1009 3052 neque
1022 2983 1251 3056 Moyses,
1273 3004 1446 3058 neque
1476 2990 1671 3059 aliquis
1697 2994 2103 3062 prophetarum.

522 3068 695 3126 Homo
721 3071 958 3130 Christus
978 3076 1153 3133 Jesus.
1172 3078 1368 3137 Contra
1390 3083 1733 3155 Manichteos,
1765 3088 1888 3158 quia
1903 3090 1971 3145 de
1998 3100 2107 3145 tra-

2220 1872 2335 1940 ipsa
2363 1874 2579 1943 proprie
2607 1875 2905 1942 dicebatur,
2962 1893 3056 1946 per
3086 1879 3315 1933 ﬁliorum
3363 1880 3796 1948 generationem,

2218 1964 2524 2031 nutriendo,
2554 1973 2611 2019 et
2647 1981 2753 2020 non
2798 1967 3060 2036 necando,
3087 1984 3187 2023 nec
3227 1969 3572 2024 abortiendo.
3602 1971 3667 2026 Si
3688 1988 3794 2041 per-

2216 2061 2479 2113 manserit.
2513 2060 2662 2114 Sicut
2691 2061 2936 2129 superius
2961 2061 3029 2115 de
3055 2060 3247 2130 plurali
3278 2078 3505 2117 numero
3534 2064 3605 2117 ad
3627 2068 3795 2133 singu-

2217 2153 2385 2208 larem
2415 2153 2627 2206 transiit
2652 2170 2663 2204 :
2691 2152 2760 2206 ita
2782 2162 2837 2207 et
2867 2152 2951 2206 hic
2974 2154 3111 2207 redit
3133 2154 3199 2208 ad
3220 2154 3505 2222 pluralem.
3534 2156 3789 2211 Caeteru-

2216 2245 2486 2319 quomodo
2512 2244 2715 2314 justitia
2738 2244 2870 2313 justi
2896 2260 3060 2313 super
3088 2247 3264 2315 ipsum
3295 2249 3421 2313 erit,
3452 2260 3508 2303 et
3529 2249 3789 2318 quomodo

2214 2336 2327 2390 Noe
2350 2380 2362 2402 ,
2405 2335 2505 2389 Job
2543 2345 2599 2390 et
2627 2336 2813 2389 Daniel
2842 2335 2985 2390 ﬁlios
3012 2350 3139 2390 suos
3167 2347 3219 2391 et
3250 2338 3387 2391 ﬁlias
3414 2341 3641 2396 minime
3670 2341 3790 2396 lihe-

2214 2430 2426 2494 rahunt,
2460 2430 2505 2483 si
2547 2444 2642 2497 per
2672 2429 2807 2483 ﬁlios
2841 2429 2953 2483 Eva
2980 2430 3314 2485 salvabitur‘!
3345 2430 3442 2485 sed
3465 2448 3656 2487 omnes
3682 2449 3787 2489 mea

2213 2522 2374 2577 lieres
2404 2521 2481 2577 sic
2503 2521 2873 2588 salvabuntur,
2900 2523 2946 2575 si
2974 2522 3029 2576 in
3061 2522 3214 2577 bonis
3236 2524 3495 2592 operibus
3515 2539 3637 2579 cum
3666 2526 3783 2594 ﬁde,

2213 2618 2491 2683 castitate,
2520 2625 2574 2670 et
2606 2616 2718 2670 Deo
2764 2616 2954 2684 placita
2985 2616 3273 2673 dilectione
3312 2622 3700 2686 permanserint
3734 2619 3783 2673 ia

2213 2708 2320 2763 ﬁde
2344 2706 2562 2762 Christi.
2593 2706 2661 2761 Et
2686 2709 2976 2763 dilectione.
3009 2709 3104 2764 Dei
3134 2719 3188 2764 et
3219 2709 3470 2777 proximi.
3500 2710 3570 2764 Et
3603 2711 3783 2764 sancti-

2212 2802 2468 2869 ﬁcatione.
2518 2800 2708 2855 Mentis
2728 2812 2783 2858 et
2812 2803 3073 2873 corporis.
3097 2802 3439 2858 Sanctiﬁcate
3462 2818 3557 2858 vos
3580 2819 3673 2873 per
3694 2803 3782 2858 tri-

2212 2895 2398 2959 duum,
2428 2904 2482 2951 et
2504 2911 2573 2950 ne
2601 2898 2937 2952 secesseritis
2964 2899 3031 2952 ad
3063 2899 3365 2955 mulierem.
3396 2900 3529 2970 Ergo
3563 2904 3785 2956 castitas

2210 2988 2563 3043 sanctiﬁcatio
2588 2989 2804 3045 dicitur.
2829 2990 2956 3044 (.‘um
2981 2992 3278 3050 sobrietate.
3298 2992 3419 3060 Quia
3437 2993 3552 3047 sine
3569 2992 3785 3048 sobrie-

2214 3088 2323 3135 tate
2351 3078 2571 3135 difllcile
2594 3082 2913 3136 custoditur.

518 3162 692 3219 ditare
715 3174 833 3221 erat
862 3167 1122 3237 dicturus,
1154 3172 1273 3229 ideo
1304 3173 1577 3231 hominem
1613 3153 1982 3235 tantummodo
2005 3196 2105 3235 no-
2130 3153 2179 3217 (ἶ
2283 3172 2413 3229 CAP.
2446 3189 2523 3229 ιιι.
2558 3172 2757 3230 Fidelis
2778 3192 2962 3231 sermo.
2993 3176 3053 3233 Si
3082 3179 3200 3247 quis
3223 3179 3565 3250 episcopatum
3592 3178 3785 3234 deside.

516 3256 759 3312 minavit.
797 3259 900 3326 Qui
930 3261 1070 3317 dedit
1094 3265 1494 3335 redemptionem
1522 3270 1849 3338 semetipsum
1874 3288 1968 3341 pro
1989 3288 2103 3327 om-

515 3346 685 3401 nibus.
711 3348 814 3403 Pro
843 3353 1096 3410 omnibus
1123 3356 1337 3426 quidem
1362 3360 1565 3415 ell‘usus
1590 3371 1673 3417 est
1714 3365 1931 3433 sanguis
1957 3364 2108 3421 Chri-

517 3440 619 3504 sti,
650 3441 742 3495 sed
788 3445 1134 3502 credentibus
1165 3451 1421 3519 prodest:
1453 3454 1743 3510 incredulis
1767 3471 1899 3512 vero
1926 3460 2027 3513 erit
2048 3460 2103 3516 in

515 3529 1016 3590 condemnationem
1044 3553 1059 3590 :
1090 3538 1229 3592 sicut
1256 3541 1379 3597 alibi
1422 3544 1536 3612 ipse
1566 3545 1723 3611 dicit,
1753 3547 1887 3601 Aliis
1918 3564 2105 3605 sumus

515 3618 651 3674 odor
676 3621 797 3677 vitae
827 3624 879 3678 in
916 3628 1111 3681 vitam:
1144 3629 1264 3684 aliis
1290 3632 1425 3686 odor
1446 3637 1634 3689 mortis
1656 3637 1707 3690 in
1728 3648 1976 3694 mortem.
2004 3640 2105 3695 Cu-

509 3711 599 3781 jus
627 3716 972 3771 testimonium
1001 3723 1312 3787 temporibus
1333 3727 1441 3780 suis
1460 3730 1818 3795 conﬁrmatum
1842 3742 1935 3788 est.
1967 3735 2102 3803 Quia

517 3812 571 3853 ct
604 3803 880 3871 propheta:
901 3808 1014 3864 suis
1039 3814 1368 3882 temporibus
1396 3819 1703 3877 testimonio
1728 3824 1965 3883 fuerunt.
1993 3827 2103 3883 Νοο

517 3893 736 3950 visslme
763 3897 907 3953 misit
933 3900 1012 3956 eis
1037 3902 1227 3960 Filium
1257 3924 1434 3964 suum.
1456 3910 1523 3965 In
1541 3930 1640 3981 quo
1660 3918 1857 3986 positus
1878 3935 1990 3972 sum
2010 3936 2102 3991 ego

515 3989 825 4055 praedicator
851 4001 898 4045 et
924 3997 1205 4066 apostolus.
1251 4001 1307 4055 ltt
1359 4006 1745 4078 testimonium,
1779 4012 1900 4080 quia
1946 3989 2103 4071 Iesus

515 4085 600 4131 Cal
630 4080 796 4175 ilius
827 4083 939 4140 Dei.
998 4088 1273 4147 Veritatem
1321 4097 1438 4152 dico
1459 4140 1474 4164 ,
1506 4117 1607 4175 negt
1648 4104 1893 4171 mentior,
1923 4108 2103 4162 doctor

513 4174 733 4243 gentium
751 4176 804 4231 in
824 4177 930 4246 ﬁde
950 4189 998 4235 et
1015 4185 1263 4255 veritate;
1279 4190 1392 4244 uolo
1413 4208 1532 4262 ergo
1556 4174 1688 4248 uiros
1718 4212 1868 4252 orare
1889 4198 1943 4252 in
1964 4199 2102 4253 omni

511 4262 645 4361 loco.
670 4266 738 4321 Ut
759 4272 1011 4339 magister
1033 4277 1271 4344 gentium
1292 4281 1381 4336 dat
1404 4282 1573 4353 legem
1592 4288 1779 4342 orandi
1797 4304 1810 4341 :
1828 4304 2099 4361 nunquam

510 4356 577 4449 tle
602 4361 845 4418 oratione
869 4367 1169 4435 statuisset,
1205 4372 1307 4427 nisi
1339 4375 1513 4445 aliqua
1545 4376 1667 4431 huic
1696 4381 1923 4449 quaistio
2013 4383 2102 4438 Ju-

510 4448 641 4543 daels
669 4457 871 4510 moveri
890 4471 1067 4529 erepta
1089 4477 1231 4519 esset
1260 4468 1566 4525 volentibus
1596 4471 1647 4526 in
1669 4448 1867 4543 templo
1895 4477 2096 4532 solum-

512 4538 693 4626 modo,
730 4545 870 4610 quod
911 4559 1026 4602 erat
1063 4551 1481 4626 Hierosolymis,
1529 4538 1792 4617 adorare;
1830 4564 2094 4622 Levantes.
2126 4540 2182 4603 D

512 4625 752 4684 Testalio
783 4634 1104 4695 innocentia:
1138 4656 1219 4699 est
1250 4664 1501 4705 manuum
1553 4656 1745 4711 oratio.
1779 4656 1951 4713 Puras
1982 4678 2098 4715 ma-

512 4734 628 4775 nus.
653 4722 696 4776 A
722 4726 871 4781 ctede
914 4738 967 4784 et
997 4738 1278 4805 sanguine,
1308 4741 1453 4794 omni
1484 4756 1649 4811 opere
1677 4747 1839 4801 malo.
1877 4749 2099 4808 Sineira

511 4824 558 4867 et
589 4817 977 4887 disceptatione.
1011 4825 1127 4883 Non
1159 4831 1330 4886 solum
1376 4848 1559 4903 opere.
1617 4837 1871 4895 Similiter
1908 4852 1957 4897 et
1986 4860 2099 4899 ntu-

511 4907 677 5005 lieres.
708 4910 761 4964 lu
793 4917 1042 4975 omnibus
1069 4936 1186 4990 qua:
1212 4922 1278 4980 de
1311 4925 1439 4982 viris
1460 4928 1614 4984 dixit.
1647 4928 1712 4985 In
1734 4931 1913 4989 habitu
1940 4953 2095 4993 orna-

511 5023 584 5073 to,
613 5027 728 5065 cum
751 5021 1053 5073 verecundia
1080 5031 1128 5075 et
1152 5024 1447 5084 sobrietate.
1479 5029 1605 5085 Haec
1628 5041 1755 5087 sunt
1782 5046 2094 5095 ornamenta

512 5101 722 5157 femina:
752 5104 1088 5166 Christianm.
1122 5112 1376 5171 Ornantes
1404 5135 1456 5172 se
1484 5137 1583 5174 non
1614 5124 1817 5179 intortis
1846 5126 2095 5183 crinibus.

511 5188 624 5246 Non
651 5194 810 5250 debet
836 5202 1171 5258 occasionem
1204 5221 1460 5275 prestaze
1498 5217 1967 5285 concupiscentiae.
1996 5221 2098 5274 Aut

508 5298 660 5375 nitro,
692 5299 778 5341 aut
802 5295 1113 5361 margaritis.
1140 5297 1271 5365 Quin
1303 5311 1457 5357 terra:
1487 5316 1610 5360 sunt
1633 5318 1969 5375 ornamenta,
2001 5325 2097 5364 cu-

505 5371 595 5441 jus
622 5376 778 5433 homo
807 5392 887 5436 est
909 5385 1059 5439 deus.
1105 5386 1199 5442 Vel
1228 5402 1360 5447 veste
1383 5398 1622 5463 pretiosa.
1646 5397 1711 5452 Ut
1739 5414 1842 5466 qua
1867 5414 1932 5453 ne
1955 5371 2096 5456 unus

510 5472 722 5537 quidem
747 5475 979 5541 calefiat,
1000 5482 1141 5537 unde
1166 5496 1388 5553 possunt
1411 5488 1656 5556 ejusdem
1683 5499 1886 5545 natura:
1913 5492 2096 5548 vestiri

512 5565 910 5631 qmmplurimi.
944 5571 1050 5626 Sed
1097 5578 1236 5644 quod
1265 5576 1407 5631 decet
1456 5580 1716 5646 mulieres,
1749 5584 2097 5650 promittentes

513 5656 750 5709 virtutem
777 5677 865 5731 per
906 5680 1058 5738 Opera
1085 5668 1235 5721 bona.
1271 5669 1376 5723 Ista
1402 5684 1529 5738 ergo
1577 5680 1699 5724 sunt
1739 5688 1844 5729 non
1874 5678 2095 5743 promit-

518 5753 765 5841 tentium,
793 5755 886 5818 sed
918 5759 1224 5847 negantium
1245 5760 1567 5823 castitatem.
1598 5762 1789 5825 Mulier
1810 5768 1864 5824 in
1890 5768 2099 5861 silentio

2211 3275 2313 3321 rat.
2346 3266 2422 3323 De
2445 3265 2547 3322 hoc
2574 3267 2706 3322 dicit
2732 3269 2822 3339 qui
2850 3268 3181 3325 ordinandus
3212 3280 3316 3339 est,
3341 3270 3516 3342 qualis
3542 3270 3669 3343 eligi
3695 3271 3782 3326 de-

2210 3357 2373 3414 beat:
2408 3358 2639 3428 primum
2667 3360 2829 3415 laicos
2858 3361 3085 3417 instituit
3123 3363 3400 3431 utriusque
3445 3377 3640 3428 sexus,
3667 3363 3779 3434 quia

2210 3459 2265 3505 et
2291 3450 2361 3505 de
2385 3450 2517 3519 ipsis
2543 3452 2597 3506 in
2625 3451 2985 3508 sacerdotium
3007 3454 3296 3523 eliguntur.
3324 3453 3527 3509 Bonum
3548 3472 3674 3525 opas
3699 3456 3779 3510 de-

2209 3541 2419 3595 siderat.
2472 3542 2620 3611 Opus
2646 3542 2802 3607 dixit,
2835 3557 2941 3598 non
2988 3542 3269 3600 honorem.
3302 3544 3517 3616 Oportet
3546 3545 3779 3618 ergoepi-

2209 3647 2420 3703 scapum
2465 3633 2957 3701 irrepreltensibilem
3002 3652 3131 3691 esse.
3178 3638 3327 3692 Sicut
3351 3636 3419 3692 ad
3460 3637 3638 3692 Titum
3662 3638 3779 3692 dixit

2207 3723 2328 3778 sine
2357 3724 2608 3791 crimine,
2643 3726 2967 3795 generaliter
3006 3728 3209 3797 primo,
3256 3736 3439 3798 postea
3487 3729 3777 3798 specialiter

2209 3819 2451 3873 membra
2475 3818 2590 3887 ipsa
2622 3818 3043 3890 distinguuntur.
3082 3818 3249 3875 Unius
3278 3820 3456 3874 uxoris
3486 3822 3672 3877 virum.
3704 3819 3781 3875 Vi-

2208 3913 2497 3984 gilantem,
2544 3912 2590 3969 si
2620 3914 2696 3969 illi
2729 3930 2797 3970 ne
2848 3913 2951 3969 hoc
2978 3915 3123 3982 licet,
3171 3915 3314 3986 quod
3346 3916 3433 3970 vel
3466 3916 3608 3971 laico
3635 3916 3777 3983 licet,

2208 4008 2331 4079 quid
2364 4007 2435 4063 de
2478 4009 2691 4063 emeris
2714 4008 3052 4064 sentiendum
3083 4010 3209 4064 est?
3240 4010 3503 4065 Sobriunt.
3531 4010 3618 4064 Ab
3646 4009 3780 4063 omni

2208 4101 2489 4157 ebrietate.
2518 4099 2854 4165 Prudentem,
2888 4110 3150 4168 ornatum,
3176 4102 3498 4171 hospitalem.
3528 4102 3781 4156 Omnibus

2206 4193 2539 4262 spiritalibus
2570 4194 2924 4248 ornamentis.
2955 4192 3248 4247 Doctorent.
3275 4191 3342 4247 Ut
3362 4201 3469 4247 tam
3495 4193 3668 4247 verbo
3694 4192 3784 4245 do-

2207 4297 2326 4342 ceat
2347 4300 2510 4357 quam
2540 4286 2810 4357 exemplo.
2842 4285 2899 4341 Si
2919 4300 3107 4340 omnes
3129 4286 3325 4342 debent
3349 4287 3488 4342 scire
3520 4283 3784 4354 quomodo

2206 4379 2496 4449 unicuique
2525 4378 2919 4447 respondeant,
2952 4388 3154 4449 quanto
3196 4378 3365 4448 magis
3415 4377 3693 4442 sacerdos,
3725 4374 3786 4430 de

2207 4471 2363 4541 cujus
2388 4486 2481 4526 ore
2514 4472 2683 4541 legem
2706 4472 3010 4541 exquirent,
3054 4472 3178 4540 quia
3205 4470 3426 4540 angelus
3452 4470 3668 4524 Domini
3687 4482 3785 4523 om-

2208 4564 2498 4633 nipotentis
2524 4564 2648 4619 est?
2676 4561 2798 4618 Non
2831 4564 3160 4619 vinolentum.
3192 4563 3260 4618 Ut
3286 4562 3606 4617 ﬁducialiter
3628 4562 3789 4632 possit

2209 4656 2552 4711 sobrietatem
2581 4655 2797 4712 docere.
2832 4654 2954 4709 Non
2976 4672 3344 4727 percussorem,
3366 4656 3453 4709 sed
3474 4656 3787 4719 modestum;

2208 4766 2311 4805 non
2340 4750 2634 4823 litigiosum.
2670 4750 2797 4806 Sive
2823 4765 2892 4806 ne
2937 4750 3185 4820 petulans
3217 4750 3287 4806 sit
3323 4749 3645 4818 incedendo,
3683 4750 3790 4806 sive

2206 4858 2277 4899 ne
2304 4842 2551 4911 exemplo
2580 4858 2680 4897 suo
2709 4842 3069 4898 conscientias
3098 4840 3255 4898 feriat
3282 4842 3634 4899 inﬁrmorum.
3666 4840 3792 4899 Non

2206 4936 2476 5003 cupidum.
2507 4933 2781 5002 Cupiditas
2810 4934 2954 4987 enim
2986 4941 3241 5001 provocat
3269 4932 3335 4987 ad
3364 4933 3484 4988 lites
3510 4940 3566 4986 et
3587 4933 3789 5003 jurgia.

2209 5027 2334 5081 Sua:
2362 5027 2535 5080 domui
2556 5027 2678 5079 bene
2707 5024 3038 5095 prtepositum
3055 5041 3075 5089 ;
3100 5024 3239 5091 filios
3268 5022 3532 5077 habentem
3559 5023 3794 5079 subditos

2209 5135 2325 5172 cum
2349 5118 2487 5171 omni
2506 5118 2758 5171 castitate.
2790 5116 2907 5185 Ipse
2931 5116 3183 5185 exposuit
3212 5117 3264 5171 in
3287 5116 3651 5187 sequentibus.
3688 5116 3795 5171 Hoc

2205 5218 2307 5274 est,
2334 5210 2380 5265 si
2411 5210 2548 5264 filios
2577 5209 2628 5263 in
2655 5208 2898 5262 castitate
2929 5216 2985 5263 et
3015 5208 3315 5263 humilitate
3359 5207 3614 5274 nutrivit,
3646 5217 3717 5263 ut
3745 5207 3796 5262 ia

2208 5299 2310 5355 hoc
2346 5300 2459 5369 ejus
2488 5299 2761 5369 diligentia
2791 5298 3173 5369 comprobatur
3208 5316 3223 5354 :
3262 5300 3308 5353 si
3338 5299 3480 5353 enim
3506 5313 3711 5369 paucos
3738 5298 3797 5353 ο.

2247 5406 2307 5444 os
2337 5404 2462 5445 suos
2488 5392 2703 5445 erudire
2723 5391 2969 5459 nescivit,
2996 5390 3266 5460 quomodo
3298 5399 3471 5445 tantos
3502 5390 3639 5445 ﬁlios
3672 5389 3790 5455 Dei,

2206 5485 2307 5540 hoc
2352 5495 2435 5541 est
2471 5501 2682 5540 onmem
2730 5486 2985 5556 populum
3030 5483 3381 5555 gubernabit,
3421 5484 3575 5555 cujus
3610 5496 3797 5540 more!

2203 5581 2495 5637 secundum
2535 5595 2815 5637 numerum
2846 5580 3044 5636 diversi
3072 5580 3237 5635 sunt?
3265 5579 3328 5635 Si
3353 5581 3471 5651 quis
3499 5587 3673 5633 autem
3700 5580 3795 5633 do-

2202 5675 2307 5728 mui
2336 5689 2444 5729 sua:
2458 5690 2673 5745 praeesse
2694 5675 2872 5739 nescit,
2892 5673 3145 5743 quomodo
3178 5670 3426 5727 Ecclesia:
3447 5670 3545 5728 Dei
3566 5672 3795 5769 dilige“:

2202 5773 2325 5830 tiam
2355 5770 2601 5831 habebit?
2629 5770 2706 5831 No
2734 5783 2830 5831 eos
2853 5769 2932 5830 sic
2970 5769 3305 5845 negligenter
3322 5766 3641 5839 admoneat.
3675 5766 3794 5829 Cas
