3982 6352
191 281 299 336 665

978 290 1045 350 ΙΝ
1083 291 1472 358 EPISTOLAM
1513 299 1530 357 Ι
1571 303 1663 360 ΑΙ)
1700 303 2109 370 TIMOTHEUM
2148 311 2677 382 COMMENTARIA.

3375 335 3478 395 666

191 413 364 458 terum
405 402 452 459 si
485 403 622 463 bene
662 407 848 466 nutriti
900 409 1249 472 insoleverint
1270 458 1285 485 ,
1318 419 1475 490 culpa
1530 436 1635 477 non
1679 423 1782 482 erit
1809 427 1863 489 Α
1885 438 2067 485 scetur
2099 447 2164 487 ex
2210 441 2262 489 te
2291 448 2534 495 sanctum
2567 441 2847 502 vocabitur
2877 443 3042 506 Filius
3071 447 3191 506 Dei.
3223 452 3477 526 Apparuit

191 495 367 526 θαι-,ζα
423 497 535 526 Νι...
563 505 870 526 ..--..L-..--.._
920 505 1094 526 n1__..__,
1143 525 1172 526 η
1259 519 1272 526 -
1429 512 1472 526 ιν
1536 516 1547 526 .
2030 525 2054 526 η
2147 525 2158 526 γ

191 495 388 552 Patris.
414 497 537 553 Non
563 505 890 573 neophytum.
917 505 1097 576 Nuper
1124 519 1392 568 renatum.
1421 512 1503 567 Ne
1529 516 1582 568 in
1601 533 1784 584 super-
1883 525 2100 595 angelis.
2131 515 2356 594 Quando
2386 495 2672 589 multitudo
2696 538 3005 608 angelorum
3036 495 3476 603 dicebaniiGlo-

188 586 275 640 bitt
299 589 486 644 elatus.
518 592 650 657 Quia
681 594 786 650 cito
818 605 992 664 potest
1025 612 1119 668 per
1150 601 1504 672 ignorantiam
1531 609 1777 678 exaltari,

185 687 245 734 et
278 690 466 746 putare
492 697 552 738 se
581 699 686 740 non
717 696 822 742 tam
854 689 1089 746 ofﬁcium
1137 693 1450 750 humilitatis
1479 713 1638 767 quam
1679 701 1779 755 ad-

186 770 640 830 ministrationem
665 781 848 836 sreculi
878 786 1208 854 suscepisse:
1233 796 1286 842 et
1312 789 1435 859 quia
1463 790 1536 845 illi
1561 793 1611 847 ill
1632 792 1780 850 fonte

189 862 413 918 dimissa
459 879 583 922 sunt
614 882 851 940 peccata,
883 884 939 930 et
982 893 1171 932 recens
1199 882 1508 948 assumitur,
1542 885 1703 941 elatio
1728 887 1779 942 ei

184 955 316 1013 inde
361 971 627 1016 nascatur.
663 965 727 1018 In
764 968 1019 1034 judicium
1062 973 1254 1027 incidat
1308 977 1520 1033 diaboli.
1551 979 1652 1045 Qui
1684 997 1779 1051 per

182 1050 490 1115 superbiam
520 1056 759 1126 dejectus
789 1070 890 1117 cst.
932 1063 1140 1133 Oportet
1181 1081 1347 1124 autem
1376 1073 1524 1127 illum
1551 1089 1597 1128 et
1638 1050 1776 1131 testi-

187 1141 414 1195 tnonium
443 1146 625 1202 habere
652 1149 861 1207 bonum.
895 1155 1020 1210 Sine
1045 1158 1341 1217 offensione
1371 1177 1546 1220 eStote
1574 1166 1776 1224 ιυιιωίς

181 1241 243 1287 et
263 1233 466 1292 Graecis
487 1249 540 1293 et
573 1242 824 1300 Ecclesiis
849 1247 962 1305 Dei.
987 1250 1190 1308 Omnes
1219 1257 1362 1310 enim
1396 1270 1592 1315 norunt
1624 1274 1774 1316 natu-

178 1329 370 1384 raliter
397 1333 652 1392 damnare
683 1340 832 1406 vitia,
864 1352 917 1396 et
944 1343 1162 1402 laudare
1186 1352 1430 1407 virtutes.
1463 1354 1537 1406 Ab
1582 1357 1660 1408 llis
1685 1357 1774 1426 qui

178 1423 312 1488 [oris
333 1434 482 1492 sunt,
517 1440 572 1480 ut
599 1446 701 1483 non
731 1432 784 1485 in
814 1439 1142 1501 opprobrium
1193 1441 1449 1499 incidant.
1482 1445 1636 1499 Foris
1666 1448 1770 1502 Ec-

177 1511 424 1570 clesiam.
462 1517 525 1570 Et
572 1521 807 1590 laqueum
836 1528 1048 1583 diaboli.
1095 1532 1173 1586 Ne
1204 1550 1300 1602 per
1325 1536 1476 1591 illum
1525 1539 1772 1598 diabolus

176 1604 380 1660 multos
403 1608 678 1680 illaqueet,
709 1619 799 1685 qui
831 1630 1077 1686 poterant
1104 1625 1216 1682 ﬁeri
1240 1628 1551 1686 Christiani.
1581 1635 1772 1690 Diaco-

175 1709 288 1750 nes.
331 1698 600 1766 Quaeritur
627 1723 722 1762 cur
743 1709 809 1765 de
833 1715 1160 1786 presbyteris
1183 1722 1382 1776 nullam
1415 1725 1598 1781 fecerit
1617 1746 1768 1784 men-

179 1786 381 1844 tionem
410 1811 422 1844 :
449 1797 542 1848 sed
575 1799 626 1850 in
665 1801 929 1872 episcopis
961 1809 1121 1862 etiam
1157 1813 1495 1884 presbyteros
1524 1833 1769 1889 compre-
1800 1810 1844 1869 B

177 1877 386 1947 hendit,
416 1890 536 1954 quia
562 1894 846 1958 secundus,
879 1905 932 1952 et
965 1915 1100 1966 pene
1125 1918 1261 1958 unus
1284 1917 1366 1961 est
1395 1911 1609 1978 gradus,
1633 1913 1770 1970 sicut

176 1975 365 2031 multis
391 1979 783 2050 Scripturartlm
835 1991 1154 2050 testimoniis
1185 2003 1582 2066 comprobatur.
1610 2006 1768 2060 Simi-

174 2069 295 2122 liter
318 2075 558 2139 pudicos,
589 2082 916 2137 continentes.
970 2086 1496 2158 lrreprehensibiles.
1532 2099 1652 2155 Non
1693 2105 1768 2157 bi-

176 2159 405 2228 lingues.
437 2163 514 2218 Ne
544 2177 597 2221 et
619 2172 938 2228 maledicunt
963 2195 975 2229 :
1002 2178 1102 2233 hoc
1123 2187 1360 2239 estenim
1389 2190 1543 2243 unius
1576 2193 1765 2261 lingua:

174 2255 416 2311 officium
446 2255 737 2329 duplicare.
772 2268 878 2334 Vel,
912 2273 1054 2326 aliud
1084 2278 1268 2343 corde,
1301 2282 1444 2335 aliud
1467 2299 1559 2339 ore
1591 2255 1766 2354 profe-

169 2358 373 2400 rentes.
401 2349 520 2404 Non
545 2357 704 2408 multo
727 2360 839 2412 vino
867 2361 1085 2416 deditos.
1112 2365 1390 2425 Concessit
1407 2389 1500 2442 pro
1525 2380 1765 2433 llccessi-

169 2445 284 2491 tate
303 2454 508 2510 parum,
529 2447 652 2514 quia
676 2452 897 2506 multum
923 2456 1224 2526 denegavit.
1254 2461 1372 2516 Non
1391 2474 1536 2534 turpe
1560 2467 1761 2525 lucrum

167 2541 440 2586 sectantes.
477 2536 655 2607 Turpe
693 2541 920 2610 lucrum,
971 2547 1037 2602 de
1066 2552 1379 2608 caelestibus
1410 2564 1760 2618 sacramentis

168 2631 415 2680 terrenas
443 2643 572 2697 Opes
593 2637 927 2704 conquirere.
950 2639 1212 2698 [labentes
1241 2651 1532 2716 mysterium
1563 2653 1686 2721 ﬁdei
1707 2656 1760 2708 in

167 2719 484 2774 conscientia
517 2742 667 2791 pura.
720 2729 1029 2800 Mysteriunl
1085 2735 1207 2792 ﬁdei
1239 2751 1350 2806 est,
1398 2745 1538 2812 quod
1585 2749 1761 2812 passio

169 2810 371 2866 Christi
399 2819 694 2874 reme-dium
723 2837 802 2877 est
829 2827 1012 2882 salutis
1035 2829 1300 2887 humanae.
1327 2834 1382 2890 Si
1407 2851 1534 2907 ergo
1560 2839 1658 2894 hoc
1681 2841 1762 2896 in-

167 2905 366 2974 telligit
417 2925 577 2979 pure,
618 2925 669 2970 et
712 2932 817 2972 non
868 2923 1216 2980 confunditur
1253 2927 1320 2984 de
1373 2905 1760 2990 llutnililatihlls

164 2997 392 3056 Christi.
427 3003 554 3060 Sive
576 3017 629 3061 lit
656 3019 876 3080 propter
907 3015 1007 3070 hoc
1036 3018 1236 3084 solum,
1269 3021 1410 3091 quod
1439 3023 1597 3081 debet
1625 3043 1760 3095 prte-

164 3089 360 3160 dicari,
405 3109 472 3150 ne
515 3097 782 3155 existimet
821 3114 1081 3171 qumstnm
1125 3123 1248 3165 esse
1288 3089 1572 3181 pietatem.
1606 3089 1674 3170 Et
1704 3119 1760 3173 lli

160 3191 338 3238 autem
360 3187 637 3256 probentur
665 3193 908 3262 primum,
936 3208 981 3250 et
1005 3199 1078 3252 sic
1093 3202 1400 3259 ministrent.
1432 3206 1550 3263 Non
1579 3212 1751 3268 solum

159 3277 474 3349 episcopus,
498 3284 592 3339 sed
617 3296 671 3340 et
694 3287 767 3342 hi.
795 3287 1013 3345 Nullum
1034 3294 1227 3349 crimen
1250 3297 1506 3354 habentes.
1539 3300 1752 3359 Crimen

158 3368 303 3426 dixit
328 3387 469 3442 esse,
496 3377 538 3431 si
561 3378 760 3449 aliquid
785 3381 852 3436 de
878 3382 962 3440 llis
982 3386 1270 3444 virtutibus
1295 3392 1470 3448 minus
1499 3397 1752 3453 sacerdos

159 3458 249 3515 vel
296 3461 454 3519 levita
505 3466 700 3524 habeat
752 3471 999 3546 Christi;
1030 3478 1114 3534 vel
1141 3491 1289 3536 certe
1316 3483 1384 3539 de
1437 3487 1752 3556 capitalibus

157 3557 422 3624 peccatis.
446 3555 772 3627 Notandum,
797 3566 917 3634 quia
940 3582 1044 3624 llon
1068 3570 1224 3638 dixit,
1250 3575 1450 3632 nullum
1471 3555 1750 3647 peccatum

159 3645 449 3704 habentes.
485 3651 728 3710 Mulieres
753 3659 989 3714 similiter
1015 3666 1253 3734 pudicas,
1274 3685 1374 3723 non
1406 3645 1749 3743 detrahentes,

157 3738 382 3829 sobrias.
406 3741 662 3801 Similiter
689 3759 745 3804 ut
771 3751 1026 3809 diacones
1052 3757 1174 3828 eligi
1199 3759 1371 3829 jubet.
1402 3763 1552 3821 Unde
1581 3738 1752 3824 mani;

157 3827 359 3886 festum
387 3846 470 3889 est
498 3839 638 3906 quod
668 3840 736 3896 de
771 3843 873 3899 illis
902 3848 1030 3902 dicit
1059 3827 1212 3920 quasi
1232 3854 1285 3908 in
1313 3854 1535 3913 Oriente
1565 3860 1750 3916 diaco-

159 3923 338 3979 nissas
363 3930 653 3998 appellant.
703 3933 910 3992 Fideles
940 3942 992 3995 in
1044 3946 1297 4002 omnibus.
1329 3947 1385 4003 ln
1419 3951 1564 4006 nullo
1594 3953 1750 4008 dubi-

157 4024 359 4072 tantes.
391 4019 642 4078 Diacones
670 4027 771 4079 sint
799 4031 952 4084 unius
981 4037 1157 4089 uxoris
1188 4038 1306 4091 uiri.
1324 4040 1439 4094 Non
1466 4051 1542 4109 ut,
1572 4045 1616 4097 si
1640 4061 1748 4100 non

157 4107 478 4178 habuerint,
514 4114 748 4173 ducant:
781 4122 873 4175 sed
910 4139 976 4179 ne
1007 4126 1138 4180 duas
1167 4129 1489 4187 habuerint:
1521 4107 1566 4188 si
1607 4137 1748 4192 enim

157 4199 460 4270 digniorem
492 4222 625 4261 uxor
654 4208 797 4278 facit,
827 4228 994 4283 quare
1037 4233 1142 4274 non
1171 4228 1227 4274 et
1271 4221 1465 4291 digami
1494 4228 1750 4282 ordinen-

156 4294 284 4349 tur?
315 4298 414 4363 Qui
441 4300 563 4368 ﬁliis
589 4305 696 4359 suis
724 4306 847 4360 bene
875 4323 1122 4377 praesunt,
1151 4323 1198 4367 et
1222 4317 1328 4369 suis
1359 4317 1613 4374 domibus.
1644 4321 1750 4377 lie-

154 4389 294 4457 petit
324 4394 465 4459 quod
496 4396 674 4451 minus
704 4399 932 4455 dixerat.
972 4403 1075 4468 Qui
1100 4408 1233 4458 enim
1278 4409 1401 4460 bene
1429 4414 1745 4466 ministrave-

151 4483 285 4550 rint,
318 4487 540 4554 gradum
568 4490 662 4541 sibi
690 4491 876 4545 bonum
901 4496 1185 4562 acquirent.
1217 4499 1350 4552 Sllllt
1376 4503 1518 4554 enim
1551 4503 1748 4572 gradus

151 4574 417 4628 minores.
472 4577 674 4633 Bonum
708 4582 794 4636 hic
831 4597 929 4652 pro
973 4589 1156 4655 grandi
1190 4594 1386 4658 posuit.
1423 4591 1491 4644 Et
1533 4597 1747 4652 multum

152 4665 402 4735 fiduciam
423 4666 477 4720 in
503 4668 604 4736 fide
624 4688 738 4741 qute
752 4684 825 4728 est
850 4677 903 4730 in
927 4677 1128 4734 Christo
1152 4680 1294 4736 Jcsu.
1321 4683 1386 4737 Et
1407 4686 1547 4755 apud
1578 4685 1745 4744 Deum

154 4757 462 4825 petendi,et
484 4763 623 4829 apud
651 4763 895 4821 homines
917 4769 1163 4828 docendi.
1189 4773 1318 4828 ΙΙιεε
1340 4777 1432 4830 tibi
1456 4779 1642 4843 scribo,
1669 4780 1748 4847 ﬁli

157 4845 439 4917 Tinlotllee,
472 4869 683 4923 sperans
712 4873 791 4911 me
821 4860 988 4914 vellire
1027 4863 1096 4915 ad
1123 4875 1170 4919 te
1199 4867 1321 4920 cito.
1356 4868 1425 4921 Et
1455 4870 1663 4937 plenius
1694 4880 1747 4928 te

155 4939 444 4998 instruere.
476 4945 539 4999 Si
554 4955 722 5000 autem
753 4951 1045 5021 tardavero,
1069 4965 1122 5008 ut
1145 4959 1277 5011 scias
1306 4965 1563 5029 quomodo
1585 4979 1744 5035 opor-

157 5041 258 5084 teat
280 5041 329 5085 te
349 5035 400 5087 in
423 5037 577 5089 domo
601 5037 698 5093 Dei
722 5047 1029 5099 conversari.
1054 5047 1118 5102 Ut
1147 5054 1522 5109 auctoritatem
1546 5055 1744 5113 habeas

156 5123 334 5177 omnia
367 5141 460 5193 pro
492 5142 577 5182 me
607 5131 775 5199 probe
801 5134 1073 5190 ordinare.
1123 5139 1251 5205 Quae
1274 5152 1349 5195 est
1384 5143 1614 5200 Ecclesia
1647 5147 1743 5202 Dei

155 5214 269 5278 uiri,
318 5217 554 5272 columna
584 5231 629 5273 et
678 5225 1052 5286 ﬁrmamentum
1092 5233 1335 5289 veritatis.
1371 5236 1427 5291 lll
1469 5254 1572 5308 qua
1627 5243 1740 5298 sola

156 5321 298 5359 nunc
317 5310 510 5365 veritas
532 5322 637 5368 stat
661 5315 888 5384 ﬁrmata,
907 5327 961 5374 et
983 5336 1099 5386 qua:
1125 5324 1241 5378 sola
1266 5333 1435 5382 totum
1453 5331 1736 5387 tediﬁcium

155 5400 381 5454 Sustinet
401 5404 655 5458 veritatis.
680 5405 746 5459 Et
771 5411 1036 5480 manifeste
1060 5431 1297 5486 magnum
1326 5427 1397 5472 est
1425 5422 1628 5494 pietatis
1654 5441 1741 5478 sa-

157 5503 489 5547 cramentum.
517 5496 814 5555 lncarnalio
835 5503 1052 5574 Christi,
1078 5523 1174 5578 per
1194 5526 1349 5580 quam
1381 5515 1552 5580 pietas
1579 5527 1660 5571 est
1683 5519 1739 5573 in

158 5585 402 5639 omnibus
430 5588 585 5644 facta.
611 5591 761 5658 Quod
793 5600 1170 5669 manifestatum
1201 5616 1272 5657 est
1296 5607 1348 5659 in
1371 5624 1540 5663 carne.
1559 5611 1736 5677 Quan-

159 5675 223 5728 do
257 5677 487 5734 Verbum
521 5697 644 5739 caro
668 5685 863 5742 factum
893 5703 992 5746 est.
1023 5693 1376 5759 Iusti/iratum
1406 5710 1478 5754 est
1507 5703 1559 5757 in
1582 5675 1740 5774 spiri-

163 5778 231 5826 tu.
266 5769 495 5841 Spiritus
527 5775 622 5834 Dei
651 5780 826 5838 veniet
854 5797 1015 5854 super
1039 5797 1089 5846 te
1117 5806 1128 5840 :
1156 5801 1441 5864 propterea
1469 5769 1618 5866 quod
1641 5811 1736 5857 na-

1885 619 1966 672 ria
1994 619 2046 674 in
2079 622 2312 678 excelsis
2343 625 2473 695 Deo,
2508 637 2564 682 et
2593 634 2806 700 quando
2830 634 2879 690 ei
2912 635 2965 692 in
2997 652 3181 694 eremo
3205 644 3468 700 ministra-

1883 708 2032 765 bant.
2068 710 2412 771 Prtedicatum
2441 731 2512 774 est
2536 725 2792 792 gentibus.
2815 729 2964 783 Sicut
2984 732 3057 786 ait
3079 731 3297 791 Simeon
3326 755 3341 790 :
3366 737 3474 793 Lu-

1882 817 2008 858 men
2027 805 2092 859 ad
2114 807 2498 867 revelationem
2520 820 2782 884 gentium.
2820 819 3080 879 Creditum
3098 839 3170 880 est
3186 830 3236 882 in
3255 831 3469 888 mundo.

1881 896 1963 950 Ab
1993 905 2218 968 utroque
2248 904 2466 972 populo.
2501 908 2824 983 Assumptum
2854 925 2928 969 est
2966 918 3019 970 in
3047 920 3233 989 gloria.
3273 921 3472 978 Viden-

1883 990 2019 1044 tibns
2049 994 2309 1061 apostolis
2340 1012 2651 1070 assumptus
2679 1019 2759 1058 est
2785 1005 2836 1060 ill
2865 1010 3084 1064 ctelum.

1950 1083 2079 1139 CAP.
2109 1102 2181 1141 lv.
2209 1088 2436 1160 Spiritus
2459 1107 2627 1148 autem
2651 1099 2795 1165 dicit,
2814 1102 2932 1170 quia
2957 1104 3008 1157 in
3033 1106 3318 1162 novissimis
3341 1115 3468 1163 tem-

1881 1177 2090 1244 pOribus
2122 1182 2377 1236 discedent
2406 1187 2616 1255 quidam
2643 1206 2673 1242 a
2699 1192 2822 1260 ﬁde,
2853 1197 3160 1254 attendentes
3201 1202 3467 1269 spiritibus

1878 1273 2086 1324 erroris.
2124 1272 2247 1327 illnc
2293 1275 2422 1330 dicit
2451 1279 2679 1347 Spiritus
2727 1297 2963 1354 sanctus,
2997 1305 3147 1345 more
3179 1294 3466 1363 propheta-

1878 1375 2016 1415 rum.
2048 1362 2114 1416 Et
2145 1364 2388 1421 doctrinis
2434 1371 2827 1429 dwmoniorunt.
2860 1380 3045 1434 Omnis
3086 1382 3336 1440 ham-lica
3365 1387 3465 1443 d0-

1878 1455 2045 1508 clrina
2076 1456 2465 1515 daemoniorum
2514 1475 2630 1520 arte
2656 1470 2947 1536 compasila
2979 1484 3080 1528 est.
3110 1473 3176 1528 In
3206 1478 3467 1546 hypocrisi

1878 1545 2190 1616 loquentium
2213 1553 2551 1621 mendacium,
2576 1566 2621 1610 et
2641 1563 2974 1615 cautel‘iatam
3003 1561 3296 1620 habentium
3317 1585 3464 1623 suam

1877 1640 2256 1694 conscientiam.
2294 1647 2346 1698 In
2379 1646 2649 1715 hypocrisi
2689 1651 2995 1721 loquuntur,
3027 1659 3262 1725 quicum
3295 1659 3463 1716 forni-

1875 1731 1985 1782 cari
2037 1745 2147 1783 non
2175 1732 2392 1786 timeant
2414 1777 2429 1802 ,
2463 1747 2565 1790 tam
2597 1744 2729 1794 casti
2764 1745 2950 1798 volunt
2981 1746 3182 1815 videri,
3210 1757 3269 1803 ut
3297 1751 3458 1806 etiam

1874 1823 2085 1890 nuptias
2115 1824 2405 1893 damnent,
2436 1839 2488 1882 et
2521 1839 2625 1884 tam
2670 1833 3023 1904 abstinentes,
3059 1851 3114 1894 ut
3156 1851 3459 1899 creaturam

1875 1917 1966 1970 Dei
2000 1932 2155 1984 parce
2183 1922 2591 1977 manducantem
2619 1924 2880 1994 judicent,
2911 1946 3029 1984 cum
3063 1933 3160 2000 ipsi
3186 1949 3462 1990 comessa-

1873 2007 2108 2062 tionibus
2138 2017 2345 2064 vacent.
2384 2010 2578 2068 Paulus
2624 2031 2750 2070 vero
2786 2019 2859 2072 ita
2888 2024 3190 2078 castitatem
3221 2034 3277 2080 et
3297 2027 3462 2082 absti-

1871 2101 2108 2154 nentiam
2141 2105 2398 2170 praadicat
2422 2150 2434 2173 ,
2466 2114 2525 2159 ut
2558 2123 2657 2162 nec
2699 2117 2977 2180 naturam,
3020 2129 3119 2169 nec
3159 2127 3460 2172 creaturam

1870 2192 2118 2250 damnet:
2157 2198 2221 2251 ad
2255 2199 2382 2252 illud
2417 2199 2658 2255 hortatur
2703 2203 2985 2271 fortiores,
3025 2207 3167 2261 istud
3215 2211 3462 2266 concedit

1868 2285 2112 2340 infirmis.
2145 2289 2222 2341 ll;i
2270 2292 2411 2343 enim
2455 2293 2554 2345 hoc
2585 2310 2690 2347 non
2724 2311 2907 2352 amore
2936 2299 3195 2353 casntatis
3235 2309 3285 2354 et
3325 2304 3463 2356 abs-

1867 2378 2138 2446 tinentiae,
2180 2382 2272 2435 sed
2308 2383 2373 2434 ad
2412 2383 2828 2440 obumbrandam
2876 2386 2992 2456 ejus
3021 2389 3450 2457 przedicationem

1866 2469 2166 2539 faciebant,
2217 2472 2473 2540 jussiores
2514 2486 2566 2530 et
2616 2478 2911 2533 sanctiores
2964 2479 3130 2534 videri
3173 2481 3454 2552 volentes,

1864 2576 2020 2627 quam
2052 2561 2143 2616 ille
2185 2564 2272 2632 qui
2308 2574 2526 2632 propter
2579 2565 2716 2620 ﬁlios
2742 2566 2914 2622 licitas
2955 2572 3171 2639 nuptias
3197 2571 3459 2626 concede-

1866 2653 1990 2718 bat,
2035 2670 2100 2708 ne
2139 2656 2505 2712 fornicationis
2553 2659 2755 2713 crimen
2785 2659 3142 2716 incurrerent.
3167 2661 3244 2717 llli
3294 2679 3455 2733 porro

1865 2745 2158 2799 castitatem
2193 2748 2472 2817 ﬁngentes,
2502 2758 2688 2804 contra
2716 2765 2832 2804 eam
2859 2751 3144 2808 faciebant.
3169 2751 3458 2808 Prohiben-

1864 2838 1990 2890 tium
2028 2840 2216 2892 nubere
2243 2856 2260 2893 :
2285 2842 2540 2895 abstinere
2570 2859 2600 2894 a
2629 2843 2754 2896 cibis
2775 2888 2790 2912 ,
2819 2860 2948 2912 quos
2983 2843 3123 2899 Deus
3166 2849 3352 2900 crearit
3385 2847 3458 2900 ad

1861 2932 2245 3002 percipiendum
2283 2951 2396 2987 cum
2423 2937 2709 3004 gratiarum
2745 2939 2945 2992 actione
2981 2938 3250 3007 ﬁdelibus,
3286 2947 3335 2992 et
3375 2939 3457 2994 his

1861 3026 1948 3093 qui
1988 3037 2330 3096 cegnoverunt
2372 3027 2631 3081 veritatem
2664 3045 2684 3083 :
2719 3031 2840 3097 quia
2883 3029 3048 3084 omnis
3085 3042 3321 3086 creatura
3354 3030 3454 3085 Dei

1862 3119 1994 3172 bona
2035 3128 2136 3184 est,
2182 3129 2228 3172 et
2270 3120 2401 3172 nillil
2444 3122 2779 3191 rejiciendum
2823 3122 2960 3190 quod
3004 3137 3120 3176 cum
3160 3123 3453 3193 gratiarum

1781 3179 1829 3243 ο
1860 3215 2063 3265 actione
2102 3213 2400 3281 percipitur.
2432 3213 2802 3282 Sanctiﬁcatur
2829 3215 2963 3267 enim
2989 3230 3080 3282 per
3116 3214 3319 3266 verbum
3352 3212 3455 3268 Dei

1859 3311 1906 3356 et
1939 3303 2247 3357 orationem.
2278 3304 2333 3358 Si
2363 3303 2429 3358 ad
2462 3305 2847 3375 proprietatem
2876 3304 3141 3360 sermonis
3168 3303 3448 3371 attendas,

1858 3403 2199 3452 monstruosa
2230 3395 2412 3450 nescio
2440 3411 2560 3467 qua:
2599 3398 2911 3467 praedicatio
2951 3397 3352 3468 praedicabitur,
3390 3407 3452 3452 ut

1859 3496 1965 3542 tam
1998 3488 2199 3543 nubere
2225 3501 2386 3554 quam
2417 3487 2689 3544 abstinere
2719 3487 3040 3558 prohibeant
3064 3489 3168 3544 ista
3205 3488 3448 3543 dicentes

1855 3594 1975 3650 quae
2004 3587 2319 3648 sequuntur.
2353 3578 2484 3633 Haec
2513 3595 2807 3649 proponens
2835 3580 3104 3649 fratribus,
3137 3579 3301 3634 bonus
3343 3580 3446 3633 eris

1856 3673 2092 3726 minister
2121 3669 2316 3725 Christi
2342 3671 2492 3726 Iesu.
2520 3670 2736 3726 Libram
2767 3673 2820 3727 in
2850 3672 3099 3728 omnibus
3130 3679 3354 3738 tenens,
3386 3679 3444 3727 et

1853 3766 2034 3820 omnia
2064 3763 2454 3819 rationabiliter
2479 3771 2536 3819 et
2560 3764 2834 3819 moderate
2859 3762 3197 3834 dispensans.
3225 3761 3450 3815 Enutri-

1855 3864 1937 3910 tus
1967 3857 2131 3910 verbis
2162 3857 2285 3924 ﬁdei
2307 3896 2322 3922 ,
2368 3866 2414 3910 et
2443 3855 2588 3911 bona:
2616 3855 2870 3910 doctrinae
2896 3871 3053 3925 quant
3083 3863 3345 3908 assecutus
3374 3869 3447 3906 es.

1855 3951 1986 4017 Quia
2017 3950 2084 4005 ab
2110 3949 2335 4020 infantia
2365 3949 2536 4005 sacris
2566 3949 2779 4016 litteris,
2812 3949 2916 4003 hoc
2943 3955 3061 4015 est,
3090 3946 3239 4016 legis,
3272 3945 3449 4000 fuerat

1854 4044 2118 4098 eruditus.
2153 4043 2366 4116 lneptas
2394 4053 2565 4098 autem
2605 4054 2651 4097 et
2677 4043 2842 4099 aniles
2874 4045 3076 4115 fabulas
3104 4042 3292 4098 devita.
3324 4041 3443 4098 Non

1853 4145 2007 4206 aptas
2054 4138 2300 4208 religioni
2340 4140 2422 4192 vel
2453 4140 2598 4194 ﬁdei.
2627 4138 2826 4193 Exerce
2851 4141 3068 4206 teipsum
3092 4139 3160 4191 ad
3183 4139 3443 4208 pietatem.

1854 4230 2031 4284 Pietas
2057 4237 2142 4283 est
2171 4236 2331 4284 etiam
2362 4244 2484 4283 cum
2517 4237 2605 4284 tua
2640 4230 2984 4284 tribulatione
3012 4228 3103 4282 alii
3134 4227 3442 4290 subvenire,

1853 4323 1992 4376 sicut
2033 4324 2191 4377 vidua
2243 4323 2541 4393 Sareptana
2593 4321 2722 4376 fecit
2769 4321 2926 4375 Elim.
2977 4318 3120 4374 Nam
3162 4317 3446 4389 corporalis

1853 4415 2168 4468 exercitatio.
2204 4415 2493 4477 Escarum,
2528 4412 2834 4466 balnearum
2881 4417 2938 4464 et
2982 4408 3164 4464 talium
3215 4415 3444 4464 θέειοτο-

1852 4521 1969 4560 rum
1990 4545 2006 4572 ,
2037 4506 2120 4560 vel
2149 4505 2300 4559 labor
2323 4505 2583 4572 corporis.
2608 4505 2690 4558 Ad
2715 4505 2969 4559 modicum
2994 4503 3156 4560 utilis.
3176 4503 3442 4562 Modicum

1855 4609 2086 4669 tempus.
2118 4599 2295 4653 Pietas
2325 4607 2495 4652 autem
2535 4599 2603 4651 ad
2627 4599 2798 4653 omnia
2839 4600 2982 4654 utilis
3007 4609 3100 4665 est,
3141 4599 3444 4671 promissio-

1851 4709 1964 4747 nem
1993 4694 2179 4748 habens
2206 4695 2355 4758 vitte,
2385 4707 2499 4764 qua:
2527 4708 2661 4747 nunc
2688 4703 2762 4748 est
2781 4735 2796 4758 ,
2836 4703 2883 4748 et
2925 4696 3132 4764 futurae.
3179 4692 3358 4749 Pietas
3385 4701 3444 4749 et

1852 4787 1918 4842 ad
1955 4804 2193 4858 prmsens
2225 4796 2470 4858 tempus,
2501 4795 2557 4843 et
2584 4787 2650 4842 ad
2682 4787 2916 4844 futurum
2946 4787 3114 4842 utilis.
3139 4787 3255 4856 Ipsa
3281 4787 3439 4844 vidua

1851 4892 1904 4934 et
1934 4879 1999 4934 ad
2041 4894 2277 4949 praesens
2316 4886 2466 4949 pasta
2507 4889 2625 4947 est,
2667 4887 2724 4933 et
2761 4893 2968 4934 merces
3005 4878 3123 4946 ejus
3163 4886 3346 4934 manet
3382 4877 3438 4934 in

1850 4973 2008 5029 caelo.
2040 4972 2239 5027 Fidelis
2266 4987 2454 5037 sermo,
2481 4981 2528 5026 et
2556 4972 2695 5025 omni
2715 4972 3008 5040 acceptione
3031 4969 3236 5039 dignus.
3262 4969 3438 5025 Verus

1850 5065 1990 5134 apud
2023 5066 2262 5118 omnium
2295 5064 2685 5131 conscientias,
2718 5074 2773 5118 et
2801 5062 2885 5118 cui
2915 5077 3074 5117 nemo
3115 5061 3335 5118 resistit.
3367 5058 3436 5115 In

1849 5158 1945 5210 lloc
1974 5158 2106 5210 enim
2139 5155 2426 5210 laboramus
2453 5166 2500 5210 et
2532 5156 2909 5209 maledicimur.
2961 5152 3092 5208 Cum
3122 5154 3267 5209 enim
3309 5167 3433 5208 cer-

1851 5255 1960 5301 tum
1990 5247 2063 5301 sit
2089 5247 2226 5317 apud
2258 5261 2480 5311 omnes,
2515 5247 2647 5301 nihil
2686 5261 2785 5302 nos
2823 5246 3043 5316 dignum
3085 5244 3209 5300 odio
3238 5258 3434 5315 perpe-

1850 5347 2059 5407 trasse,
2089 5340 2216 5410 quid
2245 5339 2387 5395 aliud
2427 5341 2687 5410 sequitur,
2719 5355 2879 5410 quam
2923 5340 3064 5410 quod
3107 5347 3326 5411 propter
3352 5338 3436 5396 vi-

1849 5441 1954 5488 tam
1986 5433 2297 5489 dissimilem
2342 5434 2811 5502 blasphelnamur?
2857 5433 2993 5500 Quia
3036 5435 3350 5504 speravimus
3379 5434 3434 5489 its

1846 5523 2012 5579 Deum
2039 5526 2228 5579 vivum.
2262 5525 2331 5579 Et
2360 5525 2624 5594 sperando
2650 5524 2913 5594 justitiam
2943 5527 3293 5582 custodimus.
3327 5526 3434 5595 Qui

1844 5627 1915 5671 est
1947 5618 2187 5672 Salvator
2213 5619 2436 5672 omnium
2476 5618 2761 5672 hominum.
2791 5607 2846 5671 in
2891 5619 3162 5687 praesenti.
3205 5619 3434 5675 Maxime

1842 5712 2093 5778 fidelium.
2128 5710 2330 5777 Quibus
2360 5712 2583 5768 salutem
2612 5713 2866 5782 largietur
2893 5722 3170 5770 aeternam.
3206 5713 3430 5785 Venite,

1845 5803 2134 5866 benedicti.
2179 5804 2315 5873 Quia
2345 5805 2494 5864 novit
2522 5805 2776 5865 Dominus
2805 5806 2895 5880 qui
2933 5815 3059 5868 sunt
3096 5807 3234 5884 ejus.
3277 5806 3440 5887 Prw:
