3982 6352
500 312 599 367 667

1589 291 1888 353 PRIMASII
1929 282 2379 345 ADRUMETANI
2421 277 2635 336 EPISC.

3688 278 3809 333 688

499 431 610 499 cipe
638 431 743 486 hinc
763 471 782 499 ,
810 436 856 484 et
885 428 1026 481 doce.
1061 422 1299 493 Principe
1321 460 1335 488 ,
1366 427 1423 475 ut
1450 415 1651 473 faciant
1670 454 1684 479 ,
1716 423 1769 467 et
1797 411 1931 465 doce
1959 421 2093 477 quo-
2122 405 2175 459 Λ
2199 394 2453 499 quidquid
2484 394 2711 499 lno-dum.
2732 399 2938 499 nam?”
2966 390 3195 448 θιοθάίῑε
3232 390 3293 447 δέ
3457 400 3809 499 σξιίέηιρεξιο·

503 524 661 578 modo
684 521 767 578 vel
793 534 956 589 quare
979 520 1139 583 fiant,
1168 515 1269 570 hoc
1290 522 1373 569 est
1390 552 1406 578 ,
1430 525 1526 581 pro
1552 507 1769 578 praemio
1795 506 1916 560 vitae
1941 511 2094 557 teter-

506 630 607 670 ηαξ.
645 614 807 669 Nemo
835 610 1226 665 adolescentiam
1251 616 1390 660 tuam
1420 610 1728 658 contemnat.
1758 598 1847 653 Sic
1872 612 1969 665 age
1990 639 2002 659 ,
2036 601 2095 647 ut

508 704 850 759 admirationi
880 701 1056 771 potius
1098 713 1258 767 quam
1301 692 1634 763 contemptui
1677 688 1943 744 habearis.
1986 685 2092 740 Sed

509 797 794 866 exemplum
824 804 927 850 este
958 791 1209 861 ﬁdelium.
1244 788 1435 841 Parum
1464 792 1549 840 est
1577 781 1882 838 inﬁdelibus
1912 793 2095 834 exem-

511 888 599 958 plo
628 902 744 942 esse
765 929 779 953 ,
810 884 951 955 apud
980 898 1113 953 quos
1144 881 1233 950 qui
1263 880 1487 935 crimina
1522 877 1769 945 graviora
1800 886 1903 926 non
1921 869 2089 934 iacit,

511 993 731 1048 magnus
763 977 1005 1030 habetur.
1040 972 1146 1029 Sed
1178 972 1279 1027 boc
1310 986 1555 1041 magnum
1587 976 1702 1034 est,
1737 975 1793 1020 ut
1833 965 1991 1019 talem
2034 976 2094 1017 se

512 1070 794 1131 exhibeat,
824 1082 918 1137 per
946 1082 1102 1135 quem
1132 1065 1293 1121 etiam
1323 1065 1543 1135 perfecti
1569 1060 1868 1132 proﬁciant.
1902 1056 1967 1110 In
1993 1072 2095 1109 ver-

514 1162 593 1228 bo,
644 1162 697 1214 in
745 1160 1159 1225 conversatione,
1203 1160 1256 1212 in
1294 1158 1562 1211 charitate.
1606 1156 1661 1209 ld
1700 1161 1783 1207 est
1821 1151 2092 1205 doctrina.

520 1253 637 1308 Vult
666 1268 791 1323 ergo
821 1253 1065 1308 fidelibus
1094 1252 1241 1306 verbi
1274 1250 1512 1320 praebere
1554 1245 1877 1315 exemplum.
1922 1240 2096 1297 Simul

513 1356 572 1402 ut
615 1345 747 1400 nihil
793 1345 933 1400 aliud
980 1344 1261 1414 loquamur
1301 1357 1457 1412 quam
1500 1340 1591 1395 Dei
1640 1337 1902 1393 verbum:
1955 1332 2093 1403 quod

514 1440 745 1496 maxime
780 1439 902 1494 licet
931 1439 997 1493 ad
1028 1453 1251 1505 omnes,
1284 1436 1377 1491 sed
1411 1434 1641 1488 maxime
1681 1432 1747 1485 ad
1787 1428 2099 1486 sacerdotes

515 1540 570 1588 et
600 1531 872 1601 religiosos
902 1529 1135 1601 pertinet
1174 1530 1227 1583 in
1271 1528 1374 1583 ﬁde
1415 1526 1699 1581 catholica.
1743 1522 1813 1576 In
1841 1522 2093 1578 castitate.

516 1623 680 1691 Cujus
712 1622 936 1692 insignia
981 1619 1244 1690 parvitate
1285 1619 1500 1674 habitus
1540 1618 1915 1688 praeferuntur.
1962 1613 2099 1667 Dum

518 1716 682 1782 venio,
714 1716 917 1770 attende
943 1714 1169 1770 lectioni.
1204 1712 1476 1770 Sollicitus
1521 1712 1597 1768 sis
1637 1711 1934 1780 intelligere
1978 1722 2097 1777 quae

2193 505 2337 553 rum,
2360 495 2407 541 ct
2432 487 2651 540 maxime
2678 485 3067 539 domesticorum
3093 500 3265 538 curam
3291 499 3391 539 non
3416 484 3600 552 habet,
3630 485 3809 553 ﬁdem

2195 580 2412 652 negavit.
2443 580 2499 635 Si
2529 581 2648 649 quis
2676 578 2863 635 viduas
2892 576 3104 648 abjicit,
3133 587 3225 632 aut
3256 576 3506 647 pupillos,
3539 577 3624 631 vel
3662 593 3809 645 pau-

2196 690 2372 746 peres,
2402 684 2456 729 et
2482 673 2713 729 maxime
2742 682 3010 743 parentes.
3043 670 3256 741 [nﬁdeli
3283 672 3504 726 deterior
3532 682 3627 726 est.
3658 672 3809 738 Qui:

2196 770 2355 825 etiam
2386 768 2461 823 illi
2490 767 2690 823 habent
2718 780 2847 836 erga
2878 763 3150 834 proximos
3180 763 3457 833 pietatem.
3485 763 3549 818 Si
3577 778 3695 834 qua
3726 764 3822 841 vi:

2195 863 2298 920 dua
2332 863 2468 918 ﬁlios
2497 862 2771 931 orphanos
2796 860 3122 931 dereliquit,
3157 869 3213 915 et
3253 870 3337 915 est
3376 860 3589 915 inﬁdeli
3641 860 3823 916 detevl

2195 960 2327 1014 rior.
2353 958 2657 1014 Notandum
2683 973 2808 1014 esse
2835 957 3099 1027 quosdam
3123 956 3459 1014 Christianos
3485 957 3804 1013 deteriores

2197 1050 2518 1107 inﬁdelibus.
2555 1050 2733 1105 Vidua
2768 1050 3011 1121 eligatur.
3054 1050 3196 1117 Quas
3224 1050 3564 1105 diaconissss
3609 1051 3805 1120 appet.

2198 1142 2299 1206 lat,
2338 1142 2474 1198 tales
2504 1142 2676 1197 voluit
2705 1142 2865 1213 eligi,
2895 1157 3014 1212 quae
3040 1141 3289 1197 omnibus
3313 1152 3495 1197 essent
3520 1142 3796 1211 exemplo.

2201 1234 2321 1289 Non
2350 1238 2515 1289 minus
2541 1237 2811 1307 sexaginta
2855 1251 3131 1290 annorum.
3180 1235 3257 1289 De
3303 1236 3553 1305 pluribus
3596 1235 3800 1292 viduis.

2208 1328 2309 1394 Qui
2337 1330 2495 1399 fuerit
2540 1330 2689 1384 unius
2734 1329 2827 1384 viri
2856 1345 3009 1397 uxor,
3042 1331 3097 1383 in
3123 1329 3360 1400 operibus
3388 1330 3537 1384 bonis
3576 1331 3803 1384 testimo-

2199 1422 2343 1473 nium
2375 1420 2587 1475 habens.
2629 1421 2687 1478 Si
2716 1436 2781 1476 cx
2816 1430 3060 1492 tempore
3090 1421 3362 1476 viduitatis
3388 1436 3504 1477 sua:
3544 1421 3653 1475 ista
3690 1435 3800 1476 om-

2203 1513 2288 1568 nia
2313 1513 2616 1569 custodivit.
2649 1513 2711 1569 Si
2737 1515 2874 1583 ﬁlios
2900 1515 3149 1569 educavit.
3183 1515 3238 1571 Si
3270 1522 3426 1570 natos
3451 1498 3733 1582 educavit,
3748 1524 3799 1570 et

2202 1608 2454 1663 aborsum
2484 1624 2591 1663 non
2620 1609 2955 1677 accipiendo,
2983 1617 3074 1663 aut
3094 1609 3205 1678 jam
3232 1617 3412 1663 natum
3441 1622 3554 1663 non
3581 1608 3796 1663 occidit.

2207 1700 2267 1757 Si
2308 1702 2531 1769 hospitio
2570 1703 2790 1773 recepit,
2828 1705 2874 1756 si
2895 1712 3190 1758 sanctorum
3228 1702 3376 1773 pedes
3420 1703 3572 1757 lavit.
3614 1694 3795 1759 Sinon

519 1808 685 1878 legis;
722 1807 823 1862 hoc
852 1807 1092 1874 attende,
1128 1814 1187 1861 et
1227 1804 1309 1859 fac
1349 1804 1488 1875 quod
1527 1804 1676 1873 legis.
1711 1800 2095 1865 Exhortationi,
2133 1782 2179 1844 Β
2206 1794 2379 1847 Solum
2426 1793 2657 1863 hOSpitio
2693 1794 2928 1867 recepit,
2961 1796 3056 1851 sed
3094 1795 3256 1851 etiam
3285 1796 3523 1864 propriis
3555 1794 3796 1851 manibus

520 1901 783 1955 doctrinaz.
817 1900 1151 1967 Exhortare,
1183 1906 1242 1953 ut
1268 1898 1358 1952 ﬁat
1387 1916 1398 1951 :
1431 1897 1566 1953 doce
1595 1896 1863 1967 quomodo
1906 1878 2100 1950 intelli-

520 2000 711 2061 gantur
734 1992 979 2061 obscura,
1001 1992 1082 2047 vel
1112 1990 1377 2061 quomodo
1405 1992 1611 2060 possint
1636 1990 1751 2045 ﬁeri
1773 2003 1892 2058 qua:
1918 1988 2103 2057 legun-

521 2092 626 2139 tur.
658 2083 782 2137 Noli
808 2084 1061 2155 negligere
1083 2083 1303 2154 gratiam
1327 2098 1441 2153 quin
1461 2084 1514 2138 in
1543 2093 1588 2137 te
1614 2090 1716 2150 est,
1744 2097 1859 2151 qute
1882 2081 2004 2135 data
2030 2087 2104 2133 est

521 2176 631 2231 tibi.
676 2177 906 2246 Negligit
948 2178 1209 2247 gratiam,
1257 2177 1346 2246 qui
1387 2183 1663 2246 acceptum
1705 2175 1962 2231 talentum
1996 2187 2102 2228 non

520 2276 753 2324 exercet.
809 2266 912 2323 Per
961 2268 1282 2337 prophetiam
1330 2284 1445 2321 cum
1487 2269 1809 2339 impositione
1862 2282 2106 2320 manuum

521 2358 843 2429 presbyterii.
887 2358 1191 2428 PrOpltetia:
1216 2357 1447 2413 habebat
1482 2350 1707 2428 gratiam
1739 2358 1822 2413 vel
1852 2358 2108 2413 doctrinas

523 2466 646 2507 cum
686 2450 1023 2506 ordinatione
1063 2452 1438 2520 episc0patus:
1482 2451 1596 2506 sive
1622 2465 1742 2520 cum
1773 2450 2110 2507 ordinatione

522 2549 806 2611 acceperat
850 2543 1112 2613 gratiam,
1167 2544 1251 2600 vel
1301 2542 1559 2609 docendi,
1614 2542 1694 2598 vel
1746 2542 2106 2612 intelligendi.

524 2632 653 2689 llazc
678 2635 946 2690 meditare.
978 2636 1200 2692 Omnem
1228 2636 1370 2693 enim
1402 2635 1695 2707 profectum
1724 2644 1945 2705 generat
1967 2634 2110 2704 jugis

522 2723 831 2780 meditatio.
866 2723 933 2779 In
964 2725 1044 2781 his
1072 2735 1201 2781 esto.
1241 2728 1360 2783 Non
1388 2727 1529 2781 enim
1562 2726 1736 2782 omnis
1764 2728 1854 2795 qui
1885 2726 2111 2781 medita-

523 2824 628 2881 tur,
671 2819 727 2871 in
771 2816 900 2886 ipsis
944 2826 1028 2873 est
1067 2833 1187 2889 qua:
1228 2818 1536 2873 meditatur.
1585 2817 1651 2874 Ut
1697 2823 1953 2889 profectus
1993 2827 2111 2871 tuus

522 2909 825 2978 manifestus
853 2912 919 2965 sit
950 2910 1212 2966 omnibus.
1242 2910 1395 2966 Tunc
1436 2910 1751 2965 manifestus
1790 2910 1891 2965 erit
1930 2908 2108 2979 profe-

522 3010 671 3069 ctus,
705 3004 751 3059 si
782 3004 837 3059 in
864 3004 1212 3061 meditatione
1249 3006 1322 3060 sis
1359 3020 1571 3074 semper
1599 3014 1851 3060 attentus.
1895 3003 2111 3057 Attende

524 3100 611 3154 tibi
650 3108 696 3153 et
726 3100 994 3155 doctrinae.
1049 3100 1232 3155 Primo
1264 3100 1391 3166 tibi,
1419 3100 1614 3155 deinde
1640 3098 1899 3154 doctrinae
1923 3114 1940 3155 :
1968 3106 2114 3153 utro-

522 3194 680 3263 bique
711 3195 1003 3263 sollicitus,
1034 3204 1091 3251 ut
1115 3206 1171 3251 et
1199 3205 1250 3252 te
1276 3196 1381 3251 vita
1408 3196 1614 3263 salves,
1639 3203 1693 3250 et
1722 3194 1841 3249 illos
1868 3192 2113 3249 doctrina

519 3285 768 3356 exemplo
795 3285 1028 3342 ﬁrmata.
1062 3285 1209 3342 Iusta
1234 3288 1288 3343 in
1314 3289 1458 3343 illis:
1491 3288 1587 3342 hoc
1614 3287 1747 3341 enim
1773 3287 1965 3357 faciens
1995 3294 2043 3339 et
2066 3293 2112 3340 te

519 3381 691 3450 ipsum
720 3382 917 3438 saluum
942 3382 1134 3454 facies,
1164 3392 1210 3437 et
1239 3385 1326 3453 qui
1354 3394 1401 3439 te
1426 3383 1661 3437 audiunt.
1687 3381 1831 3449 Quos
1856 3380 2038 3437 doces.

590 3473 721 3529 Car.
755 3488 811 3529 v.
853 3474 1121 3530 Seniorem
1164 3490 1225 3530 ne
1252 3475 1633 3545 increpaveris,
1686 3474 1776 3528 sed
1807 3474 2015 3528 obsecra
2054 3479 2113 3527 ut

525 3575 744 3637 patrem.
786 3565 865 3623 Ne
908 3567 1131 3639 indigne
1174 3567 1353 3623 terens
1387 3560 1616 3636 junioris
1656 3566 2109 3634 increpationem,

522 3668 879 3729 eanperatus
906 3676 1015 3717 non
1046 3660 1327 3731 proﬁciat:
1360 3660 1456 3716 sed
1483 3669 1539 3716 ut
1562 3673 1660 3715 suo
1686 3661 1837 3729 quasi
1865 3660 2114 3729 exemplo

527 3754 769 3808 destruat
792 3752 1058 3823 iuniores.
1090 3750 1309 3808 Iuvenes
1336 3764 1391 3807 ut
1420 3757 1626 3823 fratres.
1655 3752 1869 3809 Fratres
1894 3754 2115 3810 liberius

532 3852 960 3915 commonentur,
989 3854 1048 3901 ut
1069 3846 1265 3917 comi,
1295 3847 1540 3903 similiter
1562 3857 1614 3903 et
1635 3860 1870 3904 sorores.
1894 3848 2034 3902 Anus
2057 3855 2114 3902 ut

526 3952 733 3996 matres.
758 3941 890 3999 Cum
915 3944 1233 3998 reverentia.
1257 3942 1563 3998 Juvenculas
1585 3954 1639 3999 ut
1657 3960 1877 4012 sorores,
1901 3945 1954 3997 in
1975 3942 2115 3997 omni

524 4033 777 4089 castitate.
812 4033 882 4089 Et
912 4034 1109 4091 mentis
1139 4042 1195 4091 et
1222 4036 1483 4106 corporis.
1531 4036 1719 4091 Viduas
1746 4036 1971 4105 honora,
2002 4052 2115 4107 qua:

525 4141 639 4181 vere
667 4128 836 4184 vidum
862 4139 1001 4184 sunt.
1034 4130 1370 4187 Honorandaa
1411 4140 1567 4197 sunt,
1610 4132 1912 4187 necessaria
1952 4132 2112 4187 mini-

428 4288 441 4295 -
522 4219 774 4288 Strando,
812 4221 895 4278 vel
926 4220 1123 4278 solatia
1144 4223 1454 4295 praebendo.
1509 4222 1572 4279 Si
1620 4240 1721 4295 qua
1750 4234 1919 4277 autem
1956 4222 2114 4277 vidua

522 4310 659 4380 ﬁlios
687 4322 778 4366 aut
806 4321 1012 4385 nepotes
1045 4315 1212 4371 habet.
1234 4316 1400 4372 Veras
1414 4317 1599 4372 viduas
1630 4316 1871 4372 deﬁnivit
1898 4316 1965 4371 ab
1992 4331 2111 4371 om-

524 4406 680 4461 nibus
701 4406 995 4475 dcsolatas,
1024 4417 1080 4464 et
1104 4411 1370 4467 universis
1393 4413 1535 4466 curis
1560 4421 1766 4467 exutas.
1796 4410 1976 4465 Discat
2003 4412 2113 4482 pri-

521 4513 663 4551 mum
685 4501 893 4555 domum
915 4519 1061 4557 suam
1080 4519 1272 4574 regere,
1289 4515 1337 4559 et
1352 4515 1579 4559 mutuam
1598 4507 1756 4559 vicem
1783 4507 1989 4560 reddere
2016 4522 2112 4571 pa-

2207 1887 2335 1941 lavit
2365 1887 2528 1956 pedes
2549 1928 2563 1952 ,
2597 1888 2741 1957 quod
2775 1888 3051 1943 deliciosae
3089 1889 3179 1944 vix
3220 1887 3442 1943 faciunt.
3476 1887 3543 1943 Si
3583 1887 3797 1942 tribula-

2206 1979 2392 2033 tionem
2440 1980 2752 2048 patientibus
2792 1980 3215 2037 subministravit.
3254 1980 3316 2034 ln
3360 1993 3597 2034 carcere
3622 1980 3796 2049 positis

2206 2071 2291 2125 vel
2326 2073 2561 2141 aegrotis.
2599 2072 2659 2128 Si
2690 2089 2837 2127 omne
2867 2089 2996 2144 apus
3026 2074 3212 2127 bonum
3244 2074 3519 2128 subsecuta
3542 2082 3639 2128 est.
3672 2073 3794 2130 Bre-

2212 2163 2347 2218 viter
2384 2164 2666 2219 conclusit.
2706 2166 3144 2221 Adolescentiores
3179 2176 3347 2222 autem
3381 2168 3571 2221 viduas
3610 2168 3790 2222 devita.

2212 2253 2395 2309 Devita
2427 2255 2680 2312 ordinare
2699 2299 2715 2324 ,
2746 2272 2815 2311 ne
2840 2256 3037 2313 malum
3062 2273 3162 2329 pro
3186 2259 3328 2314 bono
3355 2260 3450 2313 fiat
3475 2259 3789 2329 exemplum.

2218 2345 2307 2401 Vel
2343 2362 2444 2402 non
2478 2348 2647 2418 eligas
2675 2348 2744 2403 ad
2770 2348 3129 2404 ministerium
3157 2366 3175 2405 :
3209 2350 3295 2405 vel
3334 2358 3487 2405 certe
3526 2349 3794 2404 familiari-

2212 2448 2373 2495 tatem
2415 2439 2558 2510 fuge.
2604 2440 2733 2495 Cum
2775 2441 2910 2495 enim
2940 2443 3215 2497 luxuriata:
3253 2442 3485 2512 fuerint,
3518 2442 3576 2496 in
3603 2440 3793 2497 Christe

2211 2536 2399 2590 nubere
2426 2536 2620 2591 volunt.
2646 2535 2750 2592 Per
2774 2536 3217 2592 incontinentiam
3239 2554 3251 2589 :
3275 2536 3359 2592 vel
3384 2543 3539 2591 certe
3560 2549 3676 2590 cum
3694 2548 3792 2589 et»

2210 2631 2389 2700 perint
2418 2629 2768 2697 inhonorari,
2806 2630 3049 2687 dicentes
3078 2645 3139 2686 se
3178 2630 3382 2686 nubere
3407 2628 3554 2685 velle
3596 2636 3792 2683 tantum

2211 2723 2263 2775 in
2294 2721 2542 2776 Domino.
2581 2720 2839 2777 Habentes
2868 2721 3252 2776 damnationem
3278 2736 3297 2775 :
3327 2722 3451 2790 quia
3480 2720 3698 2790 primum
3727 2718 3791 2787 ﬁ-

2212 2806 2327 2866 dem
2368 2813 2569 2865 irritam
2611 2811 2857 2881 fecerunt.
2914 2811 3050 2879 Quia
3102 2809 3348 2866 fecerunt
3387 2810 3490 2865 sibi
3548 2808 3793 2865 illicitum

2212 2904 2353 2974 quod
2396 2902 2613 2969 licebat,
2645 2901 2893 2958 vovendo
2920 2903 3242 2957 castitatem.
3290 2901 3411 2956 Haec
3454 2914 3585 2955 vero
3610 2898 3797 2969 regula

2214 3014 2320 3054 non
2350 2999 2525 3054 solum
2555 2998 2608 3053 in
2640 2997 2814 3053 viduis
2835 3039 2851 3066 ,
2884 2998 2981 3053 sed
3010 2997 3171 3052 etiam
3217 2996 3268 3050 in
3296 2993 3578 3062 virginibus
3606 2992 3799 3047 conti-

2215 3093 2573 3162 nentibusque
2597 3091 2860 3147 servanda
2889 3099 2990 3146 est.
3026 3089 3207 3145 Simul
3238 3097 3403 3142 autem
3429 3095 3476 3140 et
3504 3086 3682 3139 otiosa
3711 3084 3801 3138 di-

2216 3194 2365 3241 scunt
2402 3186 2622 3240 circuire
2659 3186 2860 3241 domos.
2903 3183 3055 3239 Nulla
3092 3196 3225 3239 cura
3261 3180 3451 3236 domus
3486 3187 3795 3247 occupata,

2218 3294 2319 3335 nec
2346 3279 2525 3333 mariti
2552 3286 2813 3348 potestate
2841 3278 3047 3347 ligatae,
3079 3289 3256 3346 neque
3282 3274 3464 3329 divino
3492 3272 3692 3328 timore
3715 3286 3797 3327 re-

2218 3380 2397 3428 tentae.
2434 3370 2557 3425 Non
2586 3371 2754 3425 solum
2782 3371 2981 3433 otiosae,
3010 3368 3099 3422 sed
3129 3375 3176 3422 et
3202 3367 3456 3434 verbosas,
3486 3374 3552 3442 et‘
3566 3364 3792 3427 curiosa,

2216 3464 2477 3536 loquentes
2496 3480 2613 3533 quat
2632 3479 2736 3518 non
2760 3470 2978 3534 Oportet.
3001 3461 3344 3517 Voluntatem
3367 3442 3796 3513 suamtexeusare

2217 3560 2493 3629 cupientes
2513 3601 2528 3627 ,
2557 3558 2753 3613 malum
2785 3556 2908 3611 aliis
2934 3555 3175 3625 prazbent
3198 3551 3535 3620 exentplum.
3571 3548 3700 3604 Volo
3721 3563 3792 3602 er-

2216 3670 2299 3725 go.
2330 3651 2578 3709 Concedo
2609 3660 2900 3722 antequam
2930 3647 3274 3719 promittant,
3299 3643 3446 3713 quod
3472 3656 3588 3697 non
3616 3642 3796 3697 habent

2216 3747 2467 3819 implere.
2499 3744 2744 3800 Iuniores
2770 3742 2983 3797 nubere.
3024 3738 3181 3795 Tales
3219 3736 3406 3808 quales
3447 3748 3621 3805 supra
3653 3732 3794 3788 dixit.

2218 3824 2386 3895 Filios
2417 3855 2686 3910 procreare
2708 3877 2727 3907 ,
2756 3846 3044 3907 matresque
3076 3834 3299 3905 familias
3341 3847 3472 3887 esse.
3512 3829 3640 3885 Non
3666 3825 3798 3883 oeti-

2220 3934 2379 4005 dere,
2411 3934 2535 4005 quia
2564 3948 2684 4004 quae
2712 3932 2781 3988 de
2810 3930 3074 3987 adulterio
3113 3927 3454 3999 suscipiunt,
3498 3924 3801 3994 frequenter

2218 4028 2485 4085 occidunt.
2540 4027 2763 4082 Nullam
2794 4026 3109 4082 occasionem
3145 4025 3269 4078 dare
3309 4021 3614 4077 adversario
3651 4019 3803 4072 male-

2224 4122 2348 4176 dicti
2376 4122 2566 4194 gratia.
2611 4120 2703 4175 Vel
2734 4133 2843 4175 non
2872 4134 2969 4189 per
3001 4118 3123 4174 illas
3151 4115 3342 4187 religio
3380 4114 3802 4183 blaSpbemetnr,

2216 4216 2263 4270 si
2291 4213 2686 4269 incontinentes
2712 4214 2841 4266 sint.
2867 4210 2990 4265 1am
3016 4211 3148 4266 enim
3175 4208 3433 4279 quadam.
3463 4205 3667 4261 Reddit
3690 4218 3808 4259 cau-

2214 4318 2303 4360 sas
2346 4318 2512 4375 quare
2540 4318 2631 4362 eas
2684 4303 2823 4359 velle
2853 4303 3054 4359 nubere
3081 4300 3428 4372 praedixerit,
3460 4313 3533 4353 ne
3560 4312 3677 4353 eam
3711 4296 3811 4351 hoc

2215 4407 2401 4467 optare
2430 4406 2668 4468 putares.
2716 4396 2981 4452 Conversa:
3020 4404 3139 4450 sunt
3179 4403 3461 4449 retrorsum
3490 4400 3612 4463 post
3652 4390 3809 4445 Sata-

2218 4511 2355 4549 nam.
2397 4493 2680 4549 Vel~ﬁdem
2713 4493 2809 4549 Dei
2838 4493 3205 4563 denegantes,
3232 4491 3318 4546 vel
3348 4490 3514 4545 etiam
3548 4488 3813 4544 fornican-

524 4588 751 4643 rentibus
773 4606 790 4642 :
820 4591 917 4643 hoc
955 4594 1090 4647 enim
1126 4607 1391 4666 acceptum
1429 4607 1501 4651 est
1532 4613 1707 4651 coram
1739 4596 1869 4651 Deo.
1904 4596 2104 4652 Tandiu

2220 4594 2317 4642 tes.
2353 4585 2414 4641 Si
2444 4587 2559 4655 quis
2586 4584 2752 4653 ﬁdelis
2784 4586 2963 4639 habent
2992 4585 3192 4649 viduas,
3212 4582 3571 4636 subministrat
3602 4580 3734 4644 illis,
3766 4586 3815 4628 ut

526 4692 680 4754 regat
729 4682 987 4752 domum,
1032 4689 1264 4756 quandiu
1306 4691 1494 4745 edocet
1538 4690 1675 4745 ﬁlios
1719 4691 1968 4758 parvulos
2022 4700 2113 4747 aut

526 4785 747 4845 nepotes
767 4816 781 4843 ,
813 4786 871 4832 ut
896 4776 1038 4848 quod
1064 4792 1094 4832 a
1123 4780 1433 4847 parentibus
1461 4781 1701 4851 accepit,
1732 4780 1855 4837 ﬁliis
1882 4782 2071 4839 reddat
2096 4801 2109 4839 :

526 4867 597 4924 ita
646 4876 864 4938 tamen,
914 4879 971 4925 ut
1020 4885 1126 4925 non
1166 4887 1234 4927 ex
1283 4873 1382 4928 hoc
1426 4875 1823 4931 excusationem
1874 4877 2113 4934 avaritia:

522 4964 769 5031 studeat,
802 4965 897 5020 sed
925 4963 1297 5021 sufﬁcientiam
1330 4976 1535 5023 tantum
1566 4968 1667 5024 sibi
1699 4979 1755 5026 et
1784 4970 1967 5027 liberis
1996 4987 2111 5028 ser-

519 5068 645 5124 vet,
695 5072 795 5114 nec
832 5058 913 5115 eis
949 5057 1065 5128 ipsa
1104 5062 1442 5117 occasionem
1485 5061 1574 5117 det
1614 5062 1667 5116 in
1711 5066 1911 5118 saeculo
1951 5066 2108 5119 luxu-

519 5150 712 5205 riandi.
743 5150 871 5216 Qua:
895 5161 1066 5206 autem
1090 5168 1201 5206 vere
1228 5151 1381 5207 vidua
1404 5158 1476 5207 est
1499 5161 1546 5208 et
1572 5155 1835 5222 desolata,
1862 5166 2032 5224 sperat
2057 5157 2111 5212 in

517 5241 764 5299 Domino.
796 5242 955 5299 Tales
983 5254 1109 5300 sunt
1137 5245 1486 5303 honorandus.
1519 5247 1585 5302 Et
1614 5249 1769 5303 instat
1801 5251 2112 5305 obsecratio-

517 5336 668 5391 nibus
720 5345 771 5393 et
815 5338 1130 5393 orationibus
1168 5348 1315 5395 nocte
1354 5348 1403 5394 et
1442 5341 1543 5395 die.
1609 5342 1758 5397 Sicut
1804 5343 1955 5396 Anna
1998 5342 2107 5397 ﬁlia

518 5425 828 5486 Phanuelis.
856 5429 996 5485 Nam
1023 5448 1137 5502 qua:
1165 5434 1220 5488 in
1248 5434 1446 5489 deliciis
1464 5443 1536 5489 est
1564 5436 1753 5502 vivens,
1772 5446 1973 5489 mortua
2010 5447 2101 5490 est.

516 5520 585 5576 Et
615 5525 711 5581 hoc
737 5528 985 5598 precipc,
1028 5539 1085 5582 ut
1123 5530 1589 5601 irreprehensibiles
1632 5534 1752 5587 sint.
1800 5531 1897 5587 Hic
1939 5531 2110 5587 nostri

519 5618 776 5685 temporis
806 5618 990 5674 viduas
1019 5623 1230 5694 tangit,
1261 5639 1380 5695 quae
1411 5641 1533 5681 cum
1569 5626 1839 5682 hominem
1872 5640 1981 5680 sure
2013 5640 2110 5680 na-

517 5718 650 5764 turte
689 5712 1047 5785 qualicunque
1076 5732 1249 5786 panno
1277 5734 1381 5775 non
1415 5719 1681 5786 vestiant,
1712 5719 1945 5787 parietes
1974 5734 2101 5789 pre-

434 5820 441 5825 '
516 5804 667 5867 tiosis
718 5821 1042 5867 marmorum
1080 5811 1277 5869 crustis
1327 5820 1611 5870 exornant.
1662 5812 1877 5872 Deliciae
1929 5827 2087 5888 sunt,

2221 4694 2323 4733 non
2352 4687 2587 4748 gravetur
2625 4676 2877 4733 Ecclesia.
2920 4675 2978 4729 In
3018 4675 3179 4730 domo
3206 4689 3336 4738 sua,
3370 4672 3456 4727 vel
3497 4668 3815 4741 parentibus

2220 4772 2563 4841 pauperibus.
2596 4771 2664 4827 Ut
2695 4773 2773 4826 his
2798 4786 2913 4842 qua:
2937 4786 3048 4825 vere
3073 4769 3240 4824 vidua:
3265 4776 3384 4823 sunt
3412 4766 3664 4835 sufficiat.
3697 4762 3819 4831 Qu

2220 4873 2346 4919 sunt
2376 4863 2442 4919 ab
2474 4863 2776 4919 hominibus
2807 4862 3085 4919 desolatas.
3121 4861 3223 4928 Qui
3256 4860 3379 4913 bene
3407 4867 3651 4929 pmunt
3684 4871 3807 4925 pres

2222 4956 2403 5027 bgteri.
2432 4956 2535 5022 Qui
2562 4957 2787 5025 implent
2810 4954 3047 5010 ofﬁcium
3072 4966 3249 5008 suum.
3278 4949 3492 5021 Duplici
3518 4948 3727 5004 honore
3748 4947 3822 5000 di-

2219 5052 2307 5121 gni
2336 5050 2639 5105 habeantur.
2672 5050 2744 5106 Ut
2768 5048 2932 5104 ofﬁcii
2962 5057 3017 5104 et
3046 5046 3248 5103 laboris
3277 5046 3333 5101 in
3362 5043 3560 5100 verbo.
3597 5043 3827 5097 Alcsime

2219 5144 2307 5215 qui
2330 5143 2565 5201 laborant
2589 5144 2643 5198 in
2668 5143 2839 5210 uerbo,
2866 5150 2915 5196 et
2940 5141 3122 5195 docent
3146 5140 3201 5194 in
3228 5139 3486 5193 doctrina.
3516 5137 3643 5193 Non
3671 5135 3826 5200 dixit,

2219 5243 2453 5297 maxime
2481 5242 2571 5311 qui
2606 5241 2807 5295 habent
2833 5239 3091 5303 verbum,
3127 5236 3223 5292 sed
3252 5234 3341 5306 qui
3374 5232 3657 5288 laborant.
3694 5229 3828 5286 Nam

2219 5349 2404 5389 omnes
2437 5334 2695 5390 habentes
2727 5334 2843 5387 dari
2866 5332 3057 5402 jussit,
3083 5330 3184 5385 hoc
3214 5335 3327 5395 est,
3355 5323 3659 5381 docibiles.
3688 5320 3831 5375 Dicit

2219 5437 2351 5491 enim
2378 5436 2682 5505 Scriptura:
2719 5433 2839 5489 Non
2865 5432 3144 5503 infrenabis
3174 5447 3229 5487 os
3255 5429 3367 5484 bovi
3392 5426 3712 5491 trituranti;
3740 5434 3826 5479 et:

2224 5538 2421 5608 Dignus
2458 5544 2530 5589 est
2567 5534 2834 5604 operarius
2874 5530 3104 5586 mercede
3133 5545 3245 5584 sua.
3277 5526 3403 5583 Vult
3428 5524 3538 5581 illis
3568 5522 3833 5596 prtestari

2217 5630 2481 5697 carnalia,
2518 5644 2548 5683 a
2574 5628 2769 5699 quibus
2814 5626 3085 5698 accipiunt
3123 5622 3426 5693 spiritalia:
3469 5621 3600 5691 quia
3660 5634 3835 5676 occu-

2214 5722 2322 5794 pati
2356 5724 2409 5778 in
2439 5721 2715 5787 doctrina,
2751 5718 3054 5776 necessaria
3085 5716 3186 5773 sibi
3220 5713 3510 5785 providere
3542 5727 3663 5768 non
3702 5726 3833 5782 pos-

2214 5824 2359 5877 sunt.
2410 5816 2661 5874 Adversus
2705 5818 3057 5892 presbyterum
3105 5810 3481 5897 accusationem
3525 5805 3646 5863 noli
3693 5804 3833 5862 rcci-
