3982 6352
164 357 271 415 669

959 351 1448 411 [NEPISTOLAM
1487 352 1507 408 l
1545 351 1636 408 AD
1674 350 2084 409 TIMOTHEUM
2121 350 2635 414 COMMENTARIA.

3323 360 3430 419 670

157 481 313 536 pere,
343 467 444 523 nisi
467 468 558 524 sub
587 468 782 524 duobus
810 478 858 524 et
887 470 1048 525 tribus
1089 471 1316 526 testibus.
1358 468 1619 538 lnjnstum
1663 475 1748 524 est
1775 468 1828 527 A
1852 478 2035 522 contra
2082 485 2174 538 per
2205 472 2519 540 religionem
2545 473 2600 528 in
2630 473 2866 532 deterius
2895 476 3175 534 defecisse.
3210 477 3311 543 Qui
3338 496 3432 533 au-

159 560 418 616 adversus
466 560 710 630 quemuis
739 561 1013 617 absentem
1043 561 1436 616 accusationem
1464 561 1709 630 recipere
1729 600 1744 625 ,

157 667 284 708 cum
308 653 410 708 hoc
436 669 536 708 nec
558 654 839 709 saecularia
864 655 1067 725 judicia
1096 655 1320 708 faciant:
1351 661 1551 723 quanto
1580 650 1750 720 magis

156 746 231 800 de
253 745 463 801 Domini
487 746 804 803 sacerdote?
829 745 1101 803 Peccantes
1123 762 1292 801 coram
1319 744 1551 799 omnibus
1571 758 1745 814 argue.

157 841 218 899 Si
249 842 358 898 illis
403 844 683 912 probatum
723 842 915 910 fuerit,
955 852 1015 898 ut
1056 849 1150 898 aut
1189 846 1304 911 ipse
1341 842 1430 910 qui
1475 839 1745 909 plectitur,

157 924 462 1005 corrigatur
491 935 885 1004 experimento,
915 944 1008 990 aut
1033 933 1125 988 alii
1154 939 1454 988 terreantur
1478 929 1745 997 exemplo.

163 1026 235 1082 Ut
277 1029 449 1082 centeri
490 1029 724 1082 timorem
754 1027 991 1082 habeant.
1024 1027 1279 1082 Videntes
1309 1034 1361 1079 te
1393 1038 1493 1078 nec
1522 1021 1746 1091 presby-

159 1129 283 1176 tero
313 1121 620 1190 pepercisse
650 1122 912 1190 peccanti.
941 1120 1119 1175 Testor
1144 1135 1314 1174 coram
1342 1117 1449 1171 Deo
1476 1127 1522 1170 et
1548 1115 1750 1170 Christo

156 1212 308 1271 Jesu.
336 1213 645 1268 ()btestatur
669 1214 822 1268 illum
847 1213 1030 1268 divina
1055 1221 1113 1268 et
1135 1209 1341 1267 cmlesti
1365 1209 1747 1272 obtestatione,

158 1312 221 1357 ut
248 1304 392 1359 nulla
421 1318 508 1359 res
535 1305 584 1358 ei
611 1304 923 1374 praejudicet
947 1303 1013 1359 ad
1043 1305 1144 1358 ista
1170 1301 1452 1359 servanda.
1481 1299 1550 1354 Et
1579 1300 1749 1354 electis

155 1392 362 1466 angelis
381 1438 396 1463 ,
430 1405 484 1450 ut
509 1396 619 1450 haec
646 1398 904 1452 custodias
936 1398 1048 1452 sine
1076 1396 1400 1468 prtejudicio.
1432 1394 1533 1461 Qui
1580 1392 1747 1448 sacris

157 1489 420 1544 assistunt
453 1488 744 1556 altaribus,
783 1491 866 1545 vel
901 1491 992 1558 qui
1028 1504 1177 1544 suam
1221 1488 1534 1558 dignitatem
1569 1498 1752 1540 serva-

156 1589 309 1636 runt.
334 1579 487 1636 Nihil
515 1582 708 1651 faciens
731 1583 784 1636 in
813 1582 968 1635 aliam
991 1592 1186 1652 partem
1214 1580 1539 1635 declinando.
1569 1578 1752 1646 Neque

157 1675 216 1730 in
249 1673 472 1741 dextra,
505 1689 681 1744 neque
711 1674 763 1728 in
793 1676 1035 1730 sinistra.
1079 1674 1268 1730 Manus
1307 1675 1409 1728 cito
1436 1673 1624 1727 nemini
1639 1673 1746 1749 im-

157 1767 413 1835 posueris.
445 1765 561 1820 Non
587 1772 673 1820 est
702 1766 848 1820 enim
878 1765 998 1821 leve
1036 1774 1311 1835 peccatum
1357 1765 1577 1820 mittere
1609 1777 1751 1818 mar-

1852 568 1950 614 tem
1975 562 2150 624 ﬁdeles
2176 564 2360 619 habent
2387 567 2638 635 dominos,
2670 583 2770 624 non
2795 581 3146 638 contemnant,
3173 573 3294 642 quia
3319 577 3432 645 [ra-

1855 663 1952 706 tres
1979 665 2119 710 sunt.
2154 657 2230 712 Ne
2260 659 2360 713 sibi
2391 662 3079 730 aequalitatemwindicent.
3122 666 3244 721 Sed
3273 669 3437 740 magis

1851 747 2070 800 serviant
2093 787 2106 814 ,
2136 749 2258 818 quia
2286 751 2464 819 ﬁdeles
2486 764 2634 820 sunt,
2665 766 2712 809 et
2741 757 2947 824 dilecti,
2972 759 3056 826 qui
3085 758 3313 828 beneficii
3337 759 3437 815 Dei

1851 839 2125 911 participes
2153 853 2294 898 sunt.
2329 845 2386 900 Si
2413 849 2719 904 serviebant
2740 850 3042 907 inﬁdelibus
3065 851 3256 910 timore
3279 855 3435 910 odio-

1852 947 1944 997 so,
1978 943 2178 1002 quanto
2207 939 2380 1007 magis
2408 939 2603 996 debent
2631 944 2832 998 servire
2862 943 3110 1000 ﬁdelibus
3135 959 3234 1014 per
3259 946 3437 1002 chari-

1854 1032 2013 1078 tatcm
2045 1041 2270 1094 quorum
2299 1031 2586 1100 participes
2611 1048 2730 1090 esse
2762 1036 3108 1091 meruerunt?
3133 1037 3263 1092 Htec
3289 1039 3434 1105 doce,

1853 1124 1900 1170 et
1931 1119 2219 1174 exhortare.
2255 1121 2376 1178 llzec
2400 1126 2576 1178 omnia
2599 1169 2612 1195 ,
2643 1141 2761 1195 quae
2789 1128 2930 1196 dixi,
2961 1130 3094 1184 doce
3119 1129 3314 1185 debere
3343 1129 3435 1185 ﬁe-

1853 1212 1930 1265 ri:
1961 1223 2014 1267 et
2035 1213 2337 1281 cxhortare,
2371 1218 2645 1286 praemium
2672 1219 3027 1275 ostendendo.
3057 1220 3118 1275 Si
3145 1222 3259 1291 quis
3286 1221 3437 1277 aliter

1853 1305 2016 1374 docet,
2043 1316 2089 1360 et
2116 1324 2221 1362 non
2248 1310 2518 1373 acquiescit
2545 1313 2684 1365 sanis
2709 1314 3025 1367 sermonibus
3037 1313 3245 1368 Domini
3274 1315 3438 1368 nostri

1851 1397 1979 1452 Jesu
2005 1398 2216 1454 Christi.
2251 1401 2498 1471 Domini,
2531 1404 2620 1473 qui
2651 1418 2748 1474 per
2787 1419 2875 1459 me
2916 1406 3168 1477 loquitur,
3210 1405 3431 1462 Christi.

1853 1488 1922 1542 Et
1953 1507 2067 1560 quae
2097 1493 2375 1548 secundum
2408 1495 2642 1563 pietatem
2672 1504 2742 1551 est
2774 1496 3040 1553 doctrina}.
3081 1498 3212 1553 Novi
3241 1499 3432 1554 Testa-

1853 1581 2018 1636 menti
2041 1599 2054 1636 :
2075 1582 2287 1640 Veteris
2307 1585 2454 1640 enim
2476 1601 2661 1642 severa
2687 1590 2862 1657 potius
2881 1603 3038 1659 quam
3063 1591 3150 1659 pia
3171 1589 3436 1646 doctrina.

1855 1673 2121 1744 Superbus
2149 1687 2253 1745 est,
2285 1677 2414 1732 nihil
2441 1681 2627 1749 sciens,
2654 1683 2741 1735 sed
2774 1684 3022 1754 languens
3042 1683 3179 1738 circa
3198 1685 3438 1754 quaestio-

1853 1782 1961 1821 nes.
1994 1767 2168 1836 Super
2197 1769 2441 1824 homines
2471 1785 2530 1826 se
2559 1773 2820 1828 extollens
2844 1816 2859 1843 ,
2903 1775 3036 1829 nihil
3067 1777 3246 1832 sciens
3266 1817 3281 1842 ,
3313 1789 3437 1831 cum

157 1858 364 1926 garitas
391 1867 518 1913 ante
543 1873 734 1926 porcos
751 1898 765 1923 ,
796 1867 850 1912 et
875 1857 1006 1913 dare
1033 1866 1276 1913 sanctum
1303 1856 1554 1921 canibus,
1583 1864 1637 1910 et
1664 1869 1754 1909 or-
1780 1857 1829 1919 Β
1855 1873 1964 1912 non
1989 1867 2071 1914 est
2094 1860 2378 1916 desursum
2402 1862 2490 1916 illa
2514 1863 2794 1932 sapientia.
2829 1865 2892 1918 Et
2921 1883 3118 1938 pugnas
3140 1869 3435 1936 verborum,

161 1948 500 2006 (linationem
534 1951 822 2006 clericatus
857 1965 1196 2021 nequaquam
1226 1951 1427 2005 sanctis
1456 1958 1509 2005 et
1546 1949 1597 2004 in
1634 1949 1752 2019 lege

160 2042 264 2098 Dei
294 2043 653 2112 doctissimis,
683 2045 778 2101 sed
807 2046 1028 2102 asseclis
1051 2046 1163 2100 suis
1191 2046 1459 2110 tribuere,
1490 2053 1545 2099 et
1569 2043 1752 2099 vilium

168 2135 476 2191 ciliciorum
508 2138 800 2205 ministris,
830 2138 1083 2207 quodque
1110 2137 1196 2192 his
1224 2137 1607 2192 dedecorosius
1630 2143 1749 2201 est,

157 2228 604 2284 muliercularum
651 2229 918 2298 precibus.
966 2230 1025 2284 in
1079 2245 1185 2299 quo
1229 2228 1623 2284 consideranda
1670 2227 1750 2282 lo-

157 2317 380 2386 quentis
405 2317 459 2372 in
487 2333 548 2374 se
575 2319 769 2373 Christi
799 2319 1045 2388 Apostoli
1072 2321 1336 2389 sapientia
1358 2361 1372 2386 ,
1403 2319 1494 2388 qui
1524 2328 1580 2372 ut
1606 2318 1752 2373 ordi-

157 2408 396 2463 nationis
449 2409 745 2476 periculum
793 2410 1225 2476 demonstraret,
1266 2411 1446 2480 junxit
1483 2418 1752 2466 tormenta

159 2498 521 2567 peccantium.
565 2499 744 2570 Neque
779 2502 1258 2567 communicaveris,
1289 2501 1502 2571 inquit,
1535 2501 1754 2570 peccatis

159 2590 368 2648 alienis.
409 2593 561 2649 Sicut
593 2608 724 2665 ergo
761 2594 814 2649 in
841 2595 1272 2651 ordinationibus
1297 2596 1561 2650 malorum
1591 2595 1758 2664 parti-

160 2695 295 2752 ceps
321 2693 405 2738 est
434 2693 813 2753 peccatorum,
843 2687 933 2755 qui
963 2687 1100 2743 tales
1125 2688 1438 2755 constituit,
1469 2688 1548 2742 sic
1582 2686 1634 2740 in
1668 2701 1760 2742 or-

161 2775 443 2834 dinatione
467 2787 780 2834 sanctorum
809 2779 1076 2849 particeps
1101 2788 1185 2834 est
1209 2795 1398 2836 eorum
1423 2781 1644 2850 justitize
1669 2781 1758 2848 qui

163 2866 339 2923 bonos
359 2869 541 2940 elegit.
569 2870 756 2940 Neque
775 2873 1259 2927 communicaveris
1284 2873 1518 2940 peccatis
1538 2872 1755 2937 alienis;

161 2962 555 3019 communicari
576 2963 710 3018 dicit
735 2964 971 3032 peccatis
996 2964 1113 3034 ejus
1137 2965 1228 3035 qui
1255 2980 1361 3021 non
1389 2965 1646 3034 probatus
1672 2982 1762 3021 or-

163 3055 404 3110 dinatur.
436 3055 676 3126 Teipsum
703 3065 900 3111 castum
927 3059 1152 3115 custodi.
1190 3057 1260 3113 Ut
1296 3059 1470 3128 possis
1502 3059 1640 3114 alios
1664 3073 1759 3114 au-

163 3147 362 3203 denter
393 3162 645 3218 arguere.
687 3148 817 3203 Noli
842 3149 1014 3202 adhuc
1043 3165 1229 3219 aquam
1270 3150 1471 3215 bibere,
1517 3149 1606 3202 sed
1645 3150 1762 3203 vino

1857 1967 1920 2006 ea:
1949 1953 2131 2023 quibus
2172 1956 2414 2010 oriuntur
2450 1957 2673 2011 invidia’.
2720 1957 2927 2014 Relicto
2962 1974 3125 2016 sensu
3161 1961 3436 2031 veritatis,

1858 2044 2297 2113 ambiguitatibus
2336 2048 2624 2103 verborum
2683 2057 2984 2120 captantur.
3044 2051 3433 2121 Contentiones,

1860 2135 2206 2206 blasphemia}.
2249 2138 2378 2205 Quae
2419 2148 2676 2209 generant
2713 2139 2854 2197 lites.
2899 2141 3228 2210 Suspiciones
3268 2143 3444 2198 multa;

1857 2228 1983 2282 Sive
2013 2231 2351 2298 suSpicantur
2383 2231 2628 2288 haeresim
2658 2233 2726 2288 de
2752 2235 3012 2289 alterutro
3032 2276 3046 2300 ,
3078 2235 3194 2290 sive
3223 2235 3442 2290 audien-

1859 2329 1939 2375 tes
1985 2331 2172 2387 putant
2211 2323 2443 2378 deﬁcere
2483 2325 2784 2382 veritatem.
2819 2323 3234 2395 Conﬂiclaliones
3281 2327 3445 2382 homi-

1861 2428 1983 2466 num
2009 2424 2176 2467 mente
2203 2426 2558 2483 corruptorum
2580 2459 2595 2485 ,
2622 2426 2672 2470 et
2699 2417 2786 2487 qui
2809 2434 2840 2470 a
2869 2419 3078 2471 veritate
3101 2419 3282 2488 privati
3306 2427 3441 2473 sunt.

1861 2505 1940 2562 Ab
1984 2495 2596 2579 integritate'Evangelii
2623 2510 2708 2564 vel
2755 2519 2976 2565 naturai.
3025 2508 3447 2566 Existimantiutn

1865 2609 2117 2669 quwstum
2144 2618 2252 2656 esse
2281 2603 2540 2671 pietatm.
2573 2603 2671 2671 Qui
2703 2610 2894 2674 putant
2936 2612 3152 2675 propter
3183 2612 3446 2674 quaestum

1863 2704 2018 2746 suum
2042 2693 2255 2748 venisse
2276 2692 2482 2749 Novum
2505 2695 2924 2750 Testamentum.
2948 2693 3010 2750 Si
3033 2703 3205 2749 autem
3227 2704 3448 2766 qutestus

1867 2799 2105 2854 magnus.
2155 2786 2375 2840 Multum
2407 2787 2669 2856 acquirit,
2702 2787 2789 2856 qui
2838 2786 2996 2841 habet
3035 2787 3285 2856 pietatem
3325 2801 3446 2843 cum

1865 2875 2226 2931 sufﬁcientia:
2261 2891 2367 2932 non
2399 2876 2672 2945 avaritite,
2716 2878 2808 2932 sed
2851 2888 3071 2932 naturae.
3118 2876 3293 2932 Pietas
3333 2893 3449 2931 cum

1867 2969 2190 3038 sufﬁcientia.
2225 2967 2403 3024 Pietas
2432 2977 2513 3024 est
2541 2969 2747 3024 cultura
2792 2968 2923 3036 Dei,
2967 2969 3045 3024 sic
3085 2969 3330 3040 impietas
3369 2977 3452 3025 est

1864 3067 2220 3130 contemptus.
2268 3060 2418 3115 Nihil
2444 3063 2576 3115 enim
2597 3059 2866 3115 intulimus
2908 3061 2960 3114 in
2989 3062 3276 3126 mundum;
3308 3059 3449 3114 haud

1869 3156 2076 3208 dubium
2102 3155 2221 3223 quia
2251 3165 2340 3207 nec
2367 3153 2570 3224 auferre
2591 3154 2712 3224 quid
2738 3169 3024 3221 possumus.
3054 3151 3191 3207 Nudi
3219 3150 3328 3206 nati
3355 3163 3448 3205 su-

163 3243 373 3297 rnodico
401 3251 577 3309 utere,
607 3253 816 3313 propter
843 3244 1164 3300 stomachum
1196 3254 1374 3311 tuum,
1406 3253 1452 3299 et
1479 3249 1763 3315 frequentes
1791 3237 1837 3300 C
1871 3261 1990 3302 mus
2011 3287 2024 3312 ,
2057 3245 2181 3300 nudi
2214 3245 2374 3299 etiam
2407 3243 2683 3309 morituri;
2719 3242 2976 3314 quidquid
3008 3242 3094 3298 hic
3134 3243 3408 3297 inventum
3429 3282 3447 3310 ,

166 3344 287 3389 tuas
325 3335 670 3404 inﬁrmitates.
716 3337 819 3392 Dat
857 3340 905 3394 ei
947 3338 1230 3394 consilium
1273 3348 1334 3393 ut
1375 3339 1496 3407 plus
1538 3337 1761 3393 aliorum

168 3427 468 3498 profectum
509 3446 669 3500 quam
709 3444 863 3486 suam
905 3432 1286 3488 abstinentiam
1335 3438 1507 3486 curet.
1541 3429 1763 3487 Poterat

167 3523 314 3578 enim
342 3524 564 3579 verbum
593 3525 857 3595 impedire
883 3524 1190 3580 inﬁrmitas.
1221 3525 1574 3593 Quorumdam
1600 3523 1764 3577 homi-

167 3633 299 3672 num
341 3628 547 3685 peccata
581 3620 859 3690 ntanifesta
898 3627 1038 3674 sunt.
1081 3620 1209 3676 Sive
1246 3618 1372 3674 dum
1417 3618 1759 3689 deteguntur,

143 3717 736 3784 -escommunicantur;
761 3717 875 3774 sive
896 3717 1021 3772 dum
1051 3717 1221 3790 plagis
1249 3715 1602 3786 praesentibus
1629 3731 1762 3786 prte-

171 3809 521 3877 damnantur,
556 3811 698 3880 quod
727 3813 780 3866 in
808 3811 990 3867 futuro
1023 3811 1224 3882 judicio
1259 3811 1631 3882 accipiendum
1658 3820 1759 3866 est.

174 3899 529 3957 Prsecedentia
559 3904 629 3958 ad
649 3905 928 3975 judicium.
964 3905 1190 3960 Pcccata
1221 3915 1346 3960 sunt
1372 3919 1490 3974 qua:
1522 3912 1647 3958 ante
1676 3902 1763 3959 hic

174 3994 542 4064 unusquisque
567 3996 875 4061 commisit,
909 3997 1063 4052 verbi
1100 3997 1301 4066 gratia,
1338 3996 1382 4051 si
1421 3997 1509 4065 qui
1548 4011 1577 4050 a
1608 3993 1762 4050 vobis

175 4071 433 4141 lac'ultate
460 4085 656 4154 privati
685 4086 844 4140 etiam
876 4094 998 4157 post
1022 4086 1225 4141 obitum
1258 4095 1496 4141 nostrum
1525 4085 1764 4154 afﬂigan-

175 4187 263 4233 tur
291 4177 488 4249 iuopia.
523 4178 785 4245 Quosdam
811 4190 982 4233 autem
1011 4187 1057 4232 et
1086 4179 1476 4247 subsequuntur.
1514 4175 1764 4232 Similiter

170 4277 221 4323 et
249 4271 385 4338 facta
409 4269 540 4324 bona
565 4253 838 4340 manifesta
858 4278 996 4323 sunt.
1022 4269 1386 4326 Praecedentia
1413 4267 1478 4322 ad
1504 4265 1762 4336 judicium

171 4371 390 4431 peccata
417 4371 573 4429 sunt,
600 4363 728 4417 dum
763 4362 1011 4417 omnibus
1043 4372 1170 4416 nota
1199 4370 1342 4417 sunt.
1371 4360 1642 4427 Quosdam
1670 4373 1764 4413 au-

171 4463 282 4508 tem
309 4461 362 4507 et
390 4453 809 4520 subsequuntur,
839 4453 967 4506 dum
997 4461 1179 4520 postea
1210 4454 1262 4506 in
1289 4451 1492 4521 judicio
1517 4463 1765 4518 compro-

172 4546 391 4601 bantur.
425 4544 556 4598 Item
587 4544 739 4599 aliter
769 4561 783 4602 :
815 4545 1133 4601 Praecedunt
1165 4559 1263 4600 nos
1295 4545 1347 4598 in
1385 4543 1642 4612 judicium
1674 4543 1762 4598 illa

1865 3339 1949 3393 hic
1971 3337 2324 3407 relinquetur,
2351 3349 2456 3391 non
2477 3347 2562 3390 eSt
2585 3343 2823 3390 nostrum
2845 3377 2858 3402 ,
2887 3345 3135 3404 tauquam
3158 3331 3447 3404 peregrini.

1864 3431 2011 3503 Ergo
2041 3428 2364 3485 sufﬁcientia
2395 3427 2672 3494 contenti,
2704 3427 2826 3482 illas
2855 3425 3070 3482 divitias
3109 3425 3446 3496 acquiramus

1863 3539 1995 3596 quas
2025 3522 2300 3579 nobiscum
2336 3520 2402 3575 ad
2433 3521 2656 3590 patriam
2688 3519 3036 3590 perferamus.
3064 3517 3322 3574 Habentes
3347 3533 3444 3572 au-

1865 3626 1961 3672 tem
2000 3616 2277 3681 alimenta,
2319 3619 2368 3669 et
2403 3613 2584 3684 quibus
2622 3622 2872 3683 tegamur,
2902 3611 2982 3667 his
3007 3613 3224 3668 contenti
3247 3625 3444 3667 sumus.

1862 3710 2017 3780 Quod
2058 3708 2307 3781 superius
2345 3707 2554 3763 dixerat
2594 3707 2971 3762 sufﬁcientiam
3002 3748 3015 3771 ,
3068 3705 3325 3776 quidquid
3365 3703 3448 3760 his

1849 3803 2093 3875 amplius
2115 3809 2226 3867 est,
2249 3799 2448 3856 divitia:
2471 3807 2618 3854 sunt.
2644 3797 2784 3853 Nam
2805 3798 2892 3868 qui
2916 3797 3092 3852 volunt
3112 3796 3288 3850 divites
3311 3794 3444 3865 ﬁeri.

1863 3892 1965 3964 Qui
1989 3903 2116 3950 sunt
2142 3893 2331 3950 divites
2350 3934 2365 3959 ,
2397 3891 2534 3948 bene
2563 3900 2781 3947 utantur
2811 3887 3010 3946 divitiis
3035 3905 3050 3943 :
3082 3903 3204 3943 nam
3234 3885 3324 3958 qui
3351 3900 3449 3943 vo-

1864 3987 1982 4042 lunt
2018 3987 2212 4042 divites
2251 3984 2400 4052 ﬁeri,
2441 3984 2557 4040 sine
2590 3981 2892 4038 'tentatione
2945 3995 3053 4036 non
3104 3987 3273 4035 sunt:
3323 3976 3448 4048 quia

1867 4077 2008 4148 quod
2039 4077 2145 4131 illis
2176 4077 2404 4144 crescit,
2438 4075 2623 4144 utique
2651 4073 2772 4130 aliis
2802 4073 3078 4128 minuitur.
3120 4069 3367 4125 Incidunt
3393 4070 3448 4124 in

1866 4173 2215 4226 tentationem.
2249 4170 2471 4226 Occasio
2495 4167 2983 4238 ergmtentationis,
3009 4176 3063 4220 et
3088 4165 3310 4234 laqueus
3334 4164 3447 4218 dia-

1869 4265 1977 4320 boli
2009 4272 2090 4318 cst
2109 4303 2124 4329 ,
2159 4261 2357 4317 habere
2386 4260 2596 4315 divitias
2618 4300 2633 4326 ,
2665 4272 2799 4328 quas
2827 4271 2927 4310 nec
2957 4262 3207 4324 parentes
3233 4252 3317 4307 sui
3346 4253 3445 4306 ha-

1867 4355 2098 4410 buerunt
2125 4373 2135 4405 :
2169 4365 2288 4406 cum
2317 4352 2499 4419 utique
2523 4349 2715 4418 quibus
2742 4356 2992 4416 parentes
3014 4344 3364 4409 dimiserunt,
3393 4344 3447 4398 in

1868 4446 2025 4500 bonis
2058 4443 2287 4498 debeant
2314 4441 2566 4510 operibus
2595 4436 2914 4508 dispensari.
2954 4436 3020 4490 Et
3062 4435 3298 4505 laqueum
3327 4434 3442 4489 dia-

1869 4537 2004 4603 boli,
2040 4544 2086 4588 et
2113 4532 2366 4586 desideria
2393 4531 2594 4595 multa,
2636 4538 2683 4582 et
2720 4527 2946 4583 inutilia.
2987 4527 3263 4596 Nunquam
3305 4525 3445 4581 enim

172 4643 394 4708 peccata
425 4650 546 4705 quae
571 4644 693 4692 ante
719 4639 806 4692 hic
831 4638 1198 4707 unusquisque
1237 4637 1565 4692 commiserit
1594 4653 1608 4690 ;
1637 4637 1760 4694 sub-
1789 4621 1843 4682 D
1868 4629 2168 4685 divitiarum
2213 4625 2475 4681 desideria
2513 4625 2809 4680 satiantur:
2841 4623 2964 4694 quia
2993 4635 3206 4692 semper
3243 4637 3404 4692 egens
3426 4661 3443 4688 ,

171 4737 471 4799 sequuntur
497 4730 588 4785 illa
628 4731 820 4800 quibus
875 4746 973 4787 nos
1001 4747 1192 4787 causas
1216 4731 1492 4795 dedimus;
1522 4731 1614 4787 sed
1644 4741 1761 4800 post

161 4829 420 4897 .nostrum
453 4824 730 4879 transitum
759 4834 1234 4880 consummantur:
1266 4839 1394 4894 ergo
1421 4823 1758 4894 subsequun-

161 4923 261 4983 tur
290 4927 390 4968 nos
419 4913 725 4984 bujusmodi
759 4926 996 4982 peccata.
1029 4914 1084 4970 Si
1113 4914 1287 4980 (verbi
1316 4913 1506 4984 gratia)
1536 4915 1758 4984 alicujus

175 5009 372 5077 inopiae
394 5021 584 5064 causas
609 5008 886 5064 attulimus
907 5053 920 5079 ,
948 5016 1004 5063 et
1027 5009 1166 5065 fame
1191 5017 1350 5078 atque
1373 5017 1612 5077 egestate
1640 5015 1759 5076 post

163 5099 378 5160 ,obitum
409 5108 652 5155 nostrum
677 5099 1032 5155 aonsumitur.
1075 5099 1203 5155 Sive
1243 5099 1297 5154 in
1344 5098 1574 5154 futurum
1611 5098 1756 5167 judi-

171 5190 316 5246 cium
343 5189 690 5261 judicentur:
721 5193 845 5259 quia
873 5191 961 5248 diu
993 5192 1158 5247 latere
1187 5205 1292 5246 non
1336 5198 1578 5258 possunt.
1618 5187 1758 5244 Nihil

175 5283 445 5340 occultum
470 5326 487 5352 ,
517 5285 662 5356 quod
689 5299 796 5341 non
827 5284 1112 5342 reveletur.
1149 5284 1321 5339 Etiam
1350 5297 1470 5351 qua:
1499 5282 1664 5337 latent
1693 5280 1760 5336 ad

176 5385 425 5446 tempus,
471 5392 577 5434 uon
625 5388 847 5448 possunt
896 5379 947 5432 in
991 5376 1193 5446 judicio
1239 5374 1517 5432 occultari.
1554 5372 1618 5426 Et
1647 5389 1761 5444 qua:

172 5471 322 5524 aliter
351 5487 404 5526 se
433 5472 650 5540 habent,
679 5473 923 5528 abscondi
953 5488 1054 5528 non
1085 5481 1318 5542 possunt.
1350 5472 1392 5525 A
1423 5467 1720 5525 manifestis
1740 5509 1756 5538 ,

173 5563 288 5617 sire
313 5577 343 5616 a
369 5561 543 5619 bonis.

243 5656 374 5712 CAP.
400 5673 473 5712 Vt.
507 5658 803 5730 Quicunque
822 5669 936 5714 sunt
963 5661 1054 5714 sub
1071 5663 1200 5732 jugo
1229 5661 1358 5716 servi
1389 5659 1620 5714 dominos
1640 5675 1758 5715 suos

172 5747 312 5799 omni
353 5747 545 5802 honore
587 5751 767 5817 dignos
803 5752 1132 5806 arbitrentur.
1178 5752 1348 5807 Etiam
1383 5751 1644 5807 inﬁdeles.
1678 5751 1760 5806 Ne

171 5855 355 5921 nonum
394 5837 600 5896 Domini
635 5850 683 5898 et
722 5842 955 5899 doctrina
993 5843 1388 5916 blasphematur.
1426 5845 1502 5902 Ne
1531 5845 1760 5902 videaris

1869 4723 1993 4779 dum
2028 4721 2281 4794 quidquid
2312 4718 2537 4782 viderit,
2572 4717 2735 4787 cupit.
2768 4714 2837 4770 Et
2872 4715 3072 4771 nociva.
3115 4713 3229 4770 Non
3269 4713 3441 4769 solum

1871 4816 2095 4870 inutilia.
2141 4813 2268 4878 Qua:
2297 4817 2527 4882 mergunt
2555 4810 2781 4864 homines
2817 4808 2874 4863 in
2905 4807 3166 4862 interitum
3193 4815 3241 4860 et
3275 4805 3448 4875 perdi-

1867 4910 2075 4961 tionem.
2109 4907 2240 4960 Dum
2267 4904 2554 4959 ambitione
2579 4903 2841 4958 bonorum
2871 4906 3160 4964 tumentes,
3187 4909 3355 4968 usque
3377 4897 3444 4952 ad

1869 4998 2061 5054 coelum
2103 4997 2294 5052 clevati
2335 5009 2503 5064 usque
2537 4993 2602 5047 ad
2643 4992 2843 5048 inferos
2874 4991 3291 5060 demerguntur:
3332 4987 3446 5042 sive

1870 5091 2236 5147 desiderantes
2258 5087 2460 5142 alienas
2491 5099 2643 5156 opes,
2669 5092 2728 5140 ut
2754 5082 2993 5151 adusque
3022 5077 3296 5134 homicidii
3325 5092 3436 5146 per-

1866 5186 2088 5242 veniunt
2119 5182 2399 5238 factiones.
2441 5179 2615 5234 Radix
2642 5179 2776 5233 enim
2816 5177 3044 5231 omnium
3082 5173 3336 5227 malorum
3378 5181 3453 5226 est

1869 5279 2144 5348 cupiditas.
2186 5275 2317 5343 Quia
2358 5281 2448 5329 aut
2486 5273 2602 5328 fons
2639 5281 2722 5328 est
2762 5270 2996 5326 omnium
3035 5265 3317 5323 criminum
3359 5273 3451 5318 aut

1867 5371 2255 5441 adjumentum.
2310 5367 2475 5433 Quam
2511 5365 2721 5435 quidam
2760 5369 3049 5433 appetentes
3087 5365 3378 5414 erraverunt
3413 5373 3447 5412 a

1863 5467 1989 5536 ﬁde.
2042 5465 2401 5520 Itecesserunt
2444 5475 2476 5515 a
2522 5458 2625 5514 ﬁde
2669 5457 3052 5527 promissorum
3090 5453 3207 5510 Dei.
3247 5449 3318 5507 Et
3346 5453 3446 5519 ,ἕη-

1865 5565 2132 5614 seruerunt
2163 5571 2216 5610 se
2258 5553 2518 5609 doloribus
2549 5549 2748 5605 multis.
2779 5547 2990 5615 Quanto
3019 5546 3136 5615 plus
3167 5544 3443 5612 habuerit,

1865 5661 2012 5706 tanto
2039 5648 2271 5719 majores
2296 5642 2707 5701 sollicitudinum
2736 5641 2962 5694 sustinet
2986 5640 3269 5693 cruciatus.
3297 5638 3446 5694 Unde

1867 5753 1918 5801 et
1952 5745 2206 5798 Dominus
2235 5739 2538 5794 divitiarum
2566 5733 2817 5787 an‘ttmnis
2846 5731 3066 5786 verbum
3099 5731 3326 5786 asseruit
3347 5772 3360 5796 ,
3393 5740 3445 5783 et

1868 5842 2067 5898 circum
2116 5838 2318 5907 reliqua
2368 5826 2816 5902 concupiscentiis
2865 5826 3158 5883 sulfocari:
3214 5823 3443 5895 denique
