3982 6352
582 343 679 397 671

1700 335 1994 394 PRIMASII
2035 335 2485 394 ADRUMETANI
2525 338 2741 396 EPISC.

3808 344 3899 398 67‘!

583 475 692 518 non
730 458 1077 515 dominantur
1113 455 1313 514 divitiis
1333 497 1349 525 ,
1380 456 1474 512 sed
1505 455 1746 512 serviunt
1773 475 1785 510 :
1832 458 1903 511 ita
1933 466 1989 511 ut
2018 455 2165 510 dica-
2191 461 2242 520 Α
2270 468 2394 509 nam
2425 462 2481 510 et
2509 456 2681 510 solum
2714 461 2861 509 tanto
2889 455 3117 525 amplius
3141 455 3416 522 videmus,
3442 462 3689 526 quanto
3719 459 3898 526 purior

585 563 691 621 tur,
722 563 1038 623 quantarum
1069 550 1372 606 divitiarum
1403 558 1486 606 est
1513 549 1676 604 homo
1719 549 1853 604 ille?
1884 549 2036 619 quasi
2076 548 2162 604 di-

583 661 678 702 cas
723 647 1044 714 mancipium
1087 643 1413 697 divitiarum.
1452 641 1529 695 Tu
1559 651 1758 706 autem,
1794 658 1822 693 o
1851 642 2000 694 homo
2049 639 2160 695 Dei.

582 740 698 796 Non
728 740 1039 794 divitiarum
1072 736 1267 800 homo,
1299 735 1392 792 sed
1436 737 1597 789 homo
1639 736 1764 799 Dei,
1796 734 1946 806 cujus
1987 736 2162 789 omnia

584 845 742 902 sunt,
771 844 825 889 et
853 833 942 887 uni
981 833 1087 887 Deo
1129 831 1481 900 mancipatus.
1526 829 1654 884 Herc
1694 829 1829 899 fuge.
1872 831 2002 896 Quas
2040 837 2164 883 sunt

585 944 742 984 causa
785 926 1020 996 perfidiae
1058 932 1112 979 et
1161 924 1422 978 dolorum.
1469 923 1676 978 Sectare
1713 939 1828 976 uero
1873 922 2160 992 justitiam,

582 1023 847 1093 pietatem,
888 1017 1072 1085 ﬁdem,
1115 1017 1446 1081 charitatem,
1492 1015 1828 1083 patientiam,
1868 1023 2164 1067 mansuetu-

582 1114 770 1166 dinem.
803 1111 859 1165 ln
892 1112 976 1164 bis
1007 1110 1204 1164 divitiis
1232 1110 1390 1178 cupio
1419 1119 1470 1163 te
1495 1123 1614 1162 esse
1645 1106 1984 1174 locupletem.
2013 1104 2163 1161 Certa

581 1205 763 1258 bonum
794 1212 1050 1257 certamen
1081 1203 1222 1271 ﬁdei.
1255 1201 1458 1257 Bonum
1491 1211 1760 1255 certamen
1792 1209 1902 1264 est,
1931 1213 2035 1253 non
2067 1213 2162 1268 pro

577 1295 916 1366 possessione
937 1337 951 1360 ,
983 1295 1077 1351 sed
1109 1311 1205 1365 pro
1237 1294 1338 1349 fide
1369 1303 1600 1350 certare.
1642 1293 1978 1362 Apprehende
2009 1293 2162 1346 vitam

575 1402 835 1446 teter-nant.
869 1389 1019 1444 Sicut
1049 1389 1114 1443 de
1146 1405 1204 1444 se
1231 1389 1397 1442 dicit:
1422 1388 1476 1443 Si
1507 1388 1775 1456 quomodo
1802 1386 2160 1457 comprehen-

574 1483 696 1537 dam
720 1524 734 1547 ,
767 1483 820 1536 in
849 1497 953 1552 quo
983 1481 1403 1549 comprehensus
1439 1496 1578 1535 sum.
1624 1479 1688 1533 In
1720 1498 1820 1551 qua
1849 1489 2056 1534 vocatus
2085 1498 2156 1534 es.

576 1575 952 1631 Renuntiando
980 1574 1176 1629 smculo
1201 1584 1254 1628 et
1283 1574 1488 1643 pompis
1518 1573 1654 1642 ejus.
1687 1571 1752 1625 Et
1782 1577 2042 1643 confessus
2071 1573 2160 1626 bo-

575 1683 693 1720 nam
734 1667 1121 1736 confessionem.
1164 1664 1218 1719 ln
1259 1666 1539 1735 baptismo.
1584 1665 1768 1720 Coram
1806 1667 1980 1719 multis
2021 1667 2160 1721 testi-

577 1761 688 1814 bus.
729 1759 921 1814 Coram
955 1759 1321 1816 sacerdotibus
1364 1770 1416 1814 et
1448 1759 1739 1824 ministris,
1795 1769 1954 1828 atque
1984 1761 2154 1815 virtu-

2267 546 2427 602 fuerit
2464 548 2607 603 acies
2644 549 2941 604 oculorum.
2983 546 3233 604 Divitibus
3269 549 3428 620 hujus
3466 550 3709 605 seaculi.
3757 551 3887 605 Sunt

2265 640 2408 695 enim
2449 649 2504 696 et
2543 641 2766 697 alterius
2805 641 2990 696 saeculi
3032 640 3261 708 divites,
3291 643 3380 712 qui
3411 650 3630 698 emunt
3661 643 3773 695 sibi
3802 657 3886 696 au-

2263 750 2381 789 rum
2414 735 2636 804 ignitum
2667 751 2696 788 a
2734 736 2977 790 Domino.
3007 734 3260 803 Prwcipe.
3289 735 3405 791 Non
3435 736 3734 790 aduleris.
3772 735 3880 790 Nec

2263 827 2478 879 sublime
2509 842 2712 896 sapere.
2745 826 3012 894 Imprimis
3043 826 3274 895 primum
3306 842 3499 882 eorum
3531 828 3695 895 tergi
3744 843 3877 881 mor-

2265 917 2417 972 bum.
2449 918 2772 972 DifliciI-‘ime
2802 921 2945 973 enim
2974 918 3193 974 divitem
3225 919 3468 976 invenies
3514 934 3644 973 non
3693 933 3868 988 super-

2264 1009 2421 1074 bum,
2462 1011 2552 1076 qui
2593 1025 2856 1080 pauperes
2895 1012 2977 1065 vel
3031 1020 3280 1081 parentes
3326 1021 3605 1082 agnoscat
3631 1051 3649 1075 ,
3705 1021 3760 1064 et
3798 1015 3864 1078 qui

2265 1116 2372 1156 non
2403 1102 2637 1172 graviter
2669 1102 2806 1158 lerat
2837 1102 3056 1158 minime
3086 1104 3186 1159 sibi
3214 1103 3284 1158 ab
3327 1104 3606 1159 inferiore
3640 1102 3860 1160 delatum

2265 1195 2543 1250 honorem.
2589 1195 2769 1265 Neque
2811 1213 3034 1267 sperare.
3077 1197 3191 1251 Non
3233 1197 3506 1267 sperando
3554 1197 3855 1251 vilescunt:

2263 1301 2383 1343 eum
2416 1287 2696 1352 viluerint,
2725 1297 3035 1358 erogantur.
3084 1289 3150 1342 In
3190 1290 3384 1346 incerto
3415 1290 3766 1344 divitiarum.
3793 1291 3851 1348 De

2263 1379 2457 1449 quibus
2489 1381 2728 1435 incertus
2755 1395 2836 1447 es,
2859 1391 3038 1437 utrum
3061 1383 3164 1437 illa:
3189 1383 3304 1450 tibi,
3337 1399 3404 1438 an
3428 1393 3485 1438 tu
3515 1384 3639 1438 illis
3663 1385 3853 1438 subtra-

2263 1471 2413 1526 haris
2443 1473 2678 1529 celerius
2713 1491 2725 1527 :
2760 1475 2941 1529 multis
2970 1477 3112 1530 enim
3143 1492 3264 1532 cum
3295 1478 3403 1531 vita
3433 1477 3682 1532 sublate
3711 1487 3847 1532 sunt:

2262 1568 2350 1621 alii
2394 1568 2624 1637 propriis
2663 1583 2754 1623 eas
2794 1571 3023 1624 alienari
3061 1569 3231 1625 oculis
3274 1571 3698 1640 praeviderunt;
3738 1586 3846 1625 son-

2261 1660 2392 1716 nulli
2424 1661 2572 1716 inviti
2600 1675 2692 1716 eas
2719 1664 2991 1718 extraneis
3020 1665 3375 1734 reliquerunt.
3413 1665 3526 1721 Sed
3558 1667 3617 1719 in
3657 1665 3760 1720 Deo
3783 1669 3842 1720 ri-

2260 1769 2342 1819 νο,
2369 1755 2455 1824 qui
2483 1763 2692 1826 prwstat
2719 1755 2865 1809 nobis
2893 1759 3085 1812 omnia.
3109 1757 3277 1829 Cujus
3302 1768 3425 1812 sunt
3453 1759 3671 1812 omnia.
3694 1760 3839 1812 Abes-

575 1853 713 1906 tibus
741 1851 1047 1907 caelestibus
1074 1866 1135 1905 ac
1163 1851 1378 1904 divinis.
1433 1849 1688 1920 Pracipio
1714 1851 1801 1904 tibi
1829 1868 1999 1904 coram
2027 1849 2146 1905 Deo.

2263 1846 2346 1898 de.
2376 1844 2473 1910 Qui
2509 1846 2630 1900 ideo
2662 1847 2872 1902 abunde
2903 1857 3119 1914 praestat
3139 1891 3153 1915 ,
3187 1859 3244 1902 ut
3273 1862 3509 1914 utamur,
3547 1851 3714 1905 etiam
3742 1851 3840 1905 aliis

574 1944 825 2013 Praecipit
855 1952 1118 2012 potestate
1151 1943 1315 2012 patris
1341 1952 1394 1996 et
1418 1943 1733 1996 auctoritate
1762 1943 2018 2012 magistri.
2056 1943 2154 2008 Qui

572 2035 809 2102 t'iviﬁcat.
867 2034 1028 2102 Cujus
1061 2039 1293 2104 polentia
1325 2043 1379 2088 et
1404 2033 1554 2103 jussu
1585 2036 1744 2088 etiam
1774 2034 1922 2087 arida
1951 2036 2153 2088 revire-

567 2137 744 2182 scunt.
777 2126 984 2181 Omnia.
1014 2126 1143 2193 Quaz
1170 2127 1375 2179 vivunt.
1410 2125 1476 2182 Et
1505 2125 1706 2179 Christo
1734 2125 1879 2190 Jesu,
1900 2126 1987 2193 qui
2017 2125 2155 2179 testi-

567 2220 796 2272 monium
836 2219 1059 2271 reddidit
1097 2219 1188 2272 sub
1219 2217 1410 2271 Pontio
1443 2217 1614 2270 Pilato
1655 2218 1837 2270 bonam
1875 2217 2154 2285 confessio-

569 2327 704 2365 nem.
749 2310 958 2366 Δηιοόο
996 2309 1245 2363 videbitis
1286 2309 1482 2362 Filium
1523 2307 1753 2360 hominis
1800 2307 2071 2362 sedentem
2121 2320 2151 2361 a

564 2403 764 2458 dextris
792 2403 998 2455 virtutis
1024 2401 1139 2454 Dei.
1177 2400 1242 2453 Ut
1267 2415 1430 2453 serves
1459 2400 1753 2452 mandatum
1791 2400 1897 2452 sine
1926 2399 2147 2453 macula.

563 2493 712 2548 Sicut
753 2491 842 2546 ille
881 2491 1115 2546 servavit
1154 2505 1322 2558 usque
1349 2489 1401 2542 in
1434 2489 1616 2543 finem.
1648 2488 2146 2556 lrreprehensibilis.

565 2583 794 2638 Maculat
836 2583 976 2637 enim
1001 2627 1015 2650 ,
1057 2590 1112 2637 et
1146 2581 1538 2650 comprehendi
1592 2580 1752 2648 facit,
1793 2582 1882 2648 qui
1924 2595 1983 2636 se
2022 2595 2151 2650 pec-

567 2675 703 2728 catis
729 2674 1048 2743 capitalibus
1076 2673 1339 2744 inquinat.
1371 2671 1544 2741 Usque
1568 2674 1621 2726 in
1648 2673 1918 2726 adventum
1943 2672 2154 2726 Domini

564 2768 725 2822 nostri
751 2767 876 2821 Jesu
903 2768 1114 2821 Christi.
1144 2768 1242 2834 Qui
1275 2767 1416 2822 enim
1449 2768 1876 2834 perseveraverit
1903 2781 2070 2837 usque
2098 2769 2150 2820 in

565 2859 724 2912 finem
747 2899 762 2924 ,
794 2858 879 2913 hic
908 2858 1088 2912 salvus
1117 2858 1239 2911 erit.
1267 2857 1427 2922 Quem
1452 2859 1559 2910 suis
1587 2858 1901 2924 temporibus
1929 2858 2152 2911 ostendet

562 2949 754 3016 beatus,
782 2960 825 3003 et
848 2949 984 3002 solus
1011 2959 1188 3019 potens
1207 2949 1314 3002 Rex
1333 2965 1508 3017 regum
1535 2957 1581 3003 et
1603 2948 1855 3002 Dominus
1879 2948 2151 3001 dominan-

561 3039 705 3093 tium.
749 3039 972 3107 Quando
1012 3040 1279 3105 voluerit,
1315 3040 1602 3107 ostendet,
1639 3039 1730 3110 qui
1758 3040 1861 3094 hoc
1885 3039 2032 3094 solus
2060 3053 2149 3108 po-

562 3140 681 3186 tens
711 3143 794 3187 eat
835 3129 1033 3187 facere.
1080 3132 1181 3199 Qui
1210 3133 1352 3187 solus
1383 3131 1531 3186 habet
1569 3133 2018 3187 immortalitatem.
2059 3132 2150 3187 llle

2259 1937 2544 2005 largientes
2573 1957 2586 1991 :
2617 1955 2724 1994 non
2753 1949 2809 1994 ut
2835 1943 3022 2010 grandi
3055 1943 3240 1998 labore
3280 1946 3636 2001 destruentes
3668 1949 3833 2002 horrea

2257 2029 2458 2100 majora
2483 2030 2761 2087 faciamus.
2785 2035 2866 2086 Ad
2894 2037 3191 2105 fruendum.
3216 2036 3329 2091 Non
3356 2040 3424 2091 ad
3456 2039 3832 2103 reponendum,

2257 2134 2310 2178 et
2341 2139 2506 2190 super
2534 2124 2612 2178 eis
2647 2125 3025 2181 incubandum.
3056 2126 3194 2182 Bene
3221 2146 3370 2200 agere
3399 2145 3419 2183 :
3444 2130 3634 2184 divites
3661 2132 3767 2200 ﬁeri
3790 2134 3829 2185 is

2256 2217 2492 2284 operibus
2534 2217 2696 2273 bonis.
2741 2218 2858 2274 Non
2901 2219 2954 2274 in
2995 2233 3126 2276 auro
3165 2232 3218 2277 et
3257 2232 3508 2292 argento.
3547 2224 3829 2278 Fari/etri-

2257 2308 2427 2362 buere.
2474 2309 2575 2375 Qui
2624 2311 2777 2365 facile
2819 2311 3044 2379 tribuit,
3087 2314 3195 2369 cito
3237 2315 3394 2371 dives
3434 2332 3560 2372 esse
3599 2319 3825 2373 cessabit.

2256 2401 2666 2458 Contntunicare.
2692 2403 2826 2458 Rem
2856 2406 3127 2474 propriam
3155 2422 3494 2464 communem
3524 2410 3700 2465 facere
3725 2429 3736 2463 :
3761 2410 3827 2464 vel

2257 2493 2344 2548 hic
2386 2494 2548 2560 dare,
2591 2505 2645 2550 et
2686 2496 2740 2550 in
2780 2495 3016 2552 futurum
3059 2498 3321 2568 recipere.
3355 2499 3723 2557 Thesaurisare
3744 2504 3828 2557 sibi

2255 2586 2646 2655 fundamentum
2677 2587 2864 2641 bonunt
2905 2590 2959 2643 in
3001 2591 3259 2659 futurum.
3301 2592 3488 2648 Vende
3529 2598 3737 2657 omnia,
3768 2596 3823 2649 da

2254 2683 2598 2751 pauperibus,
2628 2692 2682 2738 et
2715 2683 2936 2738 habebis
2965 2686 3274 2740 thesaurum
3307 2687 3359 2740 in
3387 2687 3529 2742 ctelo
3552 2729 3566 2751 ,
3596 2698 3651 2743 et
3694 2688 3820 2754 veni,

2253 2789 2480 2843 sequere
2509 2789 2595 2828 me
2623 2791 2636 2826 :
2674 2775 2775 2829 hoc
2805 2774 3154 2842 perfectionis
3186 2786 3269 2832 est
3309 2778 3733 2834 fundamentum.
3766 2779 3822 2834 Ut

2251 2865 2639 2934 apprehendant
2667 2881 2839 2919 veram
2875 2868 3051 2920 vitam.
3095 2868 3222 2924 "ac
3251 2873 3390 2923 enim
3424 2885 3527 2924 non
3555 2881 3640 2924 est
3672 2884 3821 2936 vera,

2251 2962 2372 3028 quia
2396 2959 2447 3010 in
2472 2972 2571 3012 suo
2596 2972 2700 3012 non
2733 2966 3016 3027 permanet
3041 2967 3182 3013 statu
3210 2976 3226 3014 :
3262 2962 3446 3015 vanitas
3469 2961 3610 3014 enim
3639 2962 3827 3014 omnia

2249 3048 2352 3104 sub
2382 3050 2517 3104 sole.
2563 3049 2608 3102 0
2637 3048 2928 3116 Timotheo,
2974 3051 3268 3120 depositum
3304 3053 3506 3106 custodi.
3529 3052 3826 3107 Commeno

2251 3138 2435 3195 datum
2476 3153 2507 3194 a
2538 3139 2696 3195 nobis
2735 3154 2890 3196 serva
2931 3142 3240 3198 mandatum
3270 3162 3282 3197 :
3316 3143 3426 3199 sive
3465 3143 3588 3198 fidei
3621 3145 3820 3199 custodi

559 3221 705 3276 solus
736 3224 950 3292 proprie
995 3221 1155 3278 habet
1196 3225 1286 3294 qui
1327 3222 1534 3294 angelis
1564 3231 1616 3278 et
1659 3222 1970 3278 hominibus
1995 3222 2145 3278 dedit
2173 3217 2218 3280 C
2249 3231 2571 3300 depositum.
2614 3229 2796 3286 Debita
2836 3233 3085 3304 profanas
3123 3250 3305 3290 vocum
3335 3236 3600 3292 novitates.
3630 3236 3769 3304 Quas
3790 3251 3815 3291 a

561 3315 781 3372 habere.
813 3316 922 3372 Nos
951 3326 1132 3373 autem
1165 3332 1265 3374 nec
1294 3318 1430 3386 soli,
1459 3332 1557 3374 nec
1580 3332 1648 3374 ex
1675 3319 1830 3373 nobis
1857 3317 2140 3384 habemus,

558 3415 615 3462 ut
641 3409 748 3464 ille.
783 3409 927 3466 Idem
958 3411 1107 3466 solus
1146 3410 1312 3466 habet
1356 3411 1947 3468 incommutabilitatem
1971 3451 1988 3475 ,
2018 3410 2142 3480 quia

557 3499 706 3555 solus
735 3516 915 3556 veram
943 3501 1106 3559 habet
1131 3504 1488 3560 aternitatem
1516 3522 1529 3557 :
1559 3518 1682 3558 nam
1709 3503 1886 3557 anima
1917 3503 2143 3557 immor-

560 3591 683 3644 talis
714 3592 930 3661 quidem
959 3603 1042 3648 est
1061 3635 1078 3661 ,
1109 3594 1206 3648 sed
1235 3594 1513 3649 mutabilis
1544 3611 1557 3646 :
1599 3594 1652 3648 in
1692 3594 1804 3649 Deo
1833 3609 1961 3649 vero
1999 3593 2144 3650 nulla

558 3683 904 3738 mutabilius.
947 3683 1015 3737 Et
1060 3686 1226 3738 lucem
1275 3684 1473 3738 habitat
1516 3686 1935 3740 inaccessibilem.
1987 3685 2147 3742 Omni

561 3781 845 3827 creaturas.
897 3774 1065 3828 Nemo
1113 3775 1259 3829 enim
1308 3776 1453 3830 novit
1502 3777 1752 3842 Patrem,
1802 3777 1906 3833 nisi
1952 3777 2141 3835 Filius.

561 3861 725 3927 Quem
763 3865 886 3916 uidit
924 3865 1098 3919 nullus
1136 3866 1398 3921 hominum
1423 3885 1443 3922 :
1480 3870 1569 3922 sed
1607 3886 1698 3923 nec
1735 3871 1903 3925 videre
1941 3880 2143 3940 potest:

557 3953 639 4005 cui
673 3961 746 4006 est
773 3954 966 4022 honor,
998 3963 1046 4008 et
1083 3957 1355 4026 imperium
1383 3961 1772 4029 sempiternum.
1821 3966 2006 4018 Amen.
2039 3963 2144 4020 Ne-

565 4057 656 4098 mo
681 4045 813 4102 vidit
840 4056 1097 4117 quantum
1125 4059 1209 4105 est
1228 4094 1243 4121 ,
1271 4052 1364 4108 sed
1395 4056 1761 4124 unusquisque
1787 4071 1884 4126 pro
1911 4057 2140 4116 merito:

2249 3337 2338 3378 me
2379 3337 2484 3376 non
2534 3311 2770 3388 audisti,
2801 3339 2902 3380 nec
2931 3325 3000 3378 ab
3028 3326 3220 3397 angelo
3247 3328 3292 3382 si
3335 3328 3567 3393 dicatur,
3607 3328 3814 3384 libenter

2253 3411 2535 3467 admittas.
2589 3413 2656 3468 Et
2705 3416 3071 3486 oppositiones.
3121 3419 3468 3489 Opponentes
3517 3421 3812 3489 questions

2253 3502 2551 3558 dialectica:
2580 3505 2712 3558 artis
2733 3548 2748 3574 ,
2782 3514 2838 3560 et
2866 3505 3126 3563 infinitam
3159 3525 3339 3566 rerum
3368 3513 3650 3566 scientiam
3677 3512 3808 3582 polli-

2248 3607 2454 3652 centes.
2486 3595 2633 3651 Falsi
2661 3599 2883 3652 nominis
2910 3600 3166 3667 scientia,
3194 3619 3348 3673 quant
3377 3605 3591 3674 quidam
3621 3606 3807 3675 prostit-

2252 3696 2411 3743 tentes
2439 3688 2576 3743 circa
2605 3689 2758 3755 ﬁdem
2790 3691 3108 3748 exciderunt.
3145 3693 3539 3751 Haereticorum
3562 3738 3578 3762 ,
3604 3698 3688 3766 qui
3717 3709 3807 3752 tua-

2245 3779 2422 3849 jorem
2445 3820 2464 3847 ,
2504 3781 2644 3835 sicut
2682 3795 2908 3851 serpens
2932 3784 3079 3852 Evaa,
3113 3786 3391 3841 scientiam
3425 3791 3763 3857 promittens,
3784 3800 3808 3840 a

2250 3872 2374 3927 ﬁdei
2405 3872 2634 3928 veritate
2674 3875 3004 3933 ceciderunt.
3046 3875 3227 3934 Gratia
3266 3889 3453 3935 tecum.
3490 3880 3675 3936 Amen.
3703 3880 3810 3936 Per-

2250 3971 2467 4021 maneat
2497 3965 2552 4020 in
2582 3975 2866 4022 talentum.

569 4186 3801 4226 ————_____,______.__.____________._____________

1241 4314 1734 4395 EPISTOLA
1784 4314 1917 4394 AD
1957 4311 2591 4394 TIMOTHEUM
2647 4311 3136 4396 SECUNDA.

1120 4561 1619 4620 ARGUMENTUM.

551 4667 819 4750 Timotheo
838 4672 1019 4750 scribit
1038 4676 1221 4750 iterum
1241 4680 1304 4730 de
1331 4681 1684 4735 exhortatione
1704 4680 1940 4750 martyrii
1959 4687 2006 4734 et
2028 4695 2135 4734 om-

621 4742 700 4821 nis
714 4744 902 4821 regula:
917 4745 1161 4821 ueritatis,
1188 4757 1234 4800 et
1255 4751 1378 4821 quid
1391 4753 1621 4821 futurum
1635 4761 1698 4804 stt
1712 4742 2016 4821 temporibus
2036 4767 2131 4804 no-

617 4814 854 4879 vissimis,
877 4817 1007 4869 etde
1026 4832 1120 4869 sua
1144 4814 1401 4882 passione;
1420 4819 1621 4875 Paulus
1648 4837 1762 4874 cum
1787 4814 1914 4876 esset
1954 4820 2132 4876 Romw

617 4883 672 4936 in
701 4885 914 4938 vinculis
929 4888 1252 4949 constitutus.
1296 4889 1468 4942 scribit
1484 4890 1772 4959 Timotheo,
1805 4909 2128 4947 commoneas

619 4969 845 5033 catastae
868 4974 957 5033 per
976 4960 1086 5025 ejus
1107 4960 1386 5013 absentiam
1407 4963 1483 5014 uel
1503 4979 1647 5033 propt
1664 4965 1746 5028 iis,
1779 4965 1853 5017 uel
1899 4963 2127 5033 magistri

617 5026 1023 5098 tribulationibus
1075 5039 1341 5098 terreatur,
1385 5041 1474 5084 aut
1503 5026 1865 5088 'tes'timonium
1916 5026 2125 5089 Domini

614 5097 1014 5174 erubescat,‘pro
1042 5117 1141 5174 quo
1166 5119 1320 5172 usque
1349 5104 1416 5155 ad
1433 5113 1642 5157 mortem
1669 5106 1774 5174 ipse
1789 5109 1994 5159 certavit
2010 5124 2028 5170 ;
2055 5108 2128 5158 si-

614 5167 723 5246 mul
746 5179 791 5246 et
808 5170 869 5220 de
894 5167 1140 5246 hiereticis
1183 5167 1400 5227 riiandts
1421 5185 1568 5243 atque
1599 5167 1794 5246 his'qui
1817 5191 1938 5229 suas
1959 5167 2126 5246 potius

615 5237 822 5308 fabulas
849 5255 997 5307 quam
1020 5243 1111 5296 Dei
1135 5245 1413 5312 pradicant
1435 5237 1716 5300 ueritatem.

603 5360 783 5417 Carus
804 5379 1025 5419 rlttttuu.
1045 5365 1238 5422 Paulus
1249 5371 1510 5440 apostolus
1525 5371 1716 5425 Christi
1725 5370 1758 5424 J
1763 5389 1850 5425 esu
1864 5388 1951 5442 per
1962 5373 2132 5428 uolunn

545 5460 697 5506 tatem
713 5453 824 5508 Dei.
842 5457 1106 5512 Consueta
1124 5462 1730 5518 veritatecthumilitate
1761 5480 1865 5518 non
1891 5479 1990 5518 suo
2015 5482 2131 5522 me-

539 5543 940 5606 riso,asserltse
956 5551 1250 5615 apostolum
1268 5553 1485 5620 factum,
1507 5555 1601 5608 sed
1619 5555 1822 5608 Domini
1841 5559 2130 5612 voluntate.

545 5630 845 5688 Secundum
867 5640 1252 5706 promissionem
1291 5646 1404 5697 vita:
1435 5661 1546 5710 qua:
1595 5645 1735 5697 estin
1759 5644 1960 5698 Christo
1979 5646 2129 5702 Jesu.

543 5723 678 5788 Quia
705 5727 856 5780 nobis
875 5745 966 5796 per
980 5729 1250 5788 Christum
1265 5737 1465 5789 estvita
1481 5744 1697 5789 mterna.
1717 5735 1981 5791 Timotheo
2002 5744 2126 5795 cha-

541 5814 747 5872 rissinto
790 5817 900 5888 ﬁlio
928 5823 1123 5894 gratia,
1151 5824 1520 5897 misericordia,
1551 5841 1657 5897 pax
1675 5841 1708 5880 a
1731 5825 1842 5884 Deo
1865 5827 2046 5902 Patre,
2074 5842 2123 5891 et

2163 4561 2219 4624 ι)
2243 4555 2445 4611 Christo
2472 4556 2598 4612 Iesu
2625 4556 2849 4612 Domino
2877 4567 3069 4616 nostro.
3103 4559 3251 4616 Talis
3269 4567 3352 4617 est
3369 4562 3628 4620 salutatio
3661 4564 3813 4630 Pauli,

2242 4655 2303 4701 ut
2331 4649 2509 4702 omnia
2542 4649 2737 4704 Christi
2767 4661 2820 4704 et
2842 4650 3288 4708 Patrisheneficia
3334 4667 3656 4728 mereretur,
3717 4660 3816 4714 ideo

2236 4741 2462 4808 gratiam
2481 4754 2695 4810 semper
2721 4743 3083 4798 commendat.
3110 4742 3318 4801 Gratias
3342 4763 3441 4820 ago
3467 4748 3596 4814 Deo,
3617 4753 3712 4805 cati
3731 4767 3816 4804 ser-

2237 4833 2339 4886 vio.
2377 4830 2594 4887 Gratias
2611 4847 2712 4902 ago
2741 4835 2788 4889 ei
2821 4834 3082 4904 quinobis
3111 4837 3269 4894 talem
3300 4840 3352 4894 in
3390 4838 3657 4896 alterutro
3705 4843 3818 4898 cha-

2235 4923 2452 4979 ritatem
2485 4923 2721 4992 donavit,
2757 4935 2813 4981 et
2843 4927 3034 4996 dignos
3060 4929 3362 4998 apostolatu
3401 4929 3545 4987 fecit.
3575 4932 3618 4985 Α
3650 4949 3818 5003 proge-

2231 5013 2486 5067 nitoribus
2514 5016 2566 5068 in
2592 5017 2901 5071 conscientia
2929 5034 3080 5086 pura,
3127 5021 3263 5090 quod
3300 5021 3408 5075 sine
3451 5022 3820 5078 intermissione

2236 5105 2447 5160 habeam
2472 5107 2546 5160 tui
2567 5110 2860 5162 memoriam
2882 5111 2934 5164 in
2956 5112 3271 5166 orationibus
3298 5115 3440 5167 meis.
3465 5114 3658 5170 Omnis
3687 5118 3819 5187 origo

2236 5213 2353 5252 mea
2381 5199 2554 5255 solum
2583 5200 2750 5256 coluit
2775 5202 2963 5267 Deum.
2989 5220 3086 5272 pro
3114 5220 3217 5274 qua
3239 5221 3300 5261 re
3319 5214 3376 5262 et
3405 5207 3706 5265 Ecclesium
3739 5207 3820 5263 Dei

2237 5289 2369 5359 legis
2383 5295 2722 5349 aemulatione
2737 5311 2854 5350 sum
2878 5306 3210 5367 persecutus.
3227 5299 3394 5354 Nocte
3412 5318 3475 5355 ac
3491 5304 3594 5369 die,
3619 5303 3819 5358 deside-

2239 5397 2359 5436 rans
2384 5393 2430 5438 te
2445 5386 2631 5440 videre.
2659 5388 2726 5442 Et
2743 5390 3060 5445 cbari.alem
3078 5393 3332 5458 ostendit,
3353 5402 3408 5448 et
3420 5395 3530 5464 jugi
3541 5405 3622 5449 ter
3633 5395 3820 5451 orandi

2237 5475 2440 5540 prebet
2461 5480 2785 5548 exemplum.
2807 5479 3004 5535 Memor
3024 5484 3364 5553 lacrgmarum
3385 5495 3607 5550 tuarum,
3626 5499 3690 5540 ut
3710 5505 3821 5558 gau-

2237 5565 2321 5618 dio
2349 5567 2591 5634 intplear.
2618 5569 3000 5639 Lacrymarum
3038 5590 3169 5643 quas
3217 5591 3303 5630 me
3335 5578 3570 5633 abeunte
3613 5579 3817 5644 fudisti,

2236 5658 2375 5711 unde
2392 5673 2475 5711 me
2495 5662 2558 5712 ad
2587 5661 2854 5716 tristitiam
2881 5668 3202 5732 provocasti,
3229 5683 3385 5736 quam
3415 5677 3501 5721 tua
3527 5679 3659 5738 opto
3689 5685 3819 5741 prec

2234 5752 2402 5803 scntia
2440 5755 2748 5821 temperari.
2784 5757 3208 5814 Ilecordationem
3253 5763 3508 5831 accipiens
3555 5767 3666 5834 ejus
3702 5765 3818 5834 ﬁdei

2229 5854 2343 5911 qua
2367 5851 2442 5899 est
2487 5843 2540 5900 in
2567 5852 2616 5901 te
2645 5861 2746 5903 non
2775 5849 2937 5918 ﬁcta:
2963 5866 3076 5921 qua:
3118 5861 3164 5910 et
3211 5850 3453 5912 habitavit
3501 5858 3730 5929 primum
3764 5857 3820 5922 il
