3982 6352
72 303 181 358 675

849 291 916 352 IN
956 286 1340 350 EPISTOLAM
1386 284 1430 344 ll
1461 283 1553 342 AD
1590 283 2000 342 TIMOTHEUM
2037 281 2564 344 COMMENTARIA.

3249 290 3353 347 συ

74 423 193 478 avia
222 429 307 475 tua
331 415 510 480 Loide,
525 421 571 470 et
590 423 751 469 matre
767 421 854 468 tua
879 409 1094 464 Eunice.
1116 410 1244 477 Quae
1277 406 1468 462 verain
1489 414 1538 460 te
1554 417 1674 458 esse
1702 404 1756 463 Α
1778 404 1991 461 audisti.
2021 404 2322 461 Secundum
2349 422 2465 462 eam
2495 407 2718 462 formam
2745 415 2798 464 et
2827 407 2968 476 vive,
2990 417 3044 465 et
3065 409 3216 475 doce,
3234 412 3356 479 quia

75 513 337 586 operibus
358 507 763 579 comprobatur,
781 507 917 559 sicut
940 503 1170 558 Jacobus
1194 499 1453 566 deﬁnivit,
1481 509 1665 566 etquae

75 609 146 664 ad
179 617 233 663 te
262 621 326 660 ex
349 618 410 658 ea
439 603 541 656 vita
592 597 949 654 successionis
1013 593 1346 649 institutione
1390 592 1533 645 dono
1571 589 1664 645 Dei

75 701 234 773 quasi
266 692 610 752 barreditario
635 691 755 761 jure
785 687 1080 744 descendit.
1104 685 1284 739 Certus
1331 697 1446 736 sum
1471 692 1664 744 autem,

77 795 217 866 quod
237 803 282 847 et
312 792 365 844 in
387 801 449 844 te.
487 787 620 855 Quia
668 782 1013 849 cornprubavi
1052 780 1209 834 ﬁdem
1234 788 1398 833 tuam.
1418 773 1668 830 Commo-

78 888 197 943 veri
231 884 456 954 indiges,
490 895 594 935 non
624 878 824 932 doceri.
859 874 1076 946 Propter
1127 887 1279 942 quam
1323 885 1529 923 causam
1573 867 1670 919 ad-

77 995 261 1035 moneo
293 989 361 1044 te,
393 984 446 1030 ut
474 975 740 1029 resuscites
764 971 979 1042 gratiam
1022 968 1136 1032 Dei,
1155 983 1267 1037 quia
1312 974 1385 1019 est
1420 965 1472 1018 in
1503 974 1568 1017 te.
1601 961 1668 1017 Ut

80 1071 398 1133 resuscites,
430 1063 579 1137 quasi
634 1061 1067 1118 tribulationibus
1100 1059 1478 1112 dormitantem
1510 1070 1668 1126 :qua:

83 1164 178 1218 tibi
207 1163 352 1233 prius
383 1159 555 1214 fuerat
584 1156 741 1211 ﬁdem
775 1155 826 1208 in
853 1151 1407 1208 inlundendodonata.
1433 1146 1536 1202 Per
1573 1148 1669 1200 im-

49 1247 53 1252 ’
80 1257 386 1323 positionem
412 1265 658 1304 manuum
686 1262 933 1300 mearum.
963 1243 1420 1303 Benedictionem.
1440 1239 1666 1311 quamin

60 1347 396 1416 episcopatu
437 1357 530 1412 per
554 1352 744 1396 manus
792 1336 909 1407 eius
945 1334 1342 1406 impositionem
1367 1339 1666 1401 acceperat.

81 1436 137 1491 Ν
142 1454 212 1492 οη
237 1437 370 1490 enim
383 1434 520 1488 Deus
542 1431 681 1486 dedit
695 1430 836 1484 nobis
861 1428 1095 1500 spiritum
1107 1425 1323 1489 timoris,
1347 1424 1435 1478 sed
1445 1422 1669 1490 virtutis,

80 1539 127 1584 et
158 1525 468 1590 dilectionis,
507 1533 558 1578 et
577 1521 886 1578 sobrietatis.
917 1519 998 1574 Illi
1026 1517 1226 1573 habent
1252 1515 1497 1585 spiritum
1516 1515 1672 1568 timo-

81 1623 158 1678 ris
179 1622 268 1691 qui
297 1619 611 1689 iniustitiam
636 1622 949 1686 operantur,
972 1612 1108 1667 sicut
1138 1611 1253 1679 ipse
1304 1609 1432 1664 alibi
1462 1608 1539 1662 ait
1569 1625 1584 1662 :
1613 1607 1671 1664 Si

80 1719 265 1768 autem
287 1707 638 1773 malefeceris,
683 1707 828 1761 time.
856 1704 982 1760 Sive
1002 1701 1136 1771 legis
1161 1701 1430 1772 spiritum,
1467 1716 1585 1770 quae
1617 1701 1668 1755 in

1768 511 1798 552 a
1828 513 1914 552 me
1937 501 2172 555 breviter
2198 501 2474 569 accepisti.
2503 500 2565 555 In
2596 502 2696 569 [ide
2716 512 2761 556 et
2793 503 3063 556 dilectione
3083 501 3356 557 inCItristo

1767 592 1916 647 Jesu.
1950 596 2226 660 Quomodo
2251 598 2454 666 integre
2475 597 2780 663 credamus,
2806 608 2858 652 et
2886 600 3200 653 alterutrum
3239 596 3358 652 dili-

1768 701 1976 758 gamus.
2006 686 2207 741 Bonum
2230 691 2518 756 depositum
2541 691 2738 742 custodi
2786 705 2875 758 per
2933 688 3189 760 Spiritum
3235 705 3360 743 san-

1770 789 1926 834 ctum.
1959 779 2112 846 Quod
2147 780 2284 848 apud
2311 789 2364 835 te
2387 780 2612 848 deposui
2643 795 2736 846 per
2757 788 3018 844 sanctum,
3059 780 3198 848 quod
3228 778 3362 833 ﬁdes
3403 814 3414 822 ο

1769 871 2105 942 intelligitur,
2131 887 2248 941 qua:
2273 872 2410 926 inter
2439 871 2642 926 fructus
2665 872 2897 938 Spiritus
2917 869 3086 925 sancti
3115 869 3182 924 ad
3207 868 3363 923 Gala-

1771 973 1851 1018 tas
1869 963 2194 1018 nominatur.
2231 963 2331 1030 Qui
2359 964 2551 1018 habitat
2584 965 2638 1017 in
2666 963 2829 1019 nobis.
2866 964 3031 1018 Datus
3072 973 3154 1017 est
3185 960 3358 1015 nobis.

1771 1056 1891 1112 Scis
1919 1057 2054 1108 enim
2077 1057 2193 1120 hoc,
2219 1056 2357 1124 quod
2378 1057 2542 1110 aversi
2568 1066 2685 1111 sunt
2713 1073 2744 1109 a
2768 1073 2846 1110 me
2871 1071 3064 1110 omnes.
3085 1053 3283 1109 Idcirco
3311 1063 3363 1106 te

1771 1164 2114 1217 commoneo,
2145 1151 2267 1218 quia
2293 1163 2428 1219 quos
2457 1166 2541 1203 me
2566 1165 2668 1204 n0n
2699 1149 2948 1219 putabam
2978 1149 3249 1212 deserere,
3281 1160 3364 1200 re-

1770 1239 2060 1311 liquerunt.
2101 1241 2204 1306 Qui
2230 1242 2284 1295 in
2308 1241 2431 1294 Asia
2456 1249 2574 1296 sunt
2603 1257 2621 1296 :
2649 1258 2710 1294 ea:
2733 1243 2912 1312 qus'bus
2942 1249 3012 1296 est
3036 1240 3284 1312 Ph’gelus
3316 1245 3365 1292 et

1773 1332 2141 1404 Hermogenes.
2177 1332 2278 1388 Det
2300 1335 2704 1390 misericordiam
2741 1333 2996 1390 Dominus
3058 1332 3366 1399 Onesipltori

1773 1426 1970 1492 domui,
1998 1429 2120 1493 quia
2146 1443 2282 1499 sirpe
2323 1443 2402 1481 me
2439 1428 2781 1498 refrigeravit,
2823 1437 2873 1480 et
2924 1435 3154 1481 catenam
3200 1439 3366 1477 meam

1773 1534 1877 1572 non
1901 1519 2120 1573 erubuit.
2150 1518 2428 1589 Vituperat
2454 1519 2782 1586 desertores}
2813 1530 2868 1574 et
2909 1517 3091 1573 laudat
3112 1529 3362 1584 perseve-

1773 1617 1982 1676 rantes,
2015 1612 2185 1665 bonos
2231 1623 2290 1666 ut
2338 1623 2589 1680 provocet
2629 1613 2694 1666 ad
2726 1611 3053 1681 exemplum.
3099 1608 3204 1665 Sed
3254 1621 3369 1662 cum

1776 1701 1993 1757 Romam
2019 1704 2255 1770 venisset,
2288 1703 2506 1758 sollicite
2530 1720 2610 1758 me
2637 1706 2887 1774 qutesivit,
2937 1713 2985 1758 et
3033 1701 3241 1757 invenit.
3272 1699 3369 1754 Det

81 1802 433 1874 peccantibus
464 1798 791 1854 vindicabat.
820 1794 946 1849 Noli
985 1794 1155 1863 itaque
1204 1793 1492 1846 erubescere
1539 1791 1676 1844 testi-
1711 1793 1756 1854 Β
1783 1794 1861 1848 illi
1900 1793 2156 1848 Dominus
2187 1795 2410 1848 invenire
2433 1796 2836 1849 misericordiam
2872 1813 2904 1849 a
2953 1794 3172 1848 Domino
3195 1793 3249 1847 in
3277 1790 3372 1845 illa

81 1895 315 1947 monium
328 1891 536 1946 Domini
562 1889 918 1957 nostri,neque
940 1902 1018 1940 me
1047 1886 1266 1939 vinctum
1283 1884 1416 1952 ejus.
1440 1883 1572 1950 Quia
1602 1882 1672 1937 ni-

81 1982 433 2039 bilCliristus
460 1980 776 2036 confusione
834 1978 1053 2046 dignum
1100 1977 1379 2030 exercuit:
1411 1990 1511 2030 nec
1553 1989 1672 2043 ego,

78 2089 247 2144 quem
279 2073 442 2138 nosti,
465 2068 1230 2139 nonobaliquodcrimen,sed
1264 2079 1478 2138 propter
1501 2067 1674 2136 ipsum

81 2165 206 2219 haec
226 2165 403 2219 omnia
431 2163 688 2218 sustineo.
726 2162 831 2217 Sed
853 2162 1114 2216 collabora
1159 2162 1434 2232 Evangelia
1489 2177 1672 2213 secun-

80 2255 211 2307 dum
232 2255 464 2309 virtutem
481 2253 595 2307 Dei.
617 2253 747 2318 Qua:
772 2268 869 2307 nos
892 2267 1104 2321 semper
1126 2253 1414 2317 confortat,
1435 2259 1491 2306 et
1515 2266 1674 2306 causa

81 2348 167 2400 sui
192 2344 408 2411 adjuvat
432 2346 759 2398 laborantes.
783 2343 882 2409 Qui
904 2360 994 2397 nos
1041 2344 1291 2397 liberavit.
1317 2346 1358 2396 A
1418 2345 1673 2412 peccatis,

83 2446 140 2494 et
171 2452 202 2490 a
233 2435 429 2490 diaboli
454 2442 737 2504 potestate,
766 2437 846 2488 vel
877 2435 1204 2502 captivitate.
1257 2433 1326 2487 Et
1350 2436 1540 2487 vocavit
1587 2451 1674 2489 vo-

85 2529 291 2583 catione
306 2544 400 2581 sua
423 2537 620 2580 sancta.
665 2526 774 2580 Hoc
793 2534 875 2580 est
906 2527 1008 2594 pia.
1045 2527 1198 2593 Quos
1243 2536 1420 2580 autem
1446 2529 1668 2591 vocavit,

89 2621 212 2686 illos
240 2626 296 2673 et
318 2617 650 2688 justilicavit.
683 2616 804 2671 Non
831 2618 1107 2671 secundum
1151 2633 1307 2686 opera
1348 2627 1544 2682 nostra,
1584 2616 1673 2671 sed

89 2711 364 2765 secundum
376 2711 690 2779 prOpositum
711 2724 880 2775 suum,
904 2720 952 2762 et
969 2708 1210 2779 gratiam,
1229 2724 1341 2778 qua:
1358 2709 1480 2763 data
1500 2717 1674 2762 estno-

90 2804 162 2855 bis
192 2805 246 2855 in
269 2800 470 2856 Christo
486 2800 637 2856 Jesu.
671 2800 726 2855 ln
753 2816 858 2870 quo
886 2802 1159 2871 proposuit
1216 2816 1314 2856 nos
1372 2817 1465 2870 per
1519 2803 1674 2856 Chri-

89 2902 228 2948 stum
258 2895 424 2964 gratis
449 2895 678 2961 salvare,
738 2894 898 2947 nullis
963 2892 1387 2962 praecedentibus
1443 2892 1667 2948 meritis.

90 2987 154 3042 Et
185 2988 288 3041 hoc
317 2987 628 3050 notandum,
670 2985 808 3054 quod
830 2985 981 3052 dicit,
1036 2999 1146 3039 non
1176 2984 1469 3040 secundum
1509 2999 1671 3056 opera

91 3088 297 3145 nostra,
329 3086 387 3133 ut
406 3094 474 3134 ne
501 3079 620 3149 quis
649 3079 932 3148 glorietur.
965 3077 1095 3132 Ante
1123 3087 1352 3149 tempora
1379 3078 1668 3132 stecularia.

1776 1887 1878 1940 die.
1906 1885 1972 1939 Et
1997 1898 2188 1956 quanta
2214 1886 2408 1956 Ephesi
2433 1888 2731 1940 ministravit
2773 1887 2952 1941 melius
2983 1897 3037 1940 tu
3057 1886 3210 1940 nosti.
3243 1882 3371 1938 Ideo

1775 1977 1982 2033 invenit
2011 1980 2134 2047 quia
2178 1980 2408 2034 sollicite
2450 1980 2733 2045 requisivit
2790 1997 2804 2032 :
2856 1981 2998 2035 unde
3040 1980 3363 2052 08tenditur,

1775 2070 1898 2139 quia
1923 2071 2124 2124 idcirco
2155 2085 2260 2124 non
2291 2084 2479 2124 omnes
2498 2070 2586 2139 qui
2615 2082 2860 2140 quierunt
2888 2071 3195 2139 inveniunt,
3239 2087 3370 2141 quo-

1777 2161 1920 2216 niam
1954 2163 2286 2233 negligenter
2314 2162 2609 2231 inquirunt.

1847 2277 1972 2331 CAP.
2000 2292 2060 2330 tt.
2118 2275 2192 2328 Tu
2221 2292 2360 2346 ergo,
2391 2277 2470 2343 ﬁli
2493 2276 2585 2340 mi,
2617 2276 2907 2343 confortrtre
2941 2277 2993 2329 in
3039 2277 3229 2345 gratia,
3260 2293 3372 2346 qua:

1775 2377 1846 2422 est
1867 2371 1918 2421 in
1936 2367 2138 2422 Christo
2160 2367 2307 2435 Jesu,
2333 2377 2382 2421 et
2403 2383 2516 2438 quae
2533 2367 2724 2420 audisti
2745 2385 2776 2420 a
2799 2383 2877 2421 me
2899 2383 2988 2434 per
3005 2368 3189 2420 multos
3203 2377 3368 2422 testes.

1773 2461 1896 2515 Sive
1919 2459 2272 2529 praesentibus
2315 2460 2496 2513 multis
2549 2458 2641 2513 tibi
2675 2445 2924 2512 mandata
2975 2458 3094 2513 dedi
3144 2459 3375 2527 qualiter

1775 2553 1973 2606 debeas
2000 2553 2236 2607 docere:
2270 2551 2384 2606 sive
2411 2565 2531 2618 quae
2581 2551 2715 2615 dixi,
2759 2549 2938 2602 multis
2990 2547 3373 2617 prophetarum

1774 2642 2037 2711 exemplis
2067 2651 2122 2697 et
2175 2641 2496 2697 testimoniis
2547 2640 2883 2695 conﬁrmavi.
2919 2638 3048 2692 Haec
3077 2639 3374 2691 commenda

1775 2734 2014 2803 fidelibus
2042 2733 2352 2787 hominibus.
2383 2733 2484 2800 Qui
2507 2732 2737 2786 fideliter
2767 2732 2972 2801 possint
3003 2731 3094 2785 Dei
3142 2732 3370 2801 gratiam

1776 2823 2112 2892 diSpensare,
2143 2823 2243 2876 boc
2272 2830 2374 2887 est,
2408 2828 2625 2889 propter
2661 2821 2826 2875 Deum
2857 2819 3133 2885 docentes,
3164 2828 3220 2875 et
3264 2835 3372 2876 non

1777 2923 1995 2984 propter
2025 2913 2212 2968 mundi
2243 2913 2587 2968 commodum
2613 2912 2915 2975 adulantes,
2959 2910 3043 2966 vel
3081 2925 3228 2964 suam
3251 2911 3371 2981 glo-

1775 3009 1912 3063 riam
1944 3019 2270 3076 quiereutes.
2305 3007 2406 3074 Qui
2431 3007 2604 3060 idonei
2636 3014 2782 3060 erunt
2804 3016 2851 3060 et
2878 3005 3006 3059 alios
3036 3005 3236 3060 docere.
3274 3004 3372 3070 Qui

1775 3114 1882 3154 non
1906 3098 2079 3153 solum
2110 3099 2326 3165 iaciant,
2345 3097 2437 3152 sed
2468 3107 2522 3153 et
2551 3097 2800 3151 doceant.
2829 3096 3031 3149 Labora
3051 3097 3182 3149 sicut
3205 3096 3368 3148 bonus

91 3172 360 3239 Quantum
397 3171 463 3226 ad
497 3171 882 3239 tumscientia!“
913 3170 1031 3236 Dei.
1060 3178 1185 3225 ante
1207 3170 1399 3226 saecula
1426 3172 1536 3238 iam
1577 3170 1672 3224 do-
1697 3157 1744 3218 (ἶ
1777 3191 1920 3243 miles
1958 3188 2146 3241 Christi
2185 3157 2331 3242 tetu.
2363 3188 2568 3242 Idcirco
2595 3188 2790 3241 milites
2820 3186 3071 3251 dicimur,
3095 3185 3219 3254 quia
3241 3199 3370 3239 con-

91 3264 233 3319 navit
266 3282 282 3320 :
313 3280 433 3319 nam
452 3275 504 3319 et
535 3264 800 3332 homines,
835 3264 1080 3333 quamvis
1104 3265 1316 3327 incerti,
1347 3264 1526 3318 solent
1556 3262 1677 3317 ﬁliis

92 3356 361 3412 deStinare
389 3357 585 3427 pra-dia
624 3363 908 3424 antequam
942 3365 1229 3410 nascantur
1261 3372 1276 3408 :
1309 3355 1449 3410 sicut
1467 3362 1523 3407 et
1548 3354 1677 3409 alibi

91 3449 214 3503 dicit
242 3467 260 3503 :
284 3449 382 3518 Qui
412 3465 508 3502 uos
540 3449 939 3518 prwdestinavit
962 3449 1014 3503 in
1045 3449 1388 3518 adoptionem
1445 3448 1677 3503 filiorum

93 3552 210 3595 ante
233 3551 479 3609 tempora
502 3539 774 3594 saecularia
794 3559 805 3592 :
823 3543 942 3610 quia
964 3541 1103 3612 apud
1121 3543 1284 3596 Deunt
1300 3539 1475 3596 omnia
1500 3541 1677 3596 futura

88 3643 191 3697 3am
221 3631 364 3684 facta
393 3644 510 3685 esse
540 3640 852 3686 noscuntur.
886 3631 1222 3701 Mani/estalt:
1254 3645 1325 3686 est
1343 3646 1512 3687 autent
1544 3650 1677 3688 nunc

93 3737 176 3790 per
205 3721 636 3776 illuminationem
671 3723 957 3779 Saluatoris
983 3725 1142 3779 nostri
1159 3725 1288 3779 Jesu
1324 3724 1677 3793 Christi.Qua:

93 3819 209 3867 ante
241 3813 479 3880 latebat;
521 3823 574 3868 et
605 3817 785 3884 paucis
817 3816 872 3871 in
911 3831 1018 3871 uno
1049 3828 1250 3872 tantum
1283 3818 1478 3887 populo
1512 3819 1680 3873 dona-

95 3901 273 3959 batur.
308 3905 406 3970 Qui
435 3905 684 3960 destruxit
713 3908 917 3977 quidem
947 3921 1181 3964 mortem.
1213 3910 1390 3965 Gratia
1424 3915 1677 3979 potentiae

97 4011 201 4052 sua:
229 3997 496 4052 destruxit
525 4008 764 4068 peccata,
825 4017 945 4071 quae
989 4013 1214 4057 mortem
1246 4002 1596 4070 generabant,
1626 4012 1680 4057 et

100 4087 332 4157 donavit,
363 4101 526 4158 atque
551 4091 786 4146 ostendit
813 4093 1083 4160 quomodo
1111 4095 1220 4148 vita
1253 4102 1306 4146 et
1347 4094 1679 4162 incorruptio

97 4193 439 4248 quareretur.
471 4181 788 4237 “luminat-it
812 4196 982 4238 autem
1007 4186 1160 4239 vitam
1185 4192 1229 4237 et
1251 4184 1680 4254 incorruptionem

98 4287 183 4339 per
208 4272 563 4344 Evangelium,
590 4279 643 4330 in
662 4294 760 4346 quo
784 4279 981 4347 positus
1030 4295 1144 4332 sum
1170 4295 1259 4349 ego
1302 4280 1606 4350 praedicator
1633 4286 1680 4332 et

99 4371 374 4434 apostolus.
405 4369 458 4423 Id
481 4383 561 4424 est
582 4369 672 4423 illo
717 4369 1067 4433 illuminante,
1113 4378 1168 4423 et
1215 4385 1300 4424 me
1355 4369 1682 4437 praedicante

98 4461 457 4522 crediderunt,
487 4461 608 4528 quia
637 4474 809 4528 neque
844 4461 933 4528 qui
967 4458 1170 4527 plantat
1205 4467 1288 4513 est
1341 4457 1565 4526 aliquid,
1596 4473 1680 4511 ne-

99 4565 198 4620 que
228 4552 319 4621 qui
347 4551 514 4618 rigat,
569 4550 664 4604 sed
696 4549 786 4619 qui
835 4548 1220 4603 incrementum
1242 4549 1354 4615 dat,
1399 4549 1562 4604 Deus.
1613 4549 1680 4604 Et

96 4644 337 4712 magister
352 4640 597 4711 gentium.
629 4641 711 4696 Ad
739 4641 1194 4712 comparationem
1237 4643 1465 4697 aliorum
1492 4643 1682 4699 dicun-

98 4742 183 4787 tur
203 4731 445 4800 magistri
476 4748 488 4786 :
514 4732 579 4787 ad
618 4731 816 4788 Christi
844 4747 971 4787 vero
1023 4734 1474 4803 comparationem
1523 4749 1681 4790 nemo

65 4803 77 4820 ’
101 4823 353 4893 magister
385 4831 468 4878 est
493 4839 671 4888 verus,
709 4825 810 4879 nisi
843 4827 955 4894 ipse
981 4825 1147 4879 solus.
1185 4825 1259 4879 0b
1282 4842 1435 4896 quam
1471 4842 1682 4880 causam

102 4917 206 4969 lucc
235 4918 390 4971 etiam
406 4918 594 4987 patior.
615 4918 730 4971 Non
758 4928 972 4986 propter
989 4917 1201 4987 aliquod
1221 4918 1446 4982 crimen,
1469 4917 1606 4972 sicut
1629 4927 1682 4973 et

104 5023 196 5062 nos
225 5009 330 5078 pati
361 5009 548 5063 Petrus
579 5010 840 5064 hortatur.
865 5010 971 5064 Sed
1005 5026 1106 5064 non
1150 5013 1456 5081 confundor.
1486 5009 1682 5064 Paulus

108 5115 208 5154 non
236 5101 573 5157 erubescitiu
603 5101 826 5169 Catenis,
857 5117 981 5159 cum
1014 5117 1111 5157 nos
1147 5103 1199 5158 in
1227 5105 1356 5158 solis
1378 5102 1683 5173 opprobriis

108 5193 527 5250 confundamur:
559 5204 612 5250 et
634 5211 738 5250 non
767 5195 937 5248 solum
969 5210 1074 5249 non
1117 5209 1426 5265 operantur,
1475 5202 1520 5254 si
1576 5216 1681 5256 non

108 5279 400 5350 laudamur,
425 5287 518 5342 sed
549 5298 603 5343 et
625 5286 966 5357 tepescimus.
995 5287 1116 5344 Scio
1164 5289 1298 5343 enim
1333 5292 1416 5344 cui
1462 5295 1681 5349 credidi.

112 5375 228 5432 Scio
252 5395 350 5452 ego
367 5395 486 5436 esse
503 5382 709 5437 ﬁdelem
739 5383 1139 5439 retributorem.
1160 5383 1225 5437 Et
1243 5396 1406 5441 certus
1427 5403 1541 5441 sunt
1562 5390 1685 5457 quia

114 5478 282 5536 potens
310 5483 382 5528 est
407 5475 695 5544 depositum
718 5491 883 5530 meum
899 5491 1098 5531 servare
1133 5479 1186 5531 in
1214 5478 1362 5533 illum
1403 5480 1558 5535 diem.
1605 5481 1688 5536 Fi-

116 5561 247 5630 dem,
279 5566 402 5636 quia
441 5577 494 5624 et
519 5570 657 5639 apud
686 5585 768 5624 me
809 5571 923 5638 ipse
973 5573 1237 5640 deposuit,
1299 5577 1636 5631 conservabit
1668 5596 1682 5630 :

117 5667 226 5722 qua:
263 5662 394 5716 meis
433 5662 639 5718 viribus
678 5664 792 5719 sine
833 5665 972 5719 illius
1015 5665 1278 5736 adiutorio
1326 5671 1528 5725 servari
1579 5686 1685 5728 non

117 5755 299 5813 potest.
329 5749 577 5811 Formam
604 5755 790 5812 habens
813 5772 1054 5820 sanorum
1105 5760 1369 5822 verborum
1407 5778 1521 5838 quis
1548 5780 1580 5818 a
1609 5780 1688 5821 me

1779 3290 1859 3335 tra
1894 3280 2074 3333 hostes
2089 3279 2182 3334 Dei
2213 3278 2475 3344 adjutorio
2490 3279 2653 3334 armis
2681 3277 3006 3347 spiritalibus
3031 3277 3363 3332 dimicamus.

1782 3373 1849 3427 Et
1874 3373 1995 3426 ideo
2021 3372 2132 3442 jam
2175 3381 2227 3426 tu
2252 3371 2394 3425 dono
2432 3371 2524 3425 Dei
2547 3378 2784 3424 armatus
2812 3378 2866 3424 et
2900 3378 3135 3424 structus
3164 3368 3366 3433 labora,

1778 3476 1837 3520 ut
1859 3464 2080 3534 prmniia
2108 3465 2273 3535 digna
2305 3465 2379 3518 ttti
2402 3464 2602 3518 laboris
2651 3463 2901 3532 accipias.
2930 3463 3096 3516 Nemo
3143 3461 3370 3516 militans

1780 3555 1888 3611 Deo
1918 3556 2146 3624 implicat
2172 3572 2226 3610 se
2253 3556 2470 3626 negotiis
2499 3557 2852 3624 stecularibus,
2879 3565 2934 3610 ut
2964 3556 3011 3610 ei
3041 3556 3258 3625 placeat,
3287 3555 3372 3608 cui

1779 3665 1833 3703 se
1894 3649 2144 3717 probavit.
2197 3647 2613 3716 Comparatione
2658 3647 3002 3703 militantium
3061 3647 3254 3712 utitur,
3314 3655 3372 3701 ut

1779 3743 2218 3798 ostendatmulto
2251 3744 2419 3814 magis
2438 3758 2535 3798 nos
2564 3758 2592 3798 a
2623 3743 2850 3811 negotiis
2868 3742 3213 3798 srecularibus
3239 3741 3370 3797 libe-

1779 3852 1871 3894 ros
1891 3851 2011 3894 esse
2036 3837 2254 3900 debere.
2278 3847 2335 3891 ut
2357 3835 2570 3892 Christo
2609 3837 2935 3906 placeamus,
2980 3836 3024 3890 si
3066 3835 3224 3890 etiam
3273 3848 3372 3889 sae-

1778 3931 1882 3984 culi
1906 3931 2104 3984 milites
2132 3945 2159 3982 a
2189 3929 2412 4000 reliquis
2439 3931 2558 3999 ejus
2593 3931 2802 3984 actibus
2844 3939 3052 3994 vacant,
3087 3939 3141 3982 ut
3167 3928 3372 4000 possint

1779 4021 1889 4090 regi
1920 4035 2018 4074 suo
2053 4021 2262 4084 placere
2323 4020 2578 4088 perfecte,
2623 4029 2679 4076 et
2722 4029 2924 4090 optant,
2970 4029 3259 4088 priesentes
3288 4035 3373 4074 as-

1781 4112 1996 4165 sistere.
2023 4110 2163 4164 Nam
2193 4122 2240 4165 et
2277 4114 2367 4181 qui
2413 4122 2570 4166 certat
2597 4114 2650 4165 in
2703 4130 2884 4183 agone.
2941 4113 3089 4166 Multi
3141 4121 3370 4180 certant,

1781 4204 1876 4259 sed
1908 4204 1996 4257 ille
2030 4214 2318 4258 coronatur
2340 4205 2427 4272 qui
2459 4205 2663 4258 vicerit.
2692 4205 2797 4258 Nos
2827 4214 3002 4257 autem
3053 4219 3240 4258 omnes
3270 4204 3374 4257 Do-

1780 4296 1927 4350 mino
1954 4295 2198 4362 adjutore
2226 4297 2295 4347 ita
2320 4294 2579 4349 debemus
2605 4311 2787 4364 agere,
2828 4305 2887 4346 ut
2913 4309 3102 4347 omnes
3140 4310 3232 4361 per
3257 4296 3373 4362 ejus

1781 4389 2003 4455 gratiam
2021 4386 2559 4455 triumphemus.Non
2578 4387 2976 4450 coronatttr,nisi
2989 4387 3208 4456 legitime
3219 4395 3377 4440 certa-

1783 4479 1928 4532 verit.
1962 4477 2226 4532 Perfecte.
2260 4477 2602 4532 Labornnlem
2619 4478 2899 4550 agricolam
2929 4489 3127 4547 oportet
3155 4479 3375 4547 primum

1784 4573 1846 4626 de
1875 4572 2122 4644 fructibus
2142 4572 2388 4642 accipere.
2423 4572 2498 4627 Ne
2526 4571 2756 4639 diceret,
2780 4573 2920 4628 unde
2952 4573 3186 4628 victurus
3231 4589 3372 4640 sum,

1781 4666 1827 4722 si
1854 4681 1940 4721 me
1968 4677 2135 4719 totum
2165 4680 2496 4735 occupavero
2520 4668 2570 4719 in
2588 4665 2868 4720 doctrina?
2911 4667 3159 4723 Ostendit
3213 4669 3374 4724 etiam

1783 4758 2048 4826 primitias
2072 4758 2337 4814 fructuum
2391 4773 2420 4812 a
2464 4756 2658 4828 popqu
2698 4757 2782 4812 hic
2831 4757 3029 4814 debere
3075 4759 3374 4827 percipere,

1783 4855 1982 4915 printer
2004 4845 2308 4899 mercedem
2339 4845 2551 4908 messis,
2587 4859 2745 4914 quam
2794 4859 2820 4895 a
2869 4843 3096 4897 Domino
3151 4843 3377 4912 accipiet

1786 4937 1840 4991 in
1870 4937 2071 4991 futuro.
2101 4936 2342 5008 Intelligo
2358 4953 2472 5007 qua:
2488 4937 2636 4989 dico:
2664 4935 2802 4988 dabit
2827 4935 2960 4989 enim
2981 4935 3070 4987 tibi
3099 4931 3373 4989 Dominus.

1792 5027 1908 5082 Non
1931 5031 2332 5092 admoneretur,
2366 5028 2411 5081 si
2457 5042 2644 5081 omnes
2690 5026 2988 5093 intelligere
3033 5027 3255 5094 possint.
3308 5025 3377 5079 In

1793 5121 2029 5173 omnibus
2057 5118 2386 5172 intellectum.
2421 5119 2538 5174 Non
2560 5121 2731 5172 solum
2756 5119 2807 5172 iu
2841 5119 2925 5173 bis
2961 5127 3058 5174 :et
3094 5118 3377 5188 diligenter

1792 5211 2010 5266 adverto
2039 5211 2176 5280 quod
2201 5221 2255 5264 ut
2288 5211 2664 5282 intelligamus,
2697 5211 2949 5266 Dominus
3001 5210 3164 5265 donat
3219 5209 3378 5264 intel-

1794 5302 2010 5370 lectum,
2033 5318 2100 5357 ne
2126 5301 2279 5356 nobis
2300 5302 2499 5372 aliquid
2522 5302 2871 5366 ascribamus,
2895 5301 2989 5357 sed
3008 5301 3253 5357 donatori
3265 5316 3378 5373 gra-

1793 5397 1895 5452 tias
1926 5396 2245 5463 referamus,
2277 5395 2365 5465 qui
2399 5405 2638 5449 nostrum
2689 5395 2814 5449 fecit
2839 5410 2981 5459 esse,
3043 5394 3183 5463 quod
3221 5409 3378 5450 suum

1791 5498 1894 5544 est.
1918 5489 2113 5542 Memor
2134 5499 2240 5542 esto
2260 5485 2438 5542 Iesum
2466 5487 2722 5540 Christum
2750 5486 3083 5540 mitur-rexisse
3101 5503 3133 5540 a
3164 5487 3377 5542 mortuis

1793 5596 1856 5634 ea:
1880 5583 2065 5634 semine
2094 5580 2280 5634 Dat-id.
2315 5580 2410 5634 llic
2440 5587 2625 5635 contra
2682 5578 2802 5633 illos
2841 5579 2928 5648 qui
2985 5583 3161 5635 carnis
3191 5595 3375 5636 resur-

1793 5673 2084 5727 rectionem
2112 5681 2388 5741 negantes,
2449 5680 2841 5740 consequenter
2895 5671 3159 5741 negabant
3213 5673 3374 5729 etiam

1792 5764 2021 5834 Christi;
2049 5766 2144 5825 sed
2165 5776 2221 5829 et
2248 5765 2530 5854 adversum
2553 5766 2672 5824 illos
2698 5767 2789 5839 qui
2809 5766 3078 5846 negabant
3105 5766 3375 5837 Christum
