3982 6352
162 353 269 411 677

953 351 1021 409 ΙΝ
1061 348 1449 411 EPISTOLAM
1492 353 1537 411 ll
1578 353 1672 409 AD
1711 350 2116 411 TIMOTHEUM
2155 351 2675 411 COMMENTARIA.

3348 356 3454 413 678

161 478 276 535 que
304 463 622 532 notandum,
650 464 773 535 quia
797 463 1111 534 poenitentia
1160 464 1259 520 Dei
1288 472 1372 522 est
1398 464 1597 522 donum
1625 482 1640 521 :
1667 480 1764 537 per
1791 467 1843 527 A
1871 467 1961 537 qui
1993 475 2137 521 tanta
2164 481 2282 523 sum
2312 482 2521 539 passus,
2548 482 2655 523 non
2678 479 2803 523 mea
2818 467 3038 535 virtute,
3062 469 3147 526 vel
3174 469 3454 529 industria.

161 566 314 612 tuam
344 556 527 612 mitem
585 566 640 613 et
661 556 908 613 blandam
938 566 1335 629 correptionem
1364 577 1381 613 :
1430 560 1556 629 hoc,
1588 568 1645 625 ut
1675 557 1760 616 di-

159 661 314 707 ctum
344 658 449 717 est,
480 659 669 707 contra
696 650 1029 709 Novatianos
1061 651 1284 720 dictum,
1314 654 1645 723 poenitentiae
1670 669 1764 711 ne-

157 754 423 815 gatores:
456 745 580 816 quia
629 746 790 801 etiam
842 746 926 801 his
978 746 1137 802 venia
1190 748 1543 818 promittitur,
1585 749 1676 818 qui
1708 750 1766 807 in

160 838 262 892 tali
292 835 483 892 hmresi
502 836 829 894 detinentur.
859 836 929 892 Et
953 838 1257 907 resipiscam
1278 855 1310 893 a
1331 840 1523 895 diaboli
1544 842 1765 912 laqueis,

158 934 195 983 ἁ
223 946 323 1000 quo
350 930 487 1001 capti
512 937 745 985 tenentur
760 931 828 985 ad
855 932 1019 1001 ipsius
1041 930 1372 989 voluntatem.
1405 935 1643 1005 Accepta
1680 949 1767 991 ra-

160 1022 339 1079 tione.
800 1052 811 1073 π

239 1115 369 1172 CAP.
400 1131 479 1172 ιη.
513 1114 630 1171 Hoc
657 1124 825 1172 autem
837 1118 985 1185 scito,
1013 1120 1149 1189 quod
1174 1119 1229 1174 in
1253 1118 1430 1175 diebus
1451 1119 1762 1178 novissimis.

158 1208 285 1265 Non
308 1209 378 1264 sit
409 1208 502 1265 tibi
532 1208 748 1275 mirum,
774 1210 917 1281 quod
939 1212 1180 1282 quotidie
1210 1212 1394 1283 pejora
1424 1215 1763 1283 perveniunt.

160 1301 447 1357 [natabunt
476 1311 708 1372 tempora
728 1303 1038 1374 periculosa.
1056 1294 1325 1361 Difﬁcilia.
1342 1303 1408 1359 Et
1430 1315 1576 1360 erunt
1602 1306 1769 1362 homi—

160 1410 257 1449 nes
284 1394 475 1464 seipsos
504 1404 755 1451 amantes.
782 1396 1006 1464 Quando
1053 1406 1297 1454 nostrum
1341 1397 1682 1455 commodum
1713 1407 1768 1457 et

160 1487 395 1558 gloriam
427 1488 745 1559 quaerimus,
776 1505 872 1546 nos
899 1491 1070 1561 ipsos,
1093 1500 1277 1546 etnon
1300 1490 1470 1547 Deum
1497 1506 1761 1550 amamus.

162 1580 377 1649 Quanto
407 1582 552 1637 enim
581 1582 702 1653 quis
725 1583 776 1637 in
808 1583 1007 1639 inﬁmis
1027 1582 1348 1653 delectatur,
1400 1591 1547 1640 tanto
1603 1598 1635 1639 a
1679 1600 1767 1640 su-

159 1674 466 1743 perioribus
494 1674 838 1745 disiungitur.
865 1675 1076 1745 Cupidi,
1106 1675 1249 1732 elati.
1282 1675 1466 1742 Avari,
1498 1685 1661 1747 atque
1684 1677 1767 1748 ja-

160 1766 652 1839 ctantes.Superbi,
676 1767 979 1839 blasphemi.
1001 1767 1256 1825 Nolentes
1279 1768 1509 1837 discere,
1532 1779 1588 1827 et
1614 1785 1767 1828 usur-

1872 556 1940 612 Et
1960 574 2132 615 omnes
2152 559 2239 629 qui
2268 560 2443 614 volunt
2476 559 2556 630 pie
2586 560 2745 615 vivere
2790 563 2844 616 in
2885 560 3112 629 Christo,
3147 567 3458 633 persecutio—

1868 668 1983 706 nem
2014 651 2417 723 patientur.Non
2445 654 2619 709 solum
2650 667 2771 724 ego,
2812 655 2915 710 sed
2935 664 2989 712 et
3016 669 3206 712 omnes
3231 658 3321 726 qui
3352 671 3459 714 non

1867 745 2123 802 occidunt
2177 746 2382 823 anitnas
2436 745 2730 802 adulando.
2774 746 2928 805 Unde
2972 748 3264 805 timendum
3305 751 3460 807 nobis

1868 849 1974 907 est,
2002 854 2072 896 ne
2100 854 2207 894 non
2233 841 2317 908 pie
2347 841 2612 909 vivamus,
2637 840 2731 911 qui
2764 842 2897 897 nihil
2954 843 3188 912 patimur
3242 855 3461 916 propter

1870 931 2057 989 Deum.
2093 932 2225 986 Mali
2254 939 2424 987 autem
2454 932 2683 986 homines
2721 943 2769 987 et
2791 934 3078 991 seductores
3118 938 3385 1007 proficient
3410 939 3463 991 in

1869 1029 2039 1097 pejus,
2064 1034 2315 1095 errantes,
2340 1033 2387 1079 et
2410 1024 2464 1077 in
2492 1040 2716 1079 errorem
2736 1027 3007 1084 mittentes.
3045 1028 3157 1085 Hoc
3181 1029 3250 1087 de
3278 1030 3463 1086 adula-

1869 1117 2075 1173 toribus
2120 1118 2202 1173 vel
2233 1116 2302 1174 de
2332 1112 2604 1175 haereticis
2656 1120 2806 1190 dicit,
2837 1122 2927 1193 qui
2957 1122 3081 1178 dum
3126 1122 3195 1179 ab
3231 1123 3463 1179 homini-

1867 1212 1966 1267 bus
1994 1211 2285 1282 diliguntur
2312 1222 2472 1285 atque
2509 1216 2814 1284 laudantur,
2844 1217 3015 1287 magis
3062 1215 3462 1273 seductisedu—

1868 1316 2020 1365 cunt.
2048 1307 2129 1365 Tu
2150 1326 2265 1365 vero
2290 1326 2530 1381 permane
2555 1313 2608 1367 in
2631 1312 2710 1369 his
2729 1327 2842 1383 qute
2884 1312 3113 1367 didicisti
3166 1319 3213 1369 et
3265 1312 3463 1367 credita

1866 1414 1985 1458 sunt
2010 1403 2122 1457 tibi.
2142 1403 2275 1465 Nolo
2304 1405 2407 1463 ista
2446 1416 2706 1465 terreant.
2757 1408 2937 1463 Sciens
2987 1422 3142 1479 aqua
3194 1406 3458 1467 didiceris.

1867 1498 1916 1555 Α
1939 1512 2066 1555 vero
2099 1500 2343 1569 apostolo
2370 1501 2593 1559 Christi.
2636 1502 2704 1557 Et
2751 1503 2877 1574 quia
2916 1504 2980 1558 ab
3018 1504 3242 1574 infantia
3291 1520 3463 1559 sacras

1860 1590 2066 1647 litteras
2096 1595 2251 1659 nosti,
2274 1608 2387 1663 qua:
2411 1604 2457 1648 te
2482 1603 2698 1665 possunt
2731 1595 2979 1652 instruere
3011 1596 3079 1649 ad
3117 1597 3352 1663 salutem,
3375 1611 3464 1665 per

1870 1687 2026 1757 ﬁdem
2056 1702 2169 1755 τινας
2198 1696 2273 1743 est
2294 1688 2345 1742 in
2366 1686 2569 1743 Christo
2589 1688 2737 1744 Jesu.
2765 1689 2897 1746 Sine
2916 1689 3022 1745 ﬁde
3063 1687 3263 1745 Christi
3302 1688 3464 1744 modo

1868 1795 1979 1836 non
2002 1789 2230 1851 possunt
2258 1781 2526 1836 instruere
2563 1780 2630 1835 ad
2663 1781 2910 1837 salutem.
2943 1782 3122 1837 Omnis
3148 1781 3286 1837 enim
3314 1781 3463 1836 Scri-

159 1869 356 1930 pantes
399 1860 719 1917 doctrinam.
778 1859 1093 1918 Parentibus
1137 1880 1239 1917 non
1279 1863 1582 1920 obedientes.
1612 1864 1763 1923 Veris
1792 1855 1841 1918 Β
1870 1880 2025 1941 ptura
2037 1870 2927 1941 divinitusiuspirata.Qumcunque
2956 1874 3103 1928 enim
3124 1872 3321 1942 scripta
3339 1878 3466 1927 sunt

157 1951 375 2008 scilicet
394 1952 734 2019 doctoribus,
766 1953 859 2022 qui
886 1968 979 2007 eos
1011 1969 1104 2022 per
1154 1955 1505 2026 Evangelium
1554 1972 1764 2027 genue-

159 2053 298 2100 runt
324 2044 413 2101 vel
441 2045 761 2101 docuerunt.
794 2044 1021 2117 Ingrati,
1045 2048 1265 2118 scelesti,
1312 2050 1421 2105 sine
1475 2050 1763 2119 a/fectione.

162 2136 285 2195 Hoc
313 2146 420 2207 est,
448 2140 567 2195 sine
598 2141 817 2209 pietate.
841 2140 969 2197 Sine
995 2159 1119 2212 pace
1142 2146 1758 2205 criminatores.Sancto-

158 2244 288 2287 rum
320 2248 333 2284 :
366 2233 489 2303 quia
522 2236 592 2289 ita
620 2248 680 2290 se
708 2234 872 2291 habet
891 2245 1077 2292 natura
1108 2239 1314 2303 vitiata,
1346 2251 1402 2295 ut
1441 2242 1659 2311 quando
1707 2256 1767 2299 se

156 2338 425 2382 excusare
472 2341 581 2381 non
640 2336 853 2395 potest,
902 2330 1037 2383 alios
1094 2330 1199 2386 sibi
1247 2332 1396 2387 falsis
1449 2336 1766 2392 criminibus

156 2417 458 2485 complices
487 2427 712 2488 quaerat.
742 2417 1149 2489 Incontinentes,
1184 2425 1424 2492 immites,
1463 2429 1574 2483 sine
1620 2431 1765 2484 beni-

154 2507 376 2577 gnitate.
407 2508 689 2579 Vitiorum,
721 2510 806 2567 vel
854 2514 1117 2569 avaritiae.
1170 2512 1490 2583 Proditores,
1521 2522 1761 2589 protervi,

158 2596 369 2656 tumidi.
399 2602 653 2659 Invicem.
704 2603 1037 2675 Voluptatum
1090 2618 1345 2665 amatores
1395 2614 1558 2685 magis
1610 2630 1765 2684 quam

159 2691 279 2748 Dei.
308 2693 443 2749 Hinc
470 2696 833 2766 cognoscitur,
888 2698 1016 2767 quid
1075 2701 1305 2770 amplius
1343 2702 1648 2772 diligamus,
1709 2706 1763 2761 in

156 2802 271 2858 quo
294 2789 553 2859 majorem
576 2790 992 2847 sollicitudinem
1020 2792 1221 2849 habere
1247 2795 1507 2850 fuerimus
1536 2796 1760 2853 inventi.

159 2878 422 2937 [labentes
448 2882 654 2952 quidem
673 2884 893 2950 speciem
945 2884 1168 2954 pietatis.
1225 2885 1471 2955 Speciem
1526 2888 1759 2958 habitus,

156 2971 244 3027 vel
277 2972 558 3028 doctrinm.
600 2974 849 3037 Virtutem
875 2985 1047 3030 autem
1090 2978 1201 3046 ejus
1256 2978 1583 3050 abnegantes.
1628 2981 1761 3037 Rem

151 3064 331 3135 ipsam
358 3066 608 3135 operibus
633 3067 978 3138 denegantes.
1030 3067 1097 3123 Et
1151 3070 1245 3124 hos
1295 3071 1487 3127 devita.
1546 3072 1632 3127 Ea:
1683 3074 1762 3128 his

152 3158 299 3212 enim
320 3167 439 3210 sunt
460 3157 546 3225 qui
575 3168 842 3226 penetrant
868 3158 1070 3213 domos.
1104 3159 1179 3214 Ne
1201 3173 1551 3231 corrumpant
1589 3163 1760 3219 bonos

152 3263 341 3304 mores
367 3249 633 3319 colloquia
661 3250 820 3305 mala.
852 3250 918 3304 Et
950 3252 1177 3321 captivas
1208 3253 1406 3307 ducunt
1426 3256 1755 3311 mulierculas

150 3349 395 3396 oneratas
417 3343 655 3412 peccatis.
684 3341 807 3397 lllas
824 3344 1062 3412 capiunt,
1085 3359 1207 3413 quae
1224 3354 1347 3400 sunt
1370 3356 1608 3403 oneratae
1631 3363 1757 3418 pec-

152 3434 319 3500 catis,
345 3433 716 3502 impunitatem
750 3434 951 3491 eisdem
1007 3445 1058 3490 et
1088 3438 1298 3493 veniam
1346 3441 1753 3512 promittentes;

152 3524 278 3580 sive
333 3523 539 3579 animas
588 3524 850 3590 inﬁrmas,
908 3541 1030 3595 qum
1087 3525 1301 3583 feminis
1350 3543 1750 3601 comparantur.

153 3615 291 3681 Quae
311 3617 567 3673 ducuntur
591 3621 747 3675 variis
769 3621 1051 3676 desideriis.
1095 3622 1239 3679 Nova
1298 3639 1512 3694 semper
1561 3633 1750 3691 audire

150 3707 460 3776 cupientes.
486 3708 700 3780 Semper
720 3711 988 3775 discentes,
1017 3721 1065 3765 et
1088 3729 1348 3782 nunquam
1375 3716 1444 3770 ad
1459 3720 1750 3778 scientiam.

149 3797 293 3866 Quia
330 3799 460 3854 nihil
506 3800 781 3857 deﬁnitum
829 3810 977 3858 tenet
1025 3803 1113 3874 qui
1161 3807 1343 3861 omnia
1390 3810 1503 3864 vult
1547 3820 1751 3885 tenere,

148 3891 316 3947 etiam
356 3907 461 3947 non
485 3894 707 3963 probata
743 3912 755 3948 :
798 3897 919 3965 quia
960 3911 1079 3966 qua:
1128 3897 1197 3951 ab
1228 3914 1335 3955 uno
1378 3901 1631 3972 audierit,
1680 3908 1749 3965 ab

150 3984 262 4039 alio
292 3984 662 4041 destruuntur.
701 3985 946 4041 Veritatis
972 3989 1337 4057 pervenientes.
1389 3992 1664 4067 Tanquam
1704 4002 1751 4057 si

152 4076 328 4143 dicas,
356 4091 571 4146 semper
593 4078 952 4144 ambulantes,
993 4089 1047 4134 et
1095 4080 1161 4133 ad
1218 4083 1359 4137 viam
1401 4101 1506 4142 non
1554 4104 1748 4158 perve-

151 4169 385 4226 nientcs.
424 4170 869 4237 Quemadmodum
922 4180 1091 4226 autem
1142 4171 1355 4229 Jamnes
1392 4186 1439 4232 et
1494 4179 1750 4239 Mambres

150 4263 448 4317 restiterunt
471 4262 665 4335 Moysi,
693 4266 764 4320 ita
782 4274 828 4320 et
850 4265 903 4319 hi
926 4266 1170 4323 resistunt
1212 4269 1431 4326 veritati.
1480 4272 1629 4332 Sicut
1672 4276 1750 4332 illi

150 4366 250 4421 per
280 4356 498 4424 magicae
521 4356 809 4425 fallaciam,
839 4359 909 4414 ita
942 4369 999 4416 et
1052 4362 1107 4417 hi
1156 4381 1252 4434 per
1310 4377 1747 4434 argumentorum

148 4447 473 4529 praestigias,
501 4463 563 4503 ac
584 4450 871 4505 verborum
924 4454 1180 4523 argutias.
1231 4456 1480 4511 Homines
1522 4463 1749 4529 corrupti

146 4528 335 4595 mente.
364 4542 616 4611 Corrupti
646 4543 713 4598 ab
761 4542 1071 4615 integritate
1122 4548 1403 4614 doctrinm,
1435 4550 1570 4607 vela
1618 4551 1744 4608 ﬁde.

1870 1962 1924 2017 in
1945 1960 2415 2033 lege,adnostram
2444 1961 2741 2017 doctrinam
2764 1962 2964 2031 scripta
2993 1970 3142 2029 sunt,
3179 1961 3320 2017 sicut
3349 1961 3464 2032 ipse

1871 2053 2000 2109 alibi
2012 2056 2105 2108 ait.
2123 2053 2213 2109 Est
2228 2053 2366 2108 utilis
2387 2055 2452 2108 ad
2464 2053 2771 2124 docendum,
2786 2054 2852 2107 ad
2866 2054 3200 2125 urguendum,
3214 2055 3287 2107 ad
3298 2054 3465 2109 corri-

1869 2147 2195 2217 gendum,ad
2228 2145 2567 2200 erudiendum
2602 2147 2657 2199 in
2680 2146 2985 2216 justitia,ut
3008 2147 3264 2216 perfectus
3301 2145 3467 2199 sitho-

1871 2254 1954 2292 mo
1978 2237 2095 2292 Dei.
2117 2237 2195 2293 De
2225 2237 2338 2306 ipsa
2366 2237 2485 2307 lege
2514 2238 2739 2292 docetur
2781 2236 3059 2306 ignorans,
3110 2238 3352 2305 arguitur
3391 2235 3468 2291 in-

1872 2329 2075 2395 solens,
2132 2329 2421 2397 corripitur
2466 2343 2677 2395 errans,
2709 2327 2955 2383 eruditur
2979 2326 3049 2381 ad
3082 2326 3345 2395 justitiam
3376 2327 3469 2396 qui

1871 2421 2088 2475 modum
2148 2435 2369 2477 servare
2407 2434 2515 2476 non
2556 2421 2725 2476 novit.
2751 2418 2831 2473 Ad
2868 2436 3016 2473 omne
3064 2436 3194 2490 apus
3251 2420 3461 2473 bonum.

1868 2511 1985 2568 Non
2014 2512 2079 2568 ad
2112 2528 2298 2568 unum.
2320 2513 2631 2567 Instructus.
2656 2511 2950 2582 Propterea
2970 2519 3055 2567 est
3075 2510 3198 2566 data
3225 2509 3469 2581 Scriptuc

1868 2620 2048 2660 rarum
2079 2605 2387 2660 instructio.

1940 2698 2067 2753 CAP.
2100 2715 2171 2753 tv.
2204 2699 2477 2768 Testi/icor
2498 2715 2675 2754 coram
2698 2700 2825 2767 Deo,
2849 2708 2897 2755 et
2923 2697 3127 2754 Christo
3144 2696 3293 2753 Iesu.
3325 2694 3467 2752 Con-

1873 2800 2098 2848 lestatur
2128 2792 2275 2847 illum
2304 2808 2404 2863 per
2435 2793 2688 2849 universa
2718 2809 2838 2864 quae
2872 2793 3067 2849 credit.
3117 2792 3220 2857 Qui
3256 2791 3467 2861 judica-

1869 2889 2016 2936 turus
2037 2891 2111 2936 est
2133 2883 2271 2937 uiuos
2290 2892 2335 2936 et
2360 2892 2635 2937 mortuos:
2676 2891 2726 2937 et
2768 2899 2857 2952 per
2907 2884 3180 2937 adventum
3234 2882 3400 2952 ipsius
3417 2888 3465 2936 et

1867 2992 2078 3047 regnum
2105 2978 2238 3049 ejus.
2269 2977 2407 3044 Quia
2454 2988 2507 3033 et
2559 2986 2806 3034 mortuos
2855 2979 3161 3046 suscitabit,
3211 2986 3266 3035 et
3314 2979 3465 3034 vivos

1867 3068 2124 3125 inveniet.
2158 3068 2397 3124 Pra’dica
2423 3069 2652 3138 uerbum,
2681 3071 2817 3125 insta
2845 3071 3176 3127 incessanter.
3229 3070 3466 3127 Ferven-

1868 3168 1968 3216 ter.
2007 3159 2329 3232 Opportune,
2358 3162 2669 3230 importune.
2703 3161 3078 3231 Opportunum
3108 3169 3192 3215 est
3236 3160 3465 3214 libenter

1787 3234 1837 3300 (ἶ
1862 3251 2124 3321 audienti,
2141 3254 2506 3321 importunum
2543 3251 2737 3307 invito.
2764 3251 2958 3322 Argue,
2980 3253 3204 3318 obsecra,
3232 3251 3461 3322 increpa,

1862 3342 1918 3397 in
1944 3343 2083 3395 omni
2105 3342 2356 3412 patientia
2375 3351 2421 3395 et
2445 3341 2703 3395 doctrina.
2728 3342 2908 3411 Argue
2962 3350 3269 3411 peccantes,
3298 3340 3461 3396 obse-

1860 3448 1953 3489 cra
2000 3448 2069 3489 ne
2102 3442 2343 3504 peccent,
2372 3433 2592 3503 increpa
2622 3433 2938 3488 resistentes
2963 3448 2977 3497 ;
3011 3431 3106 3487 sed
3134 3431 3253 3487 haec
3281 3431 3463 3487 omnia

1860 3541 1979 3581 cum
2013 3525 2271 3596 patientia
2305 3524 2596 3582 secundum
2626 3524 2758 3597 legis
2789 3522 3108 3578 doctrinam.
3164 3521 3281 3576 Erit
3327 3521 3463 3577 enim

1862 3627 2059 3686 tempus
2070 3634 2184 3673 cum
2196 3632 2377 3671 sanam
2393 3616 2678 3671 doctrinam
2691 3632 2793 3670 non
2809 3614 3154 3669 sustinebunt.
3167 3613 3359 3670 Verum
3375 3628 3463 3668 au-

1860 3708 1975 3764 dire
2000 3709 2268 3775 nolentes,
2295 3710 2436 3764 sicut
2462 3708 2695 3778 populus
2720 3707 2886 3762 Israel
2916 3707 3224 3777 prophetas.
3256 3707 3365 3763 Sed
3392 3707 3461 3761 ad

1857 3819 1953 3858 sua
1980 3804 2232 3859 desideria
2272 3803 2641 3859 coaceruabunt
2691 3801 2787 3857 sibi
2815 3802 3105 3875 magistros.
3149 3801 3310 3857 Tales
3356 3802 3460 3857 sibi

1860 3895 2146 3967 magistros
2178 3896 2484 3967 inquirent,
2515 3896 2609 3966 qui
2632 3908 2693 3951 ea
2724 3893 2911 3951 dicunt
2945 3908 3064 3964 qua:
3108 3894 3210 3964 ipsi
3238 3893 3451 3951 deside-

1856 3999 2002 4056 rant,
2021 3999 2080 4045 ut
2107 3991 2283 4046 securi
2330 3990 2669 4061 delinquant.
2720 3986 3027 4044 Prurientes
3067 3988 3298 4045 auribus.
3358 3987 3459 4056 Qui

1858 4083 2115 4140 delectari
2160 4083 2490 4151 desiderant,
2540 4097 2649 4138 non
2701 4080 3016 4152 compungi.
3077 4078 3207 4136 Eta
3250 4081 3460 4137 veritate

1856 4178 2063 4246 quidem
2093 4178 2330 4231 auditum
2358 4183 2606 4241 avertent,
2630 4174 2698 4227 ad
2727 4173 2934 4241 fabulas
2963 4179 3134 4227 autem
3162 4182 3459 4228 converten-

1855 4278 1960 4326 tur.
1988 4270 2032 4324 Α
2056 4270 2286 4325 veritate
2304 4268 2624 4338 Scripturae,
2652 4281 2757 4336 qua
2778 4265 2904 4321 vitia
2926 4265 3263 4328 damnamus,
3290 4273 3344 4319 et
3370 4279 3459 4320 ra-

1856 4364 2030 4416 tiones
2059 4364 2342 4423 humanas,
2366 4374 2485 4427 qua:
2500 4358 2669 4415 Deum
2684 4370 2793 4411 non
2813 4353 3091 4410 vindicare
3110 4354 3453 4411 concinnant.

1855 4451 1935 4506 Tu
1959 4468 2075 4505 vero
2101 4451 2258 4523 vigila
2287 4465 2308 4503 :
2327 4451 2381 4503 in
2404 4450 2640 4504 omnibus
2664 4448 2863 4502 labora.
2894 4446 3026 4514 Quae
3071 4445 3141 4501 ad
3170 4446 3454 4507 utilitatem

1856 4542 2129 4611 pertinent
2149 4539 2509 4596 audientium.
2544 4539 2690 4608 Opus
2715 4539 2803 4607 fac
2824 4536 3168 4609 euangelista.
3219 4538 3290 4594 Ut
3341 4555 3453 4595 ver-

147 4630 379 4697 Reprobi
400 4630 538 4684 circa
561 4631 734 4699 ﬁdem.
773 4633 916 4690 Licet
957 4638 1121 4693 vitam
1168 4640 1497 4709 probabilem
1546 4642 1748 4702 homini
1776 4620 1828 4682 D
1855 4637 1980 4694 bum
2013 4644 2162 4690 tuum
2194 4649 2358 4704 opere
2384 4632 2755 4689 conﬁrmetur.
2783 4630 3131 4686 Μίηὶειενίιιηι
3182 4640 3326 4686 tum
3354 4632 3454 4687 im-

146 4724 376 4781 forsitan
409 4727 693 4784 videantur
718 4744 897 4800 agere.
918 4733 1026 4787 Sed
1050 4736 1185 4792 ultra
1212 4754 1315 4793 non
1338 4740 1605 4808 proﬁcient
1632 4743 1750 4798 :in-

144 4820 389 4891 sipientia
413 4822 552 4877 enim
582 4839 759 4879 eorum
786 4828 1118 4897 manifestata
1144 4833 1240 4886 erit
1258 4835 1510 4891 omnibus.
1540 4835 1655 4892 Non
1679 4837 1748 4894 de

145 4912 399 4969 omnibus
432 4912 699 4971 hmreticis
721 4916 872 4986 dicit,
906 4919 1002 4975 sed
1034 4920 1207 4979 dehis
1233 4933 1435 4983 tantum
1454 4941 1589 4998 quos
1620 4936 1748 4987 tunc

146 5007 256 5061 cito
278 5005 482 5062 destrui
514 5010 860 5078 prmvidebat.
887 5012 1035 5067 Sicut
1072 5026 1119 5070 et
1168 5018 1376 5073 illorum
1426 5020 1543 5089 fuit.
1604 5019 1738 5077 Cum

146 5100 377 5157 confessi
397 5112 523 5158 sunt
551 5103 719 5175 digito
745 5107 839 5163 Dei
871 5124 930 5167 se
966 5125 1088 5168 esse
1127 5122 1430 5180 superatos.
1461 5111 1543 5166 Tu
1571 5122 1745 5168 autem

147 5206 407 5254 assecutus
432 5217 485 5255 es
516 5216 681 5256 meam
702 5201 1018 5271 doctrinam,
1059 5204 1453 5268 institutionem,
1508 5207 1745 5273 proposi-

148 5294 277 5359 tum,
318 5291 499 5361 ﬁdem,
525 5294 990 5364 longanimitatem,
1040 5296 1385 5362 dilectionem,
1417 5296 1737 5366 patientiam.

151 5382 275 5439 Plus
302 5386 395 5441 tibi
426 5386 495 5443 de
517 5403 604 5444 me
628 5389 790 5445 crede
819 5404 981 5460 quam
1024 5390 1170 5446 illis:
1224 5390 1347 5445 sive
1400 5389 1602 5446 idcirco
1648 5392 1745 5447 tibi

151 5490 253 5532 non
289 5480 473 5547 timeo,
503 5481 627 5551 quia
652 5483 766 5537 scio
796 5493 847 5539 te
874 5484 1037 5538 vitam
1090 5498 1263 5538 meam
1296 5483 1497 5552 optime
1543 5498 1740 5553 cogno-

151 5573 307 5631 visse.
334 5576 739 5641 Persecutiones,
776 5580 1061 5645 passiones,
1086 5580 1264 5648 qualia
1307 5579 1433 5632 mihi
1466 5583 1601 5648 facta
1623 5588 1741 5632 sunt

154 5668 450 5737 Antiochiw,
487 5671 655 5726 Iconii
678 5682 723 5726 et
750 5672 949 5743 Lystris
985 5674 1193 5743 :quales
1227 5673 1595 5743 persecutiones
1628 5686 1743 5724 sus-

154 5762 273 5816 tinui
292 5808 305 5831 ,
338 5775 383 5817 ct
410 5780 472 5820 ex
501 5765 733 5819 omnibus
760 5782 840 5821 me
868 5766 1057 5837 eripuit
1106 5766 1376 5819 Dominus.
1432 5764 1508 5817 Ex
1536 5763 1618 5817 his
1646 5777 1743 5833 po-

154 5858 295 5916 tuisti
327 5874 675 5933 cognoscere,
700 5877 785 5921 me
808 5862 942 5921 nihil
986 5870 1203 5934 propter
1247 5859 1491 5919 homines
1538 5857 1739 5927 facere,

1854 4733 1956 4801 ple.
1984 4726 2479 4800 Episcopatus;vel
2499 4726 2865 4795 unusquisque
2899 4724 2954 4780 in
2986 4737 3081 4779 sua
3112 4724 3451 4793 professione

1853 4823 2211 4883 ministerium
2236 4835 2392 4877 suum
2422 4820 2663 4891 impleat.
2694 4819 2806 4890 Ego
2857 4817 2995 4873 enim
3039 4820 3157 4887 jam
3207 4817 3405 4873 delibor
3432 4836 3452 4875 :

1850 4931 1899 4977 et
1921 4930 2119 4990 tentpus
2149 4931 2275 4971 mete
2326 4914 2656 4970 resolutionis
2708 4914 2887 4969 instat.
2928 4909 3149 4966 Delibor
3185 4927 3197 4962 :
3246 4910 3346 4967 hoc
3368 4922 3454 4967 est

1851 5013 2127 5069 immolor.
2152 5009 2375 5066 Mortem
2407 5022 2560 5063 suam
2590 5007 2742 5076 quasi
2760 5005 3081 5062 sacriﬁcium
3136 5003 3250 5057 Deo
3301 5003 3449 5057 futu-

1849 5123 1964 5165 ram
1992 5104 2152 5169 dixit,
2178 5110 2374 5160 uteum
2400 5101 2465 5156 ad
2496 5101 2813 5171 martyrium
2857 5110 3197 5169 provocaret.
3246 5097 3450 5151 Bonum

1848 5210 2105 5257 certamen
2134 5196 2321 5251 certavi
2340 5210 2359 5251 :
2380 5210 2583 5250 cursum
2614 5193 2981 5248 consummavi.
3013 5190 3291 5261 Modojam
3320 5202 3445 5243 con-

1849 5295 2078 5351 ﬁdenter
2110 5289 2368 5355 hocdicit,
2402 5290 2455 5345 in
2479 5298 2725 5345 extremo
2746 5288 2873 5344 vita:
2895 5286 3069 5342 limite
3096 5283 3441 5342 constitutus.

1847 5388 1924 5444 Ita
1954 5387 2136 5457 utique
2153 5386 2261 5455 jam
2290 5384 2479 5440 merita
2509 5397 2602 5438 sua
2628 5382 2773 5438 bona
2796 5387 3206 5444 commemorat,
3235 5386 3291 5431 ut
3321 5383 3445 5446 post

1850 5480 1992 5537 bona
2021 5479 2209 5535 merita
2238 5486 2598 5547 consequatur
2620 5488 2897 5541 coronam,
2922 5474 3011 5542 qui
3026 5484 3147 5543 post
3173 5470 3311 5525 mala
3330 5483 3447 5524 me-

1851 5574 1951 5628 rita
1983 5584 2300 5629 consecutus
2349 5580 2433 5627 est
2476 5569 2723 5641 gratiam.
2770 5568 3011 5637 Denique
3047 5566 3274 5622 attende
3314 5563 3443 5635 quid

1849 5676 2122 5737 sequatur.
2148 5666 2414 5734 Superest,
2448 5663 2643 5730 inquit,
2670 5661 2795 5714 mihi
2816 5677 3006 5715 corona
3018 5661 3264 5731 justitia,
3284 5671 3444 5729 quam

1848 5762 2027 5817 reddet
2059 5760 2182 5816 mihi
2214 5758 2467 5814 Dominus
2482 5757 2535 5810 in
2563 5756 2654 5809 illa
2687 5755 2768 5809 die
2782 5757 2953 5826 justus
2972 5756 3160 5828 judex.
3191 5752 3291 5809 Cui
3320 5750 3443 5807 red-

1850 5852 2004 5913 deret
2031 5866 2284 5911 coronam
2334 5850 2511 5921 justus
2560 5846 2760 5918 iudex,
2790 5849 2834 5906 si
2862 5862 2971 5908 non
3012 5847 3273 5906 donasset
3321 5854 3445 5914 graq
