3982 6352
542 361 643 418 679

1671 353 1979 414 rtuuAsu
2017 351 2474 412 ADRUMETANI
2519 350 2735 409 EPlSC.
2968 337 3024 368 ⁷³

3741 350 3864 407 684)

542 479 668 535 tiam
695 474 998 533 misericors
1028 476 1217 535 Pater?
1244 482 1299 531 et
1322 473 1591 545 quomodo
1635 481 1783 527 esset
1835 471 1936 525 ista
1961 483 2121 524 coro-
2152 475 2202 537 Α
2227 467 2444 521 a’rarius
2472 465 2631 518 multa
2653 464 2786 518 mala
2809 462 2932 516 mihi
2957 463 3177 518 ostendit
3205 480 3225 528 ;
3255 464 3433 519 reddat
3479 468 3530 520 ei
3563 464 3865 521 Damius

542 587 610 627 ua
632 572 880 642 jitstitiaz,
911 571 1010 626 nisi
1050 570 1414 640 praecessisset
1459 566 1652 637 gratia,
1706 580 1827 635 quae
1852 561 2116 632 jus-tilicat

544 665 766 736 impium
790 667 814 718 τ
839 663 1115 732 Quomodo
1142 664 1238 719 ista
1263 663 1443 717 debita
1472 660 1809 724 redderetur,
1842 658 1944 712 nisi
1975 656 2122 726 prius

545 759 634 816 illa
661 760 888 828 gratuita
917 759 1241 813 donaretur?
1267 756 1452 812 Fidem
1492 758 1685 810 servavi
1701 772 1722 810 :
1746 756 1798 808 in
1825 755 2023 824 reliquo
2048 771 2123 808 re-

543 853 710 924 posita
720 861 794 906 est
810 850 934 904 mihi
947 866 1134 904 corona
1137 851 1383 921 justitite.
1401 848 1585 904 Fidem
1601 863 1761 918 quam
1775 848 1978 916 accepi,
1997 848 2046 900 in
2064 847 2126 900 li-

544 958 666 999 nem
703 957 872 1010 usque
907 957 1003 1010 per
1034 942 1260 1010 gratiam
1302 941 1419 1010 ejus
1460 939 1702 1003 servavi,
1745 953 1906 1006 quam
1934 937 2124 993 reddet

545 1034 673 1088 mihi
701 1033 754 1088 iu
783 1033 871 1088 illa
899 1033 984 1088 die
1004 1033 1180 1102 justus
1203 1032 1388 1103 judex,
1429 1033 1520 1101 qui
1567 1047 1653 1086 me
1681 1031 1834 1086 novit
1862 1046 2029 1101 usque
2058 1029 2123 1084 ad

544 1134 772 1181 mortem
802 1139 900 1195 pro
923 1122 1126 1194 justitia
1150 1125 1320 1194 ipsius
1348 1123 1617 1194 adjutorio
1655 1122 1959 1176 dimicasse.
2003 1119 2125 1176 Non

543 1219 707 1273 solum
735 1227 908 1272 autem
936 1218 1084 1284 mihi,
1117 1219 1206 1271 sed
1231 1226 1280 1271 et
1326 1217 1391 1271 iis
1418 1216 1524 1284 qui.
1554 1214 1656 1282 Qui
1692 1230 1779 1270 me
1807 1213 2006 1269 fuerint
2033 1214 2127 1268 ad-

538 1307 716 1380 jutore
745 1309 853 1364 Deo
880 1307 1090 1363 imitati.
1120 1308 1356 1380 Diligunt
1387 1307 1665 1362 adventum
1694 1310 1827 1379 ejus.
1881 1305 2128 1363 Gaudent

543 1400 815 1456 Christum
844 1402 1081 1467 venisse,
1111 1408 1165 1455 et
1186 1398 1445 1468 justitiam
1473 1399 1722 1455 docuisse
1742 1417 1755 1452 :
1775 1399 1859 1454 vel
1888 1399 2129 1469 quotidie

544 1493 701 1564 plena
724 1493 830 1548 llde
854 1493 1036 1549 dicunt
1056 1511 1071 1548 :
1091 1492 1356 1549 Adveniat
1382 1507 1606 1563 regnum
1639 1501 1810 1547 tuum.
1833 1489 2047 1546 Festina
2062 1493 2131 1545 ad

543 1602 623 1641 me
649 1584 815 1640 venire
842 1585 941 1639 cito
970 1599 991 1639 :
1021 1585 1203 1640 Demas
1253 1585 1387 1639 enint
1436 1601 1515 1638 me
1565 1582 1854 1652 dereliquit,
1911 1584 2130 1655 diligens

545 1677 641 1730 hoc
681 1675 950 1740 sarculum,
978 1687 1027 1732 et
1047 1676 1173 1731 abiit
1220 1676 1655 1732 Thessalonicam.
1693 1675 1926 1732 Necesse
1970 1686 2130 1733 estut

545 1766 777 1837 diligens
805 1767 1300 1837 saeculivoluptates
1332 1770 1662 1839 relinqueret
1682 1784 1787 1823 non
1813 1777 2083 1824 amantem
2111 1786 2124 1824 :

2224 557 2502 612 secundum
2529 573 2682 622 opera
2709 559 2840 628 ejtts.
2865 556 3127 622 Quoniam
3162 556 3336 612 verbis
3357 557 3446 612 Dei
3479 560 3724 624 restitit,
3751 559 3861 614 ha-

2223 650 2495 707 beatcum
2530 650 2637 703 Deo
2659 651 2947 705 rationem.
3001 651 3164 717 Quem
3213 661 3263 704 et
3312 660 3367 705 tu
3420 655 3598 706 devita
3636 670 3660 707 :
3692 655 3860 710 valde

2224 744 2358 797 enim
2382 744 2568 797 restitit
2596 743 2756 796 verbis
2788 742 2993 796 nostris.
3027 743 3082 798 Si
3113 743 3314 797 nostris
3342 744 3574 811 restitit,
3628 757 3850 812 quanto

2225 836 2395 902 magis
2418 834 2558 888 tuis?
2587 833 2766 888 Monet
2811 847 3004 889 cavere
3054 847 3354 902 perversos.
3409 834 3480 888 In
3511 837 3708 906 prima
3732 855 3852 891 mea

2226 927 2526 998 defensione
2551 942 2697 980 nemo
2742 927 2866 980 mihi
2921 926 3095 995 affuit,
3151 928 3240 981 sed
3286 943 3457 981 omnes
3513 943 3598 981 me
3655 931 3851 982 dereli-

2226 1029 2440 1091 querunt
2464 1033 2483 1072 :
2515 1035 2616 1072 non
2648 1019 2753 1072 illis
2778 1027 3062 1088 reputetur.
3092 1018 3319 1085 Quando
3350 1017 3586 1087 primum
3656 1017 3845 1071 Evan-

2225 1115 2422 1188 geliutn
2451 1115 2588 1182 ccepi
2619 1113 2931 1169 defendere.
2989 1112 3240 1167 Dominus
3285 1122 3454 1166 autem
3487 1113 3669 1167 astitit
3693 1115 3842 1174 mihi,

2227 1220 2274 1264 et
2301 1209 2603 1279 confortavit
2632 1224 2726 1261 me.
2751 1208 2882 1263 Cum
2909 1206 3038 1262 dicit
3069 1207 3170 1262 sibi
3218 1207 3504 1262 Dominum
3558 1209 3830 1262 omnibus

2227 1301 2604 1358 deserentibus
2631 1300 2887 1365 adfuisse,
2919 1300 3141 1370 gratiam
3173 1299 3542 1356 commendat.
3574 1309 3638 1353 et
3666 1315 3737 1354 ne
3765 1303 3830 1355 ti-
3857 1341 3870 1382 τ

2228 1403 2374 1451 meat
2397 1394 2728 1450 cohortatur.
2757 1391 2826 1447 Ut
2853 1408 2942 1465 per
2968 1409 3049 1447 me
3098 1392 3396 1463 prtedicatio
3432 1392 3754 1459 impleatur,
3783 1404 3836 1447 et

2228 1488 2443 1542 audiant
2469 1503 2642 1541 omnes
2670 1495 2864 1558 gentes.
2905 1485 3022 1542 Non
3051 1486 3195 1556 quod
3225 1500 3325 1554 ego
3369 1489 3511 1544 mori
3551 1491 3830 1556 timerem,

2230 1579 2320 1650 qui
2349 1577 2559 1632 Domini
2583 1577 3002 1648 ausiliojugiter
3047 1578 3395 1636 defendebar.
3444 1581 3522 1635 Et
3587 1584 3832 1637 liberatas

2230 1689 2342 1726 sum
2369 1672 2431 1727 de
2458 1688 2544 1728 ore
2571 1671 2755 1726 leonis.
2816 1671 2968 1727 Eruit
3022 1688 3111 1728 me
3144 1674 3400 1730 Dominus
3428 1681 3498 1732 de
3537 1692 3641 1733 ore
3669 1677 3827 1742 Festi,

2231 1766 2321 1834 qui
2353 1764 2406 1818 in
2435 1781 2520 1820 me
2547 1765 2834 1828 saeviebat;
2873 1766 2954 1819 vel
3009 1764 3231 1820 diaboli.
3291 1767 3559 1821 Liberavit
3598 1787 3684 1822 me
3731 1769 3829 1823 Do-

542 1859 668 1929 quia
695 1874 856 1914 omne
878 1860 1072 1914 animal
1095 1860 1160 1914 ad
1178 1860 1276 1914 sibi
1304 1861 1479 1916 simile
1501 1862 1859 1928 coniungitur.
1885 1860 2128 1915 Crescens
2159 1872 2207 1931 Β
2234 1860 2401 1912 minus
2427 1858 2489 1910 ab
2518 1859 2654 1911 ontni
2683 1871 2831 1926 opere
2858 1857 3017 1924 malo,
3043 1869 3090 1912 et
3116 1860 3307 1912 salvum
3339 1861 3515 1929 faciet.
3547 1862 3634 1917 Ab
3661 1863 3829 1916 omni-

543 1949 596 2003 in
623 1948 903 2016 Galatiam,
935 1949 1078 2004 Tttus
1100 1952 1151 2004 in
1196 1949 1512 2004 Dalmatiam
1550 1951 1756 2008 :Lucas
1807 1960 1881 2006 est
1931 1967 2127 2004 mecum

541 2041 706 2094 solus.
730 2040 821 2094 lsti
845 2057 950 2096 non
980 2043 1233 2096 saeculum
1255 2041 1549 2113 diligebant
1580 2059 1596 2100 :
1631 2043 1868 2111 alioquin
1887 2059 2127 2098 commu-

541 2131 702 2197 niter,
734 2132 1017 2202 diligentes
1043 2136 1299 2192 saeculum
1328 2137 1535 2191 dixisse
1563 2136 1842 2192 debuerat.
1891 2136 2128 2190 Marcum

539 2238 760 2291 assume,
793 2234 837 2278 et
856 2226 1027 2279 adduc
1055 2238 1220 2281 tecum
1251 2237 1364 2283 :est
1394 2232 1527 2282 enim
1556 2230 1686 2283 mihi
1731 2231 1875 2284 utilis
1903 2231 1954 2284 in
1982 2232 2126 2284 mini-

539 2314 716 2371 sterio.
749 2316 804 2368 In
835 2317 1192 2372 ministerium
1222 2320 1382 2373 etiam
1412 2323 1676 2375 sermonis
1705 2333 1758 2376 et
1790 2324 2126 2388 praedicatio-

539 2405 646 2460 nis.
676 2404 958 2474 Tychicum
985 2418 1149 2460 autem
1175 2411 1290 2462 misi
1321 2409 1603 2480 Ephesum.
1643 2412 1914 2483 Penulam,
1970 2433 2126 2485 quam

540 2495 723 2564 reliqui
752 2494 952 2562 Troade
976 2498 1118 2567 apud
1147 2497 1390 2567 Carpam,
1422 2504 1623 2556 veniens
1663 2505 1792 2572 a/fer
1837 2518 2022 2570 tecum,
2078 2519 2125 2563 et

538 2584 720 2650 libros,
750 2589 969 2644 maxime
997 2601 1168 2645 autent
1215 2602 1264 2646 et
1319 2595 1658 2652 membranas.
1711 2599 1909 2654 Penula
1959 2602 2125 2656 vestis

543 2685 662 2732 erat
687 2679 981 2734 consularis
1008 2683 1351 2752 antiquorum
1381 2688 1738 2744 Romanorum
1792 2709 1804 2746 :
1835 2708 1992 2762 quam
2024 2709 2128 2764 pe-

543 2768 723 2822 nulam
746 2771 1190 2831 nondixitluisse
1240 2792 1436 2833 suam:
1489 2783 1660 2849 potuit
1688 2785 1828 2838 enim
1882 2802 2000 2841 eam
2059 2788 2127 2842 ad

541 2860 705 2929 pedes
732 2863 974 2931 Apostoli
1030 2866 1170 2922 inter
1189 2879 1385 2924 caetera
1423 2871 1614 2940 aliquis
1651 2889 1944 2931 conversus
1965 2878 2030 2931 ad
2060 2880 2125 2933 li-

541 2950 666 3006 dem
686 2950 884 3010 Christi
939 2959 1184 3026 posuisse
1233 2961 1592 3017 vendendam.
1647 2965 1939 3020 Alexander
1984 2968 2129 3037 faber

2228 1952 2327 2005 bus
2356 1951 2560 2005 insidiis
2579 1964 2791 2004 eorum.
2819 1948 2886 2003 In
2902 1966 3276 2020 regnumsuum
3298 1951 3520 2018 cteleste,
3550 1956 3639 2006 cui
3667 1956 3823 2024 gloria

2231 2044 2284 2097 in
2300 2044 2486 2097 sazcula
2499 2045 2818 2097 saeculorum.
2835 2044 3009 2097 Amen.
3028 2045 3286 2110 Quoniam
3304 2045 3430 2099 hinc
3446 2063 3534 2100 me
3558 2047 3823 2114 liberavit,

2232 2146 2285 2190 et
2314 2135 2364 2188 in
2389 2151 2608 2204 regnum
2635 2136 2864 2190 inducet.
2893 2135 3079 2191 Saluta
3111 2136 3369 2203 Priscum,
3397 2149 3444 2192 et
3479 2141 3756 2210 Aquilam.
3783 2153 3824 2196 et

2239 2226 2543 2294 Onesiphori
2571 2229 2798 2281 domum.
2832 2226 3042 2282 Erastits
3071 2233 3311 2285 remansit
3367 2231 3634 2288 Corinthi.
3693 2235 3816 2289 Tro-

2239 2323 2471 2389 phimum
2501 2331 2671 2375 autem
2702 2322 2886 2392 reliqui
2911 2322 3170 2391 inﬁrmum
3211 2322 3400 2379 Mileti.
3448 2326 3547 2378 llic
3579 2330 3818 2382 ostendi-

2235 2426 2322 2472 tur
2349 2431 2467 2486 quae
2502 2417 2725 2485 apostoli
2784 2432 2888 2470 non
2942 2425 3159 2486 propter
3206 2417 3582 2474 infirmitatem
3641 2424 3816 2475 carnis

2234 2509 2512 2573 curabant,
2536 2508 2627 2561 sed
2659 2517 2715 2561 ut
2741 2509 2889 2577 signa
2922 2518 3303 2575 monstrarent,
3355 2527 3478 2567 cum
3512 2530 3642 2568 suos
3670 2515 3822 2570 disci-

2234 2601 2388 2670 pulos
2415 2615 2517 2655 non
2547 2612 2818 2656 sanarent.
2850 2599 3066 2655 Festina
3093 2613 3209 2656 ante
3251 2605 3468 2658 hiemem
3499 2610 3693 2663 venire.
3724 2609 3819 2664 Se-

2234 2694 2398 2747 lutant
2428 2703 2476 2744 te
2504 2691 2753 2758 Eubulus,
2785 2701 2830 2746 et
2860 2691 3090 2755 Pudens,
3123 2704 3170 2747 et
3202 2696 3360 2750 Linus
3413 2708 3459 2751 et
3497 2698 3747 2768 Claudia,
3776 2713 3818 2755 et

2236 2787 2422 2855 fratres
2459 2803 2651 2840 omnes.
2696 2785 2948 2840 Dominus
2990 2786 3142 2841 Iesus
3192 2788 3420 2844 Christus
3464 2807 3582 2846 cum
3634 2797 3820 2864 spiritu

2235 2887 2344 2932 tuo.
2371 2876 2551 2931 Gratia
2569 2878 2840 2931 vobiscum.
2880 2877 3059 2956 Amen.
3106 2880 3208 2946 Qui
3251 2896 3406 2938 carne
3457 2895 3714 2941 mortuus
3737 2897 3824 2942 est

2238 2970 2548 3040 spiritaliter
2562 2971 2766 3025 vivens.
2798 2970 3021 3040 Scripta:
3051 2973 3118 3026 ab
3148 2973 3306 3030 Urbe.

1222 3212 1791 3299 EPISTOLA
1841 3216 2098 3300 DIVI
2133 3214 2490 3301 PAULI
2527 3214 2686 3299 AD
2731 3216 3139 3300 TITUM.

1083 3441 1588 3501 ARGUMENTUM.

540 3548 712 3626 Titum
737 3555 1146 3621 commonefacit,
1182 3565 1225 3609 et
1248 3557 1456 3610 instruit
1489 3559 1553 3611 de
1586 3557 1946 3610 constitutione
1987 3574 2130 3626 pres-

611 3623 790 3690 byteri,
810 3627 931 3677 etde
943 3627 1163 3694 spiritali
1184 3629 1582 3689 conversatione,
1607 3637 1652 3680 et
1673 3628 1922 3682 hwreticis
1964 3623 2128 3683 vitan-

617 3695 696 3746 dis
717 3695 875 3760 quiin
896 3696 1163 3764 scripturis
1182 3694 1215 3747 Ι
1225 3697 1421 3750 udaicis
1452 3701 1688 3752 credunt.

610 3802 790 3858 CAPUT
813 3821 1032 3860 μευ-ως.
1062 3805 1262 3860 Paulus
1302 3824 1475 3862 servus
1506 3807 1618 3862 Dei.
1657 3807 1854 3864 Servus
1869 3820 1983 3866 erat
2011 3812 2125 3879 Dei,

546 3909 653 3950 non
685 3898 906 3962 peccati.
932 3895 1209 3959 Apostolus
1231 3907 1400 3950 autem
1443 3897 1569 3953 Jesu
1596 3899 1807 3955 Christi.
1866 3901 2130 3959 Discrevit

542 3988 920 4056 apostolatum,
954 3991 1080 4057 quia
1119 4003 1225 4043 non
1256 3991 1431 4046 omnis
1457 3996 1545 4060 qui
1586 4006 1815 4062 servus,
1867 3995 2046 4049 statim
2074 4003 2130 4051 et

541 4079 836 4146 apostolus.
886 4079 1011 4135 Ideo
1063 4080 1369 4147 apostolus,
1407 4085 1529 4151 quia
1577 4099 1672 4154 per
1724 4087 1898 4153 ipsum
1932 4088 2128 4144 missus

541 4171 715 4225 fuerat
741 4172 1053 4239 pnedicare.
1079 4172 1374 4228 Secundum
1403 4175 1555 4241 ﬁdem
1592 4177 1866 4231 electorum
1907 4189 1953 4231 et
1981 4180 2130 4251 agni-

540 4264 732 4320 tionem
771 4267 1020 4332 veritatis,
1041 4282 1155 4334 qua:
1178 4268 1457 4321 secundum
1499 4269 1738 4337 pietatem
1768 4281 1838 4325 est
1889 4273 1944 4325 in
1985 4288 2129 4341 spem

537 4359 655 4413 vita:
680 4370 903 4414 teternat.
923 4360 1230 4416 Secundum
1261 4376 1379 4416 eam
1414 4362 1572 4416 [idem
1604 4379 1762 4432 quam
1807 4365 1921 4434 ipse
1951 4365 2130 4420 infun-

537 4449 640 4515 dit,
667 4461 723 4505 et
747 4451 877 4505 facit
908 4451 1216 4518 credentes,
1242 4467 1377 4521 quos
1432 4462 1488 4507 et
1534 4454 1586 4508 in
1642 4455 1981 4523 praescientia
2033 4471 2128 4512 sua

538 4539 726 4608 elegit,
753 4543 896 4597 sicut
919 4543 1084 4598 dicit:
1109 4544 1225 4600 Non
1252 4560 1346 4600 vos
1368 4562 1453 4601 me
1475 4548 1842 4617 elegistis,sed
1864 4567 1964 4621 ego
1986 4552 2128 4623 elegi

537 4644 656 4684 vos.
692 4632 858 4700 Quam
883 4638 1137 4699 promisit.
1167 4639 1476 4708 Agnoscitis
1505 4644 1808 4709 veritatem,
1853 4654 1908 4697 et
1927 4645 2127 4701 veritas

540 4719 789 4777 liberabit
814 4738 939 4790 vos,
963 4726 1088 4796 quia
1117 4729 1316 4786 veritas
1343 4731 1588 4789 Christus
1614 4744 1711 4789 est.
1736 4735 1838 4800 Qui
1859 4753 1959 4790 non
1988 4753 2128 4792 men-

542 4814 664 4866 titur
682 4811 840 4871 Deus.
870 4817 928 4873 Si
958 4833 1062 4873 non
1094 4821 1370 4890 mentitur,
1388 4837 1492 4876 non
1526 4824 1668 4877 aliud
1717 4797 1932 4882 eihibel
1964 4844 2122 4897 quam
2150 4797 2206 4859 Β

536 4905 782 4975 promisit
811 4907 1043 4977 etjustis
1063 4911 1264 4967 scilicet
1294 4925 1347 4968 et
1368 4911 1603 4981 injustis,
1645 4918 1887 4984 quamvis
1926 4919 2123 4976 durum

535 4997 641 5056 hoc
689 5000 993 5059 hominibus
1043 5006 1309 5060 videatur.
1387 5006 1483 5063 Vel
1505 5011 1582 5065 sic
1623 5014 1826 5080 :Quod
1881 5018 2126 5086 promisit

534 5090 768 5150 Abrahae
792 5105 844 5150 et
867 5096 1063 5152 semini
1095 5095 1234 5167 ejus,
1293 5098 1348 5152 in
1391 5097 1610 5158 Christo
1677 5105 1939 5172 implebit.
1994 5111 2126 5164 Ante

537 5194 768 5254 tempora
779 5189 1069 5247 saecularia.
1100 5197 1241 5252 Ante
1269 5198 1444 5252 omnia
1464 5206 1700 5267 tempora
1717 5215 1812 5269 per
1830 5201 2019 5256 Filium
2039 5217 2126 5256 sa-

539 5274 716 5333 lutare
742 5281 1046 5348 credentes,
1077 5300 1213 5354 quos
1280 5287 1439 5359 elegit
1498 5300 1622 5345 alue
1677 5293 2118 5351 constitutionem

533 5371 743 5427 mundi.
773 5372 1125 5446 Nanifestavit
1179 5389 1352 5435 autent
1398 5384 1704 5451 temporibus
1753 5387 1860 5440 suis
1914 5387 2119 5442 verbum

535 5475 687 5515 suum
732 5464 788 5517 in
837 5468 1276 5538 praedicationem,
1309 5489 1422 5543 quae
1450 5475 1643 5528 credita
1670 5489 1745 5531 est
1789 5479 1934 5534 mihi.
1965 5479 2114 5535 Tunc

534 5553 897 5613 manifestavit
925 5561 1209 5618 consilium
1241 5579 1417 5634 suum,
1450 5568 1664 5636 quando
1687 5571 1828 5638 quod
1863 5571 2116 5638 praescie-

537 5647 621 5731 rat
645 5657 706 5698 se
746 5645 1028 5717 facturum,
1074 5668 1289 5712 omnem
1320 5659 1528 5714 scilicet
1554 5661 1812 5716 mundum
1853 5679 1881 5715 a
1907 5662 2110 5731 justitia

536 5728 898 5794 declinantem
931 5743 983 5798 in
1029 5743 1188 5802 {idem
1236 5750 1541 5807 adduceret.
1575 5753 1874 5807 Secundum
1908 5728 2118 5824 ﬁprtcce-

535 5830 683 5894 plum
729 5826 1014 5892 Salvatoris
1043 5843 1218 5908 nostri
1251 5840 1369 5900 Dei.
1403 5843 1517 5907 Tito
1565 5844 1751 5909 dilecto
1799 5847 1932 5920 ﬁlio.
1964 5847 2116 5920 Quod

2161 3445 2208 3505 C
2241 3442 2462 3497 Paulum
2496 3452 2550 3497 et
2577 3443 2879 3500 Barnaham
2906 3451 3176 3520 segregari
3204 3449 3462 3521 praecepit
3493 3461 3549 3506 ut
3581 3454 3813 3524 gentibus

2233 3538 2602 3606 pradicarent.
2655 3540 2950 3595 Secundum
2981 3560 3296 3599 communem
3328 3547 3488 3614 [idem
3522 3564 3543 3600 :
3576 3551 3738 3618 gratia
3771 3557 3811 3602 et

2233 3645 2334 3697 pax
2372 3645 2403 3682 a
2435 3629 2541 3685 Deo
2574 3630 2734 3686 Patre
2759 3631 2884 3685 Jesu
2913 3632 3113 3690 Christo
3162 3636 3434 3693 Saluatore
3484 3653 3688 3696 nostra.
3719 3642 3806 3696 Sc-

2232 3723 2461 3778 ottndum
2507 3741 2848 3782 communem
2882 3730 3037 3785 iidem
3067 3731 3195 3795 lilio,
3225 3747 3329 3786 non
3373 3744 3598 3788 natura.
3646 3735 3802 3806 Hujus

2231 3822 2303 3870 rei
2334 3821 2499 3889 gratia
2550 3823 2735 3893 reliqui
2766 3833 2813 3878 te
2841 3824 3022 3892 Crette,
3055 3837 3109 3879 ut
3135 3843 3194 3880 ea
3217 3843 3329 3895 quae
3357 3829 3549 3882 desunt
3579 3833 3811 3901 corriges,

2230 3916 2279 3960 et
2308 3912 2582 3966 constituas
2612 3930 2703 3981 per
2725 3916 2950 3970 civitates
2977 3919 3314 3988 presbyteros.
3343 3920 3476 3988 Quae
3499 3923 3723 3986 desunt,
3746 3940 3812 3978 re-

2230 4011 2319 4054 cto
2372 4010 2557 4058 tenore
2614 4007 2855 4076 corrige;
2910 4018 2964 4062 et
3015 4018 3140 4063 tunc
3195 4010 3409 4065 domum
3481 4015 3812 4087 presbyteros

2230 4094 2432 4161 poteris
2458 4095 2739 4165 ordinare,
2773 4113 2895 4153 cum
2929 4115 3117 4156 omnes
3141 4102 3192 4156 in
3220 4101 3468 4158 Ecclesia
3506 4106 3718 4162 iuerint
3743 4123 3811 4164 ro-

2231 4188 2324 4241 cti.
2359 4189 2502 4242 Sicut
2532 4200 2577 4242 et
2607 4207 2701 4262 ego
2728 4193 2820 4246 tibi
2849 4193 3103 4263 disposui.
3131 4195 3226 4250 lllo
3249 4198 3440 4254 ordine
3465 4216 3581 4270 quo
3612 4203 3666 4256 in
3696 4218 3815 4270 pr:-

2230 4281 2368 4335 senti
2399 4282 2672 4340 mandavi.
2707 4285 2769 4339 Si
2801 4288 2915 4356 quis
2941 4288 3051 4343 sine
3077 4290 3287 4343 crimine
3315 4299 3410 4356 est,
3461 4296 3622 4349 unius
3654 4297 3814 4349 uxoris

2229 4373 2326 4426 vir.
2366 4372 2666 4431 Notandum
2696 4379 2821 4448 quia
2861 4380 2915 4433 in
2943 4381 3222 4438 sacerdote
3253 4383 3414 4438 etiam
3451 4386 3606 4442 lii-ita
3647 4389 3812 4458 prohi-

2230 4462 2441 4521 bentur.
2473 4463 2637 4523 Filios
2661 4464 2848 4526 hobe'ns
2876 4474 3076 4541 fideles,
3106 4493 3207 4530 non
3235 4478 3288 4531 in
3317 4481 3658 4536 accusatione
3682 4484 3814 4535 luxa-

2230 4555 2340 4622 rite,
2370 4567 2459 4610 aut
2489 4574 2594 4612 non
2614 4561 2864 4618 subditos.
2899 4564 2975 4620 Ne
3015 4581 3120 4622 non
3153 4567 3322 4638 possit
3353 4569 3636 4626 audenter
3665 4575 3814 4626 corri-

2231 4659 2359 4714 pere
2386 4647 2798 4721 delinquentes,
2839 4653 2952 4709 sive
3001 4665 3055 4710 ut
3101 4659 3529 4728 experimentum
3566 4663 3814 4719 doctrina

2231 4738 2348 4807 ejus
2393 4739 2460 4795 de
2517 4741 2679 4798 domo
2719 4760 2811 4800 sua
2869 4747 3149 4818 disciplina
3194 4761 3467 4818 nascatur,
3529 4766 3590 4810 et
3650 4758 3818 4811 timeat

2229 4833 2534 4901 exemplum
2568 4835 2670 4889 Eli.
2707 4837 2922 4904 Oportet
2965 4842 3100 4893 enim
3130 4843 3423 4912 episcopum
3465 4845 3588 4899 sine
3619 4848 3816 4900 crimias

2229 4939 2359 4977 esse.
2413 4925 2593 4995 Ipsum
2621 4928 2751 4983 dicit
2791 4931 3098 4999 episcopum
3128 4947 3285 5002 quem
3314 4936 3572 5002 superius
3609 4938 3818 5005 presby-

2231 5023 2403 5071 terum
2440 5019 2755 5074 nominavit.
2787 5020 2936 5076 Sicut
2985 5022 3081 5077 Dei
3123 5025 3558 5096 dispensatorem.
3597 5029 3659 5084 Si
3689 5028 3814 5083 enim

2230 5103 2584 5162 humanarum
2618 5109 2794 5180 legum
2832 5111 3232 5180 dispensatores
3274 5117 3427 5185 probi
3483 5128 3815 5186 quaerantur,

2230 5199 2415 5266 quales
2446 5215 2569 5256 esse
2594 5201 2794 5257 debent
2821 5203 2911 5273 qui
2947 5203 3125 5260 divina
3150 5204 3272 5275 jura
3318 5207 3682 5278 dispensant?
3705 5208 3815 5263 Non

2225 5294 2516 5364 superbum,
2549 5314 2649 5350 non
2693 5299 3016 5365 iracundum,
3051 5317 3155 5354 non
3184 5301 3520 5356 vinolentum.
3567 5304 3688 5358 Non
3720 5303 3814 5358 sibi

2226 5387 2548 5456 placentem.
2584 5389 2706 5444 Non
2737 5407 3110 5459 percussorem,
3154 5409 3256 5447 non
3299 5394 3466 5461 turpis
3511 5395 3654 5448 lucri
3678 5394 3817 5464 cupi-

2226 5481 2368 5535 dunt.
2400 5482 2516 5536 Non
2547 5483 2704 5538 debet
2729 5485 2925 5538 Christi
2952 5484 3248 5553 discipulus
3275 5497 3564 5555 percutere
3599 5504 3698 5557 pro
3718 5500 3814 5555 quo

2226 5570 2469 5628 Christus
2499 5589 2784 5644 percussus
2811 5585 2911 5632 est.
2944 5577 3074 5631 Item
3104 5579 3261 5633 aliter
3286 5578 3396 5634 :Nc
3424 5579 3567 5634 mala
3599 5595 3814 5635 conver-

2228 5664 2434 5719 satione
2464 5680 2557 5720 sua
2585 5668 2970 5722 conscientiam
2995 5671 3262 5739 percutiat
3294 5670 3525 5725 aliomtn
3559 5689 3569 5722 :
3603 5673 3696 5740 qui
3719 5684 3811 5724 nec

2227 5765 2380 5827 turpe
2409 5759 2614 5814 lucrum
2645 5776 2740 5831 per
2784 5762 3152 5818 adulationem
3203 5762 3402 5817 sectari
3445 5763 3693 5832 jubetur,
3724 5761 3808 5830 qui

2226 5850 2465 5935 ccclesiis
2515 5861 2721 5924 sperat.
2787 5854 3094 5920 Secundum
3152 5870 3362 5935 morem
3406 5855 3807 5931 Scripturasum
