  <div class='ocr_page' id='page_1' title='image "/cluster/home/n/w/nwhite01/storage/ocr_20150623/68/hvd.32044015469331/346.png"; bbox 0 0 3982 6352; ppageno 0'>
   <div class='ocr_carea' id='block_1_1' title="bbox 256 361 353 416">
    <p class='ocr_par' dir='ltr' id='par_1_1' title="bbox 256 361 353 416">
     <span class='ocr_line' id='line_1_1' title="bbox 256 361 353 416; baseline 0.021 -2"><span class='ocrx_word' id='word_1_1' title='bbox 256 361 353 416; x_wconf 75' lang='grc'><strong>681</strong></span> 
     </span>
    </p>
   </div>
   <div class='ocr_carea' id='block_1_2' title="bbox 252 571 1824 662">
    <p class='ocr_par' dir='ltr' id='par_1_2' title="bbox 252 571 1824 662">
     <span class='ocr_line' id='line_1_2' title="bbox 252 571 1824 662; baseline 0.017 -39"><span class='ocrx_word' id='word_1_2' title='bbox 252 571 463 628; x_wconf 89' lang='lat' dir='ltr'><strong>Diverle</strong></span> <span class='ocrx_word' id='word_1_3' title='bbox 489 590 518 629; x_wconf 84' lang='lat' dir='ltr'><strong>a</strong></span> <span class='ocrx_word' id='word_1_4' title='bbox 550 578 718 644; x_wconf 92' lang='lat' dir='ltr'><strong>malo,</strong></span> <span class='ocrx_word' id='word_1_5' title='bbox 750 591 804 635; x_wconf 91' lang='lat' dir='ltr'><strong>et</strong></span> <span class='ocrx_word' id='word_1_6' title='bbox 843 581 926 638; x_wconf 82' lang='lat' dir='ltr'><strong>l‘ac</strong></span> <span class='ocrx_word' id='word_1_7' title='bbox 968 585 1185 641; x_wconf 87' lang='lat' dir='ltr'><strong>bonum.</strong></span> <span class='ocrx_word' id='word_1_8' title='bbox 1234 586 1339 643; x_wconf 89' lang='lat' dir='ltr'><strong>Sed</strong></span> <span class='ocrx_word' id='word_1_9' title='bbox 1382 589 1704 662; x_wconf 72' lang='lat' dir='ltr'><strong>hospitalem,</strong></span> <span class='ocrx_word' id='word_1_10' title='bbox 1738 595 1824 649; x_wconf 87' lang='lat' dir='ltr'><strong>be-</strong></span> 
     </span>
    </p>
   </div>
   <div class='ocr_carea' id='block_1_3' title="bbox 251 663 1826 755">
    <p class='ocr_par' dir='ltr' id='par_1_3' title="bbox 251 663 1826 755">
     <span class='ocr_line' id='line_1_3' title="bbox 251 663 1826 755; baseline 0.018 -42"><span class='ocrx_word' id='word_1_11' title='bbox 251 663 482 731; x_wconf 84' lang='lat' dir='ltr'><strong>nignum.</strong></span> <span class='ocrx_word' id='word_1_12' title='bbox 511 665 579 722; x_wconf 89' lang='lat' dir='ltr'><strong>Ut</strong></span> <span class='ocrx_word' id='word_1_13' title='bbox 606 669 842 741; x_wconf 89' lang='lat' dir='ltr'><strong>hospites</strong></span> <span class='ocrx_word' id='word_1_14' title='bbox 868 692 989 732; x_wconf 91' lang='lat' dir='ltr'><strong>cum</strong></span> <span class='ocrx_word' id='word_1_15' title='bbox 1023 677 1352 750; x_wconf 87' lang='lat' dir='ltr'><strong>benignitate</strong></span> <span class='ocrx_word' id='word_1_16' title='bbox 1402 684 1676 755; x_wconf 75' lang='lat' dir='ltr'><strong>suscipiat.</strong></span> <span class='ocrx_word' id='word_1_17' title='bbox 1724 688 1826 743; x_wconf 83' lang='lat' dir='ltr'><strong>Sa-</strong></span> 
     </span>
    </p>
   </div>
   <div class='ocr_carea' id='block_1_4' title="bbox 249 751 1818 839">
    <p class='ocr_par' dir='ltr' id='par_1_4' title="bbox 249 751 1818 839">
     <span class='ocr_line' id='line_1_4' title="bbox 249 751 1818 839; baseline 0.018 -36"><span class='ocrx_word' id='word_1_18' title='bbox 249 751 433 822; x_wconf 83' lang='lat' dir='ltr'><strong>brinm,</strong></span> <span class='ocrx_word' id='word_1_19' title='bbox 467 766 685 813; x_wconf 87' lang='lat' dir='ltr'><strong>castum.</strong></span> <span class='ocrx_word' id='word_1_20' title='bbox 716 762 800 817; x_wconf 89' lang='lat' dir='ltr'><strong>Ab</strong></span> <span class='ocrx_word' id='word_1_21' title='bbox 825 765 973 822; x_wconf 89' lang='lat' dir='ltr'><strong>omni</strong></span> <span class='ocrx_word' id='word_1_22' title='bbox 1001 769 1247 825; x_wconf 85' lang='lat' dir='ltr'><strong>crimine.</strong></span> <span class='ocrx_word' id='word_1_23' title='bbox 1288 769 1518 839; x_wconf 72' lang='lat' dir='ltr'><strong>Iustum,</strong></span> <span class='ocrx_word' id='word_1_24' title='bbox 1565 785 1818 832; x_wconf 88' lang='lat' dir='ltr'><strong>sanctum.</strong></span> 
     </span>
    </p>
   </div>
   <div class='ocr_carea' id='block_1_5' title="bbox 248 840 1820 933">
    <p class='ocr_par' dir='ltr' id='par_1_5' title="bbox 248 840 1820 933">
     <span class='ocr_line' id='line_1_5' title="bbox 248 840 1820 933; baseline 0.018 -38"><span class='ocrx_word' id='word_1_25' title='bbox 248 840 458 898; x_wconf 85' lang='lat' dir='ltr'><strong>Justum</strong></span> <span class='ocrx_word' id='word_1_26' title='bbox 503 846 558 901; x_wconf 92' lang='lat' dir='ltr'><strong>in</strong></span> <span class='ocrx_word' id='word_1_27' title='bbox 585 848 811 918; x_wconf 88' lang='lat' dir='ltr'><strong>judicio,</strong></span> <span class='ocrx_word' id='word_1_28' title='bbox 861 866 1102 913; x_wconf 90' lang='lat' dir='ltr'><strong>sanctum</strong></span> <span class='ocrx_word' id='word_1_29' title='bbox 1131 860 1185 915; x_wconf 92' lang='lat' dir='ltr'><strong>in</strong></span> <span class='ocrx_word' id='word_1_30' title='bbox 1211 874 1373 931; x_wconf 87' lang='lat' dir='ltr'><strong>opere</strong></span> <span class='ocrx_word' id='word_1_31' title='bbox 1421 878 1515 933; x_wconf 86' lang='lat' dir='ltr'><strong>per</strong></span> <span class='ocrx_word' id='word_1_32' title='bbox 1540 867 1820 922; x_wconf 88' lang='lat' dir='ltr'><strong>continen-</strong></span> 
     </span>
    </p>
   </div>
   <div class='ocr_carea' id='block_1_6' title="bbox 252 936 1820 1024">
    <p class='ocr_par' dir='ltr' id='par_1_6' title="bbox 252 936 1820 1024">
     <span class='ocr_line' id='line_1_6' title="bbox 252 936 1820 1024; baseline 0.017 -36"><span class='ocrx_word' id='word_1_33' title='bbox 252 936 401 991; x_wconf 92' lang='lat' dir='ltr'><strong>tiam.</strong></span> <span class='ocrx_word' id='word_1_34' title='bbox 433 938 803 1000; x_wconf 81' lang='lat' dir='ltr'><strong>Continentem.</strong></span> <span class='ocrx_word' id='word_1_35' title='bbox 857 948 968 1004; x_wconf 84' lang='lat' dir='ltr'><strong>Hoc</strong></span> <span class='ocrx_word' id='word_1_36' title='bbox 996 951 1150 1020; x_wconf 84' lang='lat' dir='ltr'><strong>dicit,</strong></span> <span class='ocrx_word' id='word_1_37' title='bbox 1202 968 1269 1009; x_wconf 88' lang='lat' dir='ltr'><strong>ne</strong></span> <span class='ocrx_word' id='word_1_38' title='bbox 1297 955 1417 1024; x_wconf 83' lang='lat' dir='ltr'><strong>quia</strong></span> <span class='ocrx_word' id='word_1_39' title='bbox 1449 959 1633 1014; x_wconf 87' lang='lat' dir='ltr'><strong>uxoris</strong></span> <span class='ocrx_word' id='word_1_40' title='bbox 1658 963 1820 1016; x_wconf 89' lang='lat' dir='ltr'><strong>unius</strong></span> 
     </span>
    </p>
   </div>
   <div class='ocr_carea' id='block_1_7' title="bbox 245 1026 1819 1116">
    <p class='ocr_par' dir='ltr' id='par_1_7' title="bbox 245 1026 1819 1116">
     <span class='ocr_line' id='line_1_7' title="bbox 245 1026 1819 1116; baseline 0.017 -36"><span class='ocrx_word' id='word_1_41' title='bbox 245 1026 474 1097; x_wconf 81' lang='lat' dir='ltr'><strong>dixerat,</strong></span> <span class='ocrx_word' id='word_1_42' title='bbox 503 1031 678 1088; x_wconf 89' lang='lat' dir='ltr'><strong>locum</strong></span> <span class='ocrx_word' id='word_1_43' title='bbox 710 1036 1110 1098; x_wconf 66' lang='lat' dir='ltr'><strong>incontinentiae</strong></span> <span class='ocrx_word' id='word_1_44' title='bbox 1134 1043 1346 1102; x_wconf 87' lang='lat' dir='ltr'><strong>dedisse</strong></span> <span class='ocrx_word' id='word_1_45' title='bbox 1369 1056 1664 1116; x_wconf 84' lang='lat' dir='ltr'><strong>putaretur.</strong></span> <span class='ocrx_word' id='word_1_46' title='bbox 1697 1051 1819 1106; x_wconf 84' lang='lat' dir='ltr'><strong>Am-</strong></span> 
     </span>
    </p>
   </div>
   <div class='ocr_carea' id='block_1_8' title="bbox 245 1121 1820 1212">
    <p class='ocr_par' dir='ltr' id='par_1_8' title="bbox 245 1121 1820 1212">
     <span class='ocr_line' id='line_1_8' title="bbox 245 1121 1820 1212; baseline 0.017 -39"><span class='ocrx_word' id='word_1_47' title='bbox 245 1121 544 1188; x_wconf 89' lang='lat' dir='ltr'><strong>plectentem</strong></span> <span class='ocrx_word' id='word_1_48' title='bbox 574 1143 686 1182; x_wconf 90' lang='lat' dir='ltr'><strong>eum</strong></span> <span class='ocrx_word' id='word_1_49' title='bbox 710 1132 797 1199; x_wconf 97' lang='lat' dir='ltr'><strong>qui</strong></span> <span class='ocrx_word' id='word_1_50' title='bbox 837 1137 1114 1190; x_wconf 86' lang='lat' dir='ltr'><strong>secundum</strong></span> <span class='ocrx_word' id='word_1_51' title='bbox 1143 1137 1427 1194; x_wconf 84' lang='lat' dir='ltr'><strong>doctrinam</strong></span> <span class='ocrx_word' id='word_1_52' title='bbox 1477 1151 1571 1211; x_wconf 86' lang='lat' dir='ltr'><strong>est,</strong></span> <span class='ocrx_word' id='word_1_53' title='bbox 1615 1144 1820 1212; x_wconf 86' lang='lat' dir='ltr'><strong>ﬁdelem</strong></span> 
     </span>
    </p>
   </div>
   <div class='ocr_carea' id='block_1_9' title="bbox 241 1217 1815 1303">
    <p class='ocr_par' dir='ltr' id='par_1_9' title="bbox 241 1217 1815 1303">
     <span class='ocr_line' id='line_1_9' title="bbox 241 1217 1815 1303; baseline 0.017 -38"><span class='ocrx_word' id='word_1_54' title='bbox 241 1228 546 1271; x_wconf 91' lang='lat' dir='ltr'><strong>sermonem.</strong></span> <span class='ocrx_word' id='word_1_55' title='bbox 579 1217 647 1274; x_wconf 90' lang='lat' dir='ltr'><strong>Ut</strong></span> <span class='ocrx_word' id='word_1_56' title='bbox 682 1220 865 1298; x_wconf 78' lang='lat' dir='ltr'><strong>diligat</strong></span> <span class='ocrx_word' id='word_1_57' title='bbox 891 1224 1211 1298; x_wconf 86' lang='lat' dir='ltr'><strong>doctrinam,</strong></span> <span class='ocrx_word' id='word_1_58' title='bbox 1242 1241 1296 1286; x_wconf 91' lang='lat' dir='ltr'><strong>et</strong></span> <span class='ocrx_word' id='word_1_59' title='bbox 1339 1246 1552 1303; x_wconf 86' lang='lat' dir='ltr'><strong>semper</strong></span> <span class='ocrx_word' id='word_1_60' title='bbox 1580 1234 1703 1290; x_wconf 89' lang='lat' dir='ltr'><strong>inde</strong></span> <span class='ocrx_word' id='word_1_61' title='bbox 1734 1237 1815 1292; x_wconf 87' lang='lat' dir='ltr'><strong>lo-</strong></span> 
     </span>
    </p>
   </div>
   <div class='ocr_carea' id='block_1_10' title="bbox 239 1311 1815 1385">
    <p class='ocr_par' dir='ltr' id='par_1_10' title="bbox 239 1311 1815 1385">
     <span class='ocr_line' id='line_1_10' title="bbox 239 1311 1815 1385; baseline 0.018 -28"><span class='ocrx_word' id='word_1_62' title='bbox 239 1316 452 1374; x_wconf 90' lang='lat' dir='ltr'><strong>quatur,</strong></span> <span class='ocrx_word' id='word_1_63' title='bbox 493 1325 598 1364; x_wconf 90' lang='lat' dir='ltr'><strong>non</strong></span> <span class='ocrx_word' id='word_1_64' title='bbox 652 1311 853 1370; x_wconf 79' lang='lat' dir='ltr'><strong>tabulas</strong></span> <span class='ocrx_word' id='word_1_65' title='bbox 909 1333 1075 1376; x_wconf 89' lang='lat' dir='ltr'><strong>vanas</strong></span> <span class='ocrx_word' id='word_1_66' title='bbox 1119 1330 1174 1377; x_wconf 90' lang='lat' dir='ltr'><strong>et</strong></span> <span class='ocrx_word' id='word_1_67' title='bbox 1217 1323 1416 1379; x_wconf 89' lang='lat' dir='ltr'><strong>otiosas</strong></span> <span class='ocrx_word' id='word_1_68' title='bbox 1453 1335 1709 1384; x_wconf 90' lang='lat' dir='ltr'><strong>sectetur.</strong></span> <span class='ocrx_word' id='word_1_69' title='bbox 1747 1329 1815 1385; x_wconf 97' lang='lat' dir='ltr'><strong>Ut</strong></span> 
     </span>
    </p>
   </div>
   <div class='ocr_carea' id='block_1_11' title="bbox 238 1402 1815 1489">
    <p class='ocr_par' dir='ltr' id='par_1_11' title="bbox 238 1402 1815 1489">
     <span class='ocr_line' id='line_1_11' title="bbox 238 1402 1815 1489; baseline 0.019 -40"><span class='ocrx_word' id='word_1_70' title='bbox 238 1407 417 1464; x_wconf 80' lang='lat' dir='ltr'><strong>potem</strong></span> <span class='ocrx_word' id='word_1_71' title='bbox 437 1403 502 1455; x_wconf 90' lang='lat' dir='ltr'><strong>sit</strong></span> <span class='ocrx_word' id='word_1_72' title='bbox 522 1402 802 1462; x_wconf 76' lang='lat' dir='ltr'><strong>exhortari.</strong></span> <span class='ocrx_word' id='word_1_73' title='bbox 826 1407 970 1467; x_wconf 85' lang='lat' dir='ltr'><strong>Talis</strong></span> <span class='ocrx_word' id='word_1_74' title='bbox 990 1413 1268 1484; x_wconf 81' lang='lat' dir='ltr'><strong>eligendus</strong></span> <span class='ocrx_word' id='word_1_75' title='bbox 1290 1425 1392 1485; x_wconf 90' lang='lat' dir='ltr'><strong>est,</strong></span> <span class='ocrx_word' id='word_1_76' title='bbox 1419 1420 1508 1489; x_wconf 90' lang='lat' dir='ltr'><strong>qui</strong></span> <span class='ocrx_word' id='word_1_77' title='bbox 1540 1429 1594 1476; x_wconf 94' lang='lat' dir='ltr'><strong>et</strong></span> <span class='ocrx_word' id='word_1_78' title='bbox 1619 1421 1815 1478; x_wconf 78' lang='lat' dir='ltr'><strong>exhor-</strong></span> 
     </span>
    </p>
   </div>
   <div class='ocr_carea' id='block_1_12' title="bbox 239 1493 1811 1578">
    <p class='ocr_par' dir='ltr' id='par_1_12' title="bbox 239 1493 1811 1578">
     <span class='ocr_line' id='line_1_12' title="bbox 239 1493 1811 1578; baseline 0.018 -35"><span class='ocrx_word' id='word_1_79' title='bbox 239 1493 337 1545; x_wconf 87' lang='lat' dir='ltr'><strong>tari</strong></span> <span class='ocrx_word' id='word_1_80' title='bbox 367 1495 552 1562; x_wconf 86' lang='lat' dir='ltr'><strong>possit,</strong></span> <span class='ocrx_word' id='word_1_81' title='bbox 603 1507 658 1553; x_wconf 92' lang='lat' dir='ltr'><strong>et</strong></span> <span class='ocrx_word' id='word_1_82' title='bbox 699 1504 1127 1562; x_wconf 84' lang='lat' dir='ltr'><strong>contradicentes</strong></span> <span class='ocrx_word' id='word_1_83' title='bbox 1169 1522 1416 1578; x_wconf 82' lang='lat' dir='ltr'><strong>arguere.</strong></span> <span class='ocrx_word' id='word_1_84' title='bbox 1460 1510 1528 1566; x_wconf 84' lang='lat' dir='ltr'><strong>In</strong></span> <span class='ocrx_word' id='word_1_85' title='bbox 1573 1515 1811 1571; x_wconf 80' lang='lat' dir='ltr'><strong>doctrina</strong></span> 
     </span>
    </p>
   </div>
   <div class='ocr_carea' id='block_1_13' title="bbox 234 1590 1808 1673">
    <p class='ocr_par' dir='ltr' id='par_1_13' title="bbox 234 1590 1808 1673">
     <span class='ocr_line' id='line_1_13' title="bbox 234 1590 1808 1673; baseline 0.018 -39"><span class='ocrx_word' id='word_1_86' title='bbox 234 1597 381 1650; x_wconf 87' lang='lat' dir='ltr'><strong>sana,</strong></span> <span class='ocrx_word' id='word_1_87' title='bbox 416 1593 463 1638; x_wconf 91' lang='lat' dir='ltr'><strong>et</strong></span> <span class='ocrx_word' id='word_1_88' title='bbox 521 1603 605 1641; x_wconf 87' lang='lat' dir='ltr'><strong>eos</strong></span> <span class='ocrx_word' id='word_1_89' title='bbox 645 1590 736 1659; x_wconf 92' lang='lat' dir='ltr'><strong>qui</strong></span> <span class='ocrx_word' id='word_1_90' title='bbox 778 1596 1136 1651; x_wconf 83' lang='lat' dir='ltr'><strong>contradicunt</strong></span> <span class='ocrx_word' id='word_1_91' title='bbox 1182 1599 1504 1673; x_wconf 85' lang='lat' dir='ltr'><strong>redarguere.</strong></span> <span class='ocrx_word' id='word_1_92' title='bbox 1538 1603 1676 1660; x_wconf 89' lang='lat' dir='ltr'><strong>Sana</strong></span> <span class='ocrx_word' id='word_1_93' title='bbox 1708 1607 1808 1662; x_wconf 91' lang='lat' dir='ltr'><strong>do-</strong></span> 
     </span>
    </p>
   </div>
   <div class='ocr_carea' id='block_1_14' title="bbox 234 1676 1808 1765">
    <p class='ocr_par' dir='ltr' id='par_1_14' title="bbox 234 1676 1808 1765">
     <span class='ocr_line' id='line_1_14' title="bbox 234 1676 1808 1765; baseline 0.017 -38"><span class='ocrx_word' id='word_1_94' title='bbox 234 1676 403 1729; x_wconf 89' lang='lat' dir='ltr'><strong>ctrina</strong></span> <span class='ocrx_word' id='word_1_95' title='bbox 436 1676 524 1731; x_wconf 90' lang='lat' dir='ltr'><strong>illa</strong></span> <span class='ocrx_word' id='word_1_96' title='bbox 570 1687 653 1735; x_wconf 90' lang='lat' dir='ltr'><strong>est</strong></span> <span class='ocrx_word' id='word_1_97' title='bbox 682 1697 799 1750; x_wconf 71' lang='lat' dir='ltr'><strong>qua:</strong></span> <span class='ocrx_word' id='word_1_98' title='bbox 847 1696 1000 1742; x_wconf 85' lang='lat' dir='ltr'><strong>sanat</strong></span> <span class='ocrx_word' id='word_1_99' title='bbox 1042 1687 1339 1758; x_wconf 86' lang='lat' dir='ltr'><strong>audientes,</strong></span> <span class='ocrx_word' id='word_1_100' title='bbox 1385 1695 1613 1765; x_wconf 90' lang='lat' dir='ltr'><strong>utquod</strong></span> <span class='ocrx_word' id='word_1_101' title='bbox 1665 1697 1808 1754; x_wconf 91' lang='lat' dir='ltr'><strong>dono</strong></span> 
     </span>
    </p>
   </div>
   <div class='ocr_carea' id='block_1_15' title="bbox 239 1765 1806 1850">
    <p class='ocr_par' dir='ltr' id='par_1_15' title="bbox 239 1765 1806 1850">
     <span class='ocr_line' id='line_1_15' title="bbox 239 1765 1806 1850; baseline 0.017 -31"><span class='ocrx_word' id='word_1_102' title='bbox 239 1765 328 1821; x_wconf 89' lang='lat' dir='ltr'><strong>Dei</strong></span> <span class='ocrx_word' id='word_1_103' title='bbox 361 1768 542 1835; x_wconf 84' lang='lat' dir='ltr'><strong>habet,</strong></span> <span class='ocrx_word' id='word_1_104' title='bbox 574 1787 681 1827; x_wconf 91' lang='lat' dir='ltr'><strong>non</strong></span> <span class='ocrx_word' id='word_1_105' title='bbox 729 1773 779 1829; x_wconf 91' lang='lat' dir='ltr'><strong>ei</strong></span> <span class='ocrx_word' id='word_1_106' title='bbox 827 1777 1021 1833; x_wconf 83' lang='lat' dir='ltr'><strong>existat</strong></span> <span class='ocrx_word' id='word_1_107' title='bbox 1050 1779 1312 1850; x_wconf 83' lang='lat' dir='ltr'><strong>ingratus,</strong></span> <span class='ocrx_word' id='word_1_108' title='bbox 1361 1784 1463 1840; x_wconf 90' lang='lat' dir='ltr'><strong>sibi</strong></span> <span class='ocrx_word' id='word_1_109' title='bbox 1495 1787 1595 1844; x_wconf 92' lang='lat' dir='ltr'><strong>hoc</strong></span> <span class='ocrx_word' id='word_1_110' title='bbox 1638 1792 1806 1846; x_wconf 84' lang='lat' dir='ltr'><strong>ascri-</strong></span> 
     </span>
    </p>
   </div>
   <div class='ocr_carea' id='block_1_16' title="bbox 1171 377 2592 459">
    <p class='ocr_par' dir='ltr' id='par_1_16' title="bbox 1171 377 2592 459">
     <span class='ocr_line' id='line_1_16' title="bbox 1171 377 2592 459; baseline 0.018 -26"><span class='ocrx_word' id='word_1_111' title='bbox 1171 377 1240 435; x_wconf 82' lang='lat' dir='ltr'><strong>IN</strong></span> <span class='ocrx_word' id='word_1_112' title='bbox 1278 378 1661 442; x_wconf 80' lang='lat' dir='ltr'><strong>EPISTOLAM</strong></span> <span class='ocrx_word' id='word_1_113' title='bbox 1702 387 1791 442; x_wconf 85' lang='lat' dir='ltr'><strong>AD</strong></span> <span class='ocrx_word' id='word_1_114' title='bbox 1829 388 2040 450; x_wconf 83' lang='lat' dir='ltr'><strong>TITUM</strong></span> <span class='ocrx_word' id='word_1_115' title='bbox 2078 392 2592 459; x_wconf 77' lang='lat' dir='ltr'><strong>COMMENTARIA.</strong></span> 
     </span>
    </p>
   </div>
   <div class='ocr_carea' id='block_1_17' title="bbox 251 475 3166 584">
    <p class='ocr_par' dir='ltr' id='par_1_17' title="bbox 251 475 3166 584">
     <span class='ocr_line' id='line_1_17' title="bbox 251 475 3166 584; baseline 0.02 -57"><span class='ocrx_word' id='word_1_116' title='bbox 251 475 428 542; x_wconf 87' lang='lat' dir='ltr'><strong>primo</strong></span> <span class='ocrx_word' id='word_1_117' title='bbox 447 476 574 534; x_wconf 85' lang='lat' dir='ltr'><strong>vitia</strong></span> <span class='ocrx_word' id='word_1_118' title='bbox 596 479 885 554; x_wconf 84' lang='lat' dir='ltr'><strong>damnavit,</strong></span> <span class='ocrx_word' id='word_1_119' title='bbox 908 496 962 543; x_wconf 89' lang='lat' dir='ltr'><strong>et</strong></span> <span class='ocrx_word' id='word_1_120' title='bbox 983 489 1062 546; x_wconf 92' lang='lat' dir='ltr'><strong>sic</strong></span> <span class='ocrx_word' id='word_1_121' title='bbox 1082 491 1311 550; x_wconf 81' lang='lat' dir='ltr'><strong>virtutes</strong></span> <span class='ocrx_word' id='word_1_122' title='bbox 1333 495 1558 554; x_wconf 89' lang='lat' dir='ltr'><strong>inseruit</strong></span> <span class='ocrx_word' id='word_1_123' title='bbox 1580 517 1594 555; x_wconf 88' lang='lat'><strong>:</strong></span> <span class='ocrx_word' id='word_1_124' title='bbox 1620 508 1677 555; x_wconf 90' lang='lat' dir='ltr'><strong>ut</strong></span> <span class='ocrx_word' id='word_1_125' title='bbox 1701 511 1784 558; x_wconf 89' lang='lat' dir='ltr'><strong>est</strong></span> <span class='ocrx_word' id='word_1_126' title='bbox 1809 518 1823 563; x_wconf 89' lang='lat'><strong>:</strong></span> <span class='ocrx_word' id='word_1_127' title='bbox 1853 509 1910 567; x_wconf 78' lang='grc' dir='ltr'><strong>Α</strong></span> <span class='ocrx_word' id='word_1_128' title='bbox 1932 522 2058 578; x_wconf 88' lang='lat' dir='ltr'><strong>ergo</strong></span> <span class='ocrx_word' id='word_1_129' title='bbox 2096 512 2231 570; x_wconf 82' lang='lat' dir='ltr'><strong>alius</strong></span> <span class='ocrx_word' id='word_1_130' title='bbox 2266 530 2370 570; x_wconf 91' lang='lat' dir='ltr'><strong>non</strong></span> <span class='ocrx_word' id='word_1_131' title='bbox 2409 527 2644 575; x_wconf 87' lang='lat' dir='ltr'><strong>sanctus.</strong></span> <span class='ocrx_word' id='word_1_132' title='bbox 2683 520 2806 578; x_wconf 82' lang='lat' dir='ltr'><strong>Non</strong></span> <span class='ocrx_word' id='word_1_133' title='bbox 2843 525 2961 579; x_wconf 84' lang='lat' dir='ltr'><strong>uino</strong></span> <span class='ocrx_word' id='word_1_134' title='bbox 3006 530 3166 584; x_wconf 87' lang='lat' dir='ltr'><strong>multo</strong></span> 
     </span>
    </p>
   </div>
   <div class='ocr_carea' id='block_1_18' title="bbox 3402 422 3504 477">
    <p class='ocr_par' dir='ltr' id='par_1_18' title="bbox 3402 422 3504 477">
     <span class='ocr_line' id='line_1_18' title="bbox 3402 422 3504 477; baseline 0.01 -2"><span class='ocrx_word' id='word_1_135' title='bbox 3402 422 3504 477; x_wconf 70' lang='lat'><strong>68?.</strong></span> 
     </span>
    </p>
   </div>
   <div class='ocr_carea' id='block_1_19' title="bbox 3208 536 3499 594">
    <p class='ocr_par' dir='ltr' id='par_1_19' title="bbox 3208 536 3499 594">
     <span class='ocr_line' id='line_1_19' title="bbox 3208 536 3499 594; baseline 0.014 -7"><span class='ocrx_word' id='word_1_136' title='bbox 3208 536 3499 594; x_wconf 84' lang='lat' dir='ltr'><strong>seruientes.</strong></span> 
     </span>
    </p>
   </div>
   <div class='ocr_carea' id='block_1_20' title="bbox 1928 599 3502 696">
    <p class='ocr_par' dir='ltr' id='par_1_20' title="bbox 1928 599 3502 696">
     <span class='ocr_line' id='line_1_20' title="bbox 1928 599 3502 696; baseline 0.02 -42"><span class='ocrx_word' id='word_1_137' title='bbox 1928 599 2034 656; x_wconf 89' lang='lat' dir='ltr'><strong>Sed</strong></span> <span class='ocrx_word' id='word_1_138' title='bbox 2082 619 2268 672; x_wconf 90' lang='lat' dir='ltr'><strong>parum</strong></span> <span class='ocrx_word' id='word_1_139' title='bbox 2309 608 2574 668; x_wconf 79' lang='lat' dir='ltr'><strong>bibentes.</strong></span> <span class='ocrx_word' id='word_1_140' title='bbox 2619 613 2756 670; x_wconf 85' lang='lat' dir='ltr'><strong>Bene</strong></span> <span class='ocrx_word' id='word_1_141' title='bbox 2798 619 3031 675; x_wconf 82' lang='lat' dir='ltr'><strong>docentes</strong></span> <span class='ocrx_word' id='word_1_142' title='bbox 3081 634 3136 676; x_wconf 89' lang='lat' dir='ltr'><strong>ut</strong></span> <span class='ocrx_word' id='word_1_143' title='bbox 3180 629 3502 696; x_wconf 84' lang='lat' dir='ltr'><strong>prudentiam</strong></span> 
     </span>
    </p>
   </div>
   <div class='ocr_carea' id='block_1_21' title="bbox 1928 691 3502 777">
    <p class='ocr_par' dir='ltr' id='par_1_21' title="bbox 1928 691 3502 777">
     <span class='ocr_line' id='line_1_21' title="bbox 1928 691 3502 777; baseline 0.022 -33"><span class='ocrx_word' id='word_1_144' title='bbox 1928 691 2160 750; x_wconf 87' lang='lat' dir='ltr'><strong>doceant.</strong></span> <span class='ocrx_word' id='word_1_145' title='bbox 2197 697 2401 756; x_wconf 77' lang='lat' dir='ltr'><strong>Docere</strong></span> <span class='ocrx_word' id='word_1_146' title='bbox 2440 705 2709 771; x_wconf 87' lang='lat' dir='ltr'><strong>permisit,</strong></span> <span class='ocrx_word' id='word_1_147' title='bbox 2743 709 2835 764; x_wconf 90' lang='lat' dir='ltr'><strong>sed</strong></span> <span class='ocrx_word' id='word_1_148' title='bbox 2867 710 3106 771; x_wconf 73' lang='lat' dir='ltr'><strong>feminas.</strong></span> <span class='ocrx_word' id='word_1_149' title='bbox 3140 691 3502 777; x_wconf 78' lang='lat' dir='ltr'><strong>Adulescentu-</strong></span> 
     </span>
    </p>
   </div>
   <div class='ocr_carea' id='block_1_22' title="bbox 1926 784 3494 880">
    <p class='ocr_par' dir='ltr' id='par_1_22' title="bbox 1926 784 3494 880">
     <span class='ocr_line' id='line_1_22' title="bbox 1926 784 3494 880; baseline 0.021 -43"><span class='ocrx_word' id='word_1_150' title='bbox 1926 784 2021 838; x_wconf 86' lang='lat' dir='ltr'><strong>las.</strong></span> <span class='ocrx_word' id='word_1_151' title='bbox 2045 785 2169 843; x_wconf 88' lang='lat' dir='ltr'><strong>Sive</strong></span> <span class='ocrx_word' id='word_1_152' title='bbox 2193 790 2313 858; x_wconf 90' lang='lat' dir='ltr'><strong>quia</strong></span> <span class='ocrx_word' id='word_1_153' title='bbox 2336 793 2676 852; x_wconf 85' lang='lat' dir='ltr'><strong>continentes</strong></span> <span class='ocrx_word' id='word_1_154' title='bbox 2696 808 2868 867; x_wconf 89' lang='lat' dir='ltr'><strong>erant,</strong></span> <span class='ocrx_word' id='word_1_155' title='bbox 2897 804 3010 859; x_wconf 82' lang='lat' dir='ltr'><strong>sive</strong></span> <span class='ocrx_word' id='word_1_156' title='bbox 3036 822 3104 861; x_wconf 89' lang='lat' dir='ltr'><strong>ne</strong></span> <span class='ocrx_word' id='word_1_157' title='bbox 3129 809 3348 866; x_wconf 88' lang='lat' dir='ltr'><strong>verbum</strong></span> <span class='ocrx_word' id='word_1_158' title='bbox 3379 814 3494 880; x_wconf 87' lang='lat' dir='ltr'><strong>Dei,</strong></span> 
     </span>
    </p>
   </div>
   <div class='ocr_carea' id='block_1_23' title="bbox 1925 879 3494 965">
    <p class='ocr_par' dir='ltr' id='par_1_23' title="bbox 1925 879 3494 965">
     <span class='ocr_line' id='line_1_23' title="bbox 1925 879 3494 965; baseline 0.021 -37"><span class='ocrx_word' id='word_1_159' title='bbox 1925 883 2176 946; x_wconf 88' lang='lat' dir='ltr'><strong>tanquam</strong></span> <span class='ocrx_word' id='word_1_160' title='bbox 2202 879 2482 940; x_wconf 88' lang='lat' dir='ltr'><strong>dissidium</strong></span> <span class='ocrx_word' id='word_1_161' title='bbox 2512 889 2835 962; x_wconf 69' lang='lat' dir='ltr'><strong>prmdicans,</strong></span> <span class='ocrx_word' id='word_1_162' title='bbox 2869 895 3286 965; x_wconf 86' lang='lat' dir='ltr'><strong>blasphemetur.</strong></span> <span class='ocrx_word' id='word_1_163' title='bbox 3322 904 3388 959; x_wconf 88' lang='lat' dir='ltr'><strong>Ut</strong></span> <span class='ocrx_word' id='word_1_164' title='bbox 3416 879 3494 959; x_wconf 53' lang='lat' dir='ltr'><strong>vi?</strong></span> 
     </span>
    </p>
   </div>
   <div class='ocr_carea' id='block_1_24' title="bbox 1923 977 3497 1068">
    <p class='ocr_par' dir='ltr' id='par_1_24' title="bbox 1923 977 3497 1068">
     <span class='ocr_line' id='line_1_24' title="bbox 1923 977 3497 1068; baseline 0.021 -46"><span class='ocrx_word' id='word_1_165' title='bbox 1923 985 2005 1024; x_wconf 88' lang='lat' dir='ltr'><strong>ros</strong></span> <span class='ocrx_word' id='word_1_166' title='bbox 2025 987 2143 1027; x_wconf 90' lang='lat' dir='ltr'><strong>suos</strong></span> <span class='ocrx_word' id='word_1_167' title='bbox 2161 985 2350 1031; x_wconf 91' lang='lat' dir='ltr'><strong>ament.</strong></span> <span class='ocrx_word' id='word_1_168' title='bbox 2377 977 2492 1034; x_wconf 84' lang='lat' dir='ltr'><strong>Non</strong></span> <span class='ocrx_word' id='word_1_169' title='bbox 2514 981 2739 1038; x_wconf 90' lang='lat' dir='ltr'><strong>alienos.</strong></span> <span class='ocrx_word' id='word_1_170' title='bbox 2755 982 2923 1042; x_wconf 87' lang='lat' dir='ltr'><strong>Filios</strong></span> <span class='ocrx_word' id='word_1_171' title='bbox 2945 989 3184 1062; x_wconf 77' lang='lat' dir='ltr'><strong>diligant:</strong></span> <span class='ocrx_word' id='word_1_172' title='bbox 3205 1001 3497 1068; x_wconf 81' lang='lat' dir='ltr'><strong>prudentes,</strong></span> 
     </span>
    </p>
   </div>
   <div class='ocr_carea' id='block_1_25' title="bbox 1921 1068 3498 1156">
    <p class='ocr_par' dir='ltr' id='par_1_25' title="bbox 1921 1068 3498 1156">
     <span class='ocr_line' id='line_1_25' title="bbox 1921 1068 3498 1156; baseline 0.022 -40"><span class='ocrx_word' id='word_1_173' title='bbox 1921 1074 2110 1133; x_wconf 89' lang='lat' dir='ltr'><strong>castas,</strong></span> <span class='ocrx_word' id='word_1_174' title='bbox 2140 1068 2322 1125; x_wconf 88' lang='lat' dir='ltr'><strong>domus</strong></span> <span class='ocrx_word' id='word_1_175' title='bbox 2354 1089 2531 1128; x_wconf 88' lang='lat' dir='ltr'><strong>curam</strong></span> <span class='ocrx_word' id='word_1_176' title='bbox 2554 1077 2812 1149; x_wconf 78' lang='lat' dir='ltr'><strong>habentes,</strong></span> <span class='ocrx_word' id='word_1_177' title='bbox 2843 1085 3110 1156; x_wconf 84' lang='lat' dir='ltr'><strong>benignas,</strong></span> <span class='ocrx_word' id='word_1_178' title='bbox 3142 1092 3372 1148; x_wconf 88' lang='lat' dir='ltr'><strong>subditas</strong></span> <span class='ocrx_word' id='word_1_179' title='bbox 3393 1099 3498 1151; x_wconf 88' lang='lat' dir='ltr'><strong>suis</strong></span> 
     </span>
    </p>
   </div>
   <div class='ocr_carea' id='block_1_26' title="bbox 1919 1158 3496 1259">
    <p class='ocr_par' dir='ltr' id='par_1_26' title="bbox 1919 1158 3496 1259">
     <span class='ocr_line' id='line_1_26' title="bbox 1919 1158 3496 1259; baseline 0.022 -49"><span class='ocrx_word' id='word_1_180' title='bbox 1919 1158 2059 1215; x_wconf 88' lang='lat' dir='ltr'><strong>viris.</strong></span> <span class='ocrx_word' id='word_1_181' title='bbox 2090 1161 2168 1218; x_wconf 89' lang='lat' dir='ltr'><strong>Ne</strong></span> <span class='ocrx_word' id='word_1_182' title='bbox 2197 1166 2340 1222; x_wconf 87' lang='lat' dir='ltr'><strong>viros</strong></span> <span class='ocrx_word' id='word_1_183' title='bbox 2376 1181 2505 1224; x_wconf 88' lang='lat' dir='ltr'><strong>suos</strong></span> <span class='ocrx_word' id='word_1_184' title='bbox 2534 1172 2586 1226; x_wconf 91' lang='lat' dir='ltr'><strong>in</strong></span> <span class='ocrx_word' id='word_1_185' title='bbox 2617 1174 2790 1243; x_wconf 85' lang='lat' dir='ltr'><strong>aliquo</strong></span> <span class='ocrx_word' id='word_1_186' title='bbox 2825 1183 3141 1238; x_wconf 81' lang='lat' dir='ltr'><strong>contristent</strong></span> <span class='ocrx_word' id='word_1_187' title='bbox 3187 1202 3282 1254; x_wconf 89' lang='lat' dir='ltr'><strong>per</strong></span> <span class='ocrx_word' id='word_1_188' title='bbox 3327 1191 3496 1259; x_wconf 84' lang='lat' dir='ltr'><strong>negli-</strong></span> 
     </span>
    </p>
   </div>
   <div class='ocr_carea' id='block_1_27' title="bbox 1920 1251 3495 1350">
    <p class='ocr_par' dir='ltr' id='par_1_27' title="bbox 1920 1251 3495 1350">
     <span class='ocr_line' id='line_1_27' title="bbox 1920 1251 3495 1350; baseline 0.022 -46"><span class='ocrx_word' id='word_1_189' title='bbox 1920 1251 2176 1320; x_wconf 84' lang='lat' dir='ltr'><strong>gentiam.</strong></span> <span class='ocrx_word' id='word_1_190' title='bbox 2205 1255 2274 1310; x_wconf 89' lang='lat' dir='ltr'><strong>Ut</strong></span> <span class='ocrx_word' id='word_1_191' title='bbox 2293 1274 2396 1313; x_wconf 89' lang='lat' dir='ltr'><strong>non</strong></span> <span class='ocrx_word' id='word_1_192' title='bbox 2422 1260 2798 1330; x_wconf 82' lang='lat' dir='ltr'><strong>blasphemetur</strong></span> <span class='ocrx_word' id='word_1_193' title='bbox 2824 1272 3025 1324; x_wconf 77' lang='lat' dir='ltr'><strong>verbum</strong></span> <span class='ocrx_word' id='word_1_194' title='bbox 3047 1272 3161 1329; x_wconf 87' lang='lat' dir='ltr'><strong>Dei.</strong></span> <span class='ocrx_word' id='word_1_195' title='bbox 3187 1251 3264 1332; x_wconf 57' lang='grc' dir='ltr'><strong>ΝΕ</strong></span> <span class='ocrx_word' id='word_1_196' title='bbox 3287 1281 3370 1335; x_wconf 91' lang='lat' dir='ltr'><strong>vel</strong></span> <span class='ocrx_word' id='word_1_197' title='bbox 3396 1251 3495 1350; x_wconf 70' lang='lat' dir='ltr'><strong>ipsi</strong></span> 
     </span>
    </p>
   </div>
   <div class='ocr_carea' id='block_1_28' title="bbox 1917 1340 3497 1428">
    <p class='ocr_par' dir='ltr' id='par_1_28' title="bbox 1917 1340 3497 1428">
     <span class='ocr_line' id='line_1_28' title="bbox 1917 1340 3497 1428; baseline 0.021 -33"><span class='ocrx_word' id='word_1_198' title='bbox 1917 1340 2331 1416; x_wconf 83' lang='lat' dir='ltr'><strong>blaspltement,</strong></span> <span class='ocrx_word' id='word_1_199' title='bbox 2371 1352 2416 1406; x_wconf 90' lang='lat' dir='ltr'><strong>si</strong></span> <span class='ocrx_word' id='word_1_200' title='bbox 2444 1363 2631 1422; x_wconf 80' lang='lat' dir='ltr'><strong>gentes</strong></span> <span class='ocrx_word' id='word_1_201' title='bbox 2672 1365 2826 1424; x_wconf 88' lang='lat' dir='ltr'><strong>sunt;</strong></span> <span class='ocrx_word' id='word_1_202' title='bbox 2873 1362 2955 1416; x_wconf 85' lang='lat' dir='ltr'><strong>vel</strong></span> <span class='ocrx_word' id='word_1_203' title='bbox 2997 1363 3085 1418; x_wconf 89' lang='lat' dir='ltr'><strong>alii</strong></span> <span class='ocrx_word' id='word_1_204' title='bbox 3122 1367 3365 1425; x_wconf 80' lang='lat' dir='ltr'><strong>videntes</strong></span> <span class='ocrx_word' id='word_1_205' title='bbox 3405 1340 3497 1428; x_wconf 78' lang='lat' dir='ltr'><strong>eas</strong></span> 
     </span>
    </p>
   </div>
   <div class='ocr_carea' id='block_1_29' title="bbox 1913 1433 3492 1520">
    <p class='ocr_par' dir='ltr' id='par_1_29' title="bbox 1913 1433 3492 1520">
     <span class='ocr_line' id='line_1_29' title="bbox 1913 1433 3492 1520; baseline 0.022 -34"><span class='ocrx_word' id='word_1_206' title='bbox 1913 1433 2126 1504; x_wconf 85' lang='lat' dir='ltr'><strong>pejores</strong></span> <span class='ocrx_word' id='word_1_207' title='bbox 2142 1438 2610 1501; x_wconf 70' lang='lat' dir='ltr'><strong>eﬂectasJuvenes</strong></span> <span class='ocrx_word' id='word_1_208' title='bbox 2630 1449 2863 1503; x_wconf 81' lang='lat' dir='ltr'><strong>similiter</strong></span> <span class='ocrx_word' id='word_1_209' title='bbox 2882 1452 3104 1518; x_wconf 83' lang='lat' dir='ltr'><strong>hortare,</strong></span> <span class='ocrx_word' id='word_1_210' title='bbox 3127 1468 3181 1510; x_wconf 90' lang='lat' dir='ltr'><strong>ut</strong></span> <span class='ocrx_word' id='word_1_211' title='bbox 3195 1461 3349 1515; x_wconf 80' lang='lat' dir='ltr'><strong>sobrii</strong></span> <span class='ocrx_word' id='word_1_212' title='bbox 3368 1464 3492 1520; x_wconf 87' lang='lat' dir='ltr'><strong>sint.</strong></span> 
     </span>
    </p>
   </div>
   <div class='ocr_carea' id='block_1_30' title="bbox 1912 1524 3491 1610">
    <p class='ocr_par' dir='ltr' id='par_1_30' title="bbox 1912 1524 3491 1610">
     <span class='ocr_line' id='line_1_30' title="bbox 1912 1524 3491 1610; baseline 0.02 -32"><span class='ocrx_word' id='word_1_213' title='bbox 1912 1524 2080 1583; x_wconf 81' lang='lat' dir='ltr'><strong>Aufer</strong></span> <span class='ocrx_word' id='word_1_214' title='bbox 2101 1528 2391 1597; x_wconf 85' lang='lat' dir='ltr'><strong>juvenibus</strong></span> <span class='ocrx_word' id='word_1_215' title='bbox 2414 1534 2636 1592; x_wconf 70' lang='lat' dir='ltr'><strong>luxuria:</strong></span> <span class='ocrx_word' id='word_1_216' title='bbox 2657 1554 2872 1596; x_wconf 86' lang='lat' dir='ltr'><strong>causam</strong></span> <span class='ocrx_word' id='word_1_217' title='bbox 2899 1544 3140 1602; x_wconf 86' lang='lat' dir='ltr'><strong>tollendo</strong></span> <span class='ocrx_word' id='word_1_218' title='bbox 3155 1550 3491 1610; x_wconf 89' lang='lat' dir='ltr'><strong>ebrietatem.</strong></span> 
     </span>
    </p>
   </div>
   <div class='ocr_carea' id='block_1_31' title="bbox 1915 1613 3495 1710">
    <p class='ocr_par' dir='ltr' id='par_1_31' title="bbox 1915 1613 3495 1710">
     <span class='ocr_line' id='line_1_31' title="bbox 1915 1613 3495 1710; baseline 0.022 -43"><span class='ocrx_word' id='word_1_219' title='bbox 1915 1613 1981 1668; x_wconf 89' lang='lat' dir='ltr'><strong>In</strong></span> <span class='ocrx_word' id='word_1_220' title='bbox 2012 1619 2244 1674; x_wconf 90' lang='lat' dir='ltr'><strong>omnibus</strong></span> <span class='ocrx_word' id='word_1_221' title='bbox 2272 1624 2486 1692; x_wconf 85' lang='lat' dir='ltr'><strong>teipsum</strong></span> <span class='ocrx_word' id='word_1_222' title='bbox 2513 1628 2698 1697; x_wconf 75' lang='lat' dir='ltr'><strong>prwbe.</strong></span> <span class='ocrx_word' id='word_1_223' title='bbox 2727 1630 2786 1685; x_wconf 93' lang='lat' dir='ltr'><strong>ln</strong></span> <span class='ocrx_word' id='word_1_224' title='bbox 2817 1635 3096 1703; x_wconf 91' lang='lat' dir='ltr'><strong>omnibus,</strong></span> <span class='ocrx_word' id='word_1_225' title='bbox 3129 1641 3211 1694; x_wconf 91' lang='lat' dir='ltr'><strong>vel</strong></span> <span class='ocrx_word' id='word_1_226' title='bbox 3248 1657 3367 1710; x_wconf 79' lang='lat' dir='ltr'><strong>quae</strong></span> <span class='ocrx_word' id='word_1_227' title='bbox 3395 1647 3495 1700; x_wconf 90' lang='lat' dir='ltr'><strong>de-</strong></span> 
     </span>
    </p>
   </div>
   <div class='ocr_carea' id='block_1_32' title="bbox 1911 1709 3496 1789">
    <p class='ocr_par' dir='ltr' id='par_1_32' title="bbox 1911 1709 3496 1789">
     <span class='ocr_line' id='line_1_32' title="bbox 1911 1709 3496 1789; baseline 0.02 -30"><span class='ocrx_word' id='word_1_228' title='bbox 1911 1714 2061 1773; x_wconf 91' lang='lat' dir='ltr'><strong>cent,</strong></span> <span class='ocrx_word' id='word_1_229' title='bbox 2092 1709 2213 1776; x_wconf 92' lang='lat' dir='ltr'><strong>vel,</strong></span> <span class='ocrx_word' id='word_1_230' title='bbox 2245 1726 2353 1767; x_wconf 90' lang='lat' dir='ltr'><strong>non</strong></span> <span class='ocrx_word' id='word_1_231' title='bbox 2393 1716 2563 1770; x_wconf 87' lang='lat' dir='ltr'><strong>solum</strong></span> <span class='ocrx_word' id='word_1_232' title='bbox 2594 1732 2838 1789; x_wconf 86' lang='lat' dir='ltr'><strong>corpore,</strong></span> <span class='ocrx_word' id='word_1_233' title='bbox 2866 1725 2960 1779; x_wconf 86' lang='lat' dir='ltr'><strong>sed</strong></span> <span class='ocrx_word' id='word_1_234' title='bbox 2991 1736 3041 1781; x_wconf 89' lang='lat' dir='ltr'><strong>et</strong></span> <span class='ocrx_word' id='word_1_235' title='bbox 3073 1709 3278 1786; x_wconf 74' lang='lat' dir='ltr'><strong>mente.</strong></span> <span class='ocrx_word' id='word_1_236' title='bbox 3307 1732 3496 1788; x_wconf 71' lang='lat' dir='ltr'><strong>Exem-</strong></span> 
     </span>
    </p>
   </div>
   <div class='ocr_carea' id='block_1_33' title="bbox 1908 1799 3492 1897">
    <p class='ocr_par' dir='ltr' id='par_1_33' title="bbox 1908 1799 3492 1897">
     <span class='ocr_line' id='line_1_33' title="bbox 1908 1799 3492 1897; baseline 0.02 -46"><span class='ocrx_word' id='word_1_237' title='bbox 1908 1799 2054 1868; x_wconf 85' lang='lat' dir='ltr'><strong>plum</strong></span> <span class='ocrx_word' id='word_1_238' title='bbox 2080 1801 2325 1858; x_wconf 90' lang='lat' dir='ltr'><strong>bonorum</strong></span> <span class='ocrx_word' id='word_1_239' title='bbox 2351 1821 2582 1876; x_wconf 89' lang='lat' dir='ltr'><strong>operum.</strong></span> <span class='ocrx_word' id='word_1_240' title='bbox 2607 1810 2685 1867; x_wconf 89' lang='lat' dir='ltr'><strong>Ne</strong></span> <span class='ocrx_word' id='word_1_241' title='bbox 2709 1818 2954 1885; x_wconf 84' lang='lat' dir='ltr'><strong>exemplo</strong></span> <span class='ocrx_word' id='word_1_242' title='bbox 2977 1819 3224 1879; x_wconf 89' lang='lat' dir='ltr'><strong>destruas</strong></span> <span class='ocrx_word' id='word_1_243' title='bbox 3246 1827 3492 1897; x_wconf 90' lang='lat' dir='ltr'><strong>verbum,</strong></span> 
     </span>
    </p>
   </div>
   <div class='ocr_carea' id='block_1_34' title="bbox 231 1855 3490 1990">
    <p class='ocr_par' dir='ltr' id='par_1_34' title="bbox 231 1855 3490 1990">
     <span class='ocr_line' id='line_1_34' title="bbox 1908 1855 3490 1897; baseline 0.004 -21"><span class='ocrx_word' id='word_1_244' title='bbox 1908 1855 1920 1868; x_wconf 78' lang='grc' dir='ltr'><em>υ</em></span> <span class='ocrx_word' id='word_1_245' title='bbox 2354 1855 2457 1876; x_wconf 76' lang='lat' dir='ltr'><strong>&#39;r&quot;</strong></span> <span class='ocrx_word' id='word_1_246' title='bbox 2479 1855 2582 1864; x_wconf 71' lang='grc' dir='ltr'>νν-νη</span> <span class='ocrx_word' id='word_1_247' title='bbox 2607 1855 2685 1867; x_wconf 69' lang='grc' dir='ltr'><strong>-ιν</strong></span> <span class='ocrx_word' id='word_1_248' title='bbox 2711 1855 2954 1885; x_wconf 79' lang='grc' dir='ltr'><strong>νε-ν--Ψιυ</strong></span> <span class='ocrx_word' id='word_1_249' title='bbox 2977 1855 3114 1876; x_wconf 73' lang='grc' dir='ltr'><strong>υῦδιι</strong></span> <span class='ocrx_word' id='word_1_250' title='bbox 3131 1855 3224 1879; x_wconf 74' lang='lat' dir='ltr'><strong>uua</strong></span> <span class='ocrx_word' id='word_1_251' title='bbox 3252 1855 3490 1897; x_wconf 76' lang='lat' dir='ltr'><strong>vcruuru,</strong></span> 
     </span>
     <span class='ocr_line' id='line_1_35' title="bbox 231 1855 3490 1990; baseline 0.01 -48"><span class='ocrx_word' id='word_1_252' title='bbox 231 1855 426 1914; x_wconf 66' lang='lat' dir='ltr'><strong>bendo&#39;</strong></span> <span class='ocrx_word' id='word_1_253' title='bbox 462 1861 597 1916; x_wconf 64' lang='lat' dir='ltr'><strong>sum</strong></span> <span class='ocrx_word' id='word_1_254' title='bbox 621 1866 756 1918; x_wconf 57' lang='lat' dir='ltr'><strong>enim</strong></span> <span class='ocrx_word' id='word_1_255' title='bbox 791 1869 937 1922; x_wconf 67' lang='lat' dir='ltr'><strong>&quot;mm</strong></span> <span class='ocrx_word' id='word_1_256' title='bbox 963 1871 1115 1924; x_wconf 73' lang='grc' dir='ltr'><strong>ειίαπι</strong></span> <span class='ocrx_word' id='word_1_257' title='bbox 1153 1873 1511 1944; x_wconf 69' lang='grc' dir='ltr'><strong>ίηοῦεάίεηιεδ,</strong></span> <span class='ocrx_word' id='word_1_258' title='bbox 1541 1882 1800 1954; x_wconf 77' lang='grc' dir='ltr'><strong>υαηὶιοίιιιὶ</strong></span> <span class='ocrx_word' id='word_1_259' title='bbox 1828 1882 1878 1943; x_wconf 89' lang='grc' dir='ltr'><strong>Β</strong></span> <span class='ocrx_word' id='word_1_260' title='bbox 1908 1892 1990 1949; x_wconf 89' lang='lat' dir='ltr'><strong>vel</strong></span> <span class='ocrx_word' id='word_1_261' title='bbox 2010 1895 2270 1953; x_wconf 90' lang='lat' dir='ltr'><strong>audenter</strong></span> <span class='ocrx_word' id='word_1_262' title='bbox 2299 1900 2558 1969; x_wconf 88' lang='lat' dir='ltr'><strong>corripias</strong></span> <span class='ocrx_word' id='word_1_263' title='bbox 2589 1903 2744 1960; x_wconf 87' lang='lat' dir='ltr'><strong>alios.</strong></span> <span class='ocrx_word' id='word_1_264' title='bbox 2775 1904 2844 1961; x_wconf 89' lang='lat' dir='ltr'><strong>In</strong></span> <span class='ocrx_word' id='word_1_265' title='bbox 2872 1909 3103 1966; x_wconf 84' lang='lat' dir='ltr'><strong>doctrina</strong></span> <span class='ocrx_word' id='word_1_266' title='bbox 3124 1917 3490 1990; x_wconf 81' lang='lat' dir='ltr'><strong>integritatem,</strong></span> 
     </span>
     <span class='ocr_line' id='line_1_36' title="bbox 231 1951 2047 1990; baseline 0 0"><span class='ocrx_word' id='word_1_267' title='bbox 231 1958 278 1990; x_wconf 65' lang='grc' dir='ltr'><em>ει</em></span> <span class='ocrx_word' id='word_1_268' title='bbox 321 1951 609 1990; x_wconf 55' lang='grc' dir='ltr'><strong>πριιιιμιηηη</strong></span> <span class='ocrx_word' id='word_1_269' title='bbox 682 1957 1060 1990; x_wconf 66' lang='grc' dir='ltr'><strong>ΙηῆιιΔᾸῖΛ-ιοιιη</strong></span> <span class='ocrx_word' id='word_1_270' title='bbox 1109 1966 1413 1990; x_wconf 39' lang='lat' dir='ltr'><strong>“Hann-..</strong></span> <span class='ocrx_word' id='word_1_271' title='bbox 1455 1971 1615 1990; x_wconf 60' lang='lat' dir='ltr'><strong>.l,-.,,°</strong></span> <span class='ocrx_word' id='word_1_272' title='bbox 1786 1977 1800 1990; x_wconf 87' lang='lat'><strong>.</strong></span> <span class='ocrx_word' id='word_1_273' title='bbox 2042 1989 2047 1990; x_wconf 65' lang='lat'><strong><em>,</em></strong></span> 
     </span>
    </p>
   </div>
   <div class='ocr_carea' id='block_1_35' title="bbox 231 1951 1802 2034">
    <p class='ocr_par' dir='ltr' id='par_1_35' title="bbox 231 1951 1802 2034">
     <span class='ocr_line' id='line_1_37' title="bbox 231 1951 1802 2034; baseline 0.02 -33"><span class='ocrx_word' id='word_1_274' title='bbox 231 1958 278 2002; x_wconf 89' lang='lat' dir='ltr'><strong>et</strong></span> <span class='ocrx_word' id='word_1_275' title='bbox 320 1951 628 2010; x_wconf 85' lang='lat' dir='ltr'><strong>seductores.</strong></span> <span class='ocrx_word' id='word_1_276' title='bbox 681 1957 1061 2018; x_wconf 89' lang='lat' dir='ltr'><strong>lnobedientes</strong></span> <span class='ocrx_word' id='word_1_277' title='bbox 1108 1966 1417 2034; x_wconf 78' lang='lat' dir='ltr'><strong>apostolica:</strong></span> <span class='ocrx_word' id='word_1_278' title='bbox 1449 1951 1802 2032; x_wconf 27' lang='lat' dir='ltr'><strong>doctrinae-ad</strong></span> 
     </span>
    </p>
   </div>
   <div class='ocr_carea' id='block_1_36' title="bbox 231 2039 1803 2129">
    <p class='ocr_par' dir='ltr' id='par_1_36' title="bbox 231 2039 1803 2129">
     <span class='ocr_line' id='line_1_38' title="bbox 231 2039 1803 2129; baseline 0.018 -37"><span class='ocrx_word' id='word_1_279' title='bbox 231 2039 440 2095; x_wconf 91' lang='lat' dir='ltr'><strong>nullum</strong></span> <span class='ocrx_word' id='word_1_280' title='bbox 470 2043 771 2111; x_wconf 84' lang='lat' dir='ltr'><strong>profectum</strong></span> <span class='ocrx_word' id='word_1_281' title='bbox 803 2047 1116 2119; x_wconf 89' lang='lat' dir='ltr'><strong>loquuntur.</strong></span> <span class='ocrx_word' id='word_1_282' title='bbox 1149 2054 1374 2111; x_wconf 67' lang='lat' dir='ltr'><strong>Maxime</strong></span> <span class='ocrx_word' id='word_1_283' title='bbox 1394 2060 1480 2129; x_wconf 88' lang='lat' dir='ltr'><strong>qui</strong></span> <span class='ocrx_word' id='word_1_284' title='bbox 1501 2061 1564 2115; x_wconf 89' lang='lat' dir='ltr'><strong>de</strong></span> <span class='ocrx_word' id='word_1_285' title='bbox 1584 2064 1803 2119; x_wconf 87' lang='lat' dir='ltr'><strong>circum-</strong></span> 
     </span>
    </p>
   </div>
   <div class='ocr_carea' id='block_1_37' title="bbox 230 2129 1802 2216">
    <p class='ocr_par' dir='ltr' id='par_1_37' title="bbox 230 2129 1802 2216">
     <span class='ocr_line' id='line_1_39' title="bbox 230 2129 1802 2216; baseline 0.019 -35"><span class='ocrx_word' id='word_1_286' title='bbox 230 2129 417 2185; x_wconf 85' lang='lat' dir='ltr'><strong>cisione</strong></span> <span class='ocrx_word' id='word_1_287' title='bbox 440 2143 578 2202; x_wconf 89' lang='lat' dir='ltr'><strong>sunt,</strong></span> <span class='ocrx_word' id='word_1_288' title='bbox 606 2152 730 2206; x_wconf 87' lang='lat' dir='ltr'><strong>quos</strong></span> <span class='ocrx_word' id='word_1_289' title='bbox 761 2149 958 2208; x_wconf 84' lang='lat' dir='ltr'><strong>oportet</strong></span> <span class='ocrx_word' id='word_1_290' title='bbox 996 2145 1236 2216; x_wconf 87' lang='lat' dir='ltr'><strong>redargui</strong></span> <span class='ocrx_word' id='word_1_291' title='bbox 1260 2162 1280 2202; x_wconf 78' lang='lat'><strong>.&#39;</strong></span> <span class='ocrx_word' id='word_1_292' title='bbox 1307 2149 1395 2216; x_wconf 87' lang='lat' dir='ltr'><strong>qui</strong></span> <span class='ocrx_word' id='word_1_293' title='bbox 1423 2153 1682 2209; x_wconf 88' lang='lat' dir='ltr'><strong>uniuersas</strong></span> <span class='ocrx_word' id='word_1_294' title='bbox 1708 2157 1802 2212; x_wconf 90' lang='lat' dir='ltr'><strong>do-</strong></span> 
     </span>
    </p>
   </div>
   <div class='ocr_carea' id='block_1_38' title="bbox 229 2224 1802 2310">
    <p class='ocr_par' dir='ltr' id='par_1_38' title="bbox 229 2224 1802 2310">
     <span class='ocr_line' id='line_1_40' title="bbox 229 2224 1802 2310; baseline 0.021 -40"><span class='ocrx_word' id='word_1_295' title='bbox 229 2234 336 2274; x_wconf 86' lang='lat' dir='ltr'><strong>mos</strong></span> <span class='ocrx_word' id='word_1_296' title='bbox 383 2224 697 2281; x_wconf 78' lang='lat' dir='ltr'><strong>subvertant.</strong></span> <span class='ocrx_word' id='word_1_297' title='bbox 726 2228 827 2296; x_wconf 85' lang='lat' dir='ltr'><strong>Qui</strong></span> <span class='ocrx_word' id='word_1_298' title='bbox 872 2230 1130 2291; x_wconf 90' lang='lat' dir='ltr'><strong>humanas</strong></span> <span class='ocrx_word' id='word_1_299' title='bbox 1175 2239 1504 2310; x_wconf 87' lang='lat' dir='ltr'><strong>traditiones,</strong></span> <span class='ocrx_word' id='word_1_300' title='bbox 1549 2258 1655 2300; x_wconf 92' lang='lat' dir='ltr'><strong>non</strong></span> <span class='ocrx_word' id='word_1_301' title='bbox 1704 2247 1802 2304; x_wconf 90' lang='lat' dir='ltr'><strong>Dei</strong></span> 
     </span>
    </p>
   </div>
   <div class='ocr_carea' id='block_1_39' title="bbox 227 2313 1798 2408">
    <p class='ocr_par' dir='ltr' id='par_1_39' title="bbox 227 2313 1798 2408">
     <span class='ocr_line' id='line_1_41' title="bbox 227 2313 1798 2408; baseline 0.02 -44"><span class='ocrx_word' id='word_1_302' title='bbox 227 2313 473 2369; x_wconf 88' lang='lat' dir='ltr'><strong>mandata</strong></span> <span class='ocrx_word' id='word_1_303' title='bbox 504 2317 809 2386; x_wconf 90' lang='lat' dir='ltr'><strong>loquuntur.</strong></span> <span class='ocrx_word' id='word_1_304' title='bbox 844 2322 1092 2382; x_wconf 87' lang='lat' dir='ltr'><strong>Docentes</strong></span> <span class='ocrx_word' id='word_1_305' title='bbox 1123 2344 1236 2396; x_wconf 72' lang='lat' dir='ltr'><strong>qua:</strong></span> <span class='ocrx_word' id='word_1_306' title='bbox 1264 2347 1366 2384; x_wconf 90' lang='lat' dir='ltr'><strong>non</strong></span> <span class='ocrx_word' id='word_1_307' title='bbox 1411 2344 1607 2403; x_wconf 80' lang='lat' dir='ltr'><strong>Oportet</strong></span> <span class='ocrx_word' id='word_1_308' title='bbox 1634 2341 1798 2408; x_wconf 86' lang='lat' dir='ltr'><strong>turpis</strong></span> 
     </span>
    </p>
   </div>
   <div class='ocr_carea' id='block_1_40' title="bbox 229 2403 1796 2494">
    <p class='ocr_par' dir='ltr' id='par_1_40' title="bbox 229 2403 1796 2494">
     <span class='ocr_line' id='line_1_42' title="bbox 229 2403 1796 2494; baseline 0.019 -40"><span class='ocrx_word' id='word_1_309' title='bbox 229 2403 360 2457; x_wconf 90' lang='lat' dir='ltr'><strong>lucri</strong></span> <span class='ocrx_word' id='word_1_310' title='bbox 400 2408 589 2476; x_wconf 87' lang='lat' dir='ltr'><strong>gratia.</strong></span> <span class='ocrx_word' id='word_1_311' title='bbox 637 2410 765 2476; x_wconf 66' lang='lat' dir='ltr'><strong>Quae</strong></span> <span class='ocrx_word' id='word_1_312' title='bbox 815 2411 926 2482; x_wconf 88' lang='lat' dir='ltr'><strong>jam</strong></span> <span class='ocrx_word' id='word_1_313' title='bbox 981 2417 1246 2487; x_wconf 82' lang='lat' dir='ltr'><strong>superﬂua</strong></span> <span class='ocrx_word' id='word_1_314' title='bbox 1300 2433 1426 2476; x_wconf 92' lang='lat' dir='ltr'><strong>sunt</strong></span> <span class='ocrx_word' id='word_1_315' title='bbox 1467 2403 1796 2494; x_wconf 87' lang='lat' dir='ltr'><strong>temporibus</strong></span> 
     </span>
    </p>
   </div>
   <div class='ocr_carea' id='block_1_41' title="bbox 223 2493 1793 2589">
    <p class='ocr_par' dir='ltr' id='par_1_41' title="bbox 223 2493 1793 2589">
     <span class='ocr_line' id='line_1_43' title="bbox 223 2493 1793 2589; baseline 0.017 -39"><span class='ocrx_word' id='word_1_316' title='bbox 223 2493 442 2564; x_wconf 86' lang='lat' dir='ltr'><strong>Christi,</strong></span> <span class='ocrx_word' id='word_1_317' title='bbox 466 2502 809 2558; x_wconf 66' lang='lat' dir='ltr'><strong>caeremonias</strong></span> <span class='ocrx_word' id='word_1_318' title='bbox 831 2505 1034 2563; x_wconf 85' lang='lat' dir='ltr'><strong>scilicet</strong></span> <span class='ocrx_word' id='word_1_319' title='bbox 1055 2507 1381 2569; x_wconf 77' lang='lat' dir='ltr'><strong>Judzeorum.</strong></span> <span class='ocrx_word' id='word_1_320' title='bbox 1409 2513 1554 2571; x_wconf 69' lang='lat' dir='ltr'><strong>Dixit</strong></span> <span class='ocrx_word' id='word_1_321' title='bbox 1584 2520 1793 2589; x_wconf 86' lang='lat' dir='ltr'><strong>quidam</strong></span> 
     </span>
    </p>
   </div>
   <div class='ocr_carea' id='block_1_42' title="bbox 225 2587 1793 2671">
    <p class='ocr_par' dir='ltr' id='par_1_42' title="bbox 225 2587 1793 2671">
     <span class='ocr_line' id='line_1_44' title="bbox 225 2587 1793 2671; baseline 0.02 -32"><span class='ocrx_word' id='word_1_322' title='bbox 225 2601 288 2641; x_wconf 84' lang='lat' dir='ltr'><strong>ea:</strong></span> <span class='ocrx_word' id='word_1_323' title='bbox 327 2587 452 2644; x_wconf 81' lang='lat' dir='ltr'><strong>illis.</strong></span> <span class='ocrx_word' id='word_1_324' title='bbox 483 2591 680 2659; x_wconf 86' lang='lat' dir='ltr'><strong>Quales</strong></span> <span class='ocrx_word' id='word_1_325' title='bbox 715 2604 842 2652; x_wconf 89' lang='lat' dir='ltr'><strong>sunt</strong></span> <span class='ocrx_word' id='word_1_326' title='bbox 869 2615 881 2651; x_wconf 93' lang='lat'><strong>:</strong></span> <span class='ocrx_word' id='word_1_327' title='bbox 913 2610 970 2655; x_wconf 93' lang='lat' dir='ltr'><strong>ut</strong></span> <span class='ocrx_word' id='word_1_328' title='bbox 998 2601 1158 2658; x_wconf 90' lang='lat' dir='ltr'><strong>etiam</strong></span> <span class='ocrx_word' id='word_1_329' title='bbox 1190 2619 1219 2658; x_wconf 90' lang='lat' dir='ltr'><strong>a</strong></span> <span class='ocrx_word' id='word_1_330' title='bbox 1258 2607 1372 2662; x_wconf 89' lang='lat' dir='ltr'><strong>suis</strong></span> <span class='ocrx_word' id='word_1_331' title='bbox 1403 2610 1510 2665; x_wconf 90' lang='lat' dir='ltr'><strong>tale</strong></span> <span class='ocrx_word' id='word_1_332' title='bbox 1563 2587 1793 2671; x_wconf 80' lang='lat' dir='ltr'><strong>habeant</strong></span> 
     </span>
    </p>
   </div>
   <div class='ocr_carea' id='block_1_43' title="bbox 221 2681 1793 2773">
    <p class='ocr_par' dir='ltr' id='par_1_43' title="bbox 221 2681 1793 2773">
     <span class='ocr_line' id='line_1_45' title="bbox 221 2681 1793 2773; baseline 0.018 -40"><span class='ocrx_word' id='word_1_333' title='bbox 221 2681 603 2740; x_wconf 84' lang='lat' dir='ltr'><strong>testimonium.</strong></span> <span class='ocrx_word' id='word_1_334' title='bbox 648 2686 898 2760; x_wconf 81' lang='lat' dir='ltr'><strong>PrOprius</strong></span> <span class='ocrx_word' id='word_1_335' title='bbox 939 2693 1169 2764; x_wconf 86' lang='lat' dir='ltr'><strong>ipsorum</strong></span> <span class='ocrx_word' id='word_1_336' title='bbox 1217 2700 1483 2767; x_wconf 79' lang='lat' dir='ltr'><strong>propheta.</strong></span> <span class='ocrx_word' id='word_1_337' title='bbox 1520 2703 1793 2773; x_wconf 87' lang='lat' dir='ltr'><strong>Epimeni-</strong></span> 
     </span>
    </p>
   </div>
   <div class='ocr_carea' id='block_1_44' title="bbox 216 2769 1789 2856">
    <p class='ocr_par' dir='ltr' id='par_1_44' title="bbox 216 2769 1789 2856">
     <span class='ocr_line' id='line_1_46' title="bbox 216 2769 1789 2856; baseline 0.015 -31"><span class='ocrx_word' id='word_1_338' title='bbox 216 2769 334 2837; x_wconf 84' lang='lat' dir='ltr'><strong>des,</strong></span> <span class='ocrx_word' id='word_1_339' title='bbox 362 2773 477 2829; x_wconf 89' lang='lat' dir='ltr'><strong>sive</strong></span> <span class='ocrx_word' id='word_1_340' title='bbox 507 2774 888 2835; x_wconf 89' lang='lat' dir='ltr'><strong>Callimachus.</strong></span> <span class='ocrx_word' id='word_1_341' title='bbox 912 2781 1192 2840; x_wconf 86' lang='lat' dir='ltr'><strong>Cretenses.</strong></span> <span class='ocrx_word' id='word_1_342' title='bbox 1223 2769 1789 2856; x_wconf 38' lang='lat' dir='ltr'><strong>Epimenidis&#39;versus</strong></span> 
     </span>
    </p>
   </div>
   <div class='ocr_carea' id='block_1_45' title="bbox 214 2864 1790 2955">
    <p class='ocr_par' dir='ltr' id='par_1_45' title="bbox 214 2864 1790 2955">
     <span class='ocr_line' id='line_1_47' title="bbox 214 2864 1790 2955; baseline 0.013 -35"><span class='ocrx_word' id='word_1_343' title='bbox 214 2864 549 2937; x_wconf 81' lang='lat' dir='ltr'><strong>hexameter,</strong></span> <span class='ocrx_word' id='word_1_344' title='bbox 591 2873 681 2942; x_wconf 89' lang='lat' dir='ltr'><strong>qui</strong></span> <span class='ocrx_word' id='word_1_345' title='bbox 711 2874 762 2928; x_wconf 93' lang='lat' dir='ltr'><strong>in</strong></span> <span class='ocrx_word' id='word_1_346' title='bbox 788 2872 974 2932; x_wconf 59' lang='lat' dir='ltr'><strong>Greco</strong></span> <span class='ocrx_word' id='word_1_347' title='bbox 1017 2879 1127 2934; x_wconf 90' lang='lat' dir='ltr'><strong>suis</strong></span> <span class='ocrx_word' id='word_1_348' title='bbox 1170 2880 1396 2950; x_wconf 90' lang='lat' dir='ltr'><strong>pedibus</strong></span> <span class='ocrx_word' id='word_1_349' title='bbox 1421 2891 1548 2940; x_wconf 88' lang='lat' dir='ltr'><strong>stat.</strong></span> <span class='ocrx_word' id='word_1_350' title='bbox 1576 2884 1790 2955; x_wconf 86' lang='lat' dir='ltr'><strong>Semper</strong></span> 
     </span>
    </p>
   </div>
   <div class='ocr_carea' id='block_1_46' title="bbox 210 2960 1786 3042">
    <p class='ocr_par' dir='ltr' id='par_1_46' title="bbox 210 2960 1786 3042">
     <span class='ocr_line' id='line_1_48' title="bbox 210 2960 1786 3042; baseline 0.015 -30"><span class='ocrx_word' id='word_1_351' title='bbox 210 2960 502 3028; x_wconf 85' lang='lat' dir='ltr'><strong>mendaces,</strong></span> <span class='ocrx_word' id='word_1_352' title='bbox 530 2963 679 3019; x_wconf 74' lang='lat' dir='ltr'><strong>mala:</strong></span> <span class='ocrx_word' id='word_1_353' title='bbox 704 2964 895 3022; x_wconf 79' lang='lat' dir='ltr'><strong>bestiaz.</strong></span> <span class='ocrx_word' id='word_1_354' title='bbox 925 2969 1182 3028; x_wconf 82' lang='lat' dir='ltr'><strong>Amantes</strong></span> <span class='ocrx_word' id='word_1_355' title='bbox 1213 2974 1571 3042; x_wconf 90' lang='lat' dir='ltr'><strong>mendacium,</strong></span> <span class='ocrx_word' id='word_1_356' title='bbox 1595 2985 1650 3034; x_wconf 91' lang='lat' dir='ltr'><strong>et</strong></span> <span class='ocrx_word' id='word_1_357' title='bbox 1677 2993 1786 3036; x_wconf 91' lang='lat' dir='ltr'><strong>non</strong></span> 
     </span>
    </p>
   </div>
   <div class='ocr_carea' id='block_1_47' title="bbox 207 3053 1786 3134">
    <p class='ocr_par' dir='ltr' id='par_1_47' title="bbox 207 3053 1786 3134">
     <span class='ocr_line' id='line_1_49' title="bbox 207 3053 1786 3134; baseline 0.013 -28"><span class='ocrx_word' id='word_1_358' title='bbox 207 3053 483 3121; x_wconf 90' lang='lat' dir='ltr'><strong>quomodo</strong></span> <span class='ocrx_word' id='word_1_359' title='bbox 503 3055 639 3111; x_wconf 88' lang='lat' dir='ltr'><strong>solet</strong></span> <span class='ocrx_word' id='word_1_360' title='bbox 665 3057 885 3128; x_wconf 90' lang='lat' dir='ltr'><strong>incurri,</strong></span> <span class='ocrx_word' id='word_1_361' title='bbox 913 3061 1007 3116; x_wconf 89' lang='lat' dir='ltr'><strong>sed</strong></span> <span class='ocrx_word' id='word_1_362' title='bbox 1036 3077 1248 3134; x_wconf 89' lang='lat' dir='ltr'><strong>semper</strong></span> <span class='ocrx_word' id='word_1_363' title='bbox 1278 3082 1292 3118; x_wconf 90' lang='lat'><strong>:</strong></span> <span class='ocrx_word' id='word_1_364' title='bbox 1323 3076 1600 3124; x_wconf 89' lang='lat' dir='ltr'><strong>voratores</strong></span> <span class='ocrx_word' id='word_1_365' title='bbox 1623 3070 1786 3126; x_wconf 90' lang='lat' dir='ltr'><strong>etiam</strong></span> 
     </span>
    </p>
   </div>
   <div class='ocr_carea' id='block_1_48' title="bbox 206 3144 1787 3221">
    <p class='ocr_par' dir='ltr' id='par_1_48' title="bbox 206 3144 1787 3221">
     <span class='ocr_line' id='line_1_50' title="bbox 206 3144 1787 3221; baseline 0.012 -23"><span class='ocrx_word' id='word_1_366' title='bbox 206 3152 266 3197; x_wconf 88' lang='lat' dir='ltr'><strong>et</strong></span> <span class='ocrx_word' id='word_1_367' title='bbox 296 3144 472 3200; x_wconf 88' lang='lat' dir='ltr'><strong>otiosi.</strong></span> <span class='ocrx_word' id='word_1_368' title='bbox 512 3145 724 3203; x_wconf 87' lang='lat' dir='ltr'><strong>Ventres</strong></span> <span class='ocrx_word' id='word_1_369' title='bbox 746 3150 902 3221; x_wconf 87' lang='lat' dir='ltr'><strong>pigri.</strong></span> <span class='ocrx_word' id='word_1_370' title='bbox 936 3152 1137 3209; x_wconf 91' lang='lat' dir='ltr'><strong>ldcirco</strong></span> <span class='ocrx_word' id='word_1_371' title='bbox 1165 3155 1325 3213; x_wconf 81' lang='lat' dir='ltr'><strong>ferias</strong></span> <span class='ocrx_word' id='word_1_372' title='bbox 1347 3167 1401 3212; x_wconf 88' lang='lat' dir='ltr'><strong>et</strong></span> <span class='ocrx_word' id='word_1_373' title='bbox 1423 3159 1529 3214; x_wconf 89' lang='lat' dir='ltr'><strong>otia</strong></span> <span class='ocrx_word' id='word_1_374' title='bbox 1559 3160 1787 3217; x_wconf 89' lang='lat' dir='ltr'><strong>libenter</strong></span> 
     </span>
    </p>
   </div>
   <div class='ocr_carea' id='block_1_49' title="bbox 1907 1989 3495 2068">
    <p class='ocr_par' dir='ltr' id='par_1_49' title="bbox 1907 1989 3495 2068">
     <span class='ocr_line' id='line_1_51' title="bbox 1907 1989 3495 2068; baseline 0.019 -31"><span class='ocrx_word' id='word_1_375' title='bbox 1907 1989 2245 2054; x_wconf 85' lang='lat' dir='ltr'><strong>gravitatem:</strong></span> <span class='ocrx_word' id='word_1_376' title='bbox 2274 1991 2479 2046; x_wconf 88' lang='lat' dir='ltr'><strong>verbum</strong></span> <span class='ocrx_word' id='word_1_377' title='bbox 2504 2009 2709 2064; x_wconf 89' lang='lat' dir='ltr'><strong>sanum,</strong></span> <span class='ocrx_word' id='word_1_378' title='bbox 2738 1996 3196 2068; x_wconf 87' lang='lat' dir='ltr'><strong>irreprehensibile.</strong></span> <span class='ocrx_word' id='word_1_379' title='bbox 3228 2007 3296 2063; x_wconf 88' lang='lat' dir='ltr'><strong>Ut</strong></span> <span class='ocrx_word' id='word_1_380' title='bbox 3322 1989 3495 2067; x_wconf 77' lang='lat' dir='ltr'><strong>sciant</strong></span> 
     </span>
    </p>
   </div>
   <div class='ocr_carea' id='block_1_50' title="bbox 1905 2080 3491 2159">
    <p class='ocr_par' dir='ltr' id='par_1_50' title="bbox 1905 2080 3491 2159">
     <span class='ocr_line' id='line_1_52' title="bbox 1905 2080 3491 2159; baseline 0.016 -29"><span class='ocrx_word' id='word_1_381' title='bbox 1905 2080 2177 2147; x_wconf 87' lang='lat' dir='ltr'><strong>quomodo</strong></span> <span class='ocrx_word' id='word_1_382' title='bbox 2205 2083 2452 2141; x_wconf 86' lang='lat' dir='ltr'><strong>doceant.</strong></span> <span class='ocrx_word' id='word_1_383' title='bbox 2490 2085 2558 2141; x_wconf 88' lang='lat' dir='ltr'><strong>Ut</strong></span> <span class='ocrx_word' id='word_1_384' title='bbox 2597 2088 2639 2140; x_wconf 88' lang='lat' dir='ltr'><strong>is</strong></span> <span class='ocrx_word' id='word_1_385' title='bbox 2689 2090 2776 2159; x_wconf 89' lang='lat' dir='ltr'><strong>qui</strong></span> <span class='ocrx_word' id='word_1_386' title='bbox 2806 2108 2869 2144; x_wconf 77' lang='lat' dir='ltr'><strong>ea:</strong></span> <span class='ocrx_word' id='word_1_387' title='bbox 2896 2095 3109 2150; x_wconf 88' lang='lat' dir='ltr'><strong>aduerso</strong></span> <span class='ocrx_word' id='word_1_388' title='bbox 3147 2107 3223 2152; x_wconf 89' lang='lat' dir='ltr'><strong>est</strong></span> <span class='ocrx_word' id='word_1_389' title='bbox 3264 2113 3491 2156; x_wconf 84' lang='lat' dir='ltr'><strong>reverta-</strong></span> 
     </span>
    </p>
   </div>
   <div class='ocr_carea' id='block_1_51' title="bbox 1906 2172 3494 2260">
    <p class='ocr_par' dir='ltr' id='par_1_51' title="bbox 1906 2172 3494 2260">
     <span class='ocr_line' id='line_1_53' title="bbox 1906 2172 3494 2260; baseline 0.016 -38"><span class='ocrx_word' id='word_1_390' title='bbox 1906 2175 1990 2222; x_wconf 86' lang='lat' dir='ltr'><strong>tur</strong></span> <span class='ocrx_word' id='word_1_391' title='bbox 2012 2210 2028 2238; x_wconf 93' lang='lat'><strong>,</strong></span> <span class='ocrx_word' id='word_1_392' title='bbox 2057 2172 2193 2226; x_wconf 86' lang='lat' dir='ltr'><strong>nihil</strong></span> <span class='ocrx_word' id='word_1_393' title='bbox 2220 2173 2405 2231; x_wconf 88' lang='lat' dir='ltr'><strong>habens</strong></span> <span class='ocrx_word' id='word_1_394' title='bbox 2445 2179 2637 2233; x_wconf 87' lang='lat' dir='ltr'><strong>malum</strong></span> <span class='ocrx_word' id='word_1_395' title='bbox 2673 2180 2840 2237; x_wconf 89' lang='lat' dir='ltr'><strong>dicere</strong></span> <span class='ocrx_word' id='word_1_396' title='bbox 2870 2190 2933 2238; x_wconf 89' lang='lat' dir='ltr'><strong>de</strong></span> <span class='ocrx_word' id='word_1_397' title='bbox 2972 2186 3132 2240; x_wconf 89' lang='lat' dir='ltr'><strong>nobis.</strong></span> <span class='ocrx_word' id='word_1_398' title='bbox 3160 2189 3286 2254; x_wconf 89' lang='lat' dir='ltr'><strong>Quis</strong></span> <span class='ocrx_word' id='word_1_399' title='bbox 3316 2201 3494 2260; x_wconf 79' lang='lat' dir='ltr'><strong>potest</strong></span> 
     </span>
    </p>
   </div>
   <div class='ocr_carea' id='block_1_52' title="bbox 1901 2264 3490 2340">
    <p class='ocr_par' dir='ltr' id='par_1_52' title="bbox 1901 2264 3490 2340">
     <span class='ocr_line' id='line_1_54' title="bbox 1901 2264 3490 2340; baseline 0.014 -24"><span class='ocrx_word' id='word_1_400' title='bbox 1901 2264 2312 2336; x_wconf 81' lang='lat' dir='ltr'><strong>contradicere,</strong></span> <span class='ocrx_word' id='word_1_401' title='bbox 2360 2268 2408 2324; x_wconf 84' lang='lat' dir='ltr'><strong>si</strong></span> <span class='ocrx_word' id='word_1_402' title='bbox 2442 2271 2568 2340; x_wconf 92' lang='lat' dir='ltr'><strong>quid</strong></span> <span class='ocrx_word' id='word_1_403' title='bbox 2609 2271 2716 2326; x_wconf 88' lang='lat' dir='ltr'><strong>tale</strong></span> <span class='ocrx_word' id='word_1_404' title='bbox 2756 2277 2999 2331; x_wconf 88' lang='lat' dir='ltr'><strong>notaret?</strong></span> <span class='ocrx_word' id='word_1_405' title='bbox 3046 2277 3231 2334; x_wconf 82' lang='lat' dir='ltr'><strong>Servos</strong></span> <span class='ocrx_word' id='word_1_406' title='bbox 3273 2282 3490 2339; x_wconf 85' lang='lat' dir='ltr'><strong>dominis</strong></span> 
     </span>
    </p>
   </div>
   <div class='ocr_carea' id='block_1_53' title="bbox 1899 2355 3489 2434">
    <p class='ocr_par' dir='ltr' id='par_1_53' title="bbox 1899 2355 3489 2434">
     <span class='ocr_line' id='line_1_55' title="bbox 1899 2355 3489 2434; baseline 0.015 -27"><span class='ocrx_word' id='word_1_407' title='bbox 1899 2355 2006 2408; x_wconf 87' lang='lat' dir='ltr'><strong>suis</strong></span> <span class='ocrx_word' id='word_1_408' title='bbox 2034 2357 2263 2412; x_wconf 88' lang='lat' dir='ltr'><strong>subditos</strong></span> <span class='ocrx_word' id='word_1_409' title='bbox 2292 2365 2400 2414; x_wconf 80' lang='lat' dir='ltr'><strong>esse</strong></span> <span class='ocrx_word' id='word_1_410' title='bbox 2420 2399 2436 2426; x_wconf 95' lang='lat'><strong>,</strong></span> <span class='ocrx_word' id='word_1_411' title='bbox 2489 2362 2543 2416; x_wconf 90' lang='lat' dir='ltr'><strong>in</strong></span> <span class='ocrx_word' id='word_1_412' title='bbox 2571 2363 2802 2418; x_wconf 88' lang='lat' dir='ltr'><strong>omnibus</strong></span> <span class='ocrx_word' id='word_1_413' title='bbox 2831 2367 3106 2434; x_wconf 87' lang='lat' dir='ltr'><strong>placentes.</strong></span> <span class='ocrx_word' id='word_1_414' title='bbox 3138 2371 3195 2424; x_wconf 92' lang='lat' dir='ltr'><strong>ln</strong></span> <span class='ocrx_word' id='word_1_415' title='bbox 3239 2375 3489 2430; x_wconf 85' lang='lat' dir='ltr'><strong>omnibus</strong></span> 
     </span>
    </p>
   </div>
   <div class='ocr_carea' id='block_1_54' title="bbox 1897 2449 3490 2534">
    <p class='ocr_par' dir='ltr' id='par_1_54' title="bbox 1897 2449 3490 2534">
     <span class='ocr_line' id='line_1_56' title="bbox 1897 2449 3490 2534; baseline 0.012 -33"><span class='ocrx_word' id='word_1_416' title='bbox 1897 2462 2017 2517; x_wconf 72' lang='lat' dir='ltr'><strong>qua:</strong></span> <span class='ocrx_word' id='word_1_417' title='bbox 2045 2449 2312 2519; x_wconf 87' lang='lat' dir='ltr'><strong>imperant</strong></span> <span class='ocrx_word' id='word_1_418' title='bbox 2328 2450 2493 2521; x_wconf 89' lang='lat' dir='ltr'><strong>juste.</strong></span> <span class='ocrx_word' id='word_1_419' title='bbox 2520 2453 2640 2508; x_wconf 86' lang='lat' dir='ltr'><strong>Non</strong></span> <span class='ocrx_word' id='word_1_420' title='bbox 2661 2458 3086 2528; x_wconf 86' lang='lat' dir='ltr'><strong>contradicentes,</strong></span> <span class='ocrx_word' id='word_1_421' title='bbox 3116 2479 3214 2517; x_wconf 89' lang='lat' dir='ltr'><strong>non</strong></span> <span class='ocrx_word' id='word_1_422' title='bbox 3236 2468 3490 2534; x_wconf 85' lang='lat' dir='ltr'><strong>fraudan-</strong></span> 
     </span>
    </p>
   </div>
   <div class='ocr_carea' id='block_1_55' title="bbox 1897 2539 3486 2628">
    <p class='ocr_par' dir='ltr' id='par_1_55' title="bbox 1897 2539 3486 2628">
     <span class='ocr_line' id='line_1_57' title="bbox 1897 2539 3486 2628; baseline 0.014 -36"><span class='ocrx_word' id='word_1_423' title='bbox 1897 2545 1991 2593; x_wconf 88' lang='lat' dir='ltr'><strong>tes.</strong></span> <span class='ocrx_word' id='word_1_424' title='bbox 2020 2539 2097 2596; x_wconf 82' lang='lat' dir='ltr'><strong>Ne</strong></span> <span class='ocrx_word' id='word_1_425' title='bbox 2123 2555 2244 2598; x_wconf 92' lang='lat' dir='ltr'><strong>cum</strong></span> <span class='ocrx_word' id='word_1_426' title='bbox 2266 2545 2690 2604; x_wconf 85' lang='lat' dir='ltr'><strong>murmuratione</strong></span> <span class='ocrx_word' id='word_1_427' title='bbox 2718 2547 2921 2606; x_wconf 80' lang='lat' dir='ltr'><strong>faciens</strong></span> <span class='ocrx_word' id='word_1_428' title='bbox 2941 2559 2993 2606; x_wconf 87' lang='lat' dir='ltr'><strong>et</strong></span> <span class='ocrx_word' id='word_1_429' title='bbox 3022 2553 3232 2625; x_wconf 86' lang='lat' dir='ltr'><strong>homini</strong></span> <span class='ocrx_word' id='word_1_430' title='bbox 3248 2555 3486 2628; x_wconf 87' lang='lat' dir='ltr'><strong>ingratus</strong></span> 
     </span>
    </p>
   </div>
   <div class='ocr_carea' id='block_1_56' title="bbox 1895 2627 3485 2712">
    <p class='ocr_par' dir='ltr' id='par_1_56' title="bbox 1895 2627 3485 2712">
     <span class='ocr_line' id='line_1_58' title="bbox 1895 2627 3485 2712; baseline 0.013 -28"><span class='ocrx_word' id='word_1_431' title='bbox 1895 2627 2001 2696; x_wconf 86' lang='lat' dir='ltr'><strong>sis,</strong></span> <span class='ocrx_word' id='word_1_432' title='bbox 2047 2640 2103 2687; x_wconf 89' lang='lat' dir='ltr'><strong>et</strong></span> <span class='ocrx_word' id='word_1_433' title='bbox 2143 2636 2447 2691; x_wconf 90' lang='lat' dir='ltr'><strong>mercedem</strong></span> <span class='ocrx_word' id='word_1_434' title='bbox 2487 2653 2593 2694; x_wconf 90' lang='lat' dir='ltr'><strong>non</strong></span> <span class='ocrx_word' id='word_1_435' title='bbox 2637 2639 2834 2697; x_wconf 88' lang='lat' dir='ltr'><strong>habeas</strong></span> <span class='ocrx_word' id='word_1_436' title='bbox 2876 2644 3015 2712; x_wconf 89' lang='lat' dir='ltr'><strong>apud</strong></span> <span class='ocrx_word' id='word_1_437' title='bbox 3057 2645 3248 2702; x_wconf 89' lang='lat' dir='ltr'><strong>Deum.</strong></span> <span class='ocrx_word' id='word_1_438' title='bbox 3285 2627 3392 2703; x_wconf 82' lang='lat' dir='ltr'><strong>Sed</strong></span> <span class='ocrx_word' id='word_1_439' title='bbox 3431 2651 3485 2703; x_wconf 88' lang='lat' dir='ltr'><strong>in</strong></span> 
     </span>
    </p>
   </div>
   <div class='ocr_carea' id='block_1_57' title="bbox 1896 2723 3483 2808">
    <p class='ocr_par' dir='ltr' id='par_1_57' title="bbox 1896 2723 3483 2808">
     <span class='ocr_line' id='line_1_59' title="bbox 1896 2723 3483 2808; baseline 0.015 -36"><span class='ocrx_word' id='word_1_440' title='bbox 1896 2723 2126 2777; x_wconf 82' lang='lat' dir='ltr'><strong>omnibus</strong></span> <span class='ocrx_word' id='word_1_441' title='bbox 2150 2725 2303 2790; x_wconf 85' lang='lat' dir='ltr'><strong>ﬁdem</strong></span> <span class='ocrx_word' id='word_1_442' title='bbox 2331 2727 2514 2783; x_wconf 88' lang='lat' dir='ltr'><strong>bonam</strong></span> <span class='ocrx_word' id='word_1_443' title='bbox 2541 2733 2877 2788; x_wconf 86' lang='lat' dir='ltr'><strong>ostendentes.</strong></span> <span class='ocrx_word' id='word_1_444' title='bbox 2905 2733 3029 2790; x_wconf 90' lang='lat' dir='ltr'><strong>Sive</strong></span> <span class='ocrx_word' id='word_1_445' title='bbox 3059 2736 3111 2791; x_wconf 92' lang='lat' dir='ltr'><strong>in</strong></span> <span class='ocrx_word' id='word_1_446' title='bbox 3144 2739 3208 2793; x_wconf 88' lang='lat' dir='ltr'><strong>iis</strong></span> <span class='ocrx_word' id='word_1_447' title='bbox 3233 2755 3352 2808; x_wconf 68' lang='lat' dir='ltr'><strong>quae</strong></span> <span class='ocrx_word' id='word_1_448' title='bbox 3380 2742 3483 2796; x_wconf 90' lang='lat' dir='ltr'><strong>sibi</strong></span> 
     </span>
    </p>
   </div>
   <div class='ocr_carea' id='block_1_58' title="bbox 1893 2810 3482 2892">
    <p class='ocr_par' dir='ltr' id='par_1_58' title="bbox 1893 2810 3482 2892">
     <span class='ocr_line' id='line_1_60' title="bbox 1893 2810 3482 2892; baseline 0.013 -29"><span class='ocrx_word' id='word_1_449' title='bbox 1893 2810 2219 2880; x_wconf 88' lang='lat' dir='ltr'><strong>creduntur;</strong></span> <span class='ocrx_word' id='word_1_450' title='bbox 2270 2816 2383 2872; x_wconf 90' lang='lat' dir='ltr'><strong>sive</strong></span> <span class='ocrx_word' id='word_1_451' title='bbox 2430 2826 2486 2871; x_wconf 92' lang='lat' dir='ltr'><strong>ut</strong></span> <span class='ocrx_word' id='word_1_452' title='bbox 2529 2823 2814 2877; x_wconf 88' lang='lat' dir='ltr'><strong>ostendant</strong></span> <span class='ocrx_word' id='word_1_453' title='bbox 2863 2838 3064 2892; x_wconf 92' lang='lat' dir='ltr'><strong>opere,</strong></span> <span class='ocrx_word' id='word_1_454' title='bbox 3115 2826 3315 2882; x_wconf 90' lang='lat' dir='ltr'><strong>bonum</strong></span> <span class='ocrx_word' id='word_1_455' title='bbox 3360 2845 3482 2884; x_wconf 86' lang='lat' dir='ltr'><strong>esse</strong></span> 
     </span>
    </p>
   </div>
   <div class='ocr_carea' id='block_1_59' title="bbox 1892 2902 3479 2974">
    <p class='ocr_par' dir='ltr' id='par_1_59' title="bbox 1892 2902 3479 2974">
     <span class='ocr_line' id='line_1_61' title="bbox 1892 2902 3479 2974; baseline 0.013 -19"><span class='ocrx_word' id='word_1_456' title='bbox 1892 2902 2034 2972; x_wconf 90' lang='lat' dir='ltr'><strong>quod</strong></span> <span class='ocrx_word' id='word_1_457' title='bbox 2060 2905 2306 2961; x_wconf 85' lang='lat' dir='ltr'><strong>credunt.</strong></span> <span class='ocrx_word' id='word_1_458' title='bbox 2342 2907 2410 2962; x_wconf 92' lang='lat' dir='ltr'><strong>Ut</strong></span> <span class='ocrx_word' id='word_1_459' title='bbox 2442 2909 2727 2966; x_wconf 86' lang='lat' dir='ltr'><strong>doctrinam</strong></span> <span class='ocrx_word' id='word_1_460' title='bbox 2755 2913 3042 2970; x_wconf 87' lang='lat' dir='ltr'><strong>Saluatoris</strong></span> <span class='ocrx_word' id='word_1_461' title='bbox 3076 2919 3234 2971; x_wconf 87' lang='lat' dir='ltr'><strong>nostri</strong></span> <span class='ocrx_word' id='word_1_462' title='bbox 3263 2917 3364 2973; x_wconf 87' lang='lat' dir='ltr'><strong>Dei</strong></span> <span class='ocrx_word' id='word_1_463' title='bbox 3394 2937 3479 2974; x_wconf 82' lang='lat' dir='ltr'><strong>or-</strong></span> 
     </span>
    </p>
   </div>
   <div class='ocr_carea' id='block_1_60' title="bbox 1891 2996 3479 3076">
    <p class='ocr_par' dir='ltr' id='par_1_60' title="bbox 1891 2996 3479 3076">
     <span class='ocr_line' id='line_1_62' title="bbox 1891 2996 3479 3076; baseline 0.013 -31"><span class='ocrx_word' id='word_1_464' title='bbox 1891 3004 2010 3047; x_wconf 88' lang='lat' dir='ltr'><strong>nent</strong></span> <span class='ocrx_word' id='word_1_465' title='bbox 2035 2996 2090 3048; x_wconf 88' lang='lat' dir='ltr'><strong>in</strong></span> <span class='ocrx_word' id='word_1_466' title='bbox 2129 2998 2382 3053; x_wconf 87' lang='lat' dir='ltr'><strong>omnibus.</strong></span> <span class='ocrx_word' id='word_1_467' title='bbox 2413 3001 2481 3054; x_wconf 87' lang='lat' dir='ltr'><strong>Et</strong></span> <span class='ocrx_word' id='word_1_468' title='bbox 2521 3017 2707 3058; x_wconf 89' lang='lat' dir='ltr'><strong>eorum</strong></span> <span class='ocrx_word' id='word_1_469' title='bbox 2751 3005 3003 3073; x_wconf 87' lang='lat' dir='ltr'><strong>operibus</strong></span> <span class='ocrx_word' id='word_1_470' title='bbox 3028 3008 3385 3076; x_wconf 87' lang='lat' dir='ltr'><strong>collaudetur,</strong></span> <span class='ocrx_word' id='word_1_471' title='bbox 3418 3020 3479 3066; x_wconf 93' lang='lat' dir='ltr'><strong>ut</strong></span> 
     </span>
    </p>
   </div>
   <div class='ocr_carea' id='block_1_61' title="bbox 1890 3086 3476 3166">
    <p class='ocr_par' dir='ltr' id='par_1_61' title="bbox 1890 3086 3476 3166">
     <span class='ocr_line' id='line_1_63' title="bbox 1890 3086 3476 3166; baseline 0.012 -28"><span class='ocrx_word' id='word_1_472' title='bbox 1890 3086 2107 3141; x_wconf 83' lang='lat' dir='ltr'><strong>videant</strong></span> <span class='ocrx_word' id='word_1_473' title='bbox 2135 3103 2296 3158; x_wconf 84' lang='lat' dir='ltr'><strong>opera</strong></span> <span class='ocrx_word' id='word_1_474' title='bbox 2326 3101 2500 3147; x_wconf 85' lang='lat' dir='ltr'><strong>vestra</strong></span> <span class='ocrx_word' id='word_1_475' title='bbox 2530 3093 2696 3160; x_wconf 89' lang='lat' dir='ltr'><strong>bona,</strong></span> <span class='ocrx_word' id='word_1_476' title='bbox 2722 3104 2778 3150; x_wconf 87' lang='lat' dir='ltr'><strong>et</strong></span> <span class='ocrx_word' id='word_1_477' title='bbox 2807 3097 3104 3166; x_wconf 72' lang='lat' dir='ltr'><strong>glorificent</strong></span> <span class='ocrx_word' id='word_1_478' title='bbox 3134 3100 3346 3155; x_wconf 89' lang='lat' dir='ltr'><strong>Patrem</strong></span> <span class='ocrx_word' id='word_1_479' title='bbox 3381 3115 3476 3156; x_wconf 87' lang='lat' dir='ltr'><strong>ve-</strong></span> 
     </span>
    </p>
   </div>
   <div class='ocr_carea' id='block_1_62' title="bbox 1890 3183 3473 3256">
    <p class='ocr_par' dir='ltr' id='par_1_62' title="bbox 1890 3183 3473 3256">
     <span class='ocr_line' id='line_1_64' title="bbox 1890 3183 3473 3256; baseline 0.011 -28"><span class='ocrx_word' id='word_1_480' title='bbox 1890 3185 2079 3230; x_wconf 88' lang='lat' dir='ltr'><strong>strum.</strong></span> <span class='ocrx_word' id='word_1_481' title='bbox 2109 3183 2361 3249; x_wconf 85' lang='lat' dir='ltr'><strong>Apparuit</strong></span> <span class='ocrx_word' id='word_1_482' title='bbox 2390 3193 2557 3237; x_wconf 89' lang='lat' dir='ltr'><strong>autem</strong></span> <span class='ocrx_word' id='word_1_483' title='bbox 2587 3185 2686 3238; x_wconf 91' lang='lat' dir='ltr'><strong>Dei</strong></span> <span class='ocrx_word' id='word_1_484' title='bbox 2719 3189 2887 3256; x_wconf 77' lang='lat' dir='ltr'><strong>gratia</strong></span> <span class='ocrx_word' id='word_1_485' title='bbox 2927 3188 3213 3244; x_wconf 88' lang='lat' dir='ltr'><strong>Saluatoris</strong></span> <span class='ocrx_word' id='word_1_486' title='bbox 3238 3192 3473 3246; x_wconf 85' lang='lat' dir='ltr'><strong>omnibus</strong></span> 
     </span>
    </p>
   </div>
   <div class='ocr_carea' id='block_1_63' title="bbox 203 3233 3473 3348">
    <p class='ocr_par' dir='ltr' id='par_1_63' title="bbox 203 3233 3473 3348">
     <span class='ocr_line' id='line_1_65' title="bbox 2154 3233 3472 3256; baseline 0.01 -23"><span class='ocrx_word' id='word_1_487' title='bbox 2154 3233 2202 3249; x_wconf 80' lang='grc'>,,</span> <span class='ocrx_word' id='word_1_488' title='bbox 2325 3233 2353 3235; x_wconf 43' lang='grc' dir='ltr'>η</span> <span class='ocrx_word' id='word_1_489' title='bbox 2587 3233 2682 3238; x_wconf 77' lang='lat'><strong>_--</strong></span> <span class='ocrx_word' id='word_1_490' title='bbox 2719 3233 2887 3256; x_wconf 49' lang='grc' dir='ltr'><strong>,ηπ</strong></span> <span class='ocrx_word' id='word_1_491' title='bbox 2927 3233 3213 3244; x_wconf 43' lang='lat' dir='ltr'><strong>&quot;ne&quot;..-</strong></span> <span class='ocrx_word' id='word_1_492' title='bbox 3238 3233 3472 3246; x_wconf 66' lang='grc' dir='ltr'><strong>-..νηη-</strong></span> 
     </span>
     <span class='ocr_line' id='line_1_66' title="bbox 203 3233 3473 3348; baseline 0.011 -45"><span class='ocrx_word' id='word_1_493' title='bbox 203 3233 519 3291; x_wconf 66' lang='lat' dir='ltr'><strong>admiuum-</strong></span> <span class='ocrx_word' id='word_1_494' title='bbox 546 3235 909 3294; x_wconf 69' lang='grc' dir='ltr'><strong>Τεδτίηῑοηίαηι</strong></span> <span class='ocrx_word' id='word_1_495' title='bbox 948 3243 1043 3298; x_wconf 67' lang='lat' dir='ltr'><strong>hoc</strong></span> <span class='ocrx_word' id='word_1_496' title='bbox 1072 3261 1242 3300; x_wconf 66' lang='lat' dir='ltr'><strong>verum</strong></span> <span class='ocrx_word' id='word_1_497' title='bbox 1271 3257 1364 3302; x_wconf 72' lang='grc' dir='ltr'><strong>εδει</strong></span> <span class='ocrx_word' id='word_1_498' title='bbox 1395 3249 1454 3305; x_wconf 77' lang='lat' dir='ltr'><strong>Si</strong></span> <span class='ocrx_word' id='word_1_499' title='bbox 1482 3250 1583 3306; x_wconf 77' lang='lat' dir='ltr'><strong>hoc</strong></span> <span class='ocrx_word' id='word_1_500' title='bbox 1608 3253 1782 3308; x_wconf 71' lang='lat'><strong>5010111</strong></span> <span class='ocrx_word' id='word_1_501' title='bbox 1810 3255 1856 3318; x_wconf 90' lang='lat' dir='ltr'><strong>C</strong></span> <span class='ocrx_word' id='word_1_502' title='bbox 1889 3268 2178 3324; x_wconf 83' lang='lat' dir='ltr'><strong>hominibus</strong></span> <span class='ocrx_word' id='word_1_503' title='bbox 2199 3274 2432 3329; x_wconf 87' lang='lat' dir='ltr'><strong>erudiens</strong></span> <span class='ocrx_word' id='word_1_504' title='bbox 2452 3291 2563 3329; x_wconf 87' lang='lat' dir='ltr'><strong>nos.</strong></span> <span class='ocrx_word' id='word_1_505' title='bbox 2587 3276 2796 3331; x_wconf 80' lang='lat' dir='ltr'><strong>Nullam</strong></span> <span class='ocrx_word' id='word_1_506' title='bbox 2816 3280 3086 3348; x_wconf 82' lang='lat' dir='ltr'><strong>excipiens</strong></span> <span class='ocrx_word' id='word_1_507' title='bbox 3105 3281 3473 3339; x_wconf 89' lang='lat' dir='ltr'><strong>conditionem</strong></span> 
     </span>
    </p>
   </div>
   <div class='ocr_carea' id='block_1_64' title="bbox 204 3331 1784 3418">
    <p class='ocr_par' dir='ltr' id='par_1_64' title="bbox 204 3331 1784 3418">
     <span class='ocr_line' id='line_1_67' title="bbox 204 3331 1784 3418; baseline 0.013 -36"><span class='ocrx_word' id='word_1_508' title='bbox 204 3342 397 3384; x_wconf 85' lang='lat' dir='ltr'><strong>verum</strong></span> <span class='ocrx_word' id='word_1_509' title='bbox 422 3338 526 3396; x_wconf 92' lang='lat' dir='ltr'><strong>est,</strong></span> <span class='ocrx_word' id='word_1_510' title='bbox 554 3331 658 3386; x_wconf 88' lang='lat' dir='ltr'><strong>alia</strong></span> <span class='ocrx_word' id='word_1_511' title='bbox 685 3331 815 3387; x_wconf 82' lang='lat' dir='ltr'><strong>falsa</strong></span> <span class='ocrx_word' id='word_1_512' title='bbox 841 3334 989 3389; x_wconf 88' lang='lat' dir='ltr'><strong>dicit.</strong></span> <span class='ocrx_word' id='word_1_513' title='bbox 1024 3337 1099 3390; x_wconf 87' lang='lat' dir='ltr'><strong>0b</strong></span> <span class='ocrx_word' id='word_1_514' title='bbox 1127 3354 1281 3408; x_wconf 90' lang='lat' dir='ltr'><strong>quam</strong></span> <span class='ocrx_word' id='word_1_515' title='bbox 1322 3356 1528 3396; x_wconf 88' lang='lat' dir='ltr'><strong>causam</strong></span> <span class='ocrx_word' id='word_1_516' title='bbox 1574 3345 1784 3418; x_wconf 89' lang='lat' dir='ltr'><strong>increpa</strong></span> 
     </span>
    </p>
   </div>
   <div class='ocr_carea' id='block_1_65' title="bbox 199 3417 1783 3496">
    <p class='ocr_par' dir='ltr' id='par_1_65' title="bbox 199 3417 1783 3496">
     <span class='ocr_line' id='line_1_68' title="bbox 199 3417 1783 3496; baseline 0.015 -25"><span class='ocrx_word' id='word_1_517' title='bbox 199 3417 326 3473; x_wconf 86' lang='lat' dir='ltr'><strong>illos</strong></span> <span class='ocrx_word' id='word_1_518' title='bbox 353 3421 476 3474; x_wconf 88' lang='lat' dir='ltr'><strong>dare</strong></span> <span class='ocrx_word' id='word_1_519' title='bbox 504 3431 558 3474; x_wconf 91' lang='lat' dir='ltr'><strong>ut</strong></span> <span class='ocrx_word' id='word_1_520' title='bbox 586 3423 698 3476; x_wconf 89' lang='lat' dir='ltr'><strong>sani</strong></span> <span class='ocrx_word' id='word_1_521' title='bbox 723 3425 823 3479; x_wconf 89' lang='lat' dir='ltr'><strong>sint</strong></span> <span class='ocrx_word' id='word_1_522' title='bbox 845 3426 898 3479; x_wconf 90' lang='lat' dir='ltr'><strong>in</strong></span> <span class='ocrx_word' id='word_1_523' title='bbox 918 3427 1039 3496; x_wconf 81' lang='lat' dir='ltr'><strong>ﬁde.</strong></span> <span class='ocrx_word' id='word_1_524' title='bbox 1071 3427 1290 3486; x_wconf 89' lang='lat' dir='ltr'><strong>Severe.</strong></span> <span class='ocrx_word' id='word_1_525' title='bbox 1322 3431 1444 3488; x_wconf 89' lang='lat' dir='ltr'><strong>Non</strong></span> <span class='ocrx_word' id='word_1_526' title='bbox 1471 3436 1783 3494; x_wconf 90' lang='lat' dir='ltr'><strong>intendentes</strong></span> 
     </span>
    </p>
   </div>
   <div class='ocr_carea' id='block_1_66' title="bbox 200 3506 1782 3588">
    <p class='ocr_par' dir='ltr' id='par_1_66' title="bbox 200 3506 1782 3588">
     <span class='ocr_line' id='line_1_69' title="bbox 200 3506 1782 3588; baseline 0.015 -26"><span class='ocrx_word' id='word_1_527' title='bbox 200 3506 446 3564; x_wconf 82' lang='lat' dir='ltr'><strong>Judaicis</strong></span> <span class='ocrx_word' id='word_1_528' title='bbox 486 3513 672 3581; x_wconf 83' lang='lat' dir='ltr'><strong>fabulis</strong></span> <span class='ocrx_word' id='word_1_529' title='bbox 699 3524 747 3568; x_wconf 91' lang='lat' dir='ltr'><strong>et</strong></span> <span class='ocrx_word' id='word_1_530' title='bbox 779 3517 1034 3573; x_wconf 86' lang='lat' dir='ltr'><strong>mandatis</strong></span> <span class='ocrx_word' id='word_1_531' title='bbox 1060 3519 1342 3578; x_wconf 87' lang='lat' dir='ltr'><strong>hominum.</strong></span> <span class='ocrx_word' id='word_1_532' title='bbox 1381 3525 1782 3588; x_wconf 88' lang='lat' dir='ltr'><strong>Traditionibus</strong></span> 
     </span>
    </p>
   </div>
   <div class='ocr_carea' id='block_1_67' title="bbox 198 3599 1780 3685">
    <p class='ocr_par' dir='ltr' id='par_1_67' title="bbox 198 3599 1780 3685">
     <span class='ocr_line' id='line_1_70' title="bbox 198 3599 1780 3685; baseline 0.015 -32"><span class='ocrx_word' id='word_1_533' title='bbox 198 3599 476 3670; x_wconf 90' lang='lat' dir='ltr'><strong>humanis,</strong></span> <span class='ocrx_word' id='word_1_534' title='bbox 499 3603 567 3659; x_wconf 89' lang='lat' dir='ltr'><strong>de</strong></span> <span class='ocrx_word' id='word_1_535' title='bbox 583 3603 775 3673; x_wconf 89' lang='lat' dir='ltr'><strong>quibus</strong></span> <span class='ocrx_word' id='word_1_536' title='bbox 796 3622 825 3660; x_wconf 88' lang='lat' dir='ltr'><strong>a</strong></span> <span class='ocrx_word' id='word_1_537' title='bbox 847 3608 1124 3666; x_wconf 89' lang='lat' dir='ltr'><strong>Salvatore</strong></span> <span class='ocrx_word' id='word_1_538' title='bbox 1144 3623 1457 3685; x_wconf 90' lang='lat' dir='ltr'><strong>arguuntur,</strong></span> <span class='ocrx_word' id='word_1_539' title='bbox 1483 3622 1780 3679; x_wconf 89' lang='lat' dir='ltr'><strong>secundum</strong></span> 
     </span>
    </p>
   </div>
   <div class='ocr_carea' id='block_1_68' title="bbox 196 3689 1776 3769">
    <p class='ocr_par' dir='ltr' id='par_1_68' title="bbox 196 3689 1776 3769">
     <span class='ocr_line' id='line_1_71' title="bbox 196 3689 1776 3769; baseline 0.015 -24"><span class='ocrx_word' id='word_1_540' title='bbox 196 3689 429 3756; x_wconf 86' lang='lat' dir='ltr'><strong>Isaiam,</strong></span> <span class='ocrx_word' id='word_1_541' title='bbox 480 3692 647 3748; x_wconf 90' lang='lat' dir='ltr'><strong>Deum</strong></span> <span class='ocrx_word' id='word_1_542' title='bbox 685 3710 792 3750; x_wconf 89' lang='lat' dir='ltr'><strong>non</strong></span> <span class='ocrx_word' id='word_1_543' title='bbox 841 3698 1025 3765; x_wconf 90' lang='lat' dir='ltr'><strong>corde,</strong></span> <span class='ocrx_word' id='word_1_544' title='bbox 1083 3701 1178 3756; x_wconf 90' lang='lat' dir='ltr'><strong>sed</strong></span> <span class='ocrx_word' id='word_1_545' title='bbox 1224 3703 1380 3760; x_wconf 89' lang='lat' dir='ltr'><strong>labiis</strong></span> <span class='ocrx_word' id='word_1_546' title='bbox 1427 3704 1776 3769; x_wconf 89' lang='lat' dir='ltr'><strong>honorantes.</strong></span> 
     </span>
    </p>
   </div>
   <div class='ocr_carea' id='block_1_69' title="bbox 195 3781 1778 3864">
    <p class='ocr_par' dir='ltr' id='par_1_69' title="bbox 195 3781 1778 3864">
     <span class='ocr_line' id='line_1_72' title="bbox 195 3781 1778 3864; baseline 0.014 -29"><span class='ocrx_word' id='word_1_547' title='bbox 195 3781 550 3836; x_wconf 79' lang='lat' dir='ltr'><strong>Avertentium</strong></span> <span class='ocrx_word' id='word_1_548' title='bbox 565 3800 618 3838; x_wconf 87' lang='lat' dir='ltr'><strong>se</strong></span> <span class='ocrx_word' id='word_1_549' title='bbox 646 3801 678 3837; x_wconf 92' lang='lat' dir='ltr'><strong>a</strong></span> <span class='ocrx_word' id='word_1_550' title='bbox 697 3786 926 3843; x_wconf 79' lang='lat' dir='ltr'><strong>veritate.</strong></span> <span class='ocrx_word' id='word_1_551' title='bbox 961 3788 1145 3845; x_wconf 85' lang='lat' dir='ltr'><strong>Omnia</strong></span> <span class='ocrx_word' id='word_1_552' title='bbox 1166 3793 1359 3848; x_wconf 88' lang='lat' dir='ltr'><strong>munda</strong></span> <span class='ocrx_word' id='word_1_553' title='bbox 1385 3797 1611 3851; x_wconf 81' lang='lat' dir='ltr'><strong>mundis.</strong></span> <span class='ocrx_word' id='word_1_554' title='bbox 1644 3800 1778 3864; x_wconf 84' lang='lat' dir='ltr'><strong>Quia</strong></span> 
     </span>
    </p>
   </div>
   <div class='ocr_carea' id='block_1_70' title="bbox 195 3871 1773 3950">
    <p class='ocr_par' dir='ltr' id='par_1_70' title="bbox 195 3871 1773 3950">
     <span class='ocr_line' id='line_1_73' title="bbox 195 3871 1773 3950; baseline 0.013 -23"><span class='ocrx_word' id='word_1_555' title='bbox 195 3871 381 3929; x_wconf 86' lang='lat' dir='ltr'><strong>adhuc</strong></span> <span class='ocrx_word' id='word_1_556' title='bbox 399 3875 693 3932; x_wconf 89' lang='lat' dir='ltr'><strong>secundum</strong></span> <span class='ocrx_word' id='word_1_557' title='bbox 718 3877 888 3950; x_wconf 88' lang='lat' dir='ltr'><strong>legem</strong></span> <span class='ocrx_word' id='word_1_558' title='bbox 920 3881 1162 3950; x_wconf 62' lang='lat' dir='ltr'><strong>quaedam</strong></span> <span class='ocrx_word' id='word_1_559' title='bbox 1194 3885 1457 3942; x_wconf 85' lang='lat' dir='ltr'><strong>vocabant</strong></span> <span class='ocrx_word' id='word_1_560' title='bbox 1479 3887 1773 3948; x_wconf 91' lang='lat' dir='ltr'><strong>immunda.</strong></span> 
     </span>
    </p>
   </div>
   <div class='ocr_carea' id='block_1_71' title="bbox 193 3965 1777 4042">
    <p class='ocr_par' dir='ltr' id='par_1_71' title="bbox 193 3965 1777 4042">
     <span class='ocr_line' id='line_1_74' title="bbox 193 3965 1777 4042; baseline 0.011 -19"><span class='ocrx_word' id='word_1_561' title='bbox 193 3965 554 4036; x_wconf 85' lang='lat' dir='ltr'><strong>Coinquinatis</strong></span> <span class='ocrx_word' id='word_1_562' title='bbox 575 3977 741 4024; x_wconf 88' lang='lat' dir='ltr'><strong>autem</strong></span> <span class='ocrx_word' id='word_1_563' title='bbox 763 3982 808 4025; x_wconf 93' lang='lat' dir='ltr'><strong>et</strong></span> <span class='ocrx_word' id='word_1_564' title='bbox 832 3973 1122 4041; x_wconf 75' lang='lat' dir='ltr'><strong>infidelibus</strong></span> <span class='ocrx_word' id='word_1_565' title='bbox 1148 3977 1276 4032; x_wconf 87' lang='lat' dir='ltr'><strong>nihil</strong></span> <span class='ocrx_word' id='word_1_566' title='bbox 1297 3989 1368 4034; x_wconf 86' lang='lat' dir='ltr'><strong>est</strong></span> <span class='ocrx_word' id='word_1_567' title='bbox 1392 3984 1639 4038; x_wconf 88' lang='lat' dir='ltr'><strong>mundum</strong></span> <span class='ocrx_word' id='word_1_568' title='bbox 1656 3988 1777 4042; x_wconf 89' lang='lat' dir='ltr'><strong>:sed</strong></span> 
     </span>
    </p>
   </div>
   <div class='ocr_carea' id='block_1_72' title="bbox 191 4054 1776 4130">
    <p class='ocr_par' dir='ltr' id='par_1_72' title="bbox 191 4054 1776 4130">
     <span class='ocr_line' id='line_1_75' title="bbox 191 4054 1776 4130; baseline 0.014 -22"><span class='ocrx_word' id='word_1_569' title='bbox 191 4054 470 4126; x_wconf 82' lang='lat' dir='ltr'><strong>inquinata</strong></span> <span class='ocrx_word' id='word_1_570' title='bbox 504 4066 623 4111; x_wconf 88' lang='lat' dir='ltr'><strong>sunt</strong></span> <span class='ocrx_word' id='word_1_571' title='bbox 651 4074 828 4112; x_wconf 90' lang='lat' dir='ltr'><strong>eorum</strong></span> <span class='ocrx_word' id='word_1_572' title='bbox 859 4068 904 4114; x_wconf 91' lang='lat' dir='ltr'><strong>et</strong></span> <span class='ocrx_word' id='word_1_573' title='bbox 950 4078 1114 4130; x_wconf 88' lang='lat' dir='ltr'><strong>mens,</strong></span> <span class='ocrx_word' id='word_1_574' title='bbox 1144 4074 1190 4119; x_wconf 91' lang='lat' dir='ltr'><strong>et</strong></span> <span class='ocrx_word' id='word_1_575' title='bbox 1237 4070 1563 4126; x_wconf 85' lang='lat' dir='ltr'><strong>conscientia.</strong></span> <span class='ocrx_word' id='word_1_576' title='bbox 1616 4073 1776 4130; x_wconf 89' lang='lat' dir='ltr'><strong>Coin-</strong></span> 
     </span>
    </p>
   </div>
   <div class='ocr_carea' id='block_1_73' title="bbox 193 4145 1775 4231">
    <p class='ocr_par' dir='ltr' id='par_1_73' title="bbox 193 4145 1775 4231">
     <span class='ocr_line' id='line_1_76' title="bbox 193 4145 1775 4231; baseline 0.013 -33"><span class='ocrx_word' id='word_1_577' title='bbox 193 4145 403 4215; x_wconf 88' lang='lat' dir='ltr'><strong>quinati</strong></span> <span class='ocrx_word' id='word_1_578' title='bbox 424 4155 546 4202; x_wconf 90' lang='lat' dir='ltr'><strong>sunt</strong></span> <span class='ocrx_word' id='word_1_579' title='bbox 573 4154 628 4202; x_wconf 92' lang='lat' dir='ltr'><strong>et</strong></span> <span class='ocrx_word' id='word_1_580' title='bbox 653 4147 918 4216; x_wconf 78' lang='lat' dir='ltr'><strong>inﬁdeles,</strong></span> <span class='ocrx_word' id='word_1_581' title='bbox 961 4151 1054 4222; x_wconf 90' lang='lat' dir='ltr'><strong>qui</strong></span> <span class='ocrx_word' id='word_1_582' title='bbox 1100 4169 1207 4208; x_wconf 92' lang='lat' dir='ltr'><strong>non</strong></span> <span class='ocrx_word' id='word_1_583' title='bbox 1234 4157 1462 4214; x_wconf 90' lang='lat' dir='ltr'><strong>credunt</strong></span> <span class='ocrx_word' id='word_1_584' title='bbox 1481 4173 1668 4231; x_wconf 79' lang='lat' dir='ltr'><strong>Jugum</strong></span> <span class='ocrx_word' id='word_1_585' title='bbox 1698 4164 1775 4220; x_wconf 91' lang='lat' dir='ltr'><strong>le-</strong></span> 
     </span>
    </p>
   </div>
   <div class='ocr_carea' id='block_1_74' title="bbox 195 4237 1770 4313">
    <p class='ocr_par' dir='ltr' id='par_1_74' title="bbox 195 4237 1770 4313">
     <span class='ocr_line' id='line_1_77' title="bbox 195 4237 1770 4313; baseline 0.015 -24"><span class='ocrx_word' id='word_1_586' title='bbox 195 4237 282 4308; x_wconf 89' lang='lat' dir='ltr'><strong>gis</strong></span> <span class='ocrx_word' id='word_1_587' title='bbox 302 4237 596 4306; x_wconf 87' lang='lat' dir='ltr'><strong>Christum,</strong></span> <span class='ocrx_word' id='word_1_588' title='bbox 621 4239 872 4297; x_wconf 88' lang='lat' dir='ltr'><strong>donando</strong></span> <span class='ocrx_word' id='word_1_589' title='bbox 889 4241 1070 4313; x_wconf 84' lang='lat' dir='ltr'><strong>ﬁdem,</strong></span> <span class='ocrx_word' id='word_1_590' title='bbox 1088 4259 1117 4299; x_wconf 92' lang='lat' dir='ltr'><strong>a</strong></span> <span class='ocrx_word' id='word_1_591' title='bbox 1136 4247 1277 4302; x_wconf 90' lang='lat' dir='ltr'><strong>collo</strong></span> <span class='ocrx_word' id='word_1_592' title='bbox 1297 4250 1631 4309; x_wconf 87' lang='lat' dir='ltr'><strong>credentium</strong></span> <span class='ocrx_word' id='word_1_593' title='bbox 1651 4255 1770 4312; x_wconf 87' lang='lat' dir='ltr'><strong>abs-</strong></span> 
     </span>
    </p>
   </div>
   <div class='ocr_carea' id='block_1_75' title="bbox 203 4330 1771 4419">
    <p class='ocr_par' dir='ltr' id='par_1_75' title="bbox 203 4330 1771 4419">
     <span class='ocr_line' id='line_1_78' title="bbox 203 4330 1771 4419; baseline 0.015 -35"><span class='ocrx_word' id='word_1_594' title='bbox 203 4330 438 4387; x_wconf 88' lang='lat' dir='ltr'><strong>tulisse:</strong></span> <span class='ocrx_word' id='word_1_595' title='bbox 472 4333 526 4388; x_wconf 86' lang='lat' dir='ltr'><strong>id</strong></span> <span class='ocrx_word' id='word_1_596' title='bbox 565 4343 648 4390; x_wconf 75' lang='lat' dir='ltr'><strong>eat</strong></span> <span class='ocrx_word' id='word_1_597' title='bbox 687 4337 864 4391; x_wconf 90' lang='lat' dir='ltr'><strong>omnia</strong></span> <span class='ocrx_word' id='word_1_598' title='bbox 908 4353 1026 4408; x_wconf 69' lang='lat' dir='ltr'><strong>quae</strong></span> <span class='ocrx_word' id='word_1_599' title='bbox 1074 4343 1440 4409; x_wconf 88' lang='lat' dir='ltr'><strong>temporaliter</strong></span> <span class='ocrx_word' id='word_1_600' title='bbox 1497 4346 1551 4400; x_wconf 91' lang='lat' dir='ltr'><strong>in</strong></span> <span class='ocrx_word' id='word_1_601' title='bbox 1604 4347 1771 4419; x_wconf 74' lang='lat' dir='ltr'><strong>ligula</strong></span> 
     </span>
    </p>
   </div>
   <div class='ocr_carea' id='block_1_76' title="bbox 193 4421 1771 4503">
    <p class='ocr_par' dir='ltr' id='par_1_76' title="bbox 193 4421 1771 4503">
     <span class='ocr_line' id='line_1_79' title="bbox 193 4421 1771 4503; baseline 0.011 -27"><span class='ocrx_word' id='word_1_602' title='bbox 193 4421 409 4477; x_wconf 79' lang='lat' dir='ltr'><strong>fuerant</strong></span> <span class='ocrx_word' id='word_1_603' title='bbox 433 4423 579 4478; x_wconf 89' lang='lat' dir='ltr'><strong>data.</strong></span> <span class='ocrx_word' id='word_1_604' title='bbox 610 4424 930 4493; x_wconf 80' lang='lat' dir='ltr'><strong>Conﬁtentur</strong></span> <span class='ocrx_word' id='word_1_605' title='bbox 957 4446 1011 4482; x_wconf 91' lang='lat' dir='ltr'><strong>se</strong></span> <span class='ocrx_word' id='word_1_606' title='bbox 1041 4446 1184 4484; x_wconf 89' lang='lat' dir='ltr'><strong>nosse</strong></span> <span class='ocrx_word' id='word_1_607' title='bbox 1214 4431 1404 4502; x_wconf 89' lang='lat' dir='ltr'><strong>Deum,</strong></span> <span class='ocrx_word' id='word_1_608' title='bbox 1430 4437 1579 4503; x_wconf 79' lang='lat' dir='ltr'><strong>{actis</strong></span> <span class='ocrx_word' id='word_1_609' title='bbox 1600 4450 1771 4495; x_wconf 90' lang='lat' dir='ltr'><strong>autem</strong></span> 
     </span>
    </p>
   </div>
   <div class='ocr_carea' id='block_1_77' title="bbox 190 4513 1770 4599">
    <p class='ocr_par' dir='ltr' id='par_1_77' title="bbox 190 4513 1770 4599">
     <span class='ocr_line' id='line_1_80' title="bbox 190 4513 1770 4599; baseline 0.011 -32"><span class='ocrx_word' id='word_1_610' title='bbox 190 4522 400 4584; x_wconf 88' lang='lat' dir='ltr'><strong>negant.</strong></span> <span class='ocrx_word' id='word_1_611' title='bbox 432 4513 708 4568; x_wconf 76' lang='lat' dir='ltr'><strong>Neminem</strong></span> <span class='ocrx_word' id='word_1_612' title='bbox 732 4514 804 4569; x_wconf 87' lang='lat' dir='ltr'><strong>ita</strong></span> <span class='ocrx_word' id='word_1_613' title='bbox 829 4530 888 4571; x_wconf 87' lang='lat' dir='ltr'><strong>se</strong></span> <span class='ocrx_word' id='word_1_614' title='bbox 914 4518 1098 4574; x_wconf 91' lang='lat' dir='ltr'><strong>dicunt</strong></span> <span class='ocrx_word' id='word_1_615' title='bbox 1125 4535 1286 4577; x_wconf 90' lang='lat' dir='ltr'><strong>nosse</strong></span> <span class='ocrx_word' id='word_1_616' title='bbox 1312 4521 1583 4581; x_wconf 88' lang='lat' dir='ltr'><strong>Christum</strong></span> <span class='ocrx_word' id='word_1_617' title='bbox 1603 4568 1618 4593; x_wconf 96' lang='lat'><strong>,</strong></span> <span class='ocrx_word' id='word_1_618' title='bbox 1649 4531 1770 4599; x_wconf 80' lang='lat' dir='ltr'><strong>qui-</strong></span> 
     </span>
    </p>
   </div>
   <div class='ocr_carea' id='block_1_78' title="bbox 193 4603 1847 4685">
    <p class='ocr_par' dir='ltr' id='par_1_78' title="bbox 193 4603 1847 4685">
     <span class='ocr_line' id='line_1_81' title="bbox 193 4603 1847 4685; baseline 0.013 -29"><span class='ocrx_word' id='word_1_619' title='bbox 193 4604 295 4656; x_wconf 84' lang='lat' dir='ltr'><strong>bus</strong></span> <span class='ocrx_word' id='word_1_620' title='bbox 316 4618 382 4657; x_wconf 80' lang='lat' dir='ltr'><strong>ex</strong></span> <span class='ocrx_word' id='word_1_621' title='bbox 408 4603 526 4672; x_wconf 84' lang='lat' dir='ltr'><strong>lege</strong></span> <span class='ocrx_word' id='word_1_622' title='bbox 554 4606 847 4673; x_wconf 90' lang='lat' dir='ltr'><strong>promissus</strong></span> <span class='ocrx_word' id='word_1_623' title='bbox 875 4618 990 4674; x_wconf 88' lang='lat' dir='ltr'><strong>est;</strong></span> <span class='ocrx_word' id='word_1_624' title='bbox 1028 4609 1124 4665; x_wconf 91' lang='lat' dir='ltr'><strong>sed</strong></span> <span class='ocrx_word' id='word_1_625' title='bbox 1156 4612 1311 4668; x_wconf 85' lang='lat' dir='ltr'><strong>factis</strong></span> <span class='ocrx_word' id='word_1_626' title='bbox 1340 4625 1536 4685; x_wconf 90' lang='lat' dir='ltr'><strong>negant</strong></span> <span class='ocrx_word' id='word_1_627' title='bbox 1560 4618 1764 4676; x_wconf 89' lang='lat' dir='ltr'><strong>adven-</strong></span> <span class='ocrx_word' id='word_1_628' title='bbox 1793 4624 1847 4684; x_wconf 92' lang='lat' dir='ltr'><strong>D</strong></span> 
     </span>
    </p>
   </div>
   <div class='ocr_carea' id='block_1_79' title="bbox 192 4693 1761 4781">
    <p class='ocr_par' dir='ltr' id='par_1_79' title="bbox 192 4693 1761 4781">
     <span class='ocr_line' id='line_1_82' title="bbox 192 4693 1761 4781; baseline 0.011 -31"><span class='ocrx_word' id='word_1_629' title='bbox 192 4703 306 4750; x_wconf 91' lang='lat' dir='ltr'><strong>tum</strong></span> <span class='ocrx_word' id='word_1_630' title='bbox 328 4693 465 4765; x_wconf 90' lang='lat' dir='ltr'><strong>ejus,</strong></span> <span class='ocrx_word' id='word_1_631' title='bbox 489 4698 841 4753; x_wconf 87' lang='lat' dir='ltr'><strong>avertentium</strong></span> <span class='ocrx_word' id='word_1_632' title='bbox 866 4714 945 4767; x_wconf 91' lang='lat' dir='ltr'><strong>se,</strong></span> <span class='ocrx_word' id='word_1_633' title='bbox 972 4702 1159 4772; x_wconf 88' lang='lat' dir='ltr'><strong>inquit,</strong></span> <span class='ocrx_word' id='word_1_634' title='bbox 1187 4718 1215 4758; x_wconf 91' lang='lat' dir='ltr'><strong>a</strong></span> <span class='ocrx_word' id='word_1_635' title='bbox 1238 4707 1461 4764; x_wconf 87' lang='lat' dir='ltr'><strong>veritate</strong></span> <span class='ocrx_word' id='word_1_636' title='bbox 1480 4709 1614 4781; x_wconf 85' lang='lat' dir='ltr'><strong>ejus,</strong></span> <span class='ocrx_word' id='word_1_637' title='bbox 1641 4727 1761 4769; x_wconf 92' lang='lat' dir='ltr'><strong>cum</strong></span> 
     </span>
    </p>
   </div>
   <div class='ocr_carea' id='block_1_80' title="bbox 191 4785 1763 4869">
    <p class='ocr_par' dir='ltr' id='par_1_80' title="bbox 191 4785 1763 4869">
     <span class='ocr_line' id='line_1_83' title="bbox 191 4785 1763 4869; baseline 0.012 -30"><span class='ocrx_word' id='word_1_638' title='bbox 191 4799 255 4840; x_wconf 87' lang='lat' dir='ltr'><strong>se</strong></span> <span class='ocrx_word' id='word_1_639' title='bbox 280 4785 399 4840; x_wconf 85' lang='lat' dir='ltr'><strong>sine</strong></span> <span class='ocrx_word' id='word_1_640' title='bbox 419 4785 550 4856; x_wconf 87' lang='lat' dir='ltr'><strong>legis</strong></span> <span class='ocrx_word' id='word_1_641' title='bbox 569 4787 765 4842; x_wconf 82' lang='lat' dir='ltr'><strong>auxilio</strong></span> <span class='ocrx_word' id='word_1_642' title='bbox 789 4799 972 4858; x_wconf 92' lang='lat' dir='ltr'><strong>putant</strong></span> <span class='ocrx_word' id='word_1_643' title='bbox 991 4790 1271 4861; x_wconf 87' lang='lat' dir='ltr'><strong>justilicari</strong></span> <span class='ocrx_word' id='word_1_644' title='bbox 1293 4812 1396 4853; x_wconf 89' lang='lat' dir='ltr'><strong>non</strong></span> <span class='ocrx_word' id='word_1_645' title='bbox 1427 4815 1606 4869; x_wconf 90' lang='lat' dir='ltr'><strong>posse.</strong></span> <span class='ocrx_word' id='word_1_646' title='bbox 1635 4802 1763 4858; x_wconf 88' lang='lat' dir='ltr'><strong>Cum</strong></span> 
     </span>
    </p>
   </div>
   <div class='ocr_carea' id='block_1_81' title="bbox 189 4877 1761 4962">
    <p class='ocr_par' dir='ltr' id='par_1_81' title="bbox 189 4877 1761 4962">
     <span class='ocr_line' id='line_1_84' title="bbox 189 4877 1761 4962; baseline 0.012 -32"><span class='ocrx_word' id='word_1_647' title='bbox 189 4877 295 4931; x_wconf 88' lang='lat' dir='ltr'><strong>sint</strong></span> <span class='ocrx_word' id='word_1_648' title='bbox 321 4878 617 4944; x_wconf 84' lang='lat' dir='ltr'><strong>abominati,</strong></span> <span class='ocrx_word' id='word_1_649' title='bbox 645 4889 693 4935; x_wconf 91' lang='lat' dir='ltr'><strong>et</strong></span> <span class='ocrx_word' id='word_1_650' title='bbox 719 4880 1058 4952; x_wconf 83' lang='lat' dir='ltr'><strong>incredibiles,</strong></span> <span class='ocrx_word' id='word_1_651' title='bbox 1081 4897 1130 4941; x_wconf 90' lang='lat' dir='ltr'><strong>et</strong></span> <span class='ocrx_word' id='word_1_652' title='bbox 1157 4889 1226 4941; x_wconf 89' lang='lat' dir='ltr'><strong>ad</strong></span> <span class='ocrx_word' id='word_1_653' title='bbox 1252 4905 1396 4943; x_wconf 90' lang='lat' dir='ltr'><strong>omne</strong></span> <span class='ocrx_word' id='word_1_654' title='bbox 1423 4907 1548 4962; x_wconf 86' lang='lat' dir='ltr'><strong>opus</strong></span> <span class='ocrx_word' id='word_1_655' title='bbox 1577 4893 1761 4949; x_wconf 90' lang='lat' dir='ltr'><strong>bonum</strong></span> 
     </span>
    </p>
   </div>
   <div class='ocr_carea' id='block_1_82' title="bbox 190 4969 1757 5048">
    <p class='ocr_par' dir='ltr' id='par_1_82' title="bbox 190 4969 1757 5048">
     <span class='ocr_line' id='line_1_85' title="bbox 190 4969 1757 5048; baseline 0.014 -28"><span class='ocrx_word' id='word_1_656' title='bbox 190 4970 413 5039; x_wconf 86' lang='lat' dir='ltr'><strong>reprobi.</strong></span> <span class='ocrx_word' id='word_1_657' title='bbox 446 4969 503 5024; x_wconf 92' lang='lat' dir='ltr'><strong>ln</strong></span> <span class='ocrx_word' id='word_1_658' title='bbox 533 4970 638 5025; x_wconf 91' lang='lat' dir='ltr'><strong>hoc</strong></span> <span class='ocrx_word' id='word_1_659' title='bbox 665 4987 724 5026; x_wconf 89' lang='lat' dir='ltr'><strong>se</strong></span> <span class='ocrx_word' id='word_1_660' title='bbox 750 4974 1108 5044; x_wconf 85' lang='lat' dir='ltr'><strong>religiosiores</strong></span> <span class='ocrx_word' id='word_1_661' title='bbox 1138 4977 1343 5048; x_wconf 89' lang='lat' dir='ltr'><strong>dicunt,</strong></span> <span class='ocrx_word' id='word_1_662' title='bbox 1385 4995 1506 5036; x_wconf 91' lang='lat' dir='ltr'><strong>cum</strong></span> <span class='ocrx_word' id='word_1_663' title='bbox 1547 4983 1623 5040; x_wconf 90' lang='lat' dir='ltr'><strong>illi</strong></span> <span class='ocrx_word' id='word_1_664' title='bbox 1651 4999 1757 5041; x_wconf 93' lang='lat' dir='ltr'><strong>non</strong></span> 
     </span>
    </p>
   </div>
   <div class='ocr_carea' id='block_1_83' title="bbox 192 5062 833 5136">
    <p class='ocr_par' dir='ltr' id='par_1_83' title="bbox 192 5062 833 5136">
     <span class='ocr_line' id='line_1_86' title="bbox 192 5062 833 5136; baseline 0.009 -20"><span class='ocrx_word' id='word_1_665' title='bbox 192 5062 388 5119; x_wconf 79' lang='lat' dir='ltr'><strong>faciant</strong></span> <span class='ocrx_word' id='word_1_666' title='bbox 414 5080 533 5135; x_wconf 69' lang='lat' dir='ltr'><strong>qua:</strong></span> <span class='ocrx_word' id='word_1_667' title='bbox 555 5065 833 5136; x_wconf 90' lang='lat' dir='ltr'><strong>jubentur.</strong></span> 
     </span>
    </p>
   </div>
   <div class='ocr_carea' id='block_1_84' title="bbox 260 5153 1759 5234">
    <p class='ocr_par' dir='ltr' id='par_1_84' title="bbox 260 5153 1759 5234">
     <span class='ocr_line' id='line_1_87' title="bbox 260 5153 1759 5234; baseline 0.013 -25"><span class='ocrx_word' id='word_1_668' title='bbox 260 5153 390 5210; x_wconf 65' lang='lat' dir='ltr'><strong>Car.</strong></span> <span class='ocrx_word' id='word_1_669' title='bbox 421 5172 476 5212; x_wconf 90' lang='lat' dir='ltr'><strong>tt.</strong></span> <span class='ocrx_word' id='word_1_670' title='bbox 513 5156 589 5211; x_wconf 88' lang='lat' dir='ltr'><strong>Tu</strong></span> <span class='ocrx_word' id='word_1_671' title='bbox 617 5170 785 5215; x_wconf 87' lang='lat' dir='ltr'><strong>autem</strong></span> <span class='ocrx_word' id='word_1_672' title='bbox 806 5163 1012 5233; x_wconf 88' lang='lat' dir='ltr'><strong>loquere</strong></span> <span class='ocrx_word' id='word_1_673' title='bbox 1031 5180 1143 5234; x_wconf 71' lang='lat' dir='ltr'><strong>qua:</strong></span> <span class='ocrx_word' id='word_1_674' title='bbox 1165 5166 1340 5221; x_wconf 90' lang='lat' dir='ltr'><strong>decent</strong></span> <span class='ocrx_word' id='word_1_675' title='bbox 1365 5185 1544 5224; x_wconf 90' lang='lat' dir='ltr'><strong>sanam</strong></span> <span class='ocrx_word' id='word_1_676' title='bbox 1567 5174 1759 5229; x_wconf 89' lang='lat' dir='ltr'><strong>doctri-</strong></span> 
     </span>
    </p>
   </div>
   <div class='ocr_carea' id='block_1_85' title="bbox 189 5246 1758 5325">
    <p class='ocr_par' dir='ltr' id='par_1_85' title="bbox 189 5246 1758 5325">
     <span class='ocr_line' id='line_1_88' title="bbox 189 5246 1758 5325; baseline 0.014 -27"><span class='ocrx_word' id='word_1_677' title='bbox 189 5261 324 5300; x_wconf 88' lang='lat' dir='ltr'><strong>nam.</strong></span> <span class='ocrx_word' id='word_1_678' title='bbox 357 5246 468 5302; x_wconf 89' lang='lat' dir='ltr'><strong>Hoc</strong></span> <span class='ocrx_word' id='word_1_679' title='bbox 497 5257 606 5318; x_wconf 90' lang='lat' dir='ltr'><strong>est,</strong></span> <span class='ocrx_word' id='word_1_680' title='bbox 631 5267 749 5320; x_wconf 88' lang='lat' dir='ltr'><strong>quae</strong></span> <span class='ocrx_word' id='word_1_681' title='bbox 769 5252 837 5308; x_wconf 88' lang='lat' dir='ltr'><strong>ad</strong></span> <span class='ocrx_word' id='word_1_682' title='bbox 862 5257 1022 5310; x_wconf 88' lang='lat' dir='ltr'><strong>vitam</strong></span> <span class='ocrx_word' id='word_1_683' title='bbox 1045 5258 1311 5325; x_wconf 90' lang='lat' dir='ltr'><strong>pertinent</strong></span> <span class='ocrx_word' id='word_1_684' title='bbox 1335 5259 1553 5318; x_wconf 90' lang='lat' dir='ltr'><strong>Christi.</strong></span> <span class='ocrx_word' id='word_1_685' title='bbox 1577 5265 1758 5320; x_wconf 87' lang='lat' dir='ltr'><strong>Senes.</strong></span> 
     </span>
    </p>
   </div>
   <div class='ocr_carea' id='block_1_86' title="bbox 190 5337 1761 5422">
    <p class='ocr_par' dir='ltr' id='par_1_86' title="bbox 190 5337 1761 5422">
     <span class='ocr_line' id='line_1_89' title="bbox 190 5337 1761 5422; baseline 0.015 -31"><span class='ocrx_word' id='word_1_686' title='bbox 190 5337 286 5392; x_wconf 89' lang='lat' dir='ltr'><strong>llic</strong></span> <span class='ocrx_word' id='word_1_687' title='bbox 312 5353 467 5396; x_wconf 90' lang='lat' dir='ltr'><strong>senes</strong></span> <span class='ocrx_word' id='word_1_688' title='bbox 498 5342 756 5399; x_wconf 56' lang='lat' dir='ltr'><strong>Ecclesia</strong></span> <span class='ocrx_word' id='word_1_689' title='bbox 790 5348 1032 5404; x_wconf 86' lang='lat' dir='ltr'><strong>seniores</strong></span> <span class='ocrx_word' id='word_1_690' title='bbox 1072 5350 1332 5419; x_wconf 89' lang='lat' dir='ltr'><strong>appellat,</strong></span> <span class='ocrx_word' id='word_1_691' title='bbox 1363 5367 1499 5422; x_wconf 83' lang='lat' dir='ltr'><strong>quos</strong></span> <span class='ocrx_word' id='word_1_692' title='bbox 1538 5371 1761 5415; x_wconf 87' lang='lat' dir='ltr'><strong>necesse</strong></span> 
     </span>
    </p>
   </div>
   <div class='ocr_carea' id='block_1_87' title="bbox 185 5431 1756 5517">
    <p class='ocr_par' dir='ltr' id='par_1_87' title="bbox 185 5431 1756 5517">
     <span class='ocr_line' id='line_1_90' title="bbox 185 5431 1756 5517; baseline 0.012 -33"><span class='ocrx_word' id='word_1_693' title='bbox 185 5440 269 5484; x_wconf 91' lang='lat' dir='ltr'><strong>est</strong></span> <span class='ocrx_word' id='word_1_694' title='bbox 296 5431 540 5488; x_wconf 90' lang='lat' dir='ltr'><strong>omnibus</strong></span> <span class='ocrx_word' id='word_1_695' title='bbox 568 5433 793 5492; x_wconf 80' lang='lat' dir='ltr'><strong>formam</strong></span> <span class='ocrx_word' id='word_1_696' title='bbox 819 5439 1078 5508; x_wconf 84' lang='lat' dir='ltr'><strong>praebere.</strong></span> <span class='ocrx_word' id='word_1_697' title='bbox 1114 5441 1182 5496; x_wconf 91' lang='lat' dir='ltr'><strong>Ut</strong></span> <span class='ocrx_word' id='word_1_698' title='bbox 1210 5442 1365 5498; x_wconf 87' lang='lat' dir='ltr'><strong>sobrii</strong></span> <span class='ocrx_word' id='word_1_699' title='bbox 1392 5447 1526 5514; x_wconf 88' lang='lat' dir='ltr'><strong>sint,</strong></span> <span class='ocrx_word' id='word_1_700' title='bbox 1556 5449 1756 5517; x_wconf 85' lang='lat' dir='ltr'><strong>pudici,</strong></span> 
     </span>
    </p>
   </div>
   <div class='ocr_carea' id='block_1_88' title="bbox 187 5523 1759 5602">
    <p class='ocr_par' dir='ltr' id='par_1_88' title="bbox 187 5523 1759 5602">
     <span class='ocr_line' id='line_1_91' title="bbox 187 5523 1759 5602; baseline 0.014 -29"><span class='ocrx_word' id='word_1_701' title='bbox 187 5523 474 5590; x_wconf 85' lang='lat' dir='ltr'><strong>prudentes,</strong></span> <span class='ocrx_word' id='word_1_702' title='bbox 506 5528 620 5580; x_wconf 86' lang='lat' dir='ltr'><strong>sani</strong></span> <span class='ocrx_word' id='word_1_703' title='bbox 649 5530 701 5583; x_wconf 88' lang='lat' dir='ltr'><strong>in</strong></span> <span class='ocrx_word' id='word_1_704' title='bbox 727 5530 849 5598; x_wconf 81' lang='lat' dir='ltr'><strong>ﬁde,</strong></span> <span class='ocrx_word' id='word_1_705' title='bbox 882 5532 935 5585; x_wconf 88' lang='lat' dir='ltr'><strong>in</strong></span> <span class='ocrx_word' id='word_1_706' title='bbox 960 5533 1258 5600; x_wconf 88' lang='lat' dir='ltr'><strong>dilectione,</strong></span> <span class='ocrx_word' id='word_1_707' title='bbox 1288 5536 1342 5588; x_wconf 90' lang='lat' dir='ltr'><strong>in</strong></span> <span class='ocrx_word' id='word_1_708' title='bbox 1369 5537 1634 5602; x_wconf 85' lang='lat' dir='ltr'><strong>patientia.</strong></span> <span class='ocrx_word' id='word_1_709' title='bbox 1668 5541 1759 5595; x_wconf 80' lang='lat' dir='ltr'><strong>Vi-</strong></span> 
     </span>
    </p>
   </div>
   <div class='ocr_carea' id='block_1_89' title="bbox 186 5614 1757 5697">
    <p class='ocr_par' dir='ltr' id='par_1_89' title="bbox 186 5614 1757 5697">
     <span class='ocr_line' id='line_1_92' title="bbox 186 5614 1757 5697; baseline 0.015 -32"><span class='ocrx_word' id='word_1_710' title='bbox 186 5614 409 5681; x_wconf 85' lang='lat' dir='ltr'><strong>gilautes</strong></span> <span class='ocrx_word' id='word_1_711' title='bbox 423 5616 547 5685; x_wconf 89' lang='lat' dir='ltr'><strong>sint,</strong></span> <span class='ocrx_word' id='word_1_712' title='bbox 568 5634 634 5675; x_wconf 92' lang='lat' dir='ltr'><strong>ne</strong></span> <span class='ocrx_word' id='word_1_713' title='bbox 650 5620 951 5690; x_wconf 88' lang='lat' dir='ltr'><strong>junioribus</strong></span> <span class='ocrx_word' id='word_1_714' title='bbox 967 5625 1270 5695; x_wconf 77' lang='lat' dir='ltr'><strong>exemplum</strong></span> <span class='ocrx_word' id='word_1_715' title='bbox 1293 5628 1563 5697; x_wconf 84' lang='lat' dir='ltr'><strong>praebeant</strong></span> <span class='ocrx_word' id='word_1_716' title='bbox 1582 5631 1757 5687; x_wconf 82' lang='lat' dir='ltr'><strong>ebrie-</strong></span> 
     </span>
    </p>
   </div>
   <div class='ocr_carea' id='block_1_90' title="bbox 188 5708 1754 5790">
    <p class='ocr_par' dir='ltr' id='par_1_90' title="bbox 188 5708 1754 5790">
     <span class='ocr_line' id='line_1_93' title="bbox 188 5708 1754 5790; baseline 0.013 -30"><span class='ocrx_word' id='word_1_717' title='bbox 188 5708 327 5765; x_wconf 90' lang='lat' dir='ltr'><strong>tatis.</strong></span> <span class='ocrx_word' id='word_1_718' title='bbox 380 5711 521 5765; x_wconf 77' lang='lat' dir='ltr'><strong>Anus</strong></span> <span class='ocrx_word' id='word_1_719' title='bbox 567 5713 814 5769; x_wconf 87' lang='lat' dir='ltr'><strong>similiter.</strong></span> <span class='ocrx_word' id='word_1_720' title='bbox 871 5717 998 5785; x_wconf 67' lang='lat' dir='ltr'><strong>Quae</strong></span> <span class='ocrx_word' id='word_1_721' title='bbox 1043 5719 1373 5790; x_wconf 86' lang='lat' dir='ltr'><strong>eligebantur</strong></span> <span class='ocrx_word' id='word_1_722' title='bbox 1417 5721 1483 5775; x_wconf 87' lang='lat' dir='ltr'><strong>ad</strong></span> <span class='ocrx_word' id='word_1_723' title='bbox 1531 5724 1754 5780; x_wconf 90' lang='lat' dir='ltr'><strong>aliarum</strong></span> 
     </span>
    </p>
   </div>
   <div class='ocr_carea' id='block_1_91' title="bbox 185 5802 1746 5874">
    <p class='ocr_par' dir='ltr' id='par_1_91' title="bbox 185 5802 1746 5874">
     <span class='ocr_line' id='line_1_94' title="bbox 185 5802 1746 5874; baseline 0.009 -18"><span class='ocrx_word' id='word_1_724' title='bbox 185 5802 505 5874; x_wconf 79' lang='lat' dir='ltr'><strong>exemplum.</strong></span> <span class='ocrx_word' id='word_1_725' title='bbox 549 5802 617 5860; x_wconf 85' lang='lat' dir='ltr'><strong>In</strong></span> <span class='ocrx_word' id='word_1_726' title='bbox 665 5807 838 5861; x_wconf 85' lang='lat' dir='ltr'><strong>habitu</strong></span> <span class='ocrx_word' id='word_1_727' title='bbox 881 5819 1053 5863; x_wconf 88' lang='lat' dir='ltr'><strong>sancto</strong></span> <span class='ocrx_word' id='word_1_728' title='bbox 1089 5828 1190 5867; x_wconf 88' lang='lat' dir='ltr'><strong>non</strong></span> <span class='ocrx_word' id='word_1_729' title='bbox 1232 5813 1618 5869; x_wconf 87' lang='lat' dir='ltr'><strong>criminatrices.</strong></span> <span class='ocrx_word' id='word_1_730' title='bbox 1654 5816 1746 5870; x_wconf 86' lang='lat' dir='ltr'><strong>Est</strong></span> 
     </span>
    </p>
   </div>
   <div class='ocr_carea' id='block_1_92' title="bbox 616 5920 1225 5986">
    <p class='ocr_par' dir='ltr' id='par_1_92' title="bbox 616 5920 1225 5986">
     <span class='ocr_line' id='line_1_95' title="bbox 616 5920 1225 5986; baseline 0.005 -4"><span class='ocrx_word' id='word_1_731' title='bbox 616 5920 892 5984; x_wconf 77' lang='lat' dir='ltr'><strong>PATBOL.</strong></span> <span class='ocrx_word' id='word_1_732' title='bbox 937 5921 1103 5985; x_wconf 83' lang='lat' dir='ltr'><strong>LXV</strong></span> <span class='ocrx_word' id='word_1_733' title='bbox 1109 5923 1225 5986; x_wconf 87' lang='lat' dir='ltr'><strong>lll.‘</strong></span> 
     </span>
    </p>
   </div>
   <div class='ocr_carea' id='block_1_93' title="bbox 1885 3362 3469 3442">
    <p class='ocr_par' dir='ltr' id='par_1_93' title="bbox 1885 3362 3469 3442">
     <span class='ocr_line' id='line_1_96' title="bbox 1885 3362 3469 3442; baseline 0.008 -28"><span class='ocrx_word' id='word_1_734' title='bbox 1885 3362 1971 3416; x_wconf 86' lang='lat' dir='ltr'><strong>vel</strong></span> <span class='ocrx_word' id='word_1_735' title='bbox 1997 3376 2217 3429; x_wconf 83' lang='lat' dir='ltr'><strong>sexum,</strong></span> <span class='ocrx_word' id='word_1_736' title='bbox 2249 3372 2303 3418; x_wconf 87' lang='lat' dir='ltr'><strong>et</strong></span> <span class='ocrx_word' id='word_1_737' title='bbox 2329 3367 2606 3435; x_wconf 75' lang='lat' dir='ltr'><strong>praeceptis</strong></span> <span class='ocrx_word' id='word_1_738' title='bbox 2627 3406 2641 3432; x_wconf 92' lang='lat'><strong>,</strong></span> <span class='ocrx_word' id='word_1_739' title='bbox 2671 3374 2727 3422; x_wconf 91' lang='lat' dir='ltr'><strong>et</strong></span> <span class='ocrx_word' id='word_1_740' title='bbox 2752 3371 3016 3437; x_wconf 82' lang='lat' dir='ltr'><strong>exemplo.</strong></span> <span class='ocrx_word' id='word_1_741' title='bbox 3055 3369 3123 3424; x_wconf 85' lang='lat' dir='ltr'><strong>Ut</strong></span> <span class='ocrx_word' id='word_1_742' title='bbox 3167 3373 3469 3442; x_wconf 87' lang='lat' dir='ltr'><strong>denegantes</strong></span> 
     </span>
    </p>
   </div>
   <div class='ocr_carea' id='block_1_94' title="bbox 1884 3452 3468 3521">
    <p class='ocr_par' dir='ltr' id='par_1_94' title="bbox 1884 3452 3468 3521">
     <span class='ocr_line' id='line_1_97' title="bbox 1884 3452 3468 3521; baseline 0.008 -16"><span class='ocrx_word' id='word_1_743' title='bbox 1884 3452 2212 3521; x_wconf 87' lang='lat' dir='ltr'><strong>impietatem,</strong></span> <span class='ocrx_word' id='word_1_744' title='bbox 2242 3463 2288 3508; x_wconf 89' lang='lat' dir='ltr'><strong>et</strong></span> <span class='ocrx_word' id='word_1_745' title='bbox 2307 3454 2575 3510; x_wconf 73' lang='lat' dir='ltr'><strong>siecularia</strong></span> <span class='ocrx_word' id='word_1_746' title='bbox 2604 3457 2876 3511; x_wconf 87' lang='lat' dir='ltr'><strong>desideria.</strong></span> <span class='ocrx_word' id='word_1_747' title='bbox 2904 3459 3172 3516; x_wconf 63' lang='lat' dir='ltr'><strong>Saeculare</strong></span> <span class='ocrx_word' id='word_1_748' title='bbox 3199 3469 3285 3516; x_wconf 88' lang='lat' dir='ltr'><strong>est</strong></span> <span class='ocrx_word' id='word_1_749' title='bbox 3308 3478 3468 3518; x_wconf 91' lang='lat' dir='ltr'><strong>omne</strong></span> 
     </span>
    </p>
   </div>
   <div class='ocr_carea' id='block_1_95' title="bbox 1883 3543 3496 3622">
    <p class='ocr_par' dir='ltr' id='par_1_95' title="bbox 1883 3543 3496 3622">
     <span class='ocr_line' id='line_1_98' title="bbox 1883 3543 3496 3622; baseline 0.009 -25"><span class='ocrx_word' id='word_1_750' title='bbox 1883 3543 2230 3611; x_wconf 86' lang='lat' dir='ltr'><strong>desiderium,</strong></span> <span class='ocrx_word' id='word_1_751' title='bbox 2266 3555 2322 3603; x_wconf 90' lang='lat' dir='ltr'><strong>et</strong></span> <span class='ocrx_word' id='word_1_752' title='bbox 2349 3549 2522 3603; x_wconf 88' lang='lat' dir='ltr'><strong>omnis</strong></span> <span class='ocrx_word' id='word_1_753' title='bbox 2574 3550 2796 3605; x_wconf 90' lang='lat' dir='ltr'><strong>ambitio</strong></span> <span class='ocrx_word' id='word_1_754' title='bbox 2830 3553 3158 3622; x_wconf 88' lang='lat' dir='ltr'><strong>temporalis.</strong></span> <span class='ocrx_word' id='word_1_755' title='bbox 3201 3555 3388 3610; x_wconf 85' lang='lat' dir='ltr'><strong>Sobrie</strong></span> <span class='ocrx_word' id='word_1_756' title='bbox 3419 3559 3496 3612; x_wconf 67' lang='lat' dir='ltr'><strong>et‘</strong></span> 
     </span>
    </p>
   </div>
   <div class='ocr_carea' id='block_1_96' title="bbox 1875 3638 3469 3721">
    <p class='ocr_par' dir='ltr' id='par_1_96' title="bbox 1875 3638 3469 3721">
     <span class='ocr_line' id='line_1_99' title="bbox 1875 3638 3469 3721; baseline 0.009 -31"><span class='ocrx_word' id='word_1_757' title='bbox 1875 3638 2036 3707; x_wconf 86' lang='lat' dir='ltr'><strong>juste.</strong></span> <span class='ocrx_word' id='word_1_758' title='bbox 2055 3638 2280 3708; x_wconf 88' lang='lat' dir='ltr'><strong>Propter</strong></span> <span class='ocrx_word' id='word_1_759' title='bbox 2297 3641 2438 3709; x_wconf 90' lang='lat' dir='ltr'><strong>quod</strong></span> <span class='ocrx_word' id='word_1_760' title='bbox 2462 3649 2517 3696; x_wconf 92' lang='lat' dir='ltr'><strong>et</strong></span> <span class='ocrx_word' id='word_1_761' title='bbox 2543 3643 2790 3700; x_wconf 88' lang='lat' dir='ltr'><strong>Salvator</strong></span> <span class='ocrx_word' id='word_1_762' title='bbox 2809 3647 2917 3703; x_wconf 83' lang='lat' dir='ltr'><strong>ait;</strong></span> <span class='ocrx_word' id='word_1_763' title='bbox 2941 3645 3234 3716; x_wconf 85' lang='lat' dir='ltr'><strong>Attendite,</strong></span> <span class='ocrx_word' id='word_1_764' title='bbox 3259 3664 3326 3704; x_wconf 91' lang='lat' dir='ltr'><strong>ne</strong></span> <span class='ocrx_word' id='word_1_765' title='bbox 3346 3665 3469 3721; x_wconf 87' lang='lat' dir='ltr'><strong>gra-</strong></span> 
     </span>
    </p>
   </div>
   <div class='ocr_carea' id='block_1_97' title="bbox 1880 3731 3468 3806">
    <p class='ocr_par' dir='ltr' id='par_1_97' title="bbox 1880 3731 3468 3806">
     <span class='ocr_line' id='line_1_100' title="bbox 1880 3731 3468 3806; baseline 0.011 -22"><span class='ocrx_word' id='word_1_766' title='bbox 1880 3738 2070 3785; x_wconf 87' lang='lat' dir='ltr'><strong>ventur</strong></span> <span class='ocrx_word' id='word_1_767' title='bbox 2097 3731 2260 3786; x_wconf 90' lang='lat' dir='ltr'><strong>corda</strong></span> <span class='ocrx_word' id='word_1_768' title='bbox 2291 3743 2466 3788; x_wconf 86' lang='lat' dir='ltr'><strong>vestra</strong></span> <span class='ocrx_word' id='word_1_769' title='bbox 2491 3734 2546 3789; x_wconf 89' lang='lat' dir='ltr'><strong>in</strong></span> <span class='ocrx_word' id='word_1_770' title='bbox 2576 3736 2825 3805; x_wconf 89' lang='lat' dir='ltr'><strong>crapula,</strong></span> <span class='ocrx_word' id='word_1_771' title='bbox 2852 3746 2905 3793; x_wconf 93' lang='lat' dir='ltr'><strong>et</strong></span> <span class='ocrx_word' id='word_1_772' title='bbox 2930 3738 3207 3806; x_wconf 89' lang='lat' dir='ltr'><strong>ebrietate,</strong></span> <span class='ocrx_word' id='word_1_773' title='bbox 3240 3750 3295 3797; x_wconf 91' lang='lat' dir='ltr'><strong>et</strong></span> <span class='ocrx_word' id='word_1_774' title='bbox 3323 3746 3468 3801; x_wconf 78' lang='lat' dir='ltr'><strong>curis</strong></span> 
     </span>
    </p>
   </div>
   <div class='ocr_carea' id='block_1_98' title="bbox 1879 3819 3464 3895">
    <p class='ocr_par' dir='ltr' id='par_1_98' title="bbox 1879 3819 3464 3895">
     <span class='ocr_line' id='line_1_101' title="bbox 1879 3819 3464 3895; baseline 0.011 -21"><span class='ocrx_word' id='word_1_775' title='bbox 1879 3819 2039 3891; x_wconf 86' lang='lat' dir='ltr'><strong>hujus</strong></span> <span class='ocrx_word' id='word_1_776' title='bbox 2074 3823 2221 3877; x_wconf 74' lang='lat' dir='ltr'><strong>vitm.</strong></span> <span class='ocrx_word' id='word_1_777' title='bbox 2255 3820 2320 3877; x_wconf 85' lang='lat' dir='ltr'><strong>Et</strong></span> <span class='ocrx_word' id='word_1_778' title='bbox 2361 3826 2442 3895; x_wconf 90' lang='lat' dir='ltr'><strong>pie</strong></span> <span class='ocrx_word' id='word_1_779' title='bbox 2480 3827 2703 3882; x_wconf 84' lang='lat' dir='ltr'><strong>vivamus</strong></span> <span class='ocrx_word' id='word_1_780' title='bbox 2745 3829 2798 3882; x_wconf 91' lang='lat' dir='ltr'><strong>in</strong></span> <span class='ocrx_word' id='word_1_781' title='bbox 2845 3830 2941 3883; x_wconf 87' lang='lat' dir='ltr'><strong>hoc</strong></span> <span class='ocrx_word' id='word_1_782' title='bbox 2985 3835 3189 3887; x_wconf 74' lang='lat' dir='ltr'><strong>saeculo.</strong></span> <span class='ocrx_word' id='word_1_783' title='bbox 3231 3832 3464 3891; x_wconf 72' lang='lat' dir='ltr'><strong>Justitias</strong></span> 
     </span>
    </p>
   </div>
   <div class='ocr_carea' id='block_1_99' title="bbox 1875 3913 3464 3995">
    <p class='ocr_par' dir='ltr' id='par_1_99' title="bbox 1875 3913 3464 3995">
     <span class='ocr_line' id='line_1_102' title="bbox 1875 3913 3464 3995; baseline 0.01 -29"><span class='ocrx_word' id='word_1_784' title='bbox 1875 3913 2160 3984; x_wconf 86' lang='lat' dir='ltr'><strong>jungamus</strong></span> <span class='ocrx_word' id='word_1_785' title='bbox 2191 3916 2466 3984; x_wconf 87' lang='lat' dir='ltr'><strong>pietatem,</strong></span> <span class='ocrx_word' id='word_1_786' title='bbox 2499 3933 2568 3975; x_wconf 92' lang='lat' dir='ltr'><strong>ne</strong></span> <span class='ocrx_word' id='word_1_787' title='bbox 2595 3917 2948 3987; x_wconf 86' lang='lat' dir='ltr'><strong>intemperata</strong></span> <span class='ocrx_word' id='word_1_788' title='bbox 2975 3922 3064 3978; x_wconf 89' lang='lat' dir='ltr'><strong>sit.</strong></span> <span class='ocrx_word' id='word_1_789' title='bbox 3096 3922 3464 3995; x_wconf 72' lang='lat' dir='ltr'><strong>Exspectantes</strong></span> 
     </span>
    </p>
   </div>
   <div class='ocr_carea' id='block_1_100' title="bbox 1879 4003 3462 4086">
    <p class='ocr_par' dir='ltr' id='par_1_100' title="bbox 1879 4003 3462 4086">
     <span class='ocr_line' id='line_1_103' title="bbox 1879 4003 3462 4086; baseline 0.009 -28"><span class='ocrx_word' id='word_1_790' title='bbox 1879 4003 2076 4059; x_wconf 86' lang='lat' dir='ltr'><strong>beatam</strong></span> <span class='ocrx_word' id='word_1_791' title='bbox 2113 4021 2273 4075; x_wconf 89' lang='lat' dir='ltr'><strong>spem.</strong></span> <span class='ocrx_word' id='word_1_792' title='bbox 2301 4006 2399 4064; x_wconf 86' lang='lat' dir='ltr'><strong>Ille</strong></span> <span class='ocrx_word' id='word_1_793' title='bbox 2442 4009 2756 4066; x_wconf 85' lang='lat' dir='ltr'><strong>ﬁducialiter</strong></span> <span class='ocrx_word' id='word_1_794' title='bbox 2781 4010 2896 4067; x_wconf 69' lang='grc' dir='ltr'><strong>Ι]ωο</strong></span> <span class='ocrx_word' id='word_1_795' title='bbox 2921 4024 3192 4082; x_wconf 78' lang='lat' dir='ltr'><strong>exspeCtat</strong></span> <span class='ocrx_word' id='word_1_796' title='bbox 3212 4054 3227 4080; x_wconf 92' lang='lat'><strong>,</strong></span> <span class='ocrx_word' id='word_1_797' title='bbox 3260 4017 3349 4086; x_wconf 91' lang='lat' dir='ltr'><strong>qui</strong></span> <span class='ocrx_word' id='word_1_798' title='bbox 3388 4016 3462 4073; x_wconf 84' lang='lat' dir='ltr'><strong>ita</strong></span> 
     </span>
    </p>
   </div>
   <div class='ocr_carea' id='block_1_101' title="bbox 1877 4099 3462 4177">
    <p class='ocr_par' dir='ltr' id='par_1_101' title="bbox 1877 4099 3462 4177">
     <span class='ocr_line' id='line_1_104' title="bbox 1877 4099 3462 4177; baseline 0.006 -25"><span class='ocrx_word' id='word_1_799' title='bbox 1877 4099 2090 4164; x_wconf 84' lang='lat' dir='ltr'><strong>vixerit,</strong></span> <span class='ocrx_word' id='word_1_800' title='bbox 2123 4102 2263 4154; x_wconf 85' lang='lat' dir='ltr'><strong>sicut</strong></span> <span class='ocrx_word' id='word_1_801' title='bbox 2289 4100 2445 4156; x_wconf 81' lang='lat' dir='ltr'><strong>dixit.</strong></span> <span class='ocrx_word' id='word_1_802' title='bbox 2476 4100 2545 4154; x_wconf 89' lang='lat' dir='ltr'><strong>Et</strong></span> <span class='ocrx_word' id='word_1_803' title='bbox 2572 4107 2838 4158; x_wconf 89' lang='lat' dir='ltr'><strong>adventum</strong></span> <span class='ocrx_word' id='word_1_804' title='bbox 2867 4107 3042 4175; x_wconf 81' lang='lat' dir='ltr'><strong>gloria:</strong></span> <span class='ocrx_word' id='word_1_805' title='bbox 3077 4109 3248 4177; x_wconf 86' lang='lat' dir='ltr'><strong>magni</strong></span> <span class='ocrx_word' id='word_1_806' title='bbox 3275 4108 3373 4161; x_wconf 87' lang='lat' dir='ltr'><strong>Dei</strong></span> <span class='ocrx_word' id='word_1_807' title='bbox 3413 4117 3462 4162; x_wconf 87' lang='lat' dir='ltr'><strong>et</strong></span> 
     </span>
    </p>
   </div>
   <div class='ocr_carea' id='block_1_102' title="bbox 1877 4188 3456 4267">
    <p class='ocr_par' dir='ltr' id='par_1_102' title="bbox 1877 4188 3456 4267">
     <span class='ocr_line' id='line_1_105' title="bbox 1877 4188 3456 4267; baseline 0.005 -22"><span class='ocrx_word' id='word_1_808' title='bbox 1877 4188 2162 4245; x_wconf 84' lang='lat' dir='ltr'><strong>Saluatoris</strong></span> <span class='ocrx_word' id='word_1_809' title='bbox 2191 4194 2350 4246; x_wconf 88' lang='lat' dir='ltr'><strong>nostri</strong></span> <span class='ocrx_word' id='word_1_810' title='bbox 2391 4192 2518 4247; x_wconf 71' lang='lat' dir='ltr'><strong>Jrsu</strong></span> <span class='ocrx_word' id='word_1_811' title='bbox 2557 4195 2766 4250; x_wconf 87' lang='lat' dir='ltr'><strong>Christi.</strong></span> <span class='ocrx_word' id='word_1_812' title='bbox 2812 4197 2988 4266; x_wconf 92' lang='lat' dir='ltr'><strong>Ipsum</strong></span> <span class='ocrx_word' id='word_1_813' title='bbox 3031 4197 3166 4251; x_wconf 85' lang='lat' dir='ltr'><strong>dixit</strong></span> <span class='ocrx_word' id='word_1_814' title='bbox 3207 4212 3456 4267; x_wconf 89' lang='lat' dir='ltr'><strong>magnum</strong></span> 
     </span>
    </p>
   </div>
   <div class='ocr_carea' id='block_1_103' title="bbox 1877 4278 3456 4354">
    <p class='ocr_par' dir='ltr' id='par_1_103' title="bbox 1877 4278 3456 4354">
     <span class='ocr_line' id='line_1_106' title="bbox 1877 4278 3456 4354; baseline 0.008 -22"><span class='ocrx_word' id='word_1_815' title='bbox 1877 4278 2042 4335; x_wconf 92' lang='lat' dir='ltr'><strong>Deum</strong></span> <span class='ocrx_word' id='word_1_816' title='bbox 2073 4281 2375 4354; x_wconf 89' lang='lat' dir='ltr'><strong>Christum,</strong></span> <span class='ocrx_word' id='word_1_817' title='bbox 2409 4285 2476 4339; x_wconf 88' lang='lat' dir='ltr'><strong>de</strong></span> <span class='ocrx_word' id='word_1_818' title='bbox 2505 4299 2610 4353; x_wconf 91' lang='lat' dir='ltr'><strong>quo</strong></span> <span class='ocrx_word' id='word_1_819' title='bbox 2639 4287 2713 4340; x_wconf 91' lang='lat' dir='ltr'><strong>ait</strong></span> <span class='ocrx_word' id='word_1_820' title='bbox 2750 4287 2969 4354; x_wconf 89' lang='lat' dir='ltr'><strong>angelus</strong></span> <span class='ocrx_word' id='word_1_821' title='bbox 2996 4288 3063 4340; x_wconf 80' lang='lat' dir='ltr'><strong>ad</strong></span> <span class='ocrx_word' id='word_1_822' title='bbox 3095 4288 3300 4340; x_wconf 83' lang='lat' dir='ltr'><strong>beatam</strong></span> <span class='ocrx_word' id='word_1_823' title='bbox 3340 4289 3456 4344; x_wconf 85' lang='lat' dir='ltr'><strong>Ma-</strong></span> 
     </span>
    </p>
   </div>
   <div class='ocr_carea' id='block_1_104' title="bbox 1874 4372 3455 4446">
    <p class='ocr_par' dir='ltr' id='par_1_104' title="bbox 1874 4372 3455 4446">
     <span class='ocr_line' id='line_1_107' title="bbox 1874 4372 3455 4446; baseline 0.008 -23"><span class='ocrx_word' id='word_1_824' title='bbox 1874 4372 2044 4424; x_wconf 89' lang='lat' dir='ltr'><strong>riam:</strong></span> <span class='ocrx_word' id='word_1_825' title='bbox 2077 4373 2173 4427; x_wconf 84' lang='lat' dir='ltr'><strong>Hic</strong></span> <span class='ocrx_word' id='word_1_826' title='bbox 2213 4376 2320 4428; x_wconf 88' lang='lat' dir='ltr'><strong>erit</strong></span> <span class='ocrx_word' id='word_1_827' title='bbox 2360 4391 2583 4445; x_wconf 88' lang='lat' dir='ltr'><strong>magnus</strong></span> <span class='ocrx_word' id='word_1_828' title='bbox 2610 4416 2626 4440; x_wconf 95' lang='lat'><strong>,</strong></span> <span class='ocrx_word' id='word_1_829' title='bbox 2653 4388 2704 4431; x_wconf 85' lang='lat' dir='ltr'><strong>et</strong></span> <span class='ocrx_word' id='word_1_830' title='bbox 2731 4378 2958 4446; x_wconf 87' lang='lat' dir='ltr'><strong>reliqua.</strong></span> <span class='ocrx_word' id='word_1_831' title='bbox 3004 4378 3105 4444; x_wconf 88' lang='lat' dir='ltr'><strong>Qui</strong></span> <span class='ocrx_word' id='word_1_832' title='bbox 3133 4379 3292 4432; x_wconf 90' lang='lat' dir='ltr'><strong>etiam</strong></span> <span class='ocrx_word' id='word_1_833' title='bbox 3334 4395 3455 4435; x_wconf 88' lang='lat' dir='ltr'><strong>cum</strong></span> 
     </span>
    </p>
   </div>
   <div class='ocr_carea' id='block_1_105' title="bbox 1873 4464 3457 4540">
    <p class='ocr_par' dir='ltr' id='par_1_105' title="bbox 1873 4464 3457 4540">
     <span class='ocr_line' id='line_1_108' title="bbox 1873 4464 3457 4540; baseline 0.008 -24"><span class='ocrx_word' id='word_1_834' title='bbox 1873 4464 2044 4534; x_wconf 87' lang='lat' dir='ltr'><strong>gloria</strong></span> <span class='ocrx_word' id='word_1_835' title='bbox 2070 4474 2326 4520; x_wconf 88' lang='lat' dir='ltr'><strong>venturus</strong></span> <span class='ocrx_word' id='word_1_836' title='bbox 2373 4477 2455 4522; x_wconf 89' lang='lat' dir='ltr'><strong>est</strong></span> <span class='ocrx_word' id='word_1_837' title='bbox 2480 4467 2722 4535; x_wconf 90' lang='lat' dir='ltr'><strong>judicare</strong></span> <span class='ocrx_word' id='word_1_838' title='bbox 2756 4468 2906 4523; x_wconf 90' lang='lat' dir='ltr'><strong>vivos</strong></span> <span class='ocrx_word' id='word_1_839' title='bbox 2944 4478 2998 4524; x_wconf 89' lang='lat' dir='ltr'><strong>et</strong></span> <span class='ocrx_word' id='word_1_840' title='bbox 3049 4478 3307 4527; x_wconf 91' lang='lat' dir='ltr'><strong>mortuos.</strong></span> <span class='ocrx_word' id='word_1_841' title='bbox 3353 4473 3457 4540; x_wconf 86' lang='lat' dir='ltr'><strong>Qui</strong></span> 
     </span>
    </p>
   </div>
   <div class='ocr_carea' id='block_1_106' title="bbox 1873 4553 3452 4629">
    <p class='ocr_par' dir='ltr' id='par_1_106' title="bbox 1873 4553 3452 4629">
     <span class='ocr_line' id='line_1_109' title="bbox 1873 4553 3452 4629; baseline 0.006 -20"><span class='ocrx_word' id='word_1_842' title='bbox 1873 4553 2012 4610; x_wconf 89' lang='lat' dir='ltr'><strong>dedit</strong></span> <span class='ocrx_word' id='word_1_843' title='bbox 2035 4555 2256 4625; x_wconf 86' lang='lat' dir='ltr'><strong>seipsum</strong></span> <span class='ocrx_word' id='word_1_844' title='bbox 2295 4575 2388 4629; x_wconf 88' lang='lat' dir='ltr'><strong>pro</strong></span> <span class='ocrx_word' id='word_1_845' title='bbox 2415 4559 2583 4626; x_wconf 90' lang='lat' dir='ltr'><strong>nobis,</strong></span> <span class='ocrx_word' id='word_1_846' title='bbox 2616 4570 2672 4613; x_wconf 90' lang='lat' dir='ltr'><strong>ut</strong></span> <span class='ocrx_word' id='word_1_847' title='bbox 2695 4577 2783 4614; x_wconf 89' lang='lat' dir='ltr'><strong>nos</strong></span> <span class='ocrx_word' id='word_1_848' title='bbox 2811 4561 3080 4616; x_wconf 88' lang='lat' dir='ltr'><strong>redimeret</strong></span> <span class='ocrx_word' id='word_1_849' title='bbox 3109 4562 3172 4615; x_wconf 88' lang='lat' dir='ltr'><strong>ab</strong></span> <span class='ocrx_word' id='word_1_850' title='bbox 3195 4564 3331 4616; x_wconf 89' lang='lat' dir='ltr'><strong>omni</strong></span> <span class='ocrx_word' id='word_1_851' title='bbox 3354 4566 3452 4619; x_wconf 89' lang='lat' dir='ltr'><strong>ini-</strong></span> 
     </span>
    </p>
   </div>
   <div class='ocr_carea' id='block_1_107' title="bbox 1873 4652 3450 4724">
    <p class='ocr_par' dir='ltr' id='par_1_107' title="bbox 1873 4652 3450 4724">
     <span class='ocr_line' id='line_1_110' title="bbox 1873 4652 3450 4724; baseline 0.008 -18"><span class='ocrx_word' id='word_1_852' title='bbox 1873 4653 2086 4724; x_wconf 87' lang='lat' dir='ltr'><strong>quitate.</strong></span> <span class='ocrx_word' id='word_1_853' title='bbox 2131 4652 2280 4708; x_wconf 91' lang='lat' dir='ltr'><strong>Sicut</strong></span> <span class='ocrx_word' id='word_1_854' title='bbox 2322 4653 2396 4708; x_wconf 91' lang='lat' dir='ltr'><strong>ait</strong></span> <span class='ocrx_word' id='word_1_855' title='bbox 2425 4653 2616 4710; x_wconf 91' lang='lat' dir='ltr'><strong>Isaias:</strong></span> <span class='ocrx_word' id='word_1_856' title='bbox 2665 4656 2818 4712; x_wconf 89' lang='lat' dir='ltr'><strong>Dedit</strong></span> <span class='ocrx_word' id='word_1_857' title='bbox 2867 4658 2916 4711; x_wconf 91' lang='lat' dir='ltr'><strong>in</strong></span> <span class='ocrx_word' id='word_1_858' title='bbox 2950 4666 3175 4714; x_wconf 91' lang='lat' dir='ltr'><strong>mortem</strong></span> <span class='ocrx_word' id='word_1_859' title='bbox 3217 4661 3450 4718; x_wconf 90' lang='lat' dir='ltr'><strong>animam</strong></span> 
     </span>
    </p>
   </div>
   <div class='ocr_carea' id='block_1_108' title="bbox 1871 4745 3448 4824">
    <p class='ocr_par' dir='ltr' id='par_1_108' title="bbox 1871 4745 3448 4824">
     <span class='ocr_line' id='line_1_111' title="bbox 1871 4745 3448 4824; baseline 0.008 -26"><span class='ocrx_word' id='word_1_860' title='bbox 1871 4758 2045 4812; x_wconf 86' lang='lat' dir='ltr'><strong>suam,</strong></span> <span class='ocrx_word' id='word_1_861' title='bbox 2077 4752 2132 4799; x_wconf 91' lang='lat' dir='ltr'><strong>et</strong></span> <span class='ocrx_word' id='word_1_862' title='bbox 2161 4759 2281 4800; x_wconf 91' lang='lat' dir='ltr'><strong>cum</strong></span> <span class='ocrx_word' id='word_1_863' title='bbox 2312 4745 2586 4802; x_wconf 89' lang='lat' dir='ltr'><strong>sceleratis</strong></span> <span class='ocrx_word' id='word_1_864' title='bbox 2617 4748 2897 4818; x_wconf 88' lang='lat' dir='ltr'><strong>deputatus</strong></span> <span class='ocrx_word' id='word_1_865' title='bbox 2927 4759 3047 4819; x_wconf 91' lang='lat' dir='ltr'><strong>est,</strong></span> <span class='ocrx_word' id='word_1_866' title='bbox 3089 4759 3144 4806; x_wconf 90' lang='lat' dir='ltr'><strong>et</strong></span> <span class='ocrx_word' id='word_1_867' title='bbox 3168 4753 3282 4821; x_wconf 90' lang='lat' dir='ltr'><strong>ipse</strong></span> <span class='ocrx_word' id='word_1_868' title='bbox 3323 4769 3448 4824; x_wconf 86' lang='lat' dir='ltr'><strong>pec-</strong></span> 
     </span>
    </p>
   </div>
   <div class='ocr_carea' id='block_1_109' title="bbox 1868 4835 3452 4908">
    <p class='ocr_par' dir='ltr' id='par_1_109' title="bbox 1868 4835 3452 4908">
     <span class='ocr_line' id='line_1_112' title="bbox 1868 4835 3452 4908; baseline 0.006 -20"><span class='ocrx_word' id='word_1_869' title='bbox 1868 4841 1987 4888; x_wconf 90' lang='lat' dir='ltr'><strong>cata</strong></span> <span class='ocrx_word' id='word_1_870' title='bbox 2015 4835 2302 4888; x_wconf 87' lang='lat' dir='ltr'><strong>multorum</strong></span> <span class='ocrx_word' id='word_1_871' title='bbox 2331 4835 2473 4891; x_wconf 86' lang='lat' dir='ltr'><strong>tulit.</strong></span> <span class='ocrx_word' id='word_1_872' title='bbox 2501 4835 2569 4889; x_wconf 80' lang='lat' dir='ltr'><strong>Et</strong></span> <span class='ocrx_word' id='word_1_873' title='bbox 2597 4840 2864 4892; x_wconf 84' lang='lat' dir='ltr'><strong>mandaret</strong></span> <span class='ocrx_word' id='word_1_874' title='bbox 2903 4839 3001 4892; x_wconf 87' lang='lat' dir='ltr'><strong>sibi</strong></span> <span class='ocrx_word' id='word_1_875' title='bbox 3031 4841 3277 4908; x_wconf 89' lang='lat' dir='ltr'><strong>populum</strong></span> <span class='ocrx_word' id='word_1_876' title='bbox 3307 4860 3452 4898; x_wconf 88' lang='lat' dir='ltr'><strong>acce-</strong></span> 
     </span>
    </p>
   </div>
   <div class='ocr_carea' id='block_1_110' title="bbox 1870 4925 3446 5001">
    <p class='ocr_par' dir='ltr' id='par_1_110' title="bbox 1870 4925 3446 5001">
     <span class='ocr_line' id='line_1_113' title="bbox 1870 4925 3446 5001; baseline 0.008 -23"><span class='ocrx_word' id='word_1_877' title='bbox 1870 4925 2106 4992; x_wconf 89' lang='lat' dir='ltr'><strong>ptabilem</strong></span> <span class='ocrx_word' id='word_1_878' title='bbox 2131 4966 2144 4990; x_wconf 97' lang='lat'><strong>,</strong></span> <span class='ocrx_word' id='word_1_879' title='bbox 2178 4937 2475 4982; x_wconf 89' lang='lat' dir='ltr'><strong>sectatorem</strong></span> <span class='ocrx_word' id='word_1_880' title='bbox 2512 4928 2758 4983; x_wconf 89' lang='lat' dir='ltr'><strong>bonorum</strong></span> <span class='ocrx_word' id='word_1_881' title='bbox 2797 4945 3022 5001; x_wconf 86' lang='lat' dir='ltr'><strong>operum.</strong></span> <span class='ocrx_word' id='word_1_882' title='bbox 3067 4930 3356 5000; x_wconf 86' lang='lat' dir='ltr'><strong>Propterea</strong></span> <span class='ocrx_word' id='word_1_883' title='bbox 3386 4950 3446 4990; x_wconf 91' lang='lat' dir='ltr'><strong>sc</strong></span> 
     </span>
    </p>
   </div>
   <div class='ocr_carea' id='block_1_111' title="bbox 1866 5017 3446 5092">
    <p class='ocr_par' dir='ltr' id='par_1_111' title="bbox 1866 5017 3446 5092">
     <span class='ocr_line' id='line_1_114' title="bbox 1866 5017 3446 5092; baseline 0.006 -20"><span class='ocrx_word' id='word_1_884' title='bbox 1866 5017 2047 5086; x_wconf 90' lang='lat' dir='ltr'><strong>dedit,</strong></span> <span class='ocrx_word' id='word_1_885' title='bbox 2075 5028 2134 5073; x_wconf 94' lang='lat' dir='ltr'><strong>ut</strong></span> <span class='ocrx_word' id='word_1_886' title='bbox 2163 5033 2262 5074; x_wconf 90' lang='lat' dir='ltr'><strong>nos</strong></span> <span class='ocrx_word' id='word_1_887' title='bbox 2297 5021 2365 5075; x_wconf 91' lang='lat' dir='ltr'><strong>ab</strong></span> <span class='ocrx_word' id='word_1_888' title='bbox 2406 5021 2552 5076; x_wconf 90' lang='lat' dir='ltr'><strong>omni</strong></span> <span class='ocrx_word' id='word_1_889' title='bbox 2593 5021 2869 5092; x_wconf 87' lang='lat' dir='ltr'><strong>iniquitate</strong></span> <span class='ocrx_word' id='word_1_890' title='bbox 2911 5023 3223 5088; x_wconf 88' lang='lat' dir='ltr'><strong>mundaret;</strong></span> <span class='ocrx_word' id='word_1_891' title='bbox 3257 5042 3446 5081; x_wconf 86' lang='lat' dir='ltr'><strong>cavea-</strong></span> 
     </span>
    </p>
   </div>
   <div class='ocr_carea' id='block_1_112' title="bbox 1863 5112 3439 5182">
    <p class='ocr_par' dir='ltr' id='par_1_112' title="bbox 1863 5112 3439 5182">
     <span class='ocr_line' id='line_1_115' title="bbox 1863 5112 3439 5182; baseline 0.005 -19"><span class='ocrx_word' id='word_1_892' title='bbox 1863 5124 1984 5164; x_wconf 91' lang='lat' dir='ltr'><strong>mus</strong></span> <span class='ocrx_word' id='word_1_893' title='bbox 2009 5125 2135 5179; x_wconf 89' lang='lat' dir='ltr'><strong>ergo</strong></span> <span class='ocrx_word' id='word_1_894' title='bbox 2177 5127 2245 5166; x_wconf 90' lang='lat' dir='ltr'><strong>ne</strong></span> <span class='ocrx_word' id='word_1_895' title='bbox 2273 5112 2590 5169; x_wconf 81' lang='lat' dir='ltr'><strong>beneﬁcium</strong></span> <span class='ocrx_word' id='word_1_896' title='bbox 2619 5114 2734 5182; x_wconf 80' lang='lat' dir='ltr'><strong>ejus</strong></span> <span class='ocrx_word' id='word_1_897' title='bbox 2766 5115 2974 5169; x_wconf 91' lang='lat' dir='ltr'><strong>irritum</strong></span> <span class='ocrx_word' id='word_1_898' title='bbox 3006 5123 3059 5169; x_wconf 90' lang='lat' dir='ltr'><strong>ct</strong></span> <span class='ocrx_word' id='word_1_899' title='bbox 3088 5115 3245 5171; x_wconf 85' lang='lat' dir='ltr'><strong>inane</strong></span> <span class='ocrx_word' id='word_1_900' title='bbox 3276 5116 3439 5172; x_wconf 82' lang='lat' dir='ltr'><strong>facia-</strong></span> 
     </span>
    </p>
   </div>
   <div class='ocr_carea' id='block_1_113' title="bbox 1863 5201 3442 5273">
    <p class='ocr_par' dir='ltr' id='par_1_113' title="bbox 1863 5201 3442 5273">
     <span class='ocr_line' id='line_1_116' title="bbox 1863 5201 3442 5273; baseline 0.006 -19"><span class='ocrx_word' id='word_1_901' title='bbox 1863 5216 2000 5256; x_wconf 89' lang='lat' dir='ltr'><strong>mus.</strong></span> <span class='ocrx_word' id='word_1_902' title='bbox 2047 5201 2167 5256; x_wconf 74' lang='grc' dir='ltr'><strong>Ηωε</strong></span> <span class='ocrx_word' id='word_1_903' title='bbox 2206 5207 2410 5273; x_wconf 89' lang='lat' dir='ltr'><strong>loquere</strong></span> <span class='ocrx_word' id='word_1_904' title='bbox 2456 5213 2503 5260; x_wconf 88' lang='lat' dir='ltr'><strong>et</strong></span> <span class='ocrx_word' id='word_1_905' title='bbox 2548 5207 2834 5262; x_wconf 77' lang='lat' dir='ltr'><strong>exhortare.</strong></span> <span class='ocrx_word' id='word_1_906' title='bbox 2881 5207 3065 5262; x_wconf 92' lang='lat' dir='ltr'><strong>Omnis</strong></span> <span class='ocrx_word' id='word_1_907' title='bbox 3105 5216 3222 5263; x_wconf 92' lang='lat' dir='ltr'><strong>tuus</strong></span> <span class='ocrx_word' id='word_1_908' title='bbox 3261 5223 3442 5264; x_wconf 89' lang='lat' dir='ltr'><strong>sermo</strong></span> 
     </span>
    </p>
   </div>
   <div class='ocr_carea' id='block_1_114' title="bbox 1862 5290 3436 5368">
    <p class='ocr_par' dir='ltr' id='par_1_114' title="bbox 1862 5290 3436 5368">
     <span class='ocr_line' id='line_1_117' title="bbox 1862 5290 3436 5368; baseline 0.006 -23"><span class='ocrx_word' id='word_1_909' title='bbox 1862 5290 1915 5346; x_wconf 88' lang='lat' dir='ltr'><strong>in</strong></span> <span class='ocrx_word' id='word_1_910' title='bbox 1948 5291 2049 5347; x_wconf 90' lang='lat' dir='ltr'><strong>hoc</strong></span> <span class='ocrx_word' id='word_1_911' title='bbox 2078 5294 2377 5349; x_wconf 83' lang='lat' dir='ltr'><strong>exhortatio</strong></span> <span class='ocrx_word' id='word_1_912' title='bbox 2422 5297 2510 5350; x_wconf 89' lang='lat' dir='ltr'><strong>sit.</strong></span> <span class='ocrx_word' id='word_1_913' title='bbox 2562 5295 2627 5350; x_wconf 87' lang='lat' dir='ltr'><strong>Et</strong></span> <span class='ocrx_word' id='word_1_914' title='bbox 2670 5314 2826 5368; x_wconf 84' lang='lat' dir='ltr'><strong>argue</strong></span> <span class='ocrx_word' id='word_1_915' title='bbox 2868 5313 2984 5351; x_wconf 87' lang='lat' dir='ltr'><strong>cum</strong></span> <span class='ocrx_word' id='word_1_916' title='bbox 3023 5299 3161 5350; x_wconf 89' lang='lat' dir='ltr'><strong>omni</strong></span> <span class='ocrx_word' id='word_1_917' title='bbox 3204 5300 3436 5368; x_wconf 85' lang='lat' dir='ltr'><strong>imperio.</strong></span> 
     </span>
    </p>
   </div>
   <div class='ocr_carea' id='block_1_115' title="bbox 1861 5381 3442 5456">
    <p class='ocr_par' dir='ltr' id='par_1_115' title="bbox 1861 5381 3442 5456">
     <span class='ocr_line' id='line_1_118' title="bbox 1861 5381 3442 5456; baseline 0.005 -20"><span class='ocrx_word' id='word_1_918' title='bbox 1861 5381 2072 5438; x_wconf 84' lang='lat' dir='ltr'><strong>Acriter</strong></span> <span class='ocrx_word' id='word_1_919' title='bbox 2101 5386 2311 5455; x_wconf 85' lang='lat' dir='ltr'><strong>arguit,</strong></span> <span class='ocrx_word' id='word_1_920' title='bbox 2343 5387 2434 5456; x_wconf 89' lang='lat' dir='ltr'><strong>qui</strong></span> <span class='ocrx_word' id='word_1_921' title='bbox 2469 5387 2538 5441; x_wconf 90' lang='lat' dir='ltr'><strong>ita</strong></span> <span class='ocrx_word' id='word_1_922' title='bbox 2573 5403 2678 5443; x_wconf 90' lang='lat' dir='ltr'><strong>non</strong></span> <span class='ocrx_word' id='word_1_923' title='bbox 2707 5389 2837 5443; x_wconf 89' lang='lat' dir='ltr'><strong>vivit</strong></span> <span class='ocrx_word' id='word_1_924' title='bbox 2873 5397 2929 5442; x_wconf 94' lang='lat' dir='ltr'><strong>ut</strong></span> <span class='ocrx_word' id='word_1_925' title='bbox 2956 5389 3134 5444; x_wconf 91' lang='lat' dir='ltr'><strong>docet.</strong></span> <span class='ocrx_word' id='word_1_926' title='bbox 3185 5389 3352 5442; x_wconf 85' lang='lat' dir='ltr'><strong>Nemo</strong></span> <span class='ocrx_word' id='word_1_927' title='bbox 3395 5399 3442 5445; x_wconf 86' lang='lat' dir='ltr'><strong>te</strong></span> 
     </span>
    </p>
   </div>
   <div class='ocr_carea' id='block_1_116' title="bbox 1864 5475 3433 5548">
    <p class='ocr_par' dir='ltr' id='par_1_116' title="bbox 1864 5475 3433 5548">
     <span class='ocr_line' id='line_1_119' title="bbox 1864 5475 3433 5548; baseline 0.006 -23"><span class='ocrx_word' id='word_1_928' title='bbox 1864 5483 2169 5527; x_wconf 89' lang='lat' dir='ltr'><strong>contemnat.</strong></span> <span class='ocrx_word' id='word_1_929' title='bbox 2194 5475 2376 5529; x_wconf 84' lang='lat' dir='ltr'><strong>Talem</strong></span> <span class='ocrx_word' id='word_1_930' title='bbox 2402 5484 2450 5531; x_wconf 92' lang='lat' dir='ltr'><strong>te</strong></span> <span class='ocrx_word' id='word_1_931' title='bbox 2477 5475 2670 5532; x_wconf 77' lang='lat' dir='ltr'><strong>exhibe</strong></span> <span class='ocrx_word' id='word_1_932' title='bbox 2697 5481 2782 5546; x_wconf 90' lang='lat' dir='ltr'><strong>qui</strong></span> <span class='ocrx_word' id='word_1_933' title='bbox 2806 5479 3077 5533; x_wconf 88' lang='lat' dir='ltr'><strong>contemni</strong></span> <span class='ocrx_word' id='word_1_934' title='bbox 3110 5494 3214 5532; x_wconf 92' lang='lat' dir='ltr'><strong>non</strong></span> <span class='ocrx_word' id='word_1_935' title='bbox 3238 5480 3433 5548; x_wconf 87' lang='lat' dir='ltr'><strong>possis:</strong></span> 
     </span>
    </p>
   </div>
   <div class='ocr_carea' id='block_1_117' title="bbox 1863 5565 2995 5623">
    <p class='ocr_par' dir='ltr' id='par_1_117' title="bbox 1863 5565 2995 5623">
     <span class='ocr_line' id='line_1_120' title="bbox 1863 5565 2995 5623; baseline 0.007 -9"><span class='ocrx_word' id='word_1_936' title='bbox 1863 5565 2232 5620; x_wconf 80' lang='lat' dir='ltr'><strong>auctoritatem</strong></span> <span class='ocrx_word' id='word_1_937' title='bbox 2262 5567 2401 5620; x_wconf 88' lang='lat' dir='ltr'><strong>enim</strong></span> <span class='ocrx_word' id='word_1_938' title='bbox 2433 5568 2688 5621; x_wconf 77' lang='lat' dir='ltr'><strong>doctrina:</strong></span> <span class='ocrx_word' id='word_1_939' title='bbox 2715 5573 2819 5621; x_wconf 88' lang='lat' dir='ltr'><strong>vita</strong></span> <span class='ocrx_word' id='word_1_940' title='bbox 2849 5570 2995 5623; x_wconf 82' lang='lat' dir='ltr'><strong>iacit.</strong></span> 
     </span>
    </p>
   </div>
   <div class='ocr_carea' id='block_1_118' title="bbox 1934 5654 3432 5732">
    <p class='ocr_par' dir='ltr' id='par_1_118' title="bbox 1934 5654 3432 5732">
     <span class='ocr_line' id='line_1_121' title="bbox 1934 5654 3432 5732; baseline 0.009 -26"><span class='ocrx_word' id='word_1_941' title='bbox 1934 5654 2164 5709; x_wconf 83' lang='lat' dir='ltr'><strong>Admone</strong></span> <span class='ocrx_word' id='word_1_942' title='bbox 2211 5657 2328 5709; x_wconf 81' lang='lat' dir='ltr'><strong>illos</strong></span> <span class='ocrx_word' id='word_1_943' title='bbox 2373 5660 2684 5728; x_wconf 85' lang='lat' dir='ltr'><strong>principibus</strong></span> <span class='ocrx_word' id='word_1_944' title='bbox 2742 5670 2786 5713; x_wconf 90' lang='lat' dir='ltr'><strong>et</strong></span> <span class='ocrx_word' id='word_1_945' title='bbox 2836 5662 3165 5732; x_wconf 85' lang='lat' dir='ltr'><strong>potestatibus</strong></span> <span class='ocrx_word' id='word_1_946' title='bbox 3205 5664 3432 5719; x_wconf 86' lang='lat' dir='ltr'><strong>subditos</strong></span> 
     </span>
    </p>
   </div>
   <div class='ocr_carea' id='block_1_119' title="bbox 1862 5748 3429 5824">
    <p class='ocr_par' dir='ltr' id='par_1_119' title="bbox 1862 5748 3429 5824">
     <span class='ocr_line' id='line_1_122' title="bbox 1862 5748 3429 5824; baseline 0.005 -25"><span class='ocrx_word' id='word_1_947' title='bbox 1862 5761 1987 5813; x_wconf 85' lang='lat' dir='ltr'><strong>esse,</strong></span> <span class='ocrx_word' id='word_1_948' title='bbox 2015 5749 2148 5801; x_wconf 82' lang='lat' dir='ltr'><strong>dicto</strong></span> <span class='ocrx_word' id='word_1_949' title='bbox 2178 5748 2397 5815; x_wconf 86' lang='lat' dir='ltr'><strong>obedire,</strong></span> <span class='ocrx_word' id='word_1_950' title='bbox 2426 5751 2491 5802; x_wconf 87' lang='lat' dir='ltr'><strong>ad</strong></span> <span class='ocrx_word' id='word_1_951' title='bbox 2528 5768 2672 5804; x_wconf 88' lang='lat' dir='ltr'><strong>onme</strong></span> <span class='ocrx_word' id='word_1_952' title='bbox 2694 5768 2820 5820; x_wconf 87' lang='lat' dir='ltr'><strong>opus</strong></span> <span class='ocrx_word' id='word_1_953' title='bbox 2851 5753 3035 5807; x_wconf 82' lang='lat' dir='ltr'><strong>bonum</strong></span> <span class='ocrx_word' id='word_1_954' title='bbox 3079 5768 3282 5824; x_wconf 88' lang='lat' dir='ltr'><strong>paratos</strong></span> <span class='ocrx_word' id='word_1_955' title='bbox 3304 5773 3429 5809; x_wconf 88' lang='lat' dir='ltr'><strong>esse.</strong></span> 
     </span>
    </p>
   </div>
   <div class='ocr_carea' id='block_1_120' title="bbox 1853 5835 3432 5917">
    <p class='ocr_par' dir='ltr' id='par_1_120' title="bbox 1853 5835 3432 5917">
     <span class='ocr_line' id='line_1_123' title="bbox 1853 5835 3432 5917; baseline 0.008 -27"><span class='ocrx_word' id='word_1_956' title='bbox 1853 5835 1968 5891; x_wconf 80' lang='lat' dir='ltr'><strong>Non</strong></span> <span class='ocrx_word' id='word_1_957' title='bbox 2012 5839 2077 5892; x_wconf 89' lang='lat' dir='ltr'><strong>ad</strong></span> <span class='ocrx_word' id='word_1_958' title='bbox 2125 5839 2339 5909; x_wconf 84' lang='lat' dir='ltr'><strong>aliquod</strong></span> <span class='ocrx_word' id='word_1_959' title='bbox 2379 5841 2596 5896; x_wconf 83' lang='lat' dir='ltr'><strong>malum.</strong></span> <span class='ocrx_word' id='word_1_960' title='bbox 2634 5843 2902 5900; x_wconf 81' lang='lat' dir='ltr'><strong>Neminem</strong></span> <span class='ocrx_word' id='word_1_961' title='bbox 2941 5848 3309 5917; x_wconf 74' lang='lat' dir='ltr'><strong>blasphemare.</strong></span> <span class='ocrx_word' id='word_1_962' title='bbox 3355 5848 3432 5902; x_wconf 67' lang='lat' dir='ltr'><strong>Ne</strong></span> 
     </span>
    </p>
   </div>
   <div class='ocr_carea' id='block_1_121' title="bbox 2919 5939 2997 5999">
    <p class='ocr_par' dir='ltr' id='par_1_121' title="bbox 2919 5939 2997 5999">
     <span class='ocr_line' id='line_1_124' title="bbox 2919 5939 2997 5999; baseline 0.026 -1"><span class='ocrx_word' id='word_1_963' title='bbox 2919 5939 2997 5999; x_wconf 79' lang='lat'><strong>22</strong></span> 
     </span>
    </p>
   </div>
  </div>
