3982 6352
454 368 558 422 683

1566 356 1866 415 PRIMASH
1910 350 2361 411 ADRUIETANI
2400 350 2614 409 EPlSC.

3624 349 3743 404 684

452 481 574 535 illos
600 475 813 549 quidem
844 476 937 549 qui
964 472 1320 547 blasphemari
1353 478 1646 528 merentur.
1682 468 1806 525 Non
1837 469 2028 539 litigio-
2054 470 2112 533 Α
2136 467 2403 523 carnalem
2444 463 2829 523 hereditatem.
2862 460 3063 520 Fidelis
3103 478 3268 520 sermo
3313 473 3418 521 est:
3454 472 3503 520 et
3539 468 3605 522 de
3652 468 3745 523 Isis

453 588 537 627 sos
565 586 693 637 esse,
720 569 810 625 sed
836 567 1119 635 modestos,
1148 581 1347 621 omnem
1386 565 1705 619 ostendentes
1735 572 2035 619 mansuetu-

456 664 646 718 dinem.
677 658 964 732 Litigiosus
992 664 1168 715 autem
1198 666 1281 713 est
1301 657 1390 727 qui
1420 658 1589 712 vicem
1615 656 1889 713 reddendo
1912 670 2037 726 pro-

456 762 613 811 vocat
631 755 800 811 litem.
826 752 904 807 Ad
929 765 1101 806 omnes
1121 748 1370 805 homines.
1402 748 1517 804 Non
1542 748 1715 805 solum
1745 748 1810 805 ad
1842 748 2034 805 bonos.

459 846 684 902 Eramus
712 845 892 901 etenim
921 852 969 896 et
996 858 1107 896 nos.
1138 839 1215 897 Ne
1244 840 1593 911 desperarent
1622 840 2037 905 correctionem,

461 952 615 993 suum
641 933 890 1008 proponit
914 932 1239 1001 exemplum.
1268 931 1391 988 Sive
1420 934 1541 1001 quia
1570 940 1624 989 et
1652 946 1750 987 nos
1780 931 1913 987 tales
1938 928 2038 984 iui-

458 1042 601 1094 mus,
619 1028 714 1094 ait,
738 1025 993 1081 debemus
1008 1037 1196 1079 eorum
1220 1022 1575 1092 insipientiam
1597 1022 1735 1078 ferre
1752 1021 2035 1093 patienter.

461 1118 749 1191 Aliquando
778 1116 1070 1187 insipientes
1107 1123 1153 1171 et
1182 1115 1453 1169 increduli.
1487 1114 1786 1170 Notandum
1810 1153 1826 1179 ,
1858 1114 2042 1183 quales

462 1225 561 1265 nos
597 1208 843 1264 Christus
898 1205 1199 1270 invenerit;
1242 1213 1294 1260 ct
1333 1220 1438 1261 non
1498 1206 1563 1263 de
1602 1206 1799 1261 nostris
1837 1203 2043 1259 meritis

462 1313 864 1371 praesumamus,
890 1312 992 1354 nec
1021 1298 1088 1352 de
1111 1306 1312 1352 naturae
1341 1298 1479 1352 bono
1500 1298 1810 1366 gloriemur.
1844 1296 2041 1351 Erran-

467 1406 556 1461 tes,
576 1394 845 1448 servientes
863 1391 1129 1444 desideriis
1149 1400 1195 1443 et
1217 1389 1557 1459 voluptatibus
1582 1389 1757 1457 variis,
1772 1389 1825 1442 in
1847 1388 2043 1442 malitia

467 1495 514 1542 et
558 1485 749 1539 inuidia
795 1492 1031 1554 agentes:
1065 1481 1315 1545 odibiles,
1356 1481 1579 1534 odientes
1634 1480 1863 1534 invicem.
1911 1482 2046 1535 Ecce

468 1577 650 1648 quales
691 1589 906 1631 eramus
936 1584 1059 1628 ante
1090 1572 1314 1643 gratiam
1346 1587 1439 1641 per
1468 1570 1673 1626 arbitrii
1715 1570 2043 1625 libertatem.

470 1668 597 1723 Cum
612 1677 782 1722 autem
808 1666 1091 1738 benignitas
1114 1676 1159 1720 et
1182 1666 1471 1720 humanitas
1498 1664 1737 1736 apparuit
1763 1663 2045 1719 Saluatoris

471 1760 629 1813 nostri
652 1758 763 1813 Dei.
788 1757 1123 1824 Humanitas,
1147 1757 1257 1811 sive
1278 1754 1569 1811 secundum
1603 1756 1869 1809 hominem
1894 1751 2048 1808 Chri-

2140 558 2249 614 volo
2278 568 2325 612 te
2352 557 2686 625 conﬁrmare,
2712 563 2766 609 ut
2808 564 2985 610 curent
3022 555 3167 610 bonis
3207 556 3445 627 operibus
3482 574 3740 627 privasse,

2138 655 2224 721 qui
2262 652 2477 707 credunt
2517 649 2646 707 Deo.
2693 649 2773 705 Ad
2804 649 2944 705 bona
2980 662 3144 719 opera
3193 648 3434 707 docenda
3463 664 3737 720 praeses.

2140 742 2269 797 Ilwc
2298 751 2417 798 sunt
2441 744 2571 796 bona
2590 751 2639 795 et
2660 740 2811 796 utilia
2839 740 3148 797 hominibus.
3180 740 3327 807 Haec,
3356 755 3465 797 non
3492 756 3625 812 qua
3646 757 3739 799 se.

2139 844 2391 906 qnuntur.
2428 834 2631 892 Stultus
2651 842 2821 890 autent
2842 836 3151 905 quaestiones
3172 844 3221 889 et
3242 834 3591 905 genealogus.
3624 836 3727 892 οι

2139 927 2321 997 cupari
2367 941 2465 982 nos
2505 940 2611 982 non
2658 926 2773 981 vult
2809 926 2861 979 in
2905 925 3193 996 supera-is
3238 928 3634 996 quationibus
3677 936 3735 984 et

2141 1021 2576 1079 contentionibus
2605 1034 2724 1089 qua:
2751 1020 2820 1075 de
2847 1019 3283 1088 generationibus
3310 1019 3363 1077 in
3390 1019 3511 1089 lege
3544 1021 3735 1075 oriun-

2142 1118 2259 1176 tur;
2290 1110 2386 1166 sed
2418 1110 2533 1166 haec
2574 1109 2718 1180 loqui
2742 1124 2977 1179 semper,
3008 1109 3077 1167 de
3099 1110 3291 1180 quibus
3316 1111 3599 1180 proﬁciam
3630 1124 3731 1166 au-

2143 1200 2375 1257 dientes.
2404 1199 2472 1255 Et
2498 1201 2839 1256 contentiones
2857 1239 2875 1268 ,
2904 1209 2954 1255 et
2992 1216 3194 1271 pugnas
3222 1201 3348 1272 legis
3375 1202 3579 1257 devito:
3606 1211 3732 1257 sunt

2144 1294 2278 1348 enim
2299 1294 2502 1348 inutiles
2532 1304 2580 1349 et
2606 1310 2768 1349 panic.
2800 1294 2964 1362 Quasi
2992 1295 3425 1363 contrarietates,
3449 1311 3588 1365 quas
3611 1298 3731 1351 ιω.

2146 1384 2298 1441 retici
2329 1394 2563 1454 captant.
2593 1384 2911 1441 Hareticum
2954 1386 3211 1442 hominem
3239 1398 3350 1455 post
3384 1403 3549 1442 unum
3574 1395 3625 1442 et
3653 1404 3731 1441 se-

2148 1478 2366 1533 cundam
2390 1478 2763 1549 correptionem
2790 1477 2983 1543 devita,
3005 1478 3173 1533 sciens
3192 1477 3309 1547 quia
3342 1479 3611 1535 subversas
3656 1491 3727 1533 est

2147 1571 2233 1639 qui
2270 1571 2523 1640 ejusmodi
2544 1578 2640 1626 est.
2673 1570 2784 1628 Nec
2811 1570 2955 1635 circa
2998 1571 3145 1641 ipsos
3172 1586 3272 1627 nos
3296 1571 3412 1628 vult
3436 1575 3726 1640 occupari,

2148 1663 2237 1730 qui
2285 1662 2519 1733 correpti
2564 1663 2802 1720 secundo
2847 1678 2954 1721 non
2991 1664 3365 1733 corriguntur:
3404 1679 3475 1721 ne
3519 1674 3726 1734 tempus

2150 1757 2295 1811 inani
2327 1758 2729 1829 contemptione
2769 1760 3077 1830 perdamus.
3108 1759 3178 1816 Et
3214 1762 3489 1832 delinquit,
3521 1779 3637 1817 cuin
3668 1766 3727 1817 sit

470 1862 623 1919 stus;
656 1852 768 1907 sive
798 1850 1010 1920 largitas
1037 1850 1149 1903 Dei.
1182 1849 1302 1902 Non
1325 1865 1387 1903 ea:
1407 1848 1645 1918 operibus
1666 1848 1903 1919 justitiaz.
1935 1845 2045 1900 No-
2076 1842 2127 1904 B
2152 1852 2359 1921 proprio
2397 1852 2603 1923 judicio
2646 1852 3030 1906 condemnatus.
3073 1852 3207 1919 Quia
3239 1862 3360 1922 post
3401 1852 3638 1908 auditam
3675 1864 3726 1909 et

473 1946 727 2012 tandum,
761 1944 882 2014 quia
927 1942 1085 1997 nullis
1121 1942 1318 1996 nostris
1365 1940 1573 1995 meritis
1602 1954 1783 1995 sumus
1826 1938 2048 2006 salvati,

471 2038 564 2093 sed
620 2036 734 2093 sola
800 2034 1164 2091 misericordia
1216 2032 1631 2103 Redemptoris:
1690 2032 2053 2088 conticescant

474 2129 890 2200 praecipitatores
918 2130 1086 2199 magis
1130 2141 1288 2198 quam
1345 2126 1655 2182 defensores
1686 2126 1892 2180 arbitrii
1922 2124 2051 2181 libe-

472 2218 538 2276 ri.
576 2222 701 2288 Qute
722 2222 935 2291 fecimus
962 2235 1075 2274 nos.
1102 2218 1233 2284 Quae
1258 2232 1353 2272 nos
1384 2216 1553 2273 Judaei
1581 2215 1829 2283 fecimus;
1854 2225 2052 2287 quanto

472 2312 641 2385 magis
681 2312 942 2384 gentiles!
988 2311 1094 2365 Sed
1140 2311 1417 2364 secundum
1464 2325 1608 2363 suam
1654 2310 2054 2364 misericordiam

471 2407 635 2461 salvos
671 2420 763 2458 nos
790 2404 931 2474 fecit.
960 2401 1078 2457 Non
1127 2400 1418 2456 secundum
1449 2401 1762 2454 industriam
1792 2400 1876 2455 vel
1903 2400 2053 2455 labo-

476 2512 591 2552 rem
633 2504 917 2565 nostrum,
964 2493 1059 2551 sed
1104 2493 1398 2550 secundum
1447 2492 1867 2549 misericordiam
1912 2493 2054 2549 illius

474 2587 560 2655 qui
587 2599 685 2641 nos
713 2584 767 2640 in
806 2583 951 2656 gmni
994 2598 1158 2655 opere
1188 2582 1327 2639 bono
1355 2593 1408 2639 et
1436 2584 1694 2653 praevenit
1724 2594 1778 2639 et
1807 2598 2057 2639 consum-

475 2686 606 2733 mat.
638 2674 743 2732 Per
768 2677 1025 2731 lavacrum
1061 2675 1455 2745 regenerationis
1488 2683 1535 2727 et
1568 2675 1908 2729 renovationis
1934 2676 2056 2745 Spi-

474 2771 601 2823 ritus
630 2767 817 2833 sancti,
849 2783 997 2839 quem
1036 2764 1218 2833 effudit
1258 2768 1309 2819 in
1346 2766 1489 2820 nobis
1527 2766 1725 2820 abunde
1758 2783 1847 2837 per
1876 2765 2055 2821 Jesum

478 2856 737 2913 Christum
766 2855 1088 2913 Saluatorem
1110 2866 1361 2910 nostrum.
1395 2855 1679 2925 Plusquam
1707 2858 1759 2911 in
1787 2857 2056 2926 prioribus

474 2949 655 3017 inStis.
693 2946 760 3003 Ut
780 2947 1053 3021 justiﬁcati
1082 2948 1267 3019 gratia,
1297 2946 1457 3016 ipsius
1486 2945 1714 3000 hwredes
1734 2947 1911 3002 simus.
1950 2947 2059 3001 Ad-

476 3041 789 3098 vertendum
812 3040 954 3112 quod
982 3042 1148 3110 gratia
1171 3038 1309 3093 illius
1331 3039 1705 3108 justiticamur,
1730 3054 1835 3093 non
1859 3041 2057 3096 nostris

478 3138 701 3192 meritis.
736 3135 1033 3191 Secundum
1068 3149 1209 3203 spem
1238 3134 1349 3186 ritca
1369 3142 1592 3186 wterme.
1623 3133 1736 3188 Non
1762 3135 2055 3190 secundum

2153 1943 2419 2013 cognitam
2450 1945 2727 1999 veritatem
2755 1944 2811 1999 in
2838 1960 2933 1999 sua
2963 1945 3257 2014 pertinacia
3285 1952 3628 2014 perseverat;
3654 1946 3727 1998 lu-

2154 2034 2345 2089 niculis
2374 2035 2515 2089 enim
2566 2043 2905 2104 peccatorum
2948 2050 3169 2092 suorum
3202 2038 3573 2107 unusquisque
3606 2053 3727 2091 con-

2154 2126 2445 2195 stringitur.
2473 2125 2601 2179 Cum
2622 2127 2805 2181 misero
2826 2129 2894 2181 ad
2915 2139 2961 2182 te
2980 2129 3292 2195 Arthentam,
3318 2140 3408 2182 aut
3429 2127 3723 2198 Tychicui,

2156 2216 2341 2285 festina
2360 2217 2427 2269 ad
2452 2232 2527 2269 me
2547 2216 2715 2272 venire
2736 2216 3008 2286 Neapolim
3024 2233 3041 2273 .'
3056 2218 3123 2272 ibi
3143 2220 3276 2272 enim
3310 2221 3468 2273 statui
3489 2220 3723 2274 hiemum

2156 2306 2347 2361 Zenam
2371 2306 2497 2378 legis
2532 2309 2774 2377 peritum,
2813 2317 2863 2363 et
2891 2309 3076 2379 Apollo
3113 2310 3326 2366 sollicite
3362 2312 3648 2381 prarmitte,
3679 2324 3724 2366 st

2156 2399 2285 2451 nihil
2310 2399 2414 2452 illis
2445 2400 2595 2453 desit.
2645 2398 2712 2456 Ut
2749 2400 2880 2457 nihil
2912 2402 3134 2471 perdant
3163 2403 3231 2459 de
3273 2402 3454 2459 fructu
3478 2404 3727 2460 doctrina

2158 2489 2448 2547 tardantes.
2504 2489 2716 2545 Discant
2763 2503 2932 2547 autem
2981 2503 3029 2549 et
3076 2498 3255 2551 uestris
3300 2496 3447 2551 bonis
3505 2499 3726 2568 operiba-

2157 2598 2373 2652 prteesse
2410 2585 2478 2636 ad
2508 2600 2631 2639 usus
2675 2587 2985 2643 necessarios
3007 2626 3025 2654 ,
3053 2598 3106 2643 ut
3131 2604 3235 2643 non
3266 2590 3367 2645 sint
3404 2592 3725 2661 infructuosi.

2156 2672 2215 2728 1d
2243 2676 2343 2745 ipsi
2372 2676 2567 2746 repetit
2591 2718 2606 2743 ,
2634 2677 2777 2748 quod
2807 2680 3052 2750 superius
3081 2682 3305 2739 dixerat.
3346 2684 3555 2740 Carent
3582 2686 3729 2741 bonis

2157 2768 2410 2838 operibus
2455 2782 2685 2839 praeesse
2721 2770 2810 2840 qui
2852 2775 3076 2828 credunt
3115 2773 3250 2829 Deo.
3296 2774 3545 2832 Salutant
3573 2787 3623 2832 te
3651 2778 3731 2845 qui

2158 2875 2354 2913 mecum
2381 2872 2496 2917 sunt
2524 2877 2717 2916 omnes.
2758 2862 2947 2919 Saluta
2974 2882 3059 2919 eos
3092 2866 3181 2935 qui
3212 2881 3304 2920 nos
3322 2878 3496 2922 ainant
3521 2870 3578 2923 in
3604 2870 3729 2937 ﬁde.

2158 2950 2342 3006 Gratia
2372 2951 2461 3008 Dei
2488 2969 2600 3007 cum
2628 2955 2861 3011 omnibus
2888 2958 3047 3013 vobis.
3071 2959 3257 3015 Amen.
3282 2959 3430 3028 Vere,
3458 2961 3727 3018 siveldo-

2160 3047 2301 3102 liter.
2333 3048 2539 3117 Scripta
2567 3050 2635 3104 de
2659 3048 2923 3119 Nicopoli.

934 3387 1089 3471 AD
1155 3385 1949 3477 PHILEMONEM
2001 3387 2560 3475 EPISTOLA
2614 3390 2863 3476 DIVI
2914 3393 3298 3477 PAULI.

1020 3608 1525 3666 ARGUMENTUM.

487 3702 785 3759 Philemoni
812 3701 1092 3771 familiares
1133 3703 1327 3754 litteras
1354 3703 1483 3771 facit
1513 3718 1605 3771 pro
1644 3702 1884 3760 Onesimo
1925 3723 2065 3763 servo

653 3772 784 3841 ejus,
813 3769 986 3823 scribit
1009 3779 1179 3825 autem
1208 3771 1252 3825 ei
1284 3788 1314 3822 a
1342 3769 1596 3825 Romade
1628 3789 1849 3830 carcere.

561 3885 761 3940 Paulus
803 3886 1000 3938 vinctus
1037 3882 1163 3938 Jesu
1212 3884 1435 3947 Christi,
1471 3894 1518 3937 et
1562 3885 1871 3944 Titnothwus
1908 3893 2067 3958 frater

494 3976 787 4031 Philemoni
826 3974 1011 4029 dilecto
1039 3983 1084 4029 et
1120 3975 1349 4046 adjutori
1393 3987 1594 4038 nostro,
1630 3987 1675 4031 et
1704 3979 1880 4047 Appia:
1904 3982 2069 4034 sorori

495 4072 837 4127 charissima.
866 4071 922 4127 ln
956 4069 1244 4139 Evangelio
1288 4079 1402 4124 erat
1433 4069 1664 4139 adjutor.
1696 4070 1869 4138 Appia
1901 4086 2027 4125 vero
2050 4109 2067 4137 ,

494 4167 577 4221 vel
608 4178 760 4220 soror
788 4162 1020 4219 creditur
1049 4162 1161 4230 eius
1193 4176 1346 4226 esse,
1378 4162 1462 4216 vel
1494 4164 1709 4230 conjux.
1753 4160 1817 4215 Et
1852 4162 2070 4231 Archip-

494 4273 560 4325 po
585 4255 919 4311 commilitoni
961 4261 1160 4320 nostro,
1198 4263 1242 4308 et
1286 4251 1532 4309 Ecclesia:
1570 4267 1682 4318 qua:
1709 4253 1761 4307 in
1795 4252 1944 4306 domo
1985 4262 2072 4305 tua

494 4356 588 4404 est.
617 4346 795 4402 Gratia
819 4347 976 4409 vobis.
1010 4355 1055 4400 et
1079 4363 1180 4416 pas;
1207 4362 1239 4398 a
1272 4346 1375 4399 Deo
1412 4345 1565 4399 Patre
1586 4353 1757 4401 nostra
1786 4356 1829 4399 et
1854 4344 2071 4399 Domino

498 4440 623 4495 Jesu
658 4436 881 4493 Christo.
915 4438 1215 4506 Archippus
1249 4437 1334 4493 vel
1363 4440 1647 4508 episc0pus
1675 4448 1814 4505 erat,
1848 4437 1932 4492 vel
1962 4437 2073 4490 dia-

499 4544 695 4587 conus:
725 4530 792 4584 de
829 4543 935 4597 quo
962 4528 1025 4582 ad
1056 4530 1405 4585 Colossenses
1434 4532 1541 4586 ait:
1576 4532 1745 4586 Dicite
1774 4529 2071 4599 Arcbippo:

504 4618 636 4673 Vide
680 4617 1032 4672 ministerium
1061 4619 1200 4687 quod
1247 4621 1535 4689 accepisti,
1576 4629 1634 4675 ut
1661 4621 1787 4675 illud
1828 4620 2068 4689 impleas.

505 4710 709 4765 Gratias
737 4724 832 4778 ago
874 4706 980 4762 Deo
1008 4726 1143 4774 meo,
1192 4726 1387 4779 semper
1418 4712 1715 4765 memoriam
1744 4711 1817 4763 tui
1862 4714 2071 4778 faciens,

500 4803 554 4856 in
586 4798 897 4854 orationibus
921 4799 1062 4853 meis.
1095 4798 1226 4854 Cum
1258 4801 1450 4871 gaudio
1474 4808 1589 4853 orat
1616 4814 1709 4866 pro
1731 4798 1828 4853 eis.
1857 4800 2076 4854 Audiens

503 4890 798 4945 charitatem
820 4898 977 4954 tuam,
1001 4900 1047 4942 et
1074 4890 1225 4958 fidem
1264 4906 1414 4958 quam
1433 4888 1586 4942 habes
1611 4889 1665 4942 in
1686 4887 1900 4943 Domino
1927 4888 2071 4946 Iesu.

2088 3617 2136 3682 C
2167 3625 2270 3670 tam
2297 3616 2541 3683 fiduciam
2571 3616 2808 3670 habentes
2837 3617 2889 3670 in
2922 3616 3126 3672 Christo
3165 3615 3309 3671 Iesu.
3344 3614 3485 3671 Cum
3512 3616 3739 3672 chartas

2170 3719 2256 3762 tua
2287 3708 2441 3763 nobis
2469 3708 2714 3763 ﬁduciam
2744 3708 2951 3766 dederit
2994 3711 3313 3782 imperandi,
3345 3719 3530 3767 tamen
3558 3712 3738 3767 malui-

2168 3816 2287 3857 mus
2324 3802 2631 3858 obsecrare.
2669 3801 2968 3874 Imperandi
2990 3808 3076 3861 tibi
3106 3808 3243 3878 quod
3266 3809 3334 3861 ad
3364 3824 3471 3862 rem
3511 3809 3741 3878 pertinet,

2168 3903 2377 3963 propter
2406 3896 2725 3949 charitatem.
2771 3896 2920 3963 Quod
2952 3897 3017 3951 ad
3058 3913 3167 3952 rem
3200 3899 3432 3967 pertinet
3474 3898 3744 3955 charitatis

2169 3984 2504 4045 Christianae.
2550 3988 2717 4059 Magis
2757 3992 2993 4056 obsecro,
3035 4006 3148 4044 cum
3183 3992 3428 4059 sistatis,
3476 4002 3534 4046 ut
3560 3991 3746 4046 Paulus

2170 4094 2359 4135 senex:
2390 4096 2525 4133 nunc
2563 4089 2729 4134 autem
2772 4090 2820 4136 et
2856 4082 3047 4137 vinctus
3082 4082 3209 4138 Iesu
3252 4082 3442 4139 Christi
3477 4085 3683 4139 obsecro
3708 4092 3749 4138 te

2173 4185 2264 4237 pro
2286 4186 2395 4224 meo
2412 4172 2539 4240 ﬁlio,
2566 4188 2709 4238 quem
2731 4175 2881 4243 genui
2901 4176 2953 4227 in
2982 4176 3193 4229 vinculis
3217 4174 3482 4232 Onesima.
3504 4176 3563 4231 ln
3589 4178 3751 4231 omni-

2172 4259 2270 4314 bus
2310 4262 2437 4314 mihi
2474 4264 2786 4318 consimilis.
2834 4264 2932 4329 Qui
2971 4264 3057 4319 tibi
3090 4265 3369 4335 aliquando
3397 4269 3601 4321 inutilis
3628 4269 3747 4337 fuit,

2175 4367 2309 4406 nunc
2355 4361 2525 4407 autem
2569 4365 2614 4409 et
2646 4357 2773 4423 tibi,
2803 4367 2851 4412 et
2881 4358 3007 4411 mihi
3051 4359 3190 4412 utilis
3233 4376 3379 4427 quem
3424 4361 3605 4415 remisi
3648 4360 3746 4413 tibi.

2176 4442 2399 4510 Quando
2427 4452 2543 4500 erat
2584 4447 2833 4501 carnalis.
2864 4447 2945 4502 Tu
2973 4459 3140 4503 autem
3169 4450 3315 4504 illum
3343 4462 3398 4505 ut
3427 4466 3543 4506 mea
3574 4453 3752 4505 viscera

2175 4536 2391 4605 suscipe.
2428 4535 2481 4590 Id
2512 4546 2593 4592 est
2617 4538 2804 4593 tilium.
2836 4540 2996 4606 Quem
3024 4555 3115 4609 ego
3142 4542 3397 4595 volueram
3426 4558 3626 4595 mecum
3672 4543 3752 4594 de-

2176 4624 2355 4694 tinere,
2389 4634 2445 4679 ut
2475 4643 2568 4694 pro
2598 4637 2643 4682 te
2671 4632 2796 4682 mihi
2820 4632 3131 4685 ministraret
3159 4633 3213 4685 in
3234 4632 3449 4687 vinculis
3473 4631 3751 4705 Evangelii.

2179 4716 2254 4769 Ex
2294 4717 2393 4769 hoc
2420 4731 2685 4787 cognosce
2725 4723 2896 4789 qualis
2934 4724 3002 4777 sit
3040 4725 3127 4793 qui
3174 4723 3301 4778 mihi
3340 4723 3410 4778 ita
3451 4725 3669 4793 placuit,
3706 4732 3774 4778 ut'

2176 4806 2458 4863 crederent
2500 4824 2619 4865 eum
2664 4827 2821 4880 posse
2862 4829 2958 4883 pro
3002 4824 3054 4869 te
3092 4815 3221 4870 mihi
3262 4816 3591 4873 ministrare.
3638 4817 3756 4872 Sine

2178 4903 2391 4955 consilio
2416 4913 2586 4956 autem
2626 4914 2709 4959 tuo
2739 4906 2866 4960 nihil
2903 4906 3041 4961 uolui
3068 4912 3255 4979 facere.
3295 4910 3368 4962 Ita
3410 4908 3678 4977 loquitur,
3708 4914 3762 4960 ut

506 4982 639 5050 008
669 4980 823 5037 bonis
852 4982 1102 5051 operibus
1131 4982 1436 5036 innotescit.
1470 4980 1535 5034 El
1565 4982 1618 5036 in
1644 4997 1818 5036 omnes
1850 4992 2071 5038 sanctos.
2099 4985 2153 5045 D
2178 5008 2299 5049 eum
2347 4994 2411 5047 ad
2461 4996 2630 5063 ipsum
2679 4997 2916 5052 remittat
2936 5038 2951 5063 ,
2983 4999 3095 5054 sive
3124 5008 3180 5053 αι
3223 4999 3392 5069 magis
3418 4999 3536 5069 ejus
3566 4998 3763 5053 utilitas

507 5072 606 5139 Qui
635 5071 806 5140 diligit
831 5080 1023 5140 caput,
1057 5080 1267 5139 oportet
1302 5087 1422 5126 eum
1468 5071 1644 5125 omnia
1691 5073 1926 5128 membra
1954 5074 2076 5128 dili-

502 5179 648 5235 gere.
682 5163 748 5219 Ut
789 5164 1180 5218 communicatio
1219 5163 1339 5232 ﬁdei
1370 5172 1471 5218 tute
1500 5164 1700 5219 evidens
1725 5166 1817 5236 fiat
1849 5166 1902 5220 in
1931 5167 2079 5239 agni-

506 5256 640 5309 tione
664 5256 826 5310 omnis
857 5255 1023 5324 operis
1050 5255 1168 5308 boni
1194 5256 1247 5308 in
1272 5255 1408 5309 vobis
1427 5296 1441 5322 ,
1465 5258 1519 5310 in
1548 5256 1749 5312 Christo
1780 5256 1925 5314 Jesu.
1953 5260 2079 5317 Sive

507 5349 608 5403 hoc
633 5361 749 5416 oro,
782 5356 839 5402 ut
877 5363 1038 5418 opera
1071 5356 1159 5401 tua
1189 5348 1241 5402 in
1276 5346 1489 5404 Christo
1525 5351 1838 5406 clarescant.
1871 5351 2074 5408 Aliter:

509 5440 708 5501 Omnes
735 5440 908 5511 diligit
936 5449 1150 5497 sanctos
1180 5440 1235 5495 in
1262 5449 1483 5509 tantum,
1521 5451 1577 5496 ut
1600 5458 1784 5498 omnes
1815 5446 1951 5499 inter
1982 5459 2079 5501 nos

511 5534 634 5587 boni
661 5534 715 5587 in
744 5532 959 5587 Christo
986 5531 1260 5587 evidenter
1288 5544 1579 5602 agnoscant
1611 5544 1663 5588 te
1692 5549 1811 5589 esse
1843 5536 2074 5593 ﬁdelem.

510 5623 771 5678 Gaudium
814 5626 947 5679 enim
989 5640 1229 5695 magnum
1268 5625 1459 5692 habui,
1504 5635 1549 5679 et
1592 5628 1984 5684 consolationem
2026 5632 2079 5684 in

509 5716 757 5772 charitate
783 5728 894 5785 tua,
924 5720 1045 5790 quia
1076 5720 1268 5775 uiscera
1295 5730 1587 5775 sanctorum
1616 5722 1959 5790 requieverunt
1994 5740 2081 5795 per

512 5815 575 5874 te,
610 5810 785 5877 frater.
813 5810 955 5876 Quos
978 5808 1209 5880 hospitio
1232 5810 1500 5880 recepisti.
1535 5809 1754 5880 Propter
1781 5815 1919 5881 quod
1946 5818 2081 5871 mul-

2184 5074 2610 5151 éonimendctur.
2644 5088 2729 5141 Uti
2758 5106 2819 5143 ne
2843 5089 2972 5144 velut
3002 5108 3065 5145 ea:
3099 5093 3390 5147 necessitate
3411 5095 3604 5146 bonum
3631 5101 3767 5146 tuum

2184 5186 2331 5242 esset,
2358 5177 2447 5231 sed
2478 5180 2853 5235 voluntarium:
2878 5182 3095 5251 forsitan
3132 5185 3266 5237 enim
3306 5186 3421 5238 ideo
3449 5186 3680 5239 discessit
3705 5184 3769 5237 ad

2187 5271 2365 5324 horam
2389 5287 2421 5325 a
2450 5280 2498 5339 te
2521 5316 2535 5339 ,
2575 5281 2629 5325 ut
2667 5282 2909 5327 teter-num
2944 5274 3095 5329 illum
3134 5276 3404 5345 reciperes,
3424 5278 3538 5352 jam
3576 5292 3683 5331 non
3722 5285 3771 5329 at

2185 5375 2399 5415 servum.
2426 5363 2539 5418 Non
2579 5364 2720 5419 enim
2754 5365 2864 5434 jam
2897 5368 3047 5437 quasi
3088 5382 3153 5423 ex
3188 5370 3507 5424 necessitate
3547 5369 3769 5435 serviet,

2189 5451 2281 5505 sed
2312 5451 2660 5509 voluntarius.
2695 5454 2802 5510 Sed
2829 5471 2922 5526 pro
2960 5474 3106 5512 servo
3144 5460 3501 5514 charissimam
3529 5461 3771 5529 fratrem,

2188 5547 2408 5601 maxime
2436 5548 2592 5601 mihi:
2622 5558 2811 5615 quanto
2835 5560 3003 5603 autem
3026 5552 3186 5625 magis
3216 5553 3305 5607 tibi
3329 5562 3377 5607 et
3397 5553 3449 5606 in
3471 5567 3625 5606 carne
3653 5562 3701 5605 et
3723 5553 3775 5605 in

2192 5636 2446 5691 Domino!
2471 5639 2569 5693 Cui
2605 5650 2657 5695 et
2683 5642 2991 5708 carnaliter,
3020 5652 3073 5697 et
3110 5644 3401 5700 secundum
3432 5645 3580 5715 quod
3608 5646 3777 5701 credi.

2188 5727 2285 5791 dit,
2315 5728 2473 5783 debet
2497 5729 2833 5798 obsequium.
2865 5732 2925 5788 Si
2956 5749 3076 5802 ergo
3104 5734 3258 5789 habes
3290 5750 3369 5790 me
3404 5738 3623 5804 socium,
3656 5752 3775 5789 sus-

2186 5821 2294 5887 cipe
2317 5822 2461 5875 illum
2498 5822 2627 5876 sicut
2664 5839 2775 5889 me;
2803 5827 2846 5880 si
2885 5836 3056 5881 autem
3106 5826 3306 5897 aliquid
3341 5830 3514 5884 nocuit
3554 5828 3643 5883 tibi
3679 5834 3772 5880 aut
