3982 6352
289 315 396 385 6,85

1159 335 1221 390 ΙΝ
1266 337 1643 396 ΕΡΙδΤΟιΑΜ
1685 344 1776 397 AD
1816 345 2149 405 llEBR/EOS
2188 353 2702 416 COMMEN‘I'ARIA.

3453 382 3551 435 (536

241 475 250 497 ι
284 435 450 503 delt“.
475 437 572 502 hoc.
591 441 718 504 mihi
741 443 952 513 imputo.
984 445 1297 518 EgoPautus
1324 454 1504 520 scripsi
1531 470 1641 509 mea
1669 473 1824 513 manu
1845 476 1864 514 :
1897 462 1950 522 Α
1971 479 2091 516 nam
2119 482 2266 533 spero
2306 485 2393 537 per
2423 476 2673 529 oratione;
2707 488 2899 534 υεεγναε
2942 483 3126 539 dona"-
3152 504 3228 542 ,ηε
3264 491 3422 548 vobis.
3452 494 3552 554 me

287 542 372 554 4.”.
403 528 610 554 νηλέι-μ.
687 542 738 554 -.ι
764 551 790 554 --
809 551 858 554 ___
900 537 967 554 Jm
1088 539 1139 554 ,ιι
1161 539 1172 552 ο
1372 542 1382 554 ι
1445 553 1449 554 ,
1490 553 1495 554 ,
1537 544 1549 554 .
1796 549 1829 554 --
1854 552 1861 554 Α

281 542 373 591 ego
402 528 614 592 reddam
637 572 653 596 ,
684 542 739 595 ut
761 551 863 590 non
889 537 1054 590 dicant
1083 539 1204 606 tibi,
1246 542 1382 611 quod
1407 553 1453 598 st
1481 544 1698 616 teipsum
1736 549 1862 603 mihi

241 604 244 606 ’
282 617 450 674 ιίμιιεε.
485 617 573 684 Ito
596 625 791 690 frater;
824 641 916 696 ego
961 636 1006 680 te
1040 604 1198 697 fruar
1224 632 1277 686 in
1306 633 1562 692 Domino:
1601 637 1753 705 reﬁce
1788 641 1868 694 vi-

281 721 422 762 scum
444 726 554 772 mea
570 713 623 774 in
644 712 881 772 Domino.
902 717 1174 786 Conﬁdens
1191 722 1253 776 de
1269 723 1553 782 obedientia
1578 737 1664 784 tua
1682 731 1866 800 scripsi

282 796 372 850 tibi
392 839 406 864 ,
437 801 598 855 sciens
637 808 876 871 quoniam
912 818 958 863 et
991 825 1140 880 super
1180 813 1234 865 id
1264 816 1399 882 quod
1442 815 1558 870 dico
1589 818 1764 894 facies.
1788 796 1853 878 'Si

284 901 370 942 me
389 887 587 960 diligis,
605 893 683 948 sic
697 895 845 960 illum
868 901 1095 970 suscipe,
1126 903 1266 960 sicut
1283 919 1400 961 me:
1429 908 1553 975 quia
1572 887 1671 979 ego
1696 910 1851 966 illum

282 975 452 1044 habeo
478 980 615 1038 sicut
639 999 744 1052 me.
776 986 947 1048 Simul
970 1001 1139 1048 autem
1163 1000 1211 1048 et
1236 1011 1362 1062 pars
1385 997 1512 1054 mihi
1539 975 1847 1067 hospitium;

293 1096 2133 1137 Ἢ

1970 557 2286 626 ostenditur,
2330 564 2454 630 quia
2483 567 2651 634 prima
2692 570 2806 626 vice
2836 574 2902 628 de
2935 576 3062 632 urbe
3094 582 3287 635 missus
3313 595 3414 639 est.
3447 588 3548 641 Sa-

1973 644 2102 700 lutat
2147 658 2194 703 te
2232 649 2504 722 Epaphras
2537 663 2861 729 concaptivus
2899 683 3039 724 meus
3077 673 3128 725 in
3156 673 3352 731 Christo
3383 677 3552 747 Iesu;

1978 735 2208 807 Marcus,
2240 742 2583 812 Aristarchus,
2613 750 2799 808 Demus
2832 766 2878 808 et
2919 757 3111 825 Lucos,
3143 766 3403 835 adjutores
3429 773 3548 827 moi.

1983 825 2164 883 Gratia
2192 829 2403 888 Domini
2442 845 2600 893 nostri
2635 842 2761 897 Jesu
2790 845 2979 905 Christi
3005 867 3124 907 cum
3160 825 3350 926 spiritu
3374 872 3538 918 vestro

1967 915 2146 970 Amen.
2177 917 2386 990 Scripta
2417 926 2483 982 ab
2513 929 2642 986 urbe
2673 932 2864 990 Roma.

2137 1127 2505 1145 —_~

2753 1171 3108 1192 Ἥ

844 1223 996 1324 ΑΙ)
1047 1223 1609 1326 ΗΕΒΒΕΟΒ
1665 1232 1855 1316 DIV

1975 1238 2330 1326 PAULI
2379 1247 2935 1346 EPISTOLA
2953 1325 2971 1344 .

875 1456 1260 1515 PREFATIO.

351 1546 409 1602 In
456 1545 766 1616 primordiis
803 1549 965 1620 huius
1017 1553 1261 1622 epistolas
1298 1553 1583 1611 dicendum
1627 1567 1709 1612 est
1737 1573 1855 1629 quae

279 1652 438 1694 causa
463 1639 721 1696 exstiterit
741 1656 846 1702 cur
869 1645 1146 1712 apostolus
1168 1645 1362 1702 Paulus
1388 1663 1590 1704 morem
1617 1663 1770 1705 suum
1799 1652 1852 1706 in

278 1731 382 1784 hae
404 1732 631 1802 epistola
659 1748 771 1789 non
793 1736 1118 1792 servaverit:
1149 1738 1398 1794 videlicet
1427 1749 1486 1795 ut
1511 1741 1596 1796 vel
1621 1742 1851 1797 vocabu-

279 1821 389 1876 lum
423 1823 653 1879 nominis
679 1825 783 1892 sui,
815 1826 899 1880 vel
927 1827 1131 1884 ordinis
1157 1827 1486 1886 describeret
1512 1830 1847 1901 dignitatem.

279 1915 406 1970 Haec
433 1915 594 1985 igitur
621 1930 780 1972 causa
810 1920 1030 1984 exstitit,
1062 1920 1203 1990 quod
1228 1935 1345 1976 eam
1367 1923 1592 1987 nomine
1614 1939 1712 1978 suo
1741 1940 1847 1980 non

278 2007 548 2062 titulavit?
571 2009 692 2077 quia
712 2008 910 2066 ludatis
938 2011 1202 2066 scribebat
1226 2014 1337 2066 suis
1361 2014 1635 2080 fratribus,
1657 2018 1850 2087 quibus

278 2098 496 2154 odiosus
518 2110 653 2166 erat,
681 2115 747 2156 eo
771 2101 910 2171 quod
937 2103 1428 2170 circumcisionem,
1461 2118 1512 2162 et
1542 2108 1844 2175 sabbatum,

277 2199 332 2244 et
371 2191 631 2246 sacriﬁcia
660 2201 852 2250 calere
875 2237 890 2263 ,
921 2209 1041 2266 qute
1075 2197 1158 2251 lex
1198 2199 1452 2268 praecepit
1491 2201 1843 2266 observanda,

277 2280 393 2349 ipse
419 2282 633 2337 doceret
655 2298 764 2338 non
783 2285 981 2341 debere
1004 2289 1292 2344 carnaliter
1311 2291 1584 2346 observari
1609 2302 1724 2360 post
1752 2293 1848 2346 do-

277 2371 526 2426 minicam
555 2375 880 2443 passionem.
911 2376 1041 2432 Nam
1071 2378 1147 2432 illi
1176 2381 1265 2449 qui
1295 2380 1630 2438 crediderant
1651 2383 1839 2450 Judaei,

275 2465 666 2520 contendebant
694 2476 979 2538 utrumque
1011 2477 1215 2536 tenere,
1243 2471 1499 2540 baptizari
1526 2474 1729 2529 scilicet
1759 2489 1846 2530 se-

274 2556 506 2609 cundum
532 2556 752 2626 gratiam
786 2559 1054 2630 Evangelii
1098 2571 1153 2617 et
1184 2565 1492 2620 circumcidi
1520 2607 1533 2630 ,
1562 2568 1841 2624 sabbatum

273 2659 483 2714 quoque
509 2647 794 2705 observare
831 2652 1125 2709 secundum
1155 2654 1288 2724 legis
1319 2668 1664 2726 praeceptum.
1701 2659 1842 2726 Qua-

275 2746 492 2805 propter
517 2739 560 2791 si
591 2739 855 2807 posuisset
882 2756 1076 2798 nomen
1105 2757 1259 2800 suum
1290 2747 1579 2817 Apostolus
1606 2751 1659 2805 in
1686 2767 1844 2808 exor-

273 2824 362 2879 dio
389 2825 548 2896 huius
592 2829 879 2901 Epistula,
909 2841 1123 2904 poterat
1162 2838 1378 2894 evenire
1417 2848 1474 2894 ut
1501 2841 1619 2910 ejus
1665 2843 1842 2898 aemuli

272 2930 467 2974 nomen
497 2919 640 2974 illius
667 2922 721 2977 in
751 2925 924 2994 prima
961 2925 1137 2983 fronte
1165 2929 1400 2999 legentes
1426 2933 1843 3003 dedignarcntur

270 3020 389 3061 eam
437 3012 710 3080 recipere,
753 3015 937 3085 sicque
979 3018 1178 3075 utilitas
1225 3021 1467 3079 lectionis
1515 3026 1834 3083 differretur.

269 3095 472 3153 Nomen
499 3110 675 3158 autem
719 3101 1054 3175 apostolatus
1084 3111 1284 3167 idcirco
1321 3129 1427 3169 non
1458 3119 1667 3185 posuit,
1707 3134 1839 3189 quo-

269 3189 412 3244 niam
438 3191 554 3262 ipse
582 3197 854 3264 apostolus
887 3203 1124 3269 gentium
1163 3206 1516 3273 constitutus,
1551 3210 1593 3262 si
1625 3213 1836 3266 nomine

270 3283 595 3351 apostolatus
621 3289 704 3342 sui
747 3292 1092 3360 prtetitularet
1132 3297 1408 3364 epistolam
1453 3304 1518 3356 ad
1565 3316 1659 3357 eos
1695 3305 1836 3360 dire-

268 3383 429 3441 ctam,
466 3391 663 3434 vocans
690 3395 749 3436 se
775 3385 1072 3452 apostolum
1096 3429 1110 3453 ,
1146 3389 1418 3445 videretur
1456 3392 1561 3447 illis
1590 3393 1833 3465 fortasse,

268 3465 411 3534 quod
440 3481 500 3522 se
525 3469 686 3526 vellet
709 3473 966 3541 praeferre
991 3479 1234 3548 apostolo
1266 3482 1441 3548 Petro,
1470 3484 1559 3550 qui
1585 3486 1837 3559 princeps

268 3557 479 3612 illorum
508 3571 676 3617 erata
707 3564 931 3624 Domino
951 3571 1246 3639 ordinatus,
1270 3574 1406 3630 sicut
1433 3578 1570 3633 idem
1594 3583 1836 3653 egregius

269 3649 582 3718 praedicator
611 3655 718 3710 alio
741 3656 796 3711 in
843 3659 959 3715 loco
997 3661 1160 3718 dicit:
1196 3665 1294 3731 Qui
1323 3677 1572 3736 operatus
1597 3649 1678 3726 est
1711 3649 1837 3740 (vin-

267 3741 476 3812 quiens)
505 3743 664 3805 Petro
685 3747 741 3802 in
767 3753 1121 3818 apostolatum
1163 3759 1610 3830 circumcisionis,
1641 3779 1835 3835 opera-

267 3837 352 3886 tus
372 3841 455 3886 est
475 3843 532 3889 et
551 3837 681 3891 mihi
701 3838 840 3894 inter
859 3851 1065 3910 gentes.
1087 3843 1354 3904 Fortassis
1375 3851 1538 3907 etiam
1562 3855 1832 3911 dicerent:

265 3925 400 3993 Quid
430 3937 512 3983 est
537 3931 678 4000 quod
707 3932 898 3990 Paulus
919 3938 1109 3994 doctor
1127 3945 1362 4011 gentium
1392 3948 1606 4015 praefert
1629 3965 1687 4004 se
1707 3965 1838 4021 apo-

264 4019 414 4074 stolis
443 4024 636 4078 nostris
661 4025 819 4081 Petro
838 4038 893 4082 et
917 4030 1142 4086 Jacobo?
1171 4038 1345 4092 scriba
1371 4041 1433 4093 iis
1464 4041 1672 4111 quibqu
1693 4019 1837 4098 ordi-

264 4122 419 4168 natus
448 4123 532 4170 est
558 4118 863 4186 apostolus:
893 4137 1014 4176 nam
1044 4125 1241 4195 scripta
1280 4141 1582 4185 nostrorum
1613 4146 1831 4202 apostuo

265 4200 438 4258 lorum
463 4220 563 4261 nos
583 4207 793 4266 abunde
817 4223 1040 4281 possunt
1062 4217 1274 4273 docere.
1307 4221 1422 4286 Quo
1446 4222 1583 4278 facto
1605 4200 1838 4283 ostendit

264 4305 322 4347 se
349 4309 455 4352 non
491 4296 737 4366 ignorare
780 4301 991 4359 illorum
1022 4310 1324 4377 superbiam
1355 4314 1656 4383 pariterque
1685 4334 1832 4374 suam

263 4385 504 4440 exhibuit
531 4389 903 4447 humilitatem.
933 4393 1107 4450 Simili
1147 4399 1307 4454 modo
1339 4401 1495 4456 etiam
1522 4415 1576 4457 et
1605 4407 1836 4463 Joannes

262 4477 533 4544 apostolus
571 4495 728 4534 causa
770 4484 1084 4542 humilitatis
1127 4490 1349 4561 ejusque
1382 4496 1601 4548 rationis
1640 4513 1834 4555 nomen

263 4580 418 4620 suum
448 4568 500 4623 iu
531 4570 757 4638 epistola
787 4588 880 4628 sua
927 4582 1280 4645 praetermisit.

269 4656 504 4722 quidam,
536 4661 674 4727 quod
707 4673 1004 4734 propterea,
1047 4673 1164 4740 quia
1198 4673 1463 4730 Christum
1491 4688 1607 4733 erat
1641 4679 1694 4733 in
1724 4684 1834 4752 cpi-

263 4746 399 4800 stola
430 4752 796 4810 nominaturus
825 4758 1132 4830 Apostolus,
1165 4765 1662 4827 dicens:llabemus
1689 4779 1830 4831 Pon-

263 4836 458 4893 tiﬁcum
483 4851 536 4896 et
565 4842 876 4912 Apostolum
922 4854 1270 4910 confessionis
1309 4869 1504 4916 nostrae
1535 4863 1712 4920 Jesum
1746 4868 1828 4936 Ju-

261 4936 422 4994 stum,
467 4934 696 4992 noluerit
739 4953 931 4997 nomen
958 4949 1287 5013 apostolatus
1329 4953 1410 5006 sui
1441 4954 1493 5008 in
1538 4934 1828 5024 primordio

259 5021 418 5095 hujus
454 5031 700 5097 epistolas
731 5049 948 5104 ponere.
991 5040 1106 5095 Non
1134 5044 1275 5098 enim
1318 5021 1606 5118 congruum
1637 5055 1785 5108 duxit
1814 5098 1826 5120 ,

260 5121 318 5167 ut
344 5115 433 5170 ubi
451 5114 721 5175 Christum
751 5124 990 5183 dicturus
1009 5139 1125 5184 erat
1154 5114 1488 5203 Apostolum,
1517 5141 1644 5196 inihi
1668 5114 1825 5201 etiam

258 5219 317 5261 se
345 5213 642 5277 apostolum
691 5218 1028 5289 nominaret,
1075 5227 1410 5298 maximeque
1440 5233 1492 5287 in
1539 5236 1726 5304 titulo;
1763 5257 1829 5296 ne

257 5295 525 5356 videretur
551 5299 771 5362 cuilibet
813 5311 1064 5378 praeferre
1106 5330 1164 5372 se
1200 5319 1430 5377 Christo.
1467 5324 1612 5382 lianc
1650 5342 1826 5388 autem

256 5387 464 5452 quidam
495 5391 678 5449 dicunt
701 5412 821 5453 esse
852 5402 1130 5472 Barnabas,
1154 5409 1366 5478 quidam
1395 5413 1573 5486 Lucae,
1610 5422 1824 5491 quidam

254 5473 540 5538 Clementis
563 5523 578 5551 ,
611 5487 850 5546 dicentes
876 5533 890 5557 ,
940 5473 1189 5564 quoniam
1223 5504 1268 5558 si
1319 5506 1465 5562 Pauli
1499 5473 1640 5568 esse;
1661 5555 1678 5582 ,
1712 5517 1825 5585 ipse

255 5570 434 5640 utique
475 5590 625 5633 more
654 5581 812 5637 solito
833 5627 847 5652 ,
894 5587 1030 5643 sicut
1060 5591 1114 5645 in
1142 5593 1264 5650 aliis
1287 5636 1302 5662 ,
1333 5597 1406 5653 ita
1433 5602 1593 5658 etiam
1641 5607 1694 5659 in
1725 5610 1820 5662 ista

253 5676 445 5718 nomen
475 5681 628 5723 suum
659 5686 1020 5744 praeponeret;
1045 5683 1136 5737 sed
1163 5687 1210 5739 si
1237 5687 1382 5742 Pauli
1407 5707 1517 5747 non
1548 5696 1668 5762 erit,
1701 5699 1820 5766 quia

253 5752 368 5822 ejus
390 5756 605 5817 nomine
628 5773 845 5820 non-est
871 5768 1074 5826 titulata
1101 5792 1110 5825 :
1137 5789 1263 5845 ergo
1291 5793 1389 5835 nec
1420 5781 1696 5850 Barnabze,
1718 5752 1818 5843 nec

1861 3242 1910 3310 α

1965 1469 2123 1527 Luca:
2148 1515 2162 1539 ,
2194 1489 2366 1546 neque
2395 1481 2683 1544 Clementis
2715 1504 2810 1548 aut
2837 1498 3062 1571 alicujus
3100 1511 3221 1576 erit,
3283 1528 3346 1569 eo
3397 1523 3537 1588 quod

1965 1563 2163 1588 ..ι-112...-
2192 1571 2332 1588 _--__,-
2355 1587 2362 1588 κ
2388 1587 2395 1588 ,
2441 1577 2472 1588 ,ι
2541 1580 2553 1588 .
2744 1585 2770 1588 -

1964 1563 2165 1619 nullius
2190 1571 2407 1627 nomine
2436 1577 2701 1637 titulatur.
2731 1585 2827 1642 Cui
2849 1603 2979 1661 ergo
3007 1593 3192 1652 horum
3223 1563 3537 1666 ascribenda

1960 1655 2085 1707 est?
2116 1655 2308 1727 Utique
2335 1669 2547 1736 egregio
2587 1655 2962 1749 praedicator-iv;
2994 1687 3190 1756 quippe

1961 1745 2082 1800 cido
2103 1763 2263 1806 sensu
2288 1797 2303 1821 ,
2335 1771 2397 1810 ex
2426 1773 2624 1828 genere
2664 1765 2943 1827 locutionis
2983 1785 3360 1850 comprobatur
3396 1789 3537 1848 illius

1957 1851 2095 1908 esse,
2129 1857 2429 1916 quanquam
2457 1856 2716 1914 subtiliori
2744 1871 2901 1933 atque
2940 1875 3188 1938 apertiori
3219 1882 3356 1951 stylo
3383 1900 3534 1941 com-

1955 1933 2217 1999 prehensa
2249 1939 2318 1993 sit
2357 1945 2603 2002 omnibus
2633 1950 2922 2025 Epistolis;
2957 1933 3076 2019 nam
3106 1933 3533 2045 ferturJAposto-

2451 2037 2461 2045 .
2600 2041 2610 2045 -

1952 2022 2035 2077 ius
2078 2026 2214 2084 hanc
2257 2031 2492 2091 Hebraeis
2541 2041 2757 2098 missam
2783 2086 2798 2113 ,
2849 2048 3072 2108 Πρώταθο
3119 2022 3384 2122 εει-[ηοηὲ
3411 2085 3530 2125 eum

1949 2121 2372 2191 conscripsisse;
2408 2128 2458 2182 in
2487 2145 2588 2200 qua
2620 2134 2734 2204 ipse
2764 2143 3117 2208 peritissimus
3147 2156 3374 2225 exstitit,
3405 2177 3524 2216 cum

1950 2209 2178 2281 reliquas
2209 2216 2398 2275 Graeco
2428 2238 2675 2284 sermone
2715 2233 2991 2304 scripserit
3016 2279 3030 2294 .
3059 2242 3186 2300 Post
3229 2249 3526 2314 discessum

1950 2311 2080 2354 vero
2110 2309 2334 2372 apostoli
2365 2311 2535 2369 Lucas
2561 2324 3104 2392 evangelistaﬁrseco
3129 2350 3381 2399 sermone
3406 2361 3521 2406 ean:

1946 2396 2387 2466 comprehendit;
2439 2419 2503 2460 ex
2551 2425 2656 2477 quo
2697 2421 3032 2481 postmodum
3080 2432 3331 2489 translata
3363 2447 3446 2493 est
3474 2442 3524 2496 in

1947 2479 2187 2541 Latinam
2220 2489 2475 2562 linguam,
2505 2498 2641 2556 sicut
2665 2512 2718 2558 et
2747 2509 2968 2580 reliqua.

2013 2573 2190 2631 Ctrur
2228 2597 2442 2641 PRIMUM.
2495 2589 2840 2665 Multi/ariam
2881 2605 3155 2676 multisque
3195 2620 3358 2673 modis
3398 2624 3520 2678 aliut

1945 2662 2083 2721 Deus
2111 2669 2313 2739 loquens
2353 2682 2580 2748 putribus
2616 2689 2668 2740 in
2699 2695 2960 2760 prapltetis
2986 2741 3000 2764 ,
3043 2707 3305 2765 novissime
3347 2717 3521 2772 diebus

1944 2756 2055 2814 istis
2096 2763 2297 2822 locutus
2334 2782 2406 2824 est
2446 2777 2589 2831 nobis
2625 2781 2677 2834 in
2707 2783 2863 2843 Filio.
2901 2791 3085 2849 Omnis
3120 2797 3343 2858 intentio
3375 2809 3517 2865 beati

1943 2848 2186 2918 Apostoli
2210 2857 2261 2912 in
2292 2859 2390 2917 hac
2419 2864 2655 2935 Epistula
2683 2887 2765 2931 est
2789 2891 2844 2935 ut
2868 2881 3076 2941 Judacos
3109 2905 3365 2961 cognatos
3390 2916 3508 2956 Suos

1952 2941 1968 2961 ι
1999 2945 2078 2961 -η
2148 2958 2157 2961 -
2197 2950 2235 2961 η
2276 2953 2288 2961 -
2390 2957 2401 2961 -
2502 2959 2510 2961 ~

1948 2941 2078 3012 (qui
2109 2958 2162 3002 et
2197 2950 2422 3022 Hebrmi,
2466 2959 2532 3015 ab
2568 2964 2739 3023 Heber
2777 2941 3413 3058 appellattturvp‘pinuquou
3437 2941 3511 3048 aus“.

1940 3039 2136 3106 sumpti
2164 3045 2322 3115 sunt)
2352 3062 2380 3100 a
2414 3047 2530 3120 lege
2561 3056 2721 3127 Moysi
2753 3039 2978 3122 transire
3008 3071 3104 3127 fuci
3127 3039 3160 3128 it
3186 3079 3250 3131 ad
3277 3039 3501 3148 glratiarr

1942 3125 2106 3148 mh,
2301 3138 2314 3148 .
2395 3141 2406 3148 .
2613 3147 2616 3148 ν

1940 3125 2234 3200 Evangelii,
2267 3138 2334 3189 ab
2358 3141 2725 3206 observatione
2760 3160 2958 3214 carnali
2982 3165 3046 3214 ad
3079 3168 3401 3235 spiritalem;
3437 3178 3506 3230 si-

1941 3216 2046 3235 ..Α-,1
2063 3233 2098 3235 λη
2269 3225 2280 3235 ι
2420 3232 2426 3235 -

1940 3216 2154 3288 mulque
2178 3225 2516 3286 eminentiam
2556 3239 2759 3304 gratia},
2791 3261 2907 3313 quae
2937 3265 3029 3316 per
3055 3216 3240 3311 Filium
3270 3262 3389 3316 data
3431 3276 3506 3322 est

1939 3305 2204 3380 ﬁdelibus,
2240 3315 2489 3376 discernit
2521 3339 2548 3378 a
2583 3328 2837 3397 legalibus
2866 3341 3088 3408 umbris,
3115 3361 3230 3416 quae
3253 3355 3504 3421 angelicis

1940 3397 2419 3465 ministrationibus
2445 3415 2697 3474 exhibita:
2727 3421 2960 3482 fuerunt.
2991 3397 3146 3491 Unde
3167 3438 3253 3495 hic
3276 3397 3499 3508 primum

1942 3491 2092 3556 ponit
2132 3499 2419 3566 prophetas
2449 3505 2672 3565 diversis
2713 3517 2884 3573 modis
2927 3525 3191 3598 variisque
3231 3532 3504 3595 locutioni-

1940 3579 2040 3637 bus
2067 3583 2314 3644 Patribus
2341 3592 2502 3651 fuisse
2541 3602 2744 3660 locutos
2765 3648 2779 3674 ,
2810 3610 3032 3669 dicens:
3071 3579 3425 3695 iiultifariam,
3460 3632 3512 3688 id

1938 3681 2020 3726 eat
2044 3714 2059 3740 ,
2092 3679 2271 3735 multis
2313 3683 2687 3749 locutionibus.
2737 3699 3025 3774 Multisque
3055 3712 3264 3784 modis’,
3299 3679 3516 3780 hoc,est

1940 3765 2117 3821 multis
2154 3772 2518 3838 qualitatibus.
2557 3782 2693 3839 Olim
2717 3830 2732 3853 ,
2780 3797 3048 3858 praeterito
3095 3765 3342 3865 videlicet
3383 3821 3520 3870 tem-

1938 3862 2366 3971 perato-quens
2411 3872 2548 3929 Deus
2598 3878 2754 3937 Pater
2805 3900 2898 3954 per
2943 3894 3235 3964 prophetas
3281 3862 3518 3971 patr-ibus

1941 3952 2157 4008 nostris.
2196 3955 2418 4027 Deinde,
2451 3973 2510 4019 ut
2541 3973 2847 4030 ostenderet
2885 3993 3077 4048 quanta
3111 3952 3405 4048 differentia
3437 4013 3520 4051 es-

1939 4054 2017 4095 set
2057 4048 2241 4111 gratiaa
2273 4051 2410 4107 inter
2439 4055 2556 4113 illos
2593 4071 2646 4116 et
2692 4077 2867 4131 patres
2911 4072 3119 4130 illorum
3152 4122 3160 4136 .
3204 4084 3515 4151 subjunxit:

1940 4129 1980 4151 ,τ
2287 4141 2317 4151 ..
2359 4143 2371 4151 .
2512 4147 2522 4151 -
2587 4149 2592 4151 Α

1938 4129 2239 4192 Novissime
2269 4141 2456 4198 diebus
2510 4147 2662 4215 istis,
2706 4154 2906 4209 ultimae
2953 4165 3156 4228 aetatis,
3194 4167 3394 4226 locutus
3439 4187 3521 4230 est

1939 4224 2095 4278 nobis
2133 4241 2227 4293 per
2257 4231 2470 4288 Filium.
2518 4238 2754 4297 Dicenda
2797 4257 2976 4302 autem
3009 4269 3022 4307 :
3060 4254 3290 4312 Locutus
3334 4273 3416 4318 est
3467 4269 3519 4319 in

1941 4317 2237 4385 prophetis,
2272 4331 2327 4375 et
2355 4324 2412 4377 in
2452 4327 2623 4396 Filio,
2669 4338 2995 4391 tantumdem
3031 4345 3204 4407 valet,
3247 4355 3394 4416 quasi
3435 4355 3520 4405 di-

1938 4416 2086 4461 ceret
2113 4424 2210 4476 pcr
2237 4417 2523 4481 prophetas
2553 4429 2608 4472 et
2651 4437 2755 4489 per
2787 4426 3014 4495 Filium;
3057 4436 3176 4493 quia
3211 4444 3516 4508 praepositio

1943 4695 2123 4738 rcnter
2150 4688 2246 4741 uti.
2273 4687 2684 4753 Cousideremus
2713 4717 2839 4772 ergo
2865 4711 3133 4774 quomodo
3164 4717 3340 4770 multis
3370 4719 3518 4774 locu-

1941 4772 2170 4832 tionibus
2197 4781 2482 4853 multisth
2509 4790 2845 4855 qualitatibus
2871 4772 3076 4855 locutus
3106 4805 3172 4855 sit
3205 4806 3338 4860 Deus
3364 4809 3520 4868 Pnlcr

1939 4869 2175 4932 patribus
2202 4871 2552 4932 Testamenti.
2610 4884 2786 4939 Multis
2826 4887 3181 4947 locationibus
3231 4901 3517 4970 multisque

1937 4961 2275 5024 qualitatibus
2299 4967 2502 5029 locutus
2546 4984 2627 5029 est
2653 4979 2732 5033 eis
2756 5021 2770 5046 ,
2795 4982 2913 5048 quia
2948 4998 3049 5038 non
3078 5000 3291 5056 semper
3316 4993 3519 5047 unifor-

1938 5059 2094 5113 miter
2113 5073 2317 5118 secreta
2343 5083 2433 5120 sua
2461 5070 2539 5125 eis
2570 5075 2842 5129 revelavit.
2869 5080 3168 5149 Aliquando
3191 5089 3332 5140 enim
3359 5105 3517 5159 aper-

1937 5156 2009 5211 te,
2041 5159 2096 5204 et
2123 5167 2224 5220 per
2252 5158 2497 5223 angelum
2525 5162 2730 5218 locutus
2762 5175 2840 5222 est
2879 5168 2990 5224 eis:
3025 5182 3082 5225 ut
3104 5156 3510 5242 Abraham—cui

1936 5239 2108 5297 dixit:
2145 5246 2445 5306 Secundum
2479 5253 2577 5310 hoc
2619 5268 2826 5328 tempus
2864 5267 3095 5334 veniam,
3125 5272 3330 5341 eritque
3367 5273 3514 5331 Sara:

1938 5330 2094 5389 filius.
2147 5337 2313 5408 Moysi
2353 5358 2562 5413 quoque
2603 5361 2864 5420 praecepta
2909 5330 3094 5425 legalia
3141 5330 3353 5419 dando:
3396 5367 3508 5421 Non

1935 5424 2190 5490 occides;
2244 5429 2354 5484 Non
2407 5435 2768 5504 adulterabis,
2826 5456 3122 5516 cantataque
3177 5453 3504 5522 hujusmndi.

1932 5509 2066 5564 Loth
2096 5531 2304 5587 quoque
2344 5523 2409 5576 de
2450 5526 2696 5581 Sodomis
2745 5548 2866 5587 cum
2918 5539 3233 5607 educendo,
3285 5548 3508 5619 aliisque

1933 5625 2088 5679 quam
2151 5618 2408 5684 plurimis.
2464 5628 2762 5698 Aliquando
2811 5650 2938 5690 vero
2991 5639 3258 5708 obscure,
3312 5657 3364 5702 et
3416 5667 3509 5719 per

1931 5706 2234 5775 tenigmata,
2279 5719 2336 5764 ut
2365 5714 2550 5785 Moysi,
2596 5722 2680 5774 cui
2721 5725 2853 5778 dixit
2882 5745 2891 5779 :
2935 5729 3044 5798 Ego
3074 5746 3189 5787 sum
3229 5706 3316 5807 qui
3345 5706 3460 5794 sunt
3488 5761 3502 5796 :

1932 5792 2053 5851 Hinc
2095 5799 2239 5856 dices
2281 5803 2402 5859 ﬁliis
2434 5805 2632 5867 Israel:
2673 5813 2771 5879 Qui
2815 5827 2896 5872 est
2938 5822 3078 5878 misit
3128 5844 3212 5883 me
3257 5833 3320 5884 ad
3370 5848 3500 5902 vus;
