3982 6352
460 307 562 366 687

1542 292 1835 355 PiilMASli
1878 297 2331 355 ADRUMETANI
2369 297 2582 356 EPISC.

3610 302 3727 358 688

461 415 745 486 aliquando
793 414 845 468 in
886 413 1069 469 habitu
1122 411 1302 467 militis
1333 451 1347 476 ,
1398 418 1454 463 ut
1499 410 1700 475 insue;
1743 409 2029 479 aliquando
2060 413 2113 471 Α
2135 413 2208 466 ita
2238 421 2423 466 natura
2453 413 2646 479 Patris,
2678 418 2732 467 et
2772 411 2918 478 Filii,
2947 418 3004 469 et
3029 413 3260 485 Spiritus
3287 415 3458 472 sancti
3497 416 3728 487 insepa~

461 509 516 562 in
546 506 729 574 corde,
760 515 815 561 ut
861 505 1021 560 David
1049 547 1064 572 ,
1105 505 1194 573 qui
1221 501 1470 556 dicebat:
1512 502 1738 556 Audiam
1781 502 1906 572 quid
1961 503 2034 556 lo-

462 609 654 668 quatur
683 598 735 651 in
765 613 850 652 me
887 598 1143 651 Dominus
1172 595 1312 649 Deus
1337 612 1350 658 ;
1393 594 1710 664 caeterisque
1741 595 2030 664 prophetis.

465 687 765 759 Aliquando
795 703 889 758 per
922 687 1186 743 somnium
1208 725 1220 747 ,
1259 684 1397 738 sicut
1432 685 1633 740 Daniel.
1663 686 1871 751 Quanta
1911 699 2036 738 vero

469 779 718 834 distantia
743 787 825 834 est
864 779 1004 832 inter
1045 778 1268 846 gratiam
1307 775 1619 846 Evangelii,
1661 793 1776 845 quin
1824 792 1919 845 per
1948 775 2036 828 Fi-

463 872 592 926 lium
621 872 743 925 data
782 877 885 936 est,
914 877 969 923 et
993 867 1196 935 legem,
1247 882 1366 936 quae
1417 882 1509 936 per
1556 883 1766 921 servum
1808 865 2036 918 admini-

463 977 627 1023 strata
667 977 784 1022 est:
832 972 975 1020 tanta
1020 963 1316 1019 differentia
1364 974 1448 1019 est
1491 964 1629 1018 inter
1671 963 1940 1016 ministros
1982 969 2036 1013 et

462 1061 732 1130 adjutores
769 1057 933 1128 legis:
965 1057 1214 1126 quoniam
1242 1057 1382 1112 servi
1405 1056 1470 1110 ad
1500 1071 1682 1110 servos
1713 1055 1857 1107 missi
1880 1062 2030 1116 sunt;

461 1161 516 1208 et
531 1151 670 1206 inter
692 1149 1102 1220 promissionem
1119 1155 1175 1203 et
1193 1148 1442 1217 gratiam,
1463 1161 1579 1214 qum
1597 1161 1690 1215 per
1708 1145 1896 1198 Filium
1913 1144 2033 1197 data

458 1254 543 1303 est
569 1244 710 1311 ﬁliis,
739 1259 802 1299 ac
844 1243 1184 1313 postmodum
1223 1255 1319 1309 per
1349 1239 1486 1293 ﬁlios
1516 1239 1636 1292 ﬁliis
1668 1237 2031 1292 administrata

459 1336 888 1408 sequitur.Quem
906 1333 1166 1389 constituit
1190 1332 1443 1385 hwredem
1470 1331 1832 1382 universorum.
1853 1327 2032 1382 Haeres

458 1428 654 1484 dicitur
675 1428 741 1482 ab
762 1427 916 1492 hero,
941 1424 996 1480 id
1017 1433 1120 1491 est,
1144 1421 1394 1476 domino:
1420 1434 1485 1474 eo
1517 1419 1654 1489 quod
1687 1419 1852 1473 libera
1884 1428 2033 1487 pote-

459 1530 595 1576 state
616 1523 667 1576 in
705 1518 1014 1574 haereditate
1056 1514 1379 1570 dominetur.
1423 1512 1707 1566 Constituit
1732 1526 1862 1580 ergo
1895 1512 2031 1566 Deus

459 1612 620 1666 Pater
659 1610 850 1666 Filium
888 1605 1157 1662 haeredem
1186 1604 1588 1665 universorum,
1620 1601 1721 1656 hoc
1749 1611 1830 1656 est
1872 1602 2032 1658 totius

460 1699 666 1764 mundi,
695 1713 792 1754 seu
819 1695 1055 1753 omnium
1080 1701 1444 1749 creaturarum
1468 1706 1481 1744 :
1507 1704 1610 1745 non
1638 1700 1812 1745 tamen
1841 1704 2033 1744 secun-

2138 504 2374 559 rabiliter
2395 504 2674 573 conjuncta
2701 512 2754 558 et
2778 504 2945 569 unita,
2978 520 3073 574 per
3097 506 3330 561 Verbum
3355 522 3539 574 suum,
3562 509 3726 578 quasi

2138 611 2232 665 per
2260 595 2598 664 splendorem
2636 595 2852 665 dignata
2901 604 2984 650 est
3030 598 3373 666 semetipsam
3406 599 3724 665 ostendere,

2136 697 2191 743 et
2217 689 2432 757 insuper
2456 689 2765 758 mysterium
2795 698 2994 744 sanctae
3025 689 3328 757 Trinitatis,
3361 693 3578 748 dicente
3600 693 3728 761 ipso

2138 779 2277 834 Filio
2312 798 2324 832 :
2357 779 2468 851 Ego
2493 790 2546 834 et
2590 780 2748 835 Pater
2777 795 2942 835 unum
2973 796 3177 848 sumus,
3207 782 3418 848 etzlte,
3451 784 3729 850 haptizate

2137 887 2324 927 omnes
2352 880 2558 942 gentes,
2588 872 2642 926 in
2685 873 2898 926 nomine
2926 872 3124 938 Patris,
3155 881 3208 928 et
3235 874 3376 940 Filii,
3408 882 3463 928 et
3487 873 3727 942 Spiritus

2136 965 2324 1018 sancti.
2371 963 2599 1018 Mirabili
2627 963 2788 1033 igitur
2817 965 2977 1019 modo
3005 965 3293 1034 Apostolus
3343 980 3560 1020 omnem
3590 966 3728 1020 sub-

2137 1055 2388 1108 stantiam
2437 1055 2652 1109 deitatis
2702 1056 2874 1110 Patris
2921 1066 2974 1111 et
3017 1058 3137 1111 Filii
3167 1059 3446 1113 ostendit:
3484 1068 3547 1112 ut
3588 1059 3729 1112 duas

2136 1160 2392 1214 personas
2422 1149 2656 1215 aperiret
2685 1148 2735 1201 in
2759 1149 2929 1216 gloria
2958 1159 3010 1203 et
3041 1150 3345 1219 Splendore.
3401 1151 3503 1205 Per
3542 1152 3728 1218 splen-

2138 1237 2323 1292 dorem
2353 1238 2551 1308 quippe
2576 1242 2833 1293 unitatem
2864 1240 3156 1295 declaravit
3184 1243 3427 1298 essentia:
3458 1258 3581 1298 cum
3611 1243 3727 1297 Dee

2136 1327 2294 1383 Patre
2331 1346 2343 1393 ;
2383 1329 2435 1382 in
2464 1331 2680 1385 nomine
2707 1341 2884 1386 autem
2915 1333 3118 1401 glorize,
3145 1349 3426 1402 personam
3477 1336 3570 1390 Dei
3622 1335 3726 1389 Pa-

2137 1417 2232 1471 tris
2258 1422 2547 1488 expressit;
2579 1419 2630 1474 in
2672 1421 2956 1490 splendore
2996 1433 3171 1477 autem
3192 1465 3207 1489 ,
3238 1439 3523 1492 personam
3558 1425 3721 1486 Filii;

2135 1515 2190 1561 et
2217 1508 2293 1562 sic
2319 1518 2399 1562 est
2427 1509 2593 1564 Filius
2625 1510 2877 1579 splendor
2906 1513 2973 1566 de
3021 1511 3335 1579 Splendore,
3363 1513 3501 1568 sicut
3531 1515 3618 1568 lux
3654 1516 3722 1569 de

2135 1596 2274 1664 luce,
2311 1598 2450 1655 Deus
2477 1600 2542 1656 de
2565 1600 2696 1668 Deo,
2742 1602 2922 1657 lumen
2951 1602 3015 1656 de
3043 1602 3270 1670 lumine,
3301 1603 3624 1673 principium
3658 1604 3720 1660 de

2135 1692 2416 1761 principio.
2441 1691 2694 1760 Sequitur
2720 1709 2733 1746 :
2771 1693 2832 1745 Et
2862 1693 3031 1764 ﬁgura
3055 1696 3349 1748 substantiae
3373 1696 3506 1763 ejus.
3537 1696 3719 1762 Quan-

459 1791 586 1847 dum
612 1789 966 1853 divinitatem,
991 1800 1093 1855 qua
1113 1792 1411 1839 coaeternus
1426 1789 1507 1837 est
1534 1781 1698 1847 Patri,
1721 1790 1774 1836 et
1792 1796 2036 1852 coaequa-
2063 1773 2113 1835 Β
2140 1792 2250 1839 tum
2276 1782 2342 1837 ad
2369 1782 2614 1837 homines
2645 1784 2894 1851 pertinet,
2924 1784 3064 1838 aliud
3089 1794 3171 1838 est
3197 1784 3382 1854 ﬁgura,
3411 1784 3559 1838 aliud
3589 1788 3717 1839 sub-

458 1881 524 1936 lis
550 1879 628 1935 illi
670 1879 726 1936 in
755 1876 1137 1946 omnipotentia
1174 1873 1421 1938 deitatis,
1471 1879 1523 1926 et
1565 1887 1668 1941 qua
1711 1873 2033 1928 mternaliter

458 1971 576 2041 ipse
605 1967 844 2041 possidet
863 1967 1042 2023 omnia
1071 1980 1189 2020 cum
1212 1963 1368 2018 Patre
1392 1980 1404 2028 ;
1429 1962 1522 2017 sed
1545 1963 1717 2032 potius
1737 1963 2029 2018 secundum

456 2061 839 2117 humanitatem
877 2073 906 2112 a
948 2057 1113 2114 verbo
1142 2064 1468 2125 assumptam
1494 2055 1811 2110 constitutus
1839 2064 1921 2110 est
1943 2054 2033 2110 ille

455 2153 714 2210 Dominus
750 2159 806 2207 et
834 2150 1008 2205 haeres
1055 2162 1216 2218 super
1254 2161 1466 2202 omnem
1506 2155 1848 2201 creaturam:
1895 2147 2032 2201 sicut

455 2245 531 2301 illi
557 2245 698 2299 Deus
722 2243 879 2297 Pater
920 2241 1194 2310 promisit,
1233 2239 1458 2292 dicens:
1492 2235 1721 2291 .Postula
1765 2252 1793 2290 a
1840 2251 1944 2305 me,
1975 2245 2032 2292 et

455 2335 595 2392 dabo
622 2334 716 2389 tibi
744 2338 929 2401 gentes
955 2329 1320 2383 hereditatem
1346 2336 1510 2394 tuam,
1535 2329 1607 2396 'Let
1637 2326 2030 2396 possessionem

458 2436 603 2483 tuam
635 2424 893 2480 terminos
913 2431 1094 2477 terrae.
1114 2421 1181 2476 Et
1201 2421 1314 2490 ipse
1339 2420 1508 2474 Filius
1535 2435 1820 2490 resurgens
1841 2435 1869 2475 a
1889 2435 2033 2476 mor-

456 2519 564 2574 tuis
602 2516 679 2572 sic
704 2515 963 2585 loquitur,
994 2528 1060 2568 ex
1100 2527 1326 2582 persona
1373 2512 1714 2568 humanitatis
1744 2529 1758 2566 :
1787 2512 1919 2566 Data
1950 2521 2032 2568 est

461 2608 750 2681 (inquiens)
781 2607 908 2662 mihi
938 2606 1111 2661 omnis
1141 2613 1373 2676 potestas
1403 2603 1458 2659 in
1504 2604 1642 2660 coelo
1683 2614 1738 2660 et
1767 2607 1818 2660 in
1853 2615 2014 2660 terra.

454 2705 572 2759 Non
603 2717 729 2772 ergo
749 2701 1044 2757 dividamus
1075 2713 1330 2769 personas
1352 2739 1366 2763 ,
1393 2697 1488 2753 sed
1517 2698 1904 2767 distinguamus
1939 2713 2031 2751 na-

456 2805 623 2852 turas.
661 2795 810 2852 Unde
837 2791 1362 2848 animadvertendum
1407 2797 1489 2844 est
1536 2790 1760 2845 solerter
1796 2790 2030 2857 Aposto-

465 2890 574 2945 ium
603 2889 657 2944 in
684 2887 916 2957 Epistola
948 2899 1086 2939 nunc
1124 2883 1191 2937 de
1233 2879 1524 2935 substantia
1566 2879 1908 2934 humanitatis
1953 2879 2033 2933 lo-

451 2982 582 3051 qui,
624 2995 767 3035 nunc
810 2992 936 3033 vero
981 2976 1050 3031 de
1089 2974 1380 3028 substantia
1427 2972 1637 3027 deitatis
1670 2989 1684 3026 :
1723 2986 1844 3025 nam
1889 2971 2030 3040 quod

452 3080 584 3136 dixit
624 3077 969 3133 constitutum
1018 3073 1167 3128 illum
1200 3086 1319 3127 esse
1363 3086 1391 3124 a
1420 3071 1531 3125 Deo
1561 3068 1718 3125 Patre
1760 3070 2027 3124 heredem

450 3171 687 3227 omnium
716 3176 1099 3230 creaturarum,
1128 3164 1192 3218 ad
1222 3163 1604 3218 humanitatem
1631 3163 1773 3217 illius
1800 3162 2020 3218 retulit:
2053 3140 2098 3204 ο
2131 3163 2384 3218 uilitatem
2432 3163 2738 3218 continendi
2783 3164 2952 3218 voluit
3007 3166 3310 3233 exprimere
3360 3182 3374 3215 ;

449 3264 635 3320 volens
683 3271 859 3317 autem
901 3258 1276 3315 discretionem
1325 3257 1504 3312 facere
1547 3257 1686 3311 inter
1731 3254 2025 3309 divinitatis

451 3357 566 3426 ejus
611 3363 885 3423 naturam,
939 3359 993 3408 et
1040 3350 1418 3415 humanitatis,
1461 3354 1517 3402 et
1560 3345 1849 3401 ostendere
1898 3342 2024 3412 quid

449 3447 664 3516 proprie
693 3446 984 3515 pertineret
1012 3441 1079 3497 ad
1107 3451 1534 3509 unamquamque
1548 3445 1814 3503 naturam,
1842 3432 2024 3489 subin-

450 3539 570 3593 tulit
596 3538 776 3594 dicens
810 3556 822 3588 :
856 3536 962 3591 Per
980 3549 1129 3605 quem
1155 3535 1272 3602 fecit
1291 3540 1337 3584 et
1363 3530 1567 3585 swcula.
1598 3530 1803 3584 Saecula
1835 3529 2022 3583 dicun-

451 3641 534 3683 tur
563 3641 592 3680 a
637 3626 930 3693 sequendo,
962 3637 1028 3678 eo
1075 3621 1216 3690 quod
1265 3626 1582 3688 sequuntur,
1625 3618 1678 3672 in
1725 3629 1892 3671 semet
1939 3633 2024 3673 rc-

448 3719 660 3774 deundo
684 3733 745 3772 ac
771 3714 1087 3772 revertendo
1112 3730 1128 3768 :
1163 3713 1257 3768 llic
1286 3721 1462 3768 autem
1491 3726 1585 3780 per
1630 3711 1823 3766 saecula
1856 3711 2022 3766 debe-

449 3825 570 3865 mus
600 3808 895 3878 intelligere
921 3805 1097 3862 omnia
1125 3820 1241 3874 qua:
1271 3804 1406 3858 facta
1435 3812 1558 3857 sunt
1588 3803 1637 3857 in
1667 3813 1923 3870 tempore.
1958 3803 2022 3858 Ut

452 3916 579 3969 ergo
605 3899 909 3955 ostenderet
931 3895 1215 3966 Apostolus
1235 3894 1480 3950 eumdem
1511 3894 1812 3950 novissimis
1836 3895 2022 3949 diebus

450 3997 661 4051 venisse
712 3996 764 4049 in
810 3993 1100 4060 mundum,
1150 4007 1211 4047 ac
1251 3992 1611 4060 temporaliter
1655 3992 2020 4047 haereditatcm

450 4086 770 4157 percepisse,
800 4085 890 4155 qui
915 4093 1040 4140 ante
1067 4083 1245 4139 omnia
1291 4083 1486 4138 saecula
1532 4091 1646 4138 erat
1690 4099 1810 4138 cum
1841 4085 2016 4150 Patre,

447 4180 580 4235 dixit
612 4196 625 4233 :
659 4181 760 4234 Per
780 4193 936 4248 quem
963 4177 1089 4233 fecit
1117 4175 1257 4230 Deus
1287 4175 1443 4230 Pater
1463 4177 1640 4230 omnia
1662 4190 1778 4243 qum
1809 4176 1865 4230 in
1886 4185 2021 4230 tem-

445 4288 574 4341 pore
603 4272 738 4327 facta
759 4279 918 4326 sunt:
945 4283 1065 4324 nam
1087 4268 1227 4338 quod
1254 4268 1578 4337 evangelista
1603 4267 1834 4324 Joannes
1852 4269 2012 4324 dixit:

443 4364 632 4419 Omnia
659 4377 753 4432 per
780 4362 953 4430 ipsum
981 4360 1118 4416 facta
1150 4367 1294 4425 sunt,
1318 4368 1372 4413 et
1396 4361 1512 4414 sine
1546 4361 1662 4428 ipso
1703 4360 1896 4414 factum
1937 4368 2020 4414 est

445 4454 575 4507 nihil
609 4470 623 4506 :
654 4455 750 4506 hoc
776 4452 1062 4520 Apostolus
1091 4451 1410 4519 signiﬁcavit
1438 4451 1665 4504 dicendo
1692 4467 1704 4504 :
1739 4451 1841 4505 Per
1857 4467 2018 4521 quem

2136 1873 2328 1927 stantia
2361 1890 2373 1926 :
2407 1876 2528 1942 quia
2559 1873 2683 1927 dum
2720 1872 2950 1942 pingitur
2982 1873 3156 1943 imago
3200 1883 3254 1927 et
3280 1873 3448 1944 ﬁgura
3493 1874 3717 1942 alicujus

2138 1964 2369 2019 hominis
2398 1964 2452 2018 in
2477 1964 2696 2033 pariete,
2728 1979 2832 2018 non
2851 1973 2935 2020 est
2954 1964 3084 2019 illud
3112 1965 3298 2035 ﬁgura,
3321 1964 3465 2034 quod
3491 1974 3577 2020 est
3596 1967 3718 2020 sub-

2134 2058 2348 2112 stantia.
2383 2057 2669 2126 Apostolus
2690 2066 2866 2112 autem
2889 2057 3109 2127 ﬁguram
3131 2056 3182 2110 in
3207 2055 3308 2111 hoc
3338 2056 3460 2112 loco
3489 2073 3586 2126 pro
3606 2059 3716 2125 ipsa

2141 2152 2434 2207 substantia
2485 2161 2537 2206 et
2576 2151 2877 2221 :equalitate
2923 2151 3170 2204 essentiaa
3213 2149 3439 2219 posuit:
3473 2158 3531 2205 et
3577 2149 3715 2218 quod

2135 2245 2222 2301 hic
2249 2245 2384 2301 dixit
2408 2245 2653 2315 ﬁguram,
2682 2245 2811 2299 alias
2843 2242 2973 2298 dixit
3014 2241 3259 2303 formam,
3294 2241 3546 2308 inquiens
3578 2258 3591 2293 :
3621 2240 3713 2307 Qui

2134 2351 2254 2392 cum
2285 2336 2336 2390 in
2368 2338 2536 2390 [arma
2567 2336 2663 2390 Dei
2688 2342 2859 2401 esset,
2894 2349 3000 2387 non
3031 2331 3270 2400 rapinam
3301 2331 3594 2386 arbitratus
3633 2339 3711 2386 est

2135 2443 2258 2483 esse
2287 2443 2346 2484 se
2391 2428 2648 2495 aequalem
2691 2427 2832 2491 Deo;
2864 2425 2959 2480 sed
3009 2423 3354 2493 semetipsum
3399 2423 3710 2490 exinanivit,

2135 2519 2356 2574 formam
2385 2518 2525 2573 servi
2550 2518 2848 2587 accipiens;
2881 2515 3050 2570 forma
3095 2516 3235 2570 enim
3266 2515 3409 2580 illic,
3443 2524 3500 2569 et
3550 2515 3709 2584 ﬁgura

2135 2611 2256 2680 hic,
2291 2626 2448 2666 unam
2477 2611 2750 2665 declarant
2781 2610 3084 2678 qualitatem
3131 2607 3380 2663 essentia
3414 2624 3429 2662 :
3469 2608 3711 2664 Christus

2134 2719 2262 2772 ergo
2291 2703 2541 2770 splendor
2569 2701 2742 2757 Patris
2771 2709 2872 2766 est,
2917 2710 2971 2756 et
3001 2701 3166 2769 ﬁgura
3197 2700 3509 2754 substantiae
3549 2701 3664 2770 ejus
3695 2717 3710 2756 :

2134 2796 2255 2863 quia
2298 2809 2393 2864 per
2439 2795 2586 2849 illttm
2637 2794 2794 2850 Pater
2844 2793 3214 2849 manifestatus
3261 2802 3374 2858 est,
3420 2794 3557 2847 sicut
3599 2794 3714 2862 ipse

2134 2886 2306 2940 dixit:
2332 2886 2509 2952 Pater,
2538 2885 2872 2940 manifestavi
2897 2900 3092 2940 nomen
3113 2892 3261 2938 tuum
3293 2883 3587 2937 hominibus
3617 2901 3632 2934 :
3656 2894 3711 2937 et

2133 2980 2353 3049 aequalis
2377 2988 2459 3034 est
2483 2979 2555 3033 illi
2588 2978 2643 3034 in
2671 2979 2966 3034 substantia
2992 2979 3227 3032 deitatis.
3255 2977 3522 3047 Sequitur:
3561 2977 3699 3030 Por-

2135 3079 2345 3141 tansque
2368 3071 2537 3124 omnia
2558 3071 2704 3125 verba
2724 3071 2919 3124 virtutis
2949 3087 3075 3125 suat.
3105 3069 3338 3124 Dicendo
3361 3077 3597 3138 portans,
3621 3067 3706 3121 ia-

3424 3161 3710 3231 posuitque

2129 3261 2370 3320 portans,
2404 3266 2501 3320 pro
2527 3265 2592 3306 eo
2638 3252 2776 3323 quod
2804 3260 2887 3307 est
2911 3253 3212 3322 gubernans
3239 3263 3291 3308 et
3321 3267 3536 3322 regens.
3583 3252 3712 3306 Ver-

2125 3342 2250 3397 bum
2285 3344 2443 3412 igitur
2471 3343 2564 3399 Dei
2587 3343 2784 3413 Patris,
2809 3344 2987 3399 omnia
3009 3361 3126 3416 quze
3153 3346 3272 3400 iecit
3296 3346 3466 3400 verbo
3497 3345 3710 3399 virtutis

2125 3450 2235 3489 suae
2266 3444 2445 3503 portat
2476 3452 2491 3488 :
2523 3436 2625 3491 hoc
2651 3446 2752 3504 est,
2788 3438 3024 3506 potentia
3066 3437 3275 3492 virtutis
3305 3451 3440 3502 suae,
3467 3444 3526 3492 et
3554 3437 3712 3491 verbo

2123 3527 2382 3597 jussionis
2434 3543 2546 3584 sua:
2591 3528 2768 3584 omnia
2816 3529 3078 3598 gubernat
3117 3537 3172 3584 et
3217 3527 3373 3598 regit.
3415 3526 3536 3583 Non
3574 3527 3708 3583 enim

2125 3621 2300 3674 minus
2333 3627 2414 3674 est
2441 3620 2739 3690 gubernare
2784 3621 3062 3686 mundum,
3090 3635 3248 3690 quam
3291 3635 3513 3677 creasse
3545 3637 3562 3688 ;
3597 3637 3708 3675 nam

2124 3713 2175 3766 in
2222 3713 2454 3768 creando
2505 3729 2573 3768 ex
2620 3713 2785 3768 nihilo
2838 3713 3148 3769 substantia:
3195 3727 3373 3768 rerum
3430 3711 3702 3782 producta

2124 3815 2247 3860 sunt
2277 3823 2291 3861 :
2326 3808 2378 3860 in
2407 3806 2758 3876 gubernando
2789 3821 2915 3862 vero
2945 3821 3006 3862 ea
3045 3821 3166 3872 quae
3193 3804 3333 3862 facta
3359 3814 3513 3870 sunt,
3547 3820 3614 3861 ne
3648 3804 3706 3859 ad

2122 3899 2345 3952 nihilum
2374 3898 2620 3964 redeant,
2652 3899 3016 3954 continentur.
3049 3897 3191 3967 Ergo
3230 3897 3355 3953 dum
3385 3897 3505 3952 haac
3534 3896 3704 3952 omnia

2123 3997 2397 4058 reguntur,
2426 3998 2479 4044 et
2517 3990 2582 4044 ad
2631 3990 2857 4046 invicem
2897 3991 2999 4046 sibi
3037 3991 3325 4061 pugnantia
3367 3999 3706 4061 coaptantur,

2123 4097 2373 4151 magnum
2404 4091 2458 4138 et
2488 4083 2801 4139 admirabile
2826 4083 3036 4139 virtutis
3062 4083 3156 4139 Dei
3184 4084 3448 4154 judieittm
3471 4083 3704 4139 dcctara-

2123 4184 2227 4232 tur.
2260 4175 2388 4230 Post
2415 4184 2616 4231 tantam
2647 4175 2846 4232 divina:
2876 4176 3167 4247 maiestatis
3212 4178 3266 4232 in
3307 4177 3443 4232 Filio
3483 4178 3703 4233 clarita-

2124 4275 2227 4322 tem
2261 4267 2325 4320 ad
2355 4266 2573 4321 humilia
2621 4267 3000 4322 incarnationis
3037 4267 3154 4336 ejus
3199 4267 3478 4323 descendit
3514 4285 3527 4320 :
3562 4267 3702 4336 pari-

2123 4369 2309 4429 terque
2337 4359 2596 4414 discernit
2635 4370 2878 4414 naturam
2910 4360 3204 4415 divinitatis
3246 4370 3408 4431 atque
3457 4360 3704 4415 humani-

2124 4449 2267 4515 tatis,
2301 4450 2485 4506 dicens
2517 4467 2531 4504 :
2566 4449 2930 4521 Purgationem
2955 4461 3274 4519 peccatorum
3316 4451 3533 4522 faciens.
3574 4450 3701 4505 Nam

443 4541 572 4598 fecit
617 4550 672 4596 et
706 4541 901 4596 saecula
927 4558 939 4593 :
983 4540 1218 4596 referens
1265 4541 1366 4595 hoc
1411 4540 1478 4595 ad
1518 4541 1848 4595 divinitatem
1876 4541 2013 4609 ejus.
2044 4527 2099 4589 D
2123 4538 2266 4609 quod
2296 4541 2432 4595 dixit
2465 4560 2475 4593 :
2506 4541 2732 4596 Portans
2764 4543 2939 4597 omnia
2993 4543 3378 4612 gubernatione
3410 4558 3507 4598 sua
3539 4553 3593 4598 et
3623 4559 3708 4598 re-

445 4632 644 4688 Deinde
683 4646 810 4686 vero
855 4632 1167 4701 quibusdam
1204 4632 1454 4700 gradibus
1502 4633 1875 4686 ascensionum
1907 4633 2019 4687 elc-

442 4734 628 4794 ganter
649 4733 821 4788 utens,
857 4722 1099 4791 pervenit
1125 4723 1190 4776 ad
1215 4723 1263 4776 id
1295 4723 1433 4792 quod
1460 4722 1709 4775 omnibus
1739 4721 1823 4775 his
1847 4722 2017 4792 majus

441 4824 542 4881 est,
574 4824 627 4870 et
654 4815 907 4881 insonuit,
936 4815 1115 4870 dicens
1147 4833 1159 4868 :
1198 4815 1300 4881 Qui
1322 4830 1434 4868 cum
1454 4815 1518 4867 sit
1534 4813 1775 4880 splendor
1816 4816 2013 4883 gloriae,

439 4921 487 4964 et
511 4910 678 4980 ﬁgura
714 4909 1011 4963 substantia:
1057 4910 1184 4978 ejus.
1233 4908 1372 4962 Deus
1419 4907 1572 4963 Pater
1624 4906 1711 4959 lux
1742 4916 1845 4971 est,
1875 4908 2014 4963 sicut

437 5003 580 5058 idem
611 5003 895 5072 Apostolus
941 5002 1044 5067 ait,
1080 5001 1301 5069 loquens
1346 4999 1412 5052 de
1453 4997 1590 5051 Filio
1626 4999 1765 5065 :Qui
1813 4999 2014 5054 habitat

437 5095 653 5166 (inquit)
680 5094 851 5149 lucem
878 5091 1321 5155 inaccessibilcm,
1348 5099 1401 5145 ct
1427 5089 1592 5144 Filius
1623 5090 1732 5155 lux,
1761 5101 1815 5146 et
1835 5091 2009 5159 Spiri-

439 5197 522 5242 tus
570 5194 784 5241 sanctus
841 5185 952 5240 lux.
1005 5185 1134 5237 ltem
1188 5183 1343 5236 Pater
1398 5181 1683 5252 splendor,
1739 5193 1792 5239 et
1845 5184 2011 5238 Filius

435 5281 729 5348 splendor:
758 5287 813 5334 et
837 5278 1105 5348 quomodo
1133 5275 1387 5345 splendor
1425 5278 1678 5346 procedat
1722 5295 1787 5334 ex
1830 5279 2012 5348 splen-

434 5373 585 5439 dore,
621 5369 949 5440 impossibile
977 5379 1061 5424 est
1087 5368 1331 5422 deﬁnire.
1359 5368 1561 5425 Idcirco
1611 5381 1786 5427 autem
1828 5371 2009 5439 appel-

435 5464 570 5520 latur
600 5464 765 5520 Filius
810 5461 1063 5532 splendor
1095 5458 1306 5528 Patris,
1349 5462 1469 5532 quia
1512 5465 1650 5518 sicut
1678 5466 1728 5517 in
1754 5465 1876 5533 igne
1909 5465 2008 5518 tria

436 5565 564 5611 sunt
603 5552 974 5627 inseparabilia
1009 5571 1020 5606 :
1063 5553 1198 5624 ignis
1235 5554 1500 5620 videlicet,
1561 5557 1708 5609 calor
1737 5564 1790 5608 et
1829 5555 2010 5621 Splen-

435 5646 577 5702 dor:
608 5655 663 5702 et
692 5657 867 5704 tamen
917 5646 1198 5715 splendore
1243 5647 1393 5701 nobis
1443 5645 1739 5700 ostenditur
1789 5644 1926 5714 ignis
1957 5654 2010 5700 et

436 5741 580 5798 calor
611 5757 622 5795 :
653 5740 776 5799 licet
822 5743 1050 5798 humana
1081 5753 1185 5794 non
1235 5739 1339 5795 sint
1368 5739 1720 5798 comparanda
1759 5738 1952 5794 divinis
1984 5758 1997 5792 :

2119 4632 2315 4700 gimine
2359 4633 2570 4688 virtutis
2611 4649 2758 4701 suae,
2807 4633 2872 4688 ad
2917 4633 3247 4690 divinitatem
3294 4635 3498 4689 retulit.
3549 4635 3704 4702 Quod

2120 4735 2247 4775 vero
2277 4721 2514 4776 subdidit
2547 4741 2557 4774 :
2592 4723 2934 4777 Peccatorum
2984 4725 3350 4794 purgationem
3377 4724 3607 4790 faciens,
3642 4724 3707 4778 ad

2120 4813 2499 4868 humanitatem
2531 4814 2668 4869 illius
2713 4816 2924 4884 pr0prie
2955 4817 3184 4884 pertinet
3213 4832 3230 4874 :
3257 4817 3341 4871 vel
3366 4831 3460 4886 per
3486 4816 3706 4870 redem-

2121 4903 2351 4972 ptionem
2385 4904 2574 4972 utiquej
2592 4905 2853 4973 passionis
2889 4918 3000 4960 suae
3028 4907 3295 4976 et;aquam
3322 4906 3662 4976 baptismatis
3689 4921 3704 4959 :

2114 4993 2262 5062 juxta
2293 4994 2433 5062 quod
2478 4993 2710 5049 Joannes
2760 4995 2816 5049 in
2845 4994 3166 5068 Apocalypsi
3217 5011 3310 5051 sua
3339 4996 3469 5050 dicit
3497 5015 3510 5048 :
3548 4996 3704 5051 Lavit

2120 5098 2216 5137 nos
2243 5098 2272 5136 a
2307 5086 2537 5151 peccatis
2566 5085 2762 5140 nostris
2789 5085 2844 5140 in
2873 5092 3130 5156 sanguine
3155 5101 3272 5141 suo.
3303 5086 3459 5142 Sedet
3485 5089 3556 5140 ad
3579 5089 3709 5142 dex-

2119 5182 2277 5227 teram
2293 5176 2574 5244 majestatis
2596 5177 2702 5245 ejus
2714 5176 2765 5229 t'n
2779 5177 3005 5230 excelsis.
3022 5177 3452 5233 Considerandus
3469 5189 3550 5233 est
3571 5181 3708 5233 ordo

2117 5265 2398 5320 verborum
2427 5285 2440 5319 :
2475 5268 2702 5336 primum
2735 5267 2995 5336 siquidem
3018 5269 3286 5338 perhibuit
3327 5271 3705 5339 purgationem

2116 5367 2398 5424 Dominum
2430 5383 2526 5424 sua
2549 5370 2798 5438 passione
2827 5369 2982 5424 nobis
3013 5385 3359 5440 procurasse;
3401 5386 3463 5426 ac
3505 5371 3706 5426 deinde

2114 5460 2268 5524 dixit,
2295 5459 2444 5513 illum
2469 5460 2658 5515 sedere
2680 5461 2745 5515 ad
2773 5461 3052 5518 dexteram
3095 5462 3392 5531 majestatis
3425 5463 3476 5517 in
3517 5463 3707 5518 excel—

2114 5549 2233 5602 sis:
2289 5564 2410 5604 nam
2462 5545 2705 5606 Christus
2743 5551 2974 5620 primum
3024 5566 3121 5608 nos
3169 5551 3400 5608 redemit
3442 5554 3703 5621 sanguine

2113 5647 2378 5715 passionis
2409 5662 2547 5715 suae,
2581 5659 2634 5703 et
2675 5651 2752 5705 sic
2780 5650 3116 5719 postmodum
3158 5651 3498 5708 altitudinem
3530 5653 3700 5707 caelo-

2072 5794 2078 5804 ,
2112 5753 2228 5794 tum
2261 5740 2579 5809 penetravit,
2613 5739 2700 5796 ubi
2731 5755 2870 5797 nunc
2896 5741 2960 5797 ad
2987 5741 3265 5799 dexteram
3295 5742 3470 5799 Patris
3514 5743 3690 5799 sedet.
