3996 6484
319 418 422 476 689

1183 424 1249 481 ΙΝ
1285 423 1668 486 EPISTOLAM
1705 428 1796 485 AD
1833 427 2176 492 HEBREOS
2215 434 2729 501 COMMENTARIA.

3465 463 3567 522 690

313 535 514 593 Sedere
541 542 717 591 autem
742 534 908 603 illius,
943 549 1038 606 pro
1068 535 1328 606 habitare,
1358 547 1551 595 etesse
1589 541 1805 610 ponitur
1828 542 1885 596 in
1907 544 1965 606 Α
1989 542 2120 600 dixit
2150 549 2308 616 paulo
2348 553 2613 622 superius,
2647 555 2815 614 Hodie
2843 562 3003 630 genui
3029 571 3102 634 te,
3134 566 3200 623 ad
3227 568 3565 634 divinimem

311 628 430 683 loco
457 629 559 683 isto
591 646 604 681 :
637 629 774 684 sicut
815 638 870 684 et
904 629 1121 684 dextera
1168 644 1264 698 pro
1293 630 1496 686 honore
1538 640 1591 686 et
1627 631 1885 702 dignitate

310 733 538 774 summa.
578 719 710 774 Nam
760 735 869 776 non
907 729 991 776 est
1023 722 1308 788 putandum
1362 724 1502 793 quod
1546 726 1883 794 omnipotens

309 808 486 876 Pater,
517 812 604 882 qui
649 812 870 881 spiritus
898 820 981 869 est
1025 813 1548 883 incircumscriptus,
1582 817 1761 872 omnia
1797 832 1884 873 re-

309 904 477 973 plens,
511 904 782 960 dexteram
813 915 904 960 aut
939 905 1211 961 sinistram
1246 906 1470 972 habeat,
1501 908 1636 963 sicut
1659 923 1758 963 nos
1786 908 1882 964 ha-

306 998 493 1054 bemus
525 1017 539 1053 :
571 1006 663 1053 aut
701 999 841 1070 quod
867 999 939 1053 ita
981 998 1165 1054 sedeat
1203 998 1257 1053 in
1289 999 1508 1054 dextera
1545 1000 1686 1055 illius
1713 1000 1880 1055 Filius

304 1097 439 1164 ejus,
472 1095 609 1150 sicut
649 1094 823 1150 solent
850 1093 940 1148 ﬁlii
991 1109 1170 1164 regum
1229 1094 1416 1149 sedere
1438 1095 1588 1164 juxta
1633 1095 1869 1175 Patrem,

301 1189 544 1257 apposito
573 1187 673 1242 sibi
720 1188 890 1251 solio;
922 1184 1017 1241 sed
1061 1186 1203 1240 sicut
1250 1186 1496 1253 dicimus,
1530 1187 1751 1241 dextera
1781 1201 1877 1255 pro

300 1281 469 1349 gloria
509 1289 562 1334 et
608 1280 878 1349 dignitatis
929 1279 1134 1334 honore
1189 1280 1478 1348 accipitur;
1522 1277 1790 1349 siquidem
1822 1285 1878 1332 et

299 1372 458 1426 Pater
496 1388 524 1426 a
555 1373 758 1427 dextris
790 1387 908 1428 esse
954 1371 1206 1428 scribitur
1251 1371 1470 1438 Christi,
1501 1372 1638 1426 utin
1669 1371 1875 1442 psalmo

298 1463 545 1528 habetur,
573 1464 831 1518 Dominus
856 1478 887 1516 a
917 1463 1121 1517 dextris
1142 1464 1248 1517 tuis
1275 1462 1539 1532 confregit
1568 1461 1621 1515 in
1667 1462 1753 1516 die
1777 1461 1873 1518 ira:

297 1573 406 1612 sua:
430 1572 600 1625 reges.
636 1557 808 1612 Ambo
837 1570 966 1626 ergo
995 1571 1022 1609 a
1068 1555 1275 1610 dextris
1314 1562 1458 1620 sunt,
1485 1555 1606 1621 quia
1636 1554 1763 1608 nihil
1789 1562 1873 1609 est

294 1649 351 1702 in
381 1650 654 1704 divinitate
681 1650 982 1714 sinistrum;
1015 1651 1136 1718 quia
1169 1664 1330 1703 unum
1361 1657 1442 1703 est
1464 1649 1571 1717 jam
1609 1663 1728 1703 cum
1760 1648 1872 1703 Deo

294 1743 346 1794 in
376 1742 546 1808 gloria
574 1743 733 1796 homo
754 1750 1056 1810 assumptus
1085 1757 1113 1794 a
1167 1742 1352 1807 verbo,
1383 1751 1436 1796 et
1461 1741 1869 1810 quadragesimo

291 1833 376 1885 die
422 1833 686 1887 exaltatus
725 1834 788 1886 ad
833 1834 1092 1888 coelestia.
1136 1834 1273 1900 Quid
1314 1843 1572 1903 estergo,
1605 1835 1754 1889 sedet
1799 1834 1867 1889 ad

1988 639 2337 709 aeternitatis;
2366 651 2422 698 at
2452 659 2580 701 vero
2622 650 2762 717 quod
2810 653 3110 730 subintulit,
3143 659 3256 732 Ego
3284 679 3378 720 ero
3403 666 3480 722 illi
3509 670 3564 726 in

1986 727 2231 795 Patrem;
2260 734 2326 787 ad
2349 732 2690 795 humanitatis
2713 740 2879 799 refert
2898 727 3216 819 essentiam;
3236 755 3353 812 sine
3382 759 3565 830 aliqua

1983 818 2332 879 dubitatione.
2365 824 2515 884 Unde
2541 837 2596 885 et
2620 846 2856 902 congrue
2883 839 3047 896 verbo
3095 843 3257 901 futuri
3302 818 3565 922 temporis

1983 924 2113 968 usus
2143 924 2249 982 est,
2278 916 2498 976 dicens:
2524 922 2652 980 Ero.
2683 927 2942 995 Quoniam
2983 937 3195 1004 quando
3234 940 3372 998 Deus
3401 916 3562 1003 Pater

1981 1002 2122 1058 dixit
2143 1006 2208 1060 ad
2239 1007 2402 1065 David
2436 1031 2447 1067 :
2475 1015 2607 1070 Cum
2628 1018 2911 1077 dormieris
2939 1002 3060 1081 cum
3084 1033 3347 1102 patribus,
3379 1041 3558 1095 susci-

1981 1093 2105 1150 tabo
2130 1109 2313 1155 semen
2338 1110 2505 1173 tuum,
2537 1110 2676 1176 quod
2699 1114 3001 1182 egredietur
3026 1093 3308 1181 delumbis
3334 1093 3559 1197 tuis;et

1981 1183 2481 1259 ﬁrmabojthronum
2511 1197 2627 1266 ejus
2666 1216 2828 1272 super
2871 1205 3124 1270 thronum
3175 1222 3321 1271 tuum
3354 1235 3368 1272 :
3401 1183 3551 1289 ipse-

1978 1290 2082 1345 que
2111 1280 2211 1334 erit
2251 1283 2380 1338 mihi
2407 1285 2578 1356 ﬁlius,
2607 1299 2661 1345 et
2688 1308 2788 1363 ego
2829 1311 2924 1353 ero
2969 1301 3046 1357 illi
3095 1303 3286 1378 Pater,
3315 1280 3553 1369 futurum

1978 1378 2095 1423 erat
2124 1372 2327 1443 adhuc,
2359 1387 2415 1431 ut
2451 1378 2678 1436 Verbum
2710 1385 2804 1442 Dei
2853 1389 3026 1449 Patris
3053 1372 3349 1468 assumeret
3378 1403 3558 1462 homi-

1976 1478 2103 1518 nem
2139 1467 2188 1521 in
2223 1478 2375 1528 utero
2397 1473 2658 1543 virginali,
2690 1481 2740 1535 in
2771 1483 2971 1542 unitate
2993 1503 3103 1546 sum
3128 1508 3368 1561 personae
3401 1500 3552 1556 :sive

1974 1557 2095 1624 quia
2128 1558 2294 1616 Filius
2326 1563 2416 1618 Dei
2446 1578 2588 1623 esset
2617 1569 2669 1625 in
2695 1574 2942 1648 veritate,
2973 1594 3079 1636 non
3124 1557 3426 1657 adoptivus,
3455 1590 3552 1646 sed

1974 1650 2236 1716 proprius.
2264 1653 2386 1709 Haec
2408 1667 2583 1714 autem
2607 1669 2869 1721 sententia
2893 1678 2946 1723 et
2973 1670 3040 1726 ad
3064 1650 3337 1742 superiora
3368 1690 3552 1749 potest

1971 1739 2258 1809 respicere,
2283 1754 2343 1798 ut
2375 1748 2444 1801 ita
2475 1750 2678 1819 legatur
2703 1758 3233 1834 subinterrogatione
3266 1786 3280 1824 :
3307 1771 3542 1830 Rursum
3593 1820 3600 1840 ρ

1971 1830 2053 1883 cui
2085 1833 2395 1901 angelorum
2422 1838 2587 1896 dixit:
2612 1843 2724 1915 Ego
2753 1862 2846 1903 ero
2874 1850 2949 1905 illi
2973 1830 3298 1913 invPatrem?
3321 1862 3385 1916 Et
3413 1865 3545 1920 sub-

289 1921 562 1974 dexteram
596 1922 911 1991 majestatis,
944 1924 1044 1977 nisi
1087 1934 1140 1976 ut
1167 1923 1391 1988 dicatur,
1423 1924 1626 1978 habitat
1668 1925 1720 1978 in
1754 1925 1865 1992 ple-
1893 1922 1944 1983 B
1969 1921 2140 2020 audis.
2176 1923 2312 2020 i‘julli
2341 1943 2354 1990 ;
2383 1930 2464 1983 vel
2506 1943 2653 1987 certe
2697 1937 2960 2008 absolute,
2992 1955 3044 1998 et
3071 1949 3409 2020 al‘ﬁrmalive,
3444 1957 3545 2013 hoc

290 2015 527 2068 nitudine
556 2024 788 2080 paternae
820 2015 1148 2085 majestatis?
1178 2018 1241 2072 Et
1271 2032 1390 2071 cum
1422 2017 1578 2084 dixit,
1608 2019 1662 2072 in
1689 2019 1866 2072 excel-

287 2106 380 2169 sis,
409 2106 642 2160 ostendit
669 2106 813 2160 illum
841 2108 1106 2163 hominem
1130 2123 1297 2178 super
1322 2124 1537 2165 omnem
1563 2118 1865 2165 creaturam

286 2196 581 2264 angelicam
602 2205 656 2251 et
694 2197 980 2252 humanam
1011 2199 1302 2254 exaltatum
1332 2215 1486 2265 esse;
1516 2200 1660 2255 unde
1700 2209 1753 2255 et
1781 2215 1867 2255 se-

283 2289 478 2356 quitur.
513 2287 680 2342 Tanto
703 2289 881 2342 melior
907 2290 1099 2360 angelis
1143 2289 1380 2358 e/fectus,
1406 2299 1594 2360 quanto
1625 2291 1866 2358 cli/feren-

282 2379 382 2432 tius
413 2396 517 2447 prta
547 2379 650 2434 illis
677 2397 860 2435 nomen
881 2381 1215 2438 haereditauit.
1263 2383 1482 2437 Factum
1531 2383 1646 2446 hic,
1673 2385 1756 2438 vel
1785 2384 1860 2439 ef-

280 2469 475 2525 fectum
508 2485 602 2539 pro
629 2481 933 2540 susceptum
981 2473 1239 2530 debemus
1287 2475 1565 2544 accipere;
1606 2482 1858 2545 tanquam

281 2563 518 2621 diceret:
551 2564 660 2620 lllis
705 2566 1034 2623 diﬁ‘erentius
1081 2577 1239 2639 atque
1284 2567 1633 2624 excellentius
1663 2583 1855 2625 nomen

282 2655 551 2709 filiationis
581 2655 913 2710 haereditavit
941 2675 955 2710 :
986 2671 1108 2712 nam
1159 2667 1356 2728 quanta
1386 2659 1636 2712 distantia
1665 2667 1748 2714 est
1775 2660 1858 2714 iu-

279 2754 360 2801 ter
388 2760 582 2800 nomen
611 2747 703 2801 ﬁlii
731 2757 785 2803 et
808 2749 979 2815 servi,
1014 2757 1159 2803 tanto
1191 2749 1283 2805 ille
1329 2751 1548 2821 majoris
1586 2750 1855 2821 dignitatis

279 2847 359 2891 est
387 2851 498 2906 prae
518 2838 718 2908 angelis
744 2856 759 2894 :
791 2841 1043 2910 quoniam
1072 2841 1162 2896 ille
1190 2848 1402 2897 creator
1428 2843 1740 2913 (secundum
1773 2844 1851 2898 di-

277 2927 550 2982 vinitatem
579 2929 850 3000 dico)illi
883 2938 1147 2986 creatura.
1196 2933 1312 3002 lpse
1360 2948 1568 3004 quoque
1610 2935 1770 2989 homo
1795 2937 1849 2991 in

275 3018 378 3074 hoc
406 3029 488 3074 est
515 3021 686 3090 major
725 3024 973 3079 omnibus
1017 3025 1218 3094 angelis
1257 3028 1507 3096 omnique
1553 3039 1797 3085 creatura
1832 3047 1845 3084 :

272 3111 395 3180 quia
426 3120 683 3179 potestas,
713 3128 828 3182 quae
857 3122 971 3169 erat
1016 3115 1071 3170 in
1099 3117 1245 3171 omni
1271 3120 1470 3184 verbo,
1502 3130 1625 3175 ante
1664 3121 1847 3176 omnia

275 3200 495 3270 saecula,
520 3203 782 3273 requievit
825 3205 876 3258 in
909 3205 1001 3261 illo
1026 3206 1242 3262 homine
1285 3218 1558 3280 assumpto
1606 3225 1635 3265 a
1681 3212 1846 3268 verbo

1970 2011 2158 2066 modo:
2185 2014 2414 2072 Rursum
2445 2019 2512 2074 de
2543 2021 2635 2078 illo
2665 2025 2806 2081 Deus
2832 2029 3023 2087 Pater:
3069 2037 3176 2106 Ego
3207 2056 3300 2097 ero
3344 2011 3408 2098 in,
3441 2011 3548 2101 Pa;

1972 2116 2124 2162 trem.
2152 2110 2218 2164 Et
2248 2129 2360 2168 cum
2382 2117 2563 2171 iterum
2590 2123 2875 2178 introduxit
2889 2131 3281 2203 primOgenitum
3303 2139 3357 2192 in
3377 2141 3547 2196 orbem

1968 2207 2116 2254 terra:
2145 2204 2275 2258 dixit
2307 2223 2325 2260 :
2355 2207 2422 2261 Et
2445 2211 2658 2267 adorent
2688 2232 2798 2271 eum
2824 2235 2996 2275 omnes
3016 2225 3189 2294 angeli
3220 2227 3332 2283 Dei.
3356 2233 3546 2290 Omnis

1967 2294 2266 2361 unigenitus
2294 2309 2468 2368 potest
2499 2304 2600 2359 dici
2635 2309 3042 2382 primogenitus,
3076 2332 3140 2372 eo
3169 2323 3309 2390 quod
3337 2324 3542 2392 primus

1964 2384 2167 2448 aperiat
2191 2390 2397 2444 vulvam
2430 2396 2653 2460 matris;
2687 2414 2792 2453 non
2827 2411 3004 2458 tamen
3044 2410 3219 2464 omnis
3266 2414 3541 2485 primoge-

1964 2473 2107 2529 nitus
2140 2477 2472 2550 unigenitus,
2504 2487 2595 2554 qui
2628 2487 2786 2545 habet
2811 2492 2946 2548 alios
2975 2494 3168 2554 fratres
3207 2473 3544 2574 subsequen-

1965 2569 2062 2616 tes.
2096 2565 2352 2625 Dominus
2368 2582 2547 2630 autem
2575 2575 2730 2648 Jesus
2756 2590 2862 2637 tam
2885 2588 3177 2644 secundum
3205 2565 3539 2655 divinitatem

1961 2669 2120 2725 quam
2149 2664 2443 2720 secundum
2487 2667 2870 2731 humanitatem
2900 2686 2954 2732 et
2978 2680 3312 2753 unigenitus,
3346 2697 3400 2742 et
3429 2691 3537 2758 pri-

1957 2751 2260 2819 mogenitus
2292 2754 2395 2810 dici
2427 2767 2620 2827 potest.
2665 2763 2978 2836 Unigenitus
3009 2751 3090 2828 est
3128 2751 3536 2837 secundum-di-

1957 2840 2255 2911 vinitatem,
2285 2849 2408 2917 quia
2441 2851 2494 2905 in
2527 2863 2715 2921 natura
2759 2858 3053 2918 divinitatis
3083 2880 3188 2922 non
3221 2868 3386 2928 habet
3419 2871 3535 2930 fra-

1957 2941 2066 2988 tres
2095 2937 2513 3009 subsequentes;
2551 2948 2846 3005 secundum
2886 2952 3271 3016 humanitatem
3317 2979 3532 3036 quoque

1954 3026 2258 3094 unigenitus
2285 3042 2365 3086 est
2388 3033 2560 3090 beata:
2589 3037 2792 3109 Mariae,
2825 3059 2943 3112 quae
2965 3056 3084 3116 post
3104 3050 3250 3107 illum
3271 3026 3405 3112 alios
3422 3026 3530 3115 non

1951 3117 2160 3184 genuit:
2187 3122 2325 3175 sicut
2343 3125 2699 3184 calumniatur
2721 3132 3015 3192 l-lelvidius.
3035 3139 3234 3202 Deinde
3254 3143 3520 3218 primoge-

1952 3206 2095 3260 nitus
2108 3217 2190 3262 est
2205 3213 2497 3270 secundum
2515 3216 2804 3275 divinitatis
2826 3227 3136 3296 essentiam,
3162 3206 3298 3286 sicut
3314 3249 3409 3303 per
3427 3206 3528 3294 ga-

265 3305 331 3347 ex
366 3303 604 3363 tempore
631 3297 1012 3366 conceptionis.
1054 3299 1390 3370 Quapropter
1414 3302 1486 3356 illi
1529 3311 1654 3359 sunt
1678 3306 1839 3360 mini.
1870 3284 1917 3351 C
1947 3295 2214 3354 lomonem
2239 3310 2482 3372 testatur,
2507 3307 2724 3365 dicens:
2755 3313 2862 3382 Ego
2882 3316 3142 3384 sapientia
3165 3336 3231 3376 ex
3253 3338 3348 3379 ore
3370 3327 3529 3385 Altis-

264 3388 364 3441 stri
386 3395 441 3442 et
469 3388 672 3458 famuli,
701 3391 836 3446 sicut
882 3393 934 3446 in
992 3393 1109 3463 ejus
1157 3395 1445 3451 tentatione
1473 3404 1527 3452 et
1573 3397 1843 3468 passione,

260 3480 663 3536 resurrectione
701 3497 946 3554 quoque,
979 3496 1139 3557 atque
1169 3491 1483 3545 ascensione
1518 3489 1846 3547 declaratum

262 3577 373 3624 est.
405 3571 498 3627 llle
521 3581 698 3629 autem
731 3575 868 3631 ﬁlius
895 3579 1146 3648 proprius
1168 3589 1220 3635 et
1249 3581 1421 3636 haeres
1445 3583 1626 3638 existit
1658 3601 1670 3636 :
1704 3585 1843 3652 quod

261 3671 314 3716 et
347 3665 639 3732 Apostolus
667 3668 822 3722 nobis
849 3670 1036 3737 innuit,
1073 3672 1197 3727 dum
1229 3673 1499 3743 subjungit
1530 3693 1542 3727 :
1585 3675 1682 3730 Cui
1708 3677 1842 3730 enim

258 3754 395 3807 dixit
421 3757 692 3826 aliquando
712 3761 1026 3831 angelorum,
1053 3762 1224 3818 Filius
1246 3781 1383 3820 meus
1407 3782 1455 3819 es
1478 3775 1549 3834 tu,
1578 3784 1668 3837 ego
1691 3768 1841 3822 hodie

257 3849 417 3915 genui
456 3852 543 3903 te?
572 3851 839 3921 Subaudi,
869 3856 999 3909 nulli
1027 3859 1336 3927 angelorum
1368 3859 1469 3916 hoc
1507 3862 1704 3917 dictum
1733 3871 1836 3919 est.

257 3941 375 3996 Huc
398 3941 464 3998 de
495 3944 670 4000 Verbo
701 3946 796 4002 Dei
823 3949 1221 4022 intelligendum
1252 3961 1359 4020 est,
1391 3956 1531 4024 quod
1581 3965 1837 4014 aeternum

256 4045 308 4089 et
359 4038 808 4095 consubstantiale
855 4051 936 4096 est
961 4043 1138 4108 Patri,
1187 4059 1291 4100 non
1319 4047 1386 4100 de
1429 4047 1662 4116 qualibet
1687 4065 1838 4106 crea-

257 4135 409 4193 tura;
445 4129 565 4184 licet
591 4130 827 4200 legamus
859 4133 909 4186 in
953 4133 1088 4188 libro
1129 4134 1250 4199 Job,
1281 4139 1498 4206 angelos
1544 4142 1836 4209 appellatos

259 4234 379 4274 esse
409 4221 544 4274 ﬁlios
577 4224 687 4277 Dei.
722 4224 778 4279 ln
813 4222 1005 4281 Genesi
1026 4242 1235 4297 quoque
1259 4229 1420 4296 filios;
1446 4231 1538 4285 sed
1563 4233 1702 4302 quod
1734 4234 1836 4288 uti-

258 4326 362 4379 que
389 4314 600 4382 quando
628 4317 704 4380 tit,
734 4318 952 4372 abusive
979 4318 1053 4373 fit.
1083 4321 1305 4387 Quando
1334 4338 1459 4394 ergo
1488 4324 1622 4380 dixit
1643 4328 1693 4382 ei
1714 4346 1727 4380 :
1747 4327 1835 4383 Fi-

256 4403 359 4456 lius
389 4420 539 4460 meus
577 4422 635 4460 es
678 4419 728 4462 tu
759 4426 774 4462 :
806 4419 1045 4476 tempore
1090 4412 1442 4481 baptismatis,
1472 4426 1523 4471 et
1553 4418 1605 4471 in
1652 4427 1832 4474 monte

258 4493 488 4547 intonuit
509 4510 610 4548 vox
641 4508 856 4564 paterna
889 4500 1117 4568 coehtus,
1150 4503 1333 4558 dicens
1369 4525 1382 4559 :
1414 4507 1509 4560 llic
1537 4516 1620 4562 est
1665 4509 1830 4566 Filius

257 4597 410 4638 meus
440 4585 684 4640 dilectus.
713 4588 780 4642 Et
811 4591 858 4643 in
886 4590 1005 4657 hoc,
1041 4594 1180 4662 quod
1205 4594 1358 4664 dixit,
1389 4598 1551 4653 Filius
1592 4615 1743 4656 meus
1770 4618 1829 4658 es

257 4681 331 4738 tu,
367 4677 666 4734 manifestat
702 4697 769 4736 ex
800 4685 910 4752 ipsa
939 4699 1035 4741 sua
1059 4691 1291 4744 essentia
1339 4691 1486 4746 illum
1530 4707 1649 4749 esse
1677 4697 1828 4764 geni-
1857 4665 1911 4725 Β

255 4772 385 4820 tum.
417 4768 819 4842 Notandumque
845 4776 968 4844 quia
997 4792 1103 4833 non
1135 4778 1272 4834 dixit
1297 4797 1310 4836 :
1345 4782 1487 4839 Ante
1517 4786 1695 4840 omnia
1725 4801 1826 4843 saa-

253 4859 366 4912 cula
398 4863 554 4930 genui
587 4872 665 4933 te,
703 4867 784 4920 vel
816 4868 868 4921 in
900 4871 1169 4937 praeterito
1199 4883 1470 4945 tempore;
1502 4879 1616 4945 sed,
1645 4880 1822 4950 hodie,

254 4953 442 5020 inquit,
474 4957 631 5023 genui
663 4964 745 5023 te,
778 4959 917 5028 quod
945 4962 1254 5019 adverbium
1278 4974 1363 5021 est
1384 4972 1664 5037 praesentis
1689 4981 1824 5027 tem-

255 5044 397 5111 poris
427 5065 438 5096 :
470 5046 523 5098 in
555 5047 663 5100 Deo
690 5049 832 5104 enim
858 5065 957 5105 nec
985 5056 1254 5120 praeterita
1286 5067 1580 5128 transeunt,
1616 5077 1711 5118 nec
1742 5063 1825 5119 fu-

255 5142 369 5188 tura
408 5137 739 5204 succedunt;
771 5139 864 5195 sed
896 5143 1072 5197 omnia
1121 5155 1358 5214 tempora
1404 5151 1562 5206 simul
1606 5153 1654 5207 ei
1694 5168 1824 5208 con-

250 5226 427 5295 juncta
470 5237 623 5293 sunt,
667 5231 788 5300 quia
833 5234 1010 5287 omnia
1053 5237 1334 5304 praesentia
1389 5238 1570 5296 habet.
1623 5242 1692 5296 Et
1739 5252 1822 5300 est

249 5330 438 5370 sensus
471 5334 482 5368 :
514 5317 661 5373 Sicut
688 5334 788 5391 ego
813 5335 1023 5392 semper
1050 5333 1286 5380 aeternus
1327 5341 1476 5397 sum,
1518 5347 1689 5402 neque
1716 5334 1820 5389 ini-

250 5406 404 5471 tium,
435 5423 606 5478 neque
635 5412 790 5466 tinem
813 5413 982 5470 habeo
1009 5434 1019 5468 :
1053 5416 1126 5471 ita
1155 5426 1205 5473 te
1235 5434 1447 5490 semper
1477 5424 1646 5479 habeo
1670 5440 1814 5483 coae-

250 5505 457 5552 ternum
486 5500 634 5556 mihi.
671 5503 798 5560 Tale
822 5514 901 5560 est
929 5515 984 5561 et
1009 5507 1134 5562 illud
1159 5511 1300 5579 quod
1326 5512 1451 5566 alibi
1482 5513 1616 5569 dixit
1640 5533 1651 5568 :
1676 5519 1815 5574 Ante

246 5589 550 5646 Luciferum
589 5597 745 5662 genui
776 5605 826 5652 te
852 5639 866 5664 ,
913 5598 964 5653 id
994 5607 1079 5655 est
1106 5609 1230 5656 ante
1272 5605 1566 5674 angelicam
1606 5618 1815 5665 creatu-

245 5696 379 5745 ram,
405 5691 454 5737 et
485 5693 607 5740 ante
630 5688 802 5742 omnia
829 5691 1042 5746 saecula.
1086 5692 1152 5745 Et
1172 5710 1394 5763 rursum,
1419 5695 1532 5767 Ego
1561 5715 1647 5752 ero
1677 5703 1722 5754 ei
1759 5703 1810 5756 in

246 5772 474 5842 Patrem,
497 5785 541 5829 et
564 5778 672 5844 ipse
697 5780 791 5833 erit
826 5781 947 5834 mihi
972 5784 1024 5836 in
1048 5785 1233 5851 ﬁlium.
1287 5787 1514 5845 Videsne
1546 5794 1810 5860 quomodo

243 5865 497 5922 discernit
540 5872 805 5939 geminam
845 5883 1085 5934 naturam
1135 5880 1188 5935 in
1232 5880 1486 5939 Christo?
1514 5900 1636 5942 nam
1665 5890 1804 5958 quod

1949 3387 2070 3442 simi
2091 3392 2316 3459 prodivi,
2331 3395 2682 3468 primogenita
2703 3411 2826 3459 ante
2847 3420 3060 3463 omnem
3080 3422 3400 3473 creaturam.
3425 3420 3524 3477 Se-

1951 3485 2180 3540 cundum
2207 3487 2590 3556 humanitatem
2614 3511 2716 3566 qua
2742 3501 3124 3573 primogenitus
3153 3512 3312 3567 estin
3341 3516 3524 3574 multis

1945 3575 2198 3634 fratribus
2219 3581 2500 3650 adoptivus
2524 3603 2538 3640 :
2564 3588 2630 3657 de
2653 3589 2844 3660 quibus
2865 3595 2977 3662 ipse
2995 3597 3349 3661 dixitMarim:
3377 3607 3522 3666 Vade

1946 3668 2012 3724 ad
2032 3668 2225 3727 fratres
2246 3689 2416 3743 meos,
2440 3685 2497 3733 et
2525 3674 2614 3734 die
2639 3683 2739 3738 eis.
2760 3685 2912 3753 Quod
2935 3699 3111 3746 autem
3137 3696 3266 3752 dicit
3289 3699 3522 3769 Aposto-

1944 3762 2025 3817 lus
2059 3780 2072 3815 :
2102 3762 2234 3818 Cum
2259 3765 2450 3822 iterum
2473 3768 2767 3830 introduxit
2792 3777 2929 3834 Deus
2955 3779 3112 3838 Pater
3141 3762 3519 3848 Filium-suum

1941 3851 2415 3925 primogenitumin
2439 3861 2718 3934 mundum,
2744 3866 2821 3922 sic
2855 3869 3104 3929 videntur
3124 3876 3238 3932 haec
3257 3878 3416 3935 verba
3434 3895 3526 3936 so-

1940 3957 2090 4013 nare,
2109 3948 2262 4018 quasi
2282 3950 2392 4019 jam
2415 3953 2584 4010 altera
2604 3957 2723 4013 vice
2743 3959 3076 4025 introductus
3097 3980 3261 4026 esset.
3274 3970 3381 4030 Sed
3393 3990 3523 4045 quo-

1939 4036 2098 4091 modo
2110 4038 2209 4094 hoc
2223 4041 2291 4094 sit
2304 4044 2727 4117 intelligendum,
2743 4049 3077 4125 Evangelista
3091 4059 3323 4120 Joannes
3334 4036 3516 4136 aperte

1937 4137 2262 4208 manifestat,
2295 4142 2478 4199 dicens
2510 4165 2524 4201 :
2571 4148 2631 4204 In
2659 4153 2856 4208 mundo
2888 4166 3033 4226 erat,
3067 4169 3121 4216 et
3151 4165 3378 4221 mundus
3422 4183 3520 4236 per

1936 4230 2111 4295 ipsum
2138 4232 2305 4288 factus
2324 4243 2426 4303 est,
2457 4243 2513 4291 et
2538 4242 2770 4297 mundus
2799 4259 2921 4300 eum
2953 4262 3057 4306 non
3084 4255 3350 4322 cognovit.
3379 4230 3516 4312 ver-

1935 4324 2062 4381 bum
2077 4342 2206 4399 ergo
2229 4331 2321 4386 Dei
2345 4333 2538 4403 Patris,
2560 4351 2655 4405 per
2670 4342 2810 4408 quod
2833 4345 3008 4404 omnia
3032 4345 3169 4402 facta
3191 4361 3337 4416 sunt,
3358 4355 3513 4410 unius

1938 4419 2184 4472 essentiae
2206 4421 2442 4478 existens
2464 4439 2583 4480 cum
2608 4429 2765 4484 Patre
2793 4441 2849 4487 et
2865 4435 3064 4502 Spiritu
3085 4451 3294 4510 sancto,
3321 4442 3515 4512 ubique

1936 4513 2038 4573 est,
2071 4517 2126 4561 et
2167 4511 2344 4565 omnia
2381 4513 2587 4584 implet.
2621 4519 2750 4585 Quia
2795 4522 3058 4593 cingendo
3097 4528 3282 4599 implet
3310 4511 3507 4605 omnia,

1934 4596 2199 4667 implenda
2229 4603 2394 4674 cingit
2425 4623 2436 4660 :
2467 4610 2816 4678 gubernando
2866 4619 3138 4691 praesidet,
3174 4596 3513 4694 praesidendo

1933 4691 2214 4760 gubernat.
2245 4696 2310 4752 Et
2339 4700 2461 4769 quia
2488 4702 2541 4757 in
2569 4706 2769 4762 mundo
2793 4719 2927 4778 erat,
2954 4713 3043 4768 ubi
3067 4691 3280 4774 carnem
3311 4736 3515 4777 assum-

1931 4781 2056 4849 psit,
2087 4791 2141 4839 et
2186 4800 2306 4841 cum
2355 4789 2726 4853 inaccessibile
2775 4808 2891 4855 erat
2935 4807 3132 4859 nostris
3181 4811 3508 4879 aspectibus,

1929 4873 2052 4942 quia
2081 4891 2187 4931 non
2216 4881 2498 4940 videbatur
2527 4905 2539 4939 :
2571 4890 2740 4958 ipsam
2765 4897 3186 4964 assumptionem
3215 4905 3392 4960 carnis
3417 4921 3511 4974 ap-

1930 4967 2093 5032 pellat
2120 4970 2348 5027 alterum
2390 4975 2666 5035 introitum
2703 4998 2716 5046 ;
2751 4983 2876 5038 dum
2919 4987 3064 5041 enim
3109 4993 3198 5058 qui
3228 4967 3512 5053 invisibilis

1926 5067 2040 5112 erat
2065 5059 2307 5118 humanis
2350 5071 2654 5135 aspectibus
2678 5113 2690 5137 ,
2725 5086 3001 5146 assumpta
3030 5093 3193 5136 carne
3234 5085 3502 5142 visibilem

1925 5163 1982 5205 se
2009 5153 2237 5220 praebuit
2270 5159 2417 5224 quasi
2450 5161 2643 5218 iterum
2689 5166 3024 5226 introductus
3048 5184 3151 5226 est.
3179 5173 3508 5231 Notandum-

1923 5256 2027 5310 que
2055 5245 2177 5310 quia
2205 5248 2344 5314 quod
2376 5251 2663 5318 Apostolus
2703 5255 2977 5314 introitum
3021 5263 3292 5331 nominat,
3316 5265 3418 5322 hoc
3449 5270 3506 5325 in

1926 5331 2214 5402 Evangelio
2241 5337 2354 5406 ipsa
2383 5339 2590 5397 Veritas
2617 5345 2815 5400 exitum
2838 5359 3014 5417 vocat,
3041 5354 3225 5410 dicens
3251 5374 3263 5410 :
3293 5357 3442 5415 Exivi
3470 5376 3500 5415 a

1923 5420 2101 5490 Patre,
2133 5435 2188 5480 et
2214 5430 2334 5483 veni
2358 5431 2408 5485 in
2441 5434 2718 5490 mundum.
2750 5438 2940 5496 Merito
2969 5457 3096 5513 ergo
3121 5446 3322 5502 exitum
3349 5463 3502 5509 vocat

1922 5511 2304 5573 incarnationis
2317 5535 2425 5576 suae
2440 5528 2856 5595 assumptionem
2871 5511 3462 5613 manifestationemque
3479 5587 3495 5612 ,

1919 5611 2042 5678 quia
2089 5627 2186 5667 nos
2217 5614 2344 5671 foris
2393 5634 2642 5690 eramus,
2674 5639 2702 5678 a
2735 5625 2847 5682 Deo
2889 5632 3095 5698 expulsi
3137 5644 3290 5692 extra
3321 5641 3493 5696 aulam

1917 5713 2167 5780 paradisi,
2197 5719 2446 5784 palatium
2470 5723 2630 5793 Regis
2650 5730 2836 5783 aeterni
2857 5747 2866 5782 :
2884 5734 3042 5801 positi
3074 5735 3125 5791 in
3150 5751 3369 5796 carcere
3392 5743 3492 5796 hu-

1914 5804 2000 5872 jus
2030 5807 2211 5862 mundi
2233 5821 2285 5865 et
2313 5813 2498 5868 exsilio
2524 5818 2762 5887 relegati.
2810 5822 2964 5879 Verbi
3006 5829 3196 5898 gratia,
3243 5831 3380 5886 sicut
3403 5848 3493 5887 ex-

1919 5895 2201 5960 cluduntur
2233 5901 2301 5957 ab
2340 5903 2458 5960 aula
2485 5907 2627 5979 regia
2653 5911 2751 5981 rei,
2784 5911 2900 5983 ejus
2929 5895 3188 5976 offensam
3215 5919 3495 5979 incurren-
