3982 6352
454 391 547 446 691

1563 391 1857 445 PlililASll
1898 390 2177 446 AliliUME
2190 393 2343 448 ΪΛΝΙ
2385 394 2593 452 ΕΡΙΞϐ.

3608 397 3721 452 69?.

454 520 553 573 tt's,
584 520 639 565 et
660 512 1062 569 dcstinanturiu
1087 514 1357 580 exsilium,
1390 523 1547 582 atque
1568 513 1620 568 in
1641 527 1858 567 carcere
1882 510 2027 566 cl‘au-
2055 514 2107 571 A
2134 517 2412 569 caelorum.
2449 518 2512 571 Et
2544 535 2555 569 :
2599 517 2905 588 Fulgebuut
2948 517 3078 587 justi
3116 519 3253 572 sicut
3291 516 3373 572 sol
3394 556 3410 583 ,
3455 523 3512 571 et
3548 528 3722 570 erum

453 602 683 671 duntur;
711 606 801 661 sed
828 608 962 660 sicut
990 607 1159 660 bonus
1188 607 1448 660 mediator
1482 606 1670 661 volens
1698 608 1775 660 eis
1815 606 2023 659 veniam

456 698 760 767 impetrare,
786 714 888 753 non
920 701 1143 767 primum
1174 714 1265 754 eos
1298 698 1585 753 introducit
1620 699 1673 752 in
1718 697 1893 751 aulam
1940 710 2023 751 re-

452 794 555 858 gis,
580 792 671 845 sed
722 794 829 859 ipse
862 794 997 851 foras
1026 793 1317 861 egreditur,
1360 794 1538 863 ibique
1567 808 1687 847 cum
1714 793 1791 847 eis
1838 792 2026 847 miscet

455 883 845 936 sermocinandi
871 884 1139 953 negotium
1170 904 1177 937 :
1212 886 1392 955 sicque
1416 896 1687 941 correctos
1718 896 1769 939 et
1790 886 2023 953 castiga-

458 982 538 1025 tos
588 974 868 1028 introducit
919 991 1009 1029 eos
1053 978 1104 1030 in
1136 988 1424 1045 conspectu
1471 979 1639 1048 regis;
1681 978 1926 1032 similiter
1968 991 2027 1030 se

456 1062 710 1119 Dominus
749 1066 904 1122 Jesus
933 1070 1205 1133 exhibuit;
1240 1088 1359 1125 nam
1387 1085 1637 1140 egressus
1663 1081 1744 1126 est
1773 1072 1837 1124 ad
1873 1085 1967 1124 nos
1996 1085 2023 1123 a

456 1164 741 1222 CODSpeCllt
774 1170 1011 1227 paterna:
1057 1161 1379 1230 majestatis,
1412 1177 1634 1217 carnem
1680 1162 2024 1227 assumenda,

456 1245 822 1318 visibilemque
854 1266 913 1304 se
946 1254 1265 1320 prmbendo,
1298 1264 1350 1309 et
1380 1254 1671 1309 collocutus
1716 1264 1797 1309 est
1848 1253 2028 1307 nobis-

455 1351 574 1391 cum
603 1353 866 1411 praecepta
898 1344 1057 1414 litigis
1086 1346 1303 1411 aeterni;
1338 1348 1522 1416 sicque
1551 1363 1645 1401 nos
1690 1347 1799 1400 suis
1831 1348 2022 1416 praedi-

455 1432 752 1489 cationibus
781 1446 833 1490 et
864 1436 1134 1493 miraculis
1163 1450 1434 1494 correctos
1462 1453 1515 1494 et
1541 1441 1845 1508 castigatos,
1868 1449 2025 1510 atque

454 1539 547 1579 sua
598 1527 700 1582 ﬁde
750 1530 1133 1595 conﬁrmatos,
1180 1546 1380 1601 suaque
1424 1534 1670 1601 passione
1714 1550 1743 1587 a
1798 1534 2027 1601 peccatis

455 1622 792 1693 emundatos,
827 1625 1121 1680 introduxit
1161 1627 1213 1681 in
1246 1628 1438 1693 aulam,
1470 1630 1522 1684 in
1566 1640 1907 1699 conspectum
1940 1643 2029 1698 pa-

459 1722 624 1769 terna:
648 1717 948 1785 majestatis
969 1760 982 1785 ,
1016 1720 1224 1788 quando
1252 1721 1549 1776 ascendens
1587 1723 1652 1776 ad
1680 1723 1846 1776 caelos
1882 1731 2028 1790 pate-

458 1804 585 1861 fecit
627 1809 781 1864 nobis
819 1810 1023 1865 aditum
1068 1814 1217 1881 regni
1255 1813 1514 1870 etelcstis.
1569 1814 1801 1870 Dicendo
1848 1826 2024 1869 autem

2130 610 2265 663 sicut
2310 610 2483 677 angeli
2519 610 2611 665 Dei
2642 612 2697 664 in
2735 611 2892 665 etelo.
2946 611 3185 664 Flamma
3226 622 3353 665 vero
3398 609 3544 679 ignis
3580 618 3718 661 sunt

2129 701 2340 769 quando
2372 712 2627 757 terrorem
2654 704 2788 773 ignis
2812 703 3075 771 gehennae
3102 688 3225 756 suis
3254 700 3595 755 auditoribus
3620 702 3721 753 mi-

2130 803 2343 857 nantur,
2372 794 2613 849 dicentes
2645 815 2659 851 :
2684 794 2872 849 Omnis
2900 793 3062 848 arbor
3090 809 3194 847 non
3226 794 3425 847 faciens
3467 783 3714 845 fructum

2129 883 2327 938 bonum
2356 887 2631 941 excidatur
2681 896 2734 941 et
2769 888 2821 941 in
2873 888 3048 957 ignem
3094 888 3354 942 mittetur.
3413 884 3495 940 Ad
3540 886 3719 953 ﬁliam

2128 987 2319 1029 autem.
2352 976 2633 1043 Subaudis,
2658 978 2789 1031 dicit
2814 977 3117 1032 Psaltnista.
3146 976 3537 1047 Thronus/tusts
3566 976 3717 1030 Deus

2130 1068 2183 1121 in
2211 1069 2452 1122 siccatum
2489 1070 2667 1126 strictin
2698 1084 2717 1123 :
2739 1071 2882 1139 virga
2918 1072 3197 1139 trqnitatis,
3226 1069 3367 1140 virga
3412 1070 3562 1140 regni
3612 1070 3712 1123 uti.

2132 1159 2342 1214 lntuere
2370 1162 2638 1228 quomodo
2678 1171 2731 1213 et
2759 1176 2877 1214 cum
2926 1170 3123 1229 quanta
3169 1161 3416 1215 claritate
3445 1160 3717 1216 discernit

2128 1262 2427 1305 creaturam
2461 1254 2754 1319 angelicam
2801 1268 2830 1305 a
2877 1252 3044 1318 Filio,
3109 1254 3199 1321 qui
3244 1262 3435 1307 cuncta
3483 1253 3713 1307 creavit.

2132 1342 2376 1399 Thronus
2396 1344 2625 1417 (θρόνος)
2658 1342 2863 1409 Graece,
2896 1343 3085 1399 Latine
3109 1343 3302 1399 dicitur
3347 1344 3506 1399 sedes
3537 1344 3714 1417 regia,

2130 1436 2268 1489 sicut
2307 1446 2360 1490 et
2385 1437 2601 1491 solittm.
2637 1436 2738 1490 Per
2771 1436 3018 1490 thronum
3044 1446 3220 1491 autem
3259 1451 3367 1491 uno
3406 1436 3572 1491 modo
3596 1451 3716 1505 pos-

2131 1543 2317 1584 sumus
2364 1531 2666 1601 intelligere
2713 1545 2937 1599 regnum
2985 1549 2997 1582 :
3045 1546 3142 1601 per
3182 1540 3450 1598 sceptrum
3498 1539 3712 1599 autem,

2130 1623 2271 1691 quod
2316 1634 2393 1677 est
2443 1624 2591 1692 virga
2639 1639 2831 1689 aurea,
2879 1634 3119 1694 potestas
3164 1624 3486 1694 inteliigitur
3537 1624 3711 1691 regni.

2137 1715 2272 1769 Dicit
2292 1731 2421 1785 ergo
2439 1716 2747 1782 Psalmista,
2773 1718 2995 1785 loquens
3016 1717 3082 1771 ad
3107 1716 3297 1771 Filium
3320 1716 3418 1770 Dei
3442 1734 3456 1768 ι
3476 1716 3525 1771 0
3550 1716 3710 1783 Deus,

2132 1824 2355 1879 regnum
2381 1819 2549 1875 tuum,
2577 1818 2633 1864 et
2662 1820 2896 1880 potestas
2922 1811 3132 1879 imperii
3160 1811 3233 1864 tui
3259 1811 3314 1863 in
3336 1811 3592 1863 saeculum
3614 1822 3715 1861 s2-

457 1897 815 1955 introductum
841 1916 961 1955 eum
990 1902 1042 1955 in
1065 1904 1248 1957 orbem
1279 1915 1457 1969 terra},
1482 1905 1580 1959 hoc
1602 1905 1881 1975 significat,
1907 1919 2028 1959 cum
2058 1891 2109 1954 Β
2132 1902 2239 1956 culi
2268 1902 2523 1957 manebit.
2556 1902 2683 1957 Tale
2728 1902 2854 1971 quid
2897 1902 3111 1957 Gabriel
3145 1901 3276 1955 dicit
3321 1900 3388 1954 ad
3442 1900 3665 1953 Mariam
3696 1918 3707 1949 :

459 1988 507 2041 ei
538 1990 834 2046 committat
860 1992 1043 2048 orbem
1078 2003 1257 2061 terrae,
1305 1997 1610 2053 manifestat
1657 1998 1802 2051 illum
1854 1997 2031 2052 Domi-

459 2094 586 2134 num
614 2096 733 2136 esse
763 2084 923 2137 totius
970 2087 1151 2140 mundi
1180 2104 1191 2139 :
1225 2088 1375 2142 Tunc
1423 2089 1564 2143 enim
1604 2088 1894 2158 possidebit
1938 2104 2029 2143 or-

456 2172 600 2239 bent,
634 2188 751 2229 cum
780 2176 846 2229 ab
876 2178 1141 2233 universis
1180 2181 1283 2234 erit
1323 2185 1533 2250 agnitus
1566 2182 1819 2236 Dominus
1868 2183 2030 2238 totius

456 2264 622 2320 orbis.
666 2266 777 2320 Hoc
801 2279 977 2324 autem
1010 2286 1115 2325 non
1166 2273 1232 2326 de
1274 2274 1568 2327 substantia
1598 2274 1785 2338 Verbi,
1830 2274 1925 2330 sed
1964 2276 2031 2329 de

457 2360 690 2413 essentia
721 2358 955 2415 hominis
986 2364 1169 2431 accipe
1191 2364 1418 2418 dictum.
1451 2367 1709 2435 Quodque
1751 2368 2028 2435 sequitur:

450 2445 525 2517 Et
552 2448 775 2503 adorent
804 2465 925 2505 eum
955 2466 1143 2508 omnes
1171 2456 1345 2525 angeli
1376 2456 1499 2521 Dei,
1535 2458 1640 2513 tale
1670 2467 1751 2512 est
1776 2473 1837 2513 ac
1877 2460 1923 2512 si
1951 2459 2031 2512 di-

459 2547 639 2594 ceret:
673 2542 872 2598 Omnes
899 2547 1071 2613 angeli
1104 2549 1237 2611 mei,
1269 2560 1323 2603 et
1363 2550 1505 2604 illius
1535 2568 1547 2603 :
1591 2551 1713 2621 quia
1745 2567 1839 2619 per
1884 2552 2031 2607 illum

460 2641 585 2683 sunt
608 2630 754 2688 facti.
788 2633 937 2690 Tunc
960 2651 1089 2705 ergo
1115 2640 1475 2696 adoraverunt
1498 2658 1639 2707 eum,
1660 2645 1873 2713 quando
1897 2645 2032 2698 nati-

462 2720 678 2777 vitatem
722 2724 879 2780 illius‘
904 2730 1383 2803 annuntiaverunt,
1432 2743 1486 2789 et
1512 2735 1722 2806 quando
1769 2737 1863 2791 illo
1913 2751 2033 2793 esu-

462 2810 634 2869 riente
666 2830 1010 2875 accesserunt
1049 2831 1106 2878 et
1127 2824 1498 2883 ministrabant
1528 2830 1578 2884 ei
1611 2845 1625 2882 :
1676 2829 1791 2885 sive
1822 2832 2034 2899 quando

462 2906 765 2973 sepulcrum
832 2910 949 2982 ejus
1012 2917 1381 2972 cuStodierunt
1439 2936 1451 2972 :
1528 2920 1765 2989 quotidie
1825 2937 2036 2991 quoque

462 2996 685 3053 adorant
727 3018 881 3071 eum,
913 3007 1035 3074 quia
1070 3009 1256 3064 visioni
1293 3009 1437 3065 illius
1485 3014 1875 3081 obtemperant.
1928 3014 2034 3070 Sed

464 3092 700 3160 nunquid
740 3094 867 3150 solis
906 3099 1109 3167 angelis
1150 3104 1402 3172 praecepit
1444 3103 1590 3159 Deus
1632 3106 1786 3160 Pater
1815 3106 2037 3161 adorare

463 3181 649 3238 illum?
702 3185 856 3254 Non,
912 3192 1039 3258 quin
1098 3193 1274 3260 potius
1324 3198 1471 3251 omni
1521 3206 1796 3252 creaturae.
1857 3196 1919 3251 Et
1969 3199 2035 3251 ad

2135 1994 2252 2063 ipse
2278 1995 2525 2065 regnabit
2571 1996 2624 2049 in
2653 1995 2814 2049 domo
2840 1994 3006 2049 Jacob
3038 1996 3089 2050 in
3138 2001 3423 2057 :eternum,
3483 2000 3543 2047 et
3563 1992 3712 2061 regni

2133 2085 2249 2155 ejus
2282 2102 2384 2141 non
2413 2087 2515 2141 erit
2542 2086 2685 2141 ﬁnis.
2722 2087 2865 2140 istud
2897 2094 2981 2141 est
3020 2099 3241 2154 regnum
3289 2086 3357 2139 de
3406 2098 3518 2154 quo
3548 2084 3713 2139 turba:

2134 2181 2502 2234 acclatnabant
2534 2196 2547 2232 :
2580 2180 2924 2234 Benedictum
2945 2217 2960 2242 ,
2991 2179 3130 2249 quod
3161 2177 3329 2241 venit,
3356 2190 3586 2246 regnum
3616 2177 3714 2231 Pa-

2138 2273 2233 2326 tris
2265 2272 2446 2339 David,
2465 2272 2533 2327 de
2556 2285 2662 2339 quo
2679 2272 2793 2340 ipse
2812 2272 3073 2325 Dominus
3094 2270 3160 2324 ad
3183 2269 3412 2324 Pilatum
3435 2286 3449 2321 :
3474 2270 3711 2339 Regnum

2136 2377 2311 2417 meum
2342 2376 2447 2418 non
2470 2371 2550 2417 est
2572 2362 2639 2418 de
2667 2362 2767 2417 hoc
2794 2361 3015 2417 mundo.
3049 2362 3250 2416 Aliter:
3277 2360 3561 2415 Thrminm
3579 2362 3711 2415 sicut

2135 2454 2317 2509 sedem
2356 2455 2705 2523 jndicantium
2752 2468 2859 2508 non
2894 2456 3187 2523 incongrue
3216 2464 3511 2522 possumus
3548 2454 3709 2507 intel-

2138 2545 2302 2614 ligere
2349 2545 2638 2615 judicium,
2682 2546 2823 2615 quod
2873 2547 3114 2617 procedit
3161 2561 3189 2600 a
3229 2546 3379 2601 sede.
3434 2546 3581 2601 istud
3636 2554 3714 2602 est

2134 2637 2423 2707 judicium,
2453 2639 2520 2693 de
2562 2653 2668 2709 quo
2711 2638 2873 2694 Filius
2925 2639 3159 2693 hominis
3203 2639 3365 2693 dicit:
3406 2638 3569 2695 Pater
3613 2654 3711 2693 non

2133 2730 2335 2801 jndicat
2380 2746 2731 2802 quemquam,
2781 2732 2874 2787 sed
2916 2746 3077 2788 omne
3119 2732 3380 2802 judicium
3431 2732 3584 2788 dedit
3626 2733 3715 2787 Fi-

2138 2820 2239 2885 lio;
2287 2832 2341 2876 et
2386 2823 2454 2877 de
2509 2838 2613 2891 quo
2660 2823 2940 2877 Psalmista
2993 2822 3169 2878 dicit:
3231 2824 3402 2890 Deus,
3456 2824 3716 2893 judicium

2141 2919 2287 2965 tuum
2335 2914 2445 2983 regi
2493 2913 2589 2979 da,
2640 2922 2693 2969 et
2718 2914 2976 2983 justitiam
3010 2924 3156 2970 tuam
3184 2913 3299 2970 ﬁlio
3341 2916 3507 2985 regis,
3544 2917 3599 2970 id
3629 2922 3715 2971 est

2138 3000 2369 3058 Christo.
2416 3005 2661 3059 ΤΙιι-οηῐιε
2698 3019 2827 3075 ergo
2858 3006 2950 3060 Dei
2982 3008 3035 3061 in
3084 3008 3332 3062 saeculum
3362 3008 3539 3061 steculi
3590 3022 3705 3060 ma-

2140 3095 2315 3162 nebit,
2345 3098 2467 3166 quia
2510 3098 2767 3166 judicium
2816 3100 3165 3153 novissimum
3190 3141 3204 3163 ,
3255 3098 3391 3167 quod
3412 3099 3564 3153 dabit
3598 3100 3715 3153 ele-

2140 3188 2261 3252 ctis,
2285 3187 2472 3243 dicens
2502 3205 2514 3242 :
2549 3189 2756 3256 Venite,
2789 3188 3056 3243 benedicti
3085 3190 3257 3244 Patris
3283 3191 3407 3243 mei.
3440 3190 3508 3244 Et
3534 3202 3720 3256 repro-

463 3278 667 3347 angclos
717 3282 924 3349 quidem
968 3284 1139 3340 dicit:
1186 3286 1287 3351 Qui
1328 3290 1451 3356 facit
1489 3292 1694 3362 angelos
1732 3306 1847 3344 suos
1887 3292 2034 3360 spiri-

2144 3279 2267 3335 bis:
2324 3283 2400 3337 ite
2452 3283 2505 3335 in
2552 3283 2727 3352 ignem
2780 3292 3084 3337 aeternum:
3143 3293 3343 3339 interna
3398 3283 3725 3339 discretione

466 3377 575 3433 tus,
611 3382 661 3426 et
715 3374 972 3429 ministros
1010 3393 1130 3431 suos
1174 3382 1439 3447 ﬂammam
1477 3382 1629 3451 ignis.
1680 3381 1829 3449 Quod
1876 3382 2037 3449 dicit,

466 3472 518 3516 et
543 3463 609 3517 ad
658 3469 876 3535 angelos
917 3471 1131 3539 quidem
1176 3473 1305 3528 dicit
1354 3476 1491 3531 Deus
1532 3476 1718 3541 Pater,
1769 3477 1849 3531 vel
1893 3476 2040 3531 Scri-

468 3562 617 3619 ptura
671 3555 895 3613 divina:
950 3561 1057 3617 tale
1100 3571 1185 3618 est
1226 3578 1289 3619 ac
1336 3567 1381 3620 si
1416 3567 1649 3633 diceret,
1698 3569 1763 3623 de
1815 3569 2036 3638 angelis,

470 3648 558 3711 ad,
588 3663 791 3715 ponens
821 3666 917 3720 pro
944 3654 1037 3718 de;
1069 3671 1173 3709 non
1204 3658 1346 3710 enim
1394 3668 1569 3713 servat
1622 3662 1907 3729 Apostolus
1950 3677 2038 3715 or-

474 3736 651 3790 dinem
687 3739 799 3794 sive
836 3757 1054 3797 sensum
1089 3748 1554 3816 praepositionum;
1605 3762 1656 3805 et
1700 3762 1779 3806 est
1810 3767 2035 3808 sensus:

476 3826 623 3893 ipse,
649 3844 806 3897 quem
859 3836 1241 3903 praecipiuntur
1280 3842 1455 3908 angeli
1504 3844 1760 3910 adorare;
1804 3846 1869 3901 de
1912 3848 2042 3916 ipsis

473 3916 582 3970 suis
606 3918 881 3987 spiritibus
903 3926 1320 3997 quotiescunque
1344 3933 1474 3999 vult,
1520 3934 1643 3988 facit
1672 3938 1916 4007 angelos;
1945 3940 2041 3993 mi-

473 4010 668 4067 nistros
696 4014 855 4069 etiam
887 4018 1010 4071 facit
1040 4018 1305 4077 ﬂammam
1339 4024 1503 4093 ignis;
1538 4028 1661 4096 quia
1691 4030 1779 4098 qui
1813 4030 1866 4083 in
1911 4034 2042 4086 con-

476 4112 661 4170 spectu
721 4105 861 4161 illius
905 4110 1193 4177 assistunt,
1247 4115 1298 4169 in
1345 4130 1527 4173 amore
1567 4134 1665 4175 suo
1697 4121 2041 4177 incendentes

478 4202 529 4247 et
562 4195 952 4256 inﬁammantes
979 4204 1154 4259 reddit
1188 4224 1201 4259 :
1233 4208 1379 4275 juxta
1412 4214 1549 4279 quod
1580 4213 1707 4267 alibi
1734 4215 1953 4269 dicitur:
1986 4216 2039 4269 ln

472 4300 627 4375 quem
657 4289 965 4348 desiderant
991 4298 1160 4367 angeli
1190 4302 1515 4370 prospicere.
1550 4304 1837 4375 Namquod
1869 4308 2039 4361 dixit:

474 4374 570 4442 Qui
620 4377 743 4433 facit
784 4384 1001 4453 angelos
1051 4403 1176 4443 suos
1222 4393 1441 4458 spiritus
1487 4374 1815 4465 praepostero
1858 4400 2043 4455 ordine

475 4472 727 4537 protulit;
753 4475 1011 4532 debuerat
1035 4481 1175 4535 enim
1203 4482 1382 4539 dicere
1412 4504 1422 4536 :
1458 4488 1557 4551 Qui
1588 4490 1707 4543 facit
1739 4505 1863 4545 suos
1884 4492 2044 4559 spiri-

478 4567 562 4613 tus
595 4566 833 4632 angelos.
868 4570 1151 4628 Sciendum
1186 4586 1362 4632 autem
1401 4580 1544 4648 quod
1588 4584 1806 4651 angelus
1849 4600 2041 4639 nomen

2144 3372 2307 3427 stabit
2328 3375 2465 3427 inter
2492 3382 2767 3443 utrosque,
2799 3382 3028 3429 testante
3060 3373 3349 3445 Evangelio
3379 3384 3436 3429 et
3470 3374 3721 3431 dicente:

2146 3461 2292 3518 Tunc
2324 3463 2472 3519 ibunt
2503 3463 2555 3518 bi
2588 3465 2641 3518 in
2680 3465 2999 3535 supplicium
3042 3474 3342 3533 teternum;
3377 3468 3512 3536 justi
3549 3474 3721 3522 autem

2146 3552 2199 3607 in
2219 3554 2375 3608 vitam
2393 3566 2668 3611 aiternam.
2686 3557 2943 3624 Quodque
2958 3559 3225 3627 sequitur:
3256 3559 3411 3629 Virga
3430 3560 3720 3629 aquitarts,

2147 3646 2290 3716 virga
2330 3650 2477 3717 regni
2514 3648 2611 3703 tui.
2664 3649 2765 3703 Per
2814 3650 3017 3720 virgam
3059 3651 3326 3719 aequitatis
3354 3691 3371 3718 ,
3412 3650 3726 3721 intelligitur

2147 3740 2414 3794 rectitude
2443 3740 2761 3805 sententiae,
2794 3751 2853 3796 et
2870 3741 3058 3810 .judicii
3104 3744 3276 3810 illius,
3327 3744 3448 3799 sive
3490 3753 3723 3813 potestas

2146 3830 2295 3899 regni
2340 3832 2484 3899 justa
2542 3849 2555 3885 :
2600 3847 2723 3901 qua:
2768 3833 2913 3903 virga
2974 3834 3110 3903 regit
3150 3834 3323 3903 justus
3369 3835 3621 3905 justitia,
3675 3842 3725 3889 et

2147 3926 2378 3994 percutit
2407 3926 2600 3996 impios
2647 3927 2795 3999 justo
2835 3938 2889 3984 et
2917 3938 3086 3994 recte,
3115 3932 3231 3986 sine
3260 3933 3439 4002 aliqua
3467 3946 3723 4001 persona-

2147 4034 2264 4073 rum
2294 4021 2607 4089 acceptione
2636 4032 2857 4079 cunctos
2903 4024 3209 4094 gubernans
3240 4035 3293 4080 et
3324 4026 3599 4095 judicans.
3640 4025 3724 4081 Di-

2146 4114 2314 4169 lexisti
2334 4116 2621 4185 justitiam,
2644 4126 2691 4169 et
2722 4118 2874 4172 odisti
2911 4120 3246 4188 iniquitatem.
3278 4120 3383 4176 Ista
3408 4122 3559 4191 virga
3586 4130 3722 4177 recta

2148 4206 2289 4271 facit,
2323 4216 2375 4260 et
2408 4207 2730 4277 utdiligatur
2756 4208 2986 4279 justitia,
3018 4221 3074 4268 et
3095 4208 3220 4267 odio
3244 4212 3511 4268 habeatur
3536 4214 3723 4283 iniqui.

2148 4304 2229 4350 tas
2263 4313 2274 4348 :
2311 4310 2468 4351 nemo
2510 4300 2651 4353 enim
2684 4300 2917 4368 perfecte
2962 4312 3139 4371 potest
3180 4303 3404 4374 diligere
3428 4304 3720 4374 justitiam.

2149 4386 2251 4440 nisi
2276 4388 2399 4441 odio
2428 4387 2668 4445 habuerit
2700 4392 3056 4461 iniquitatem.
3085 4394 3340 4463 Iniquitas
3364 4405 3578 4464 autem,
3608 4410 3720 4464 quae

2148 4490 2201 4536 et
2244 4484 2428 4553 ἀνομία
2477 4482 2817 4550 nominatur,
2870 4485 3187 4554 intelligitur
3233 4486 3490 4555 quidquid
3538 4494 3719 4541 contra

2149 4570 2320 4637 legem
2345 4573 2583 4627 divinam
2614 4572 2670 4626 ﬁt
2714 4591 2726 4626 :
2751 4575 2991 4630 veritatis
3019 4578 3219 4631 etenim
3247 4591 3401 4631 amor
3426 4576 3613 4632 odium
3641 4586 3721 4632 est

477 4660 560 4705 εει
586 4653 769 4720 owe“.
802 4672 903 4710 non
934 4672 1165 4731 naturzn;
1196 4672 1282 4737 qui
1308 4688 1519 4739 semper
1542 4684 1668 4727 sunt
1693 4674 1899 4739 μωρίη
1926 4676 2034 4743 spi-

2148 4662 2414 4718 falsitatis.
2442 4664 2508 4718 Et
2533 4664 2653 4733 quia
2682 4665 2934 4720 Dominus
2952 4666 3141 4721 dilexit
3163 4667 3449 4737 justitiam,
3475 4670 3601 4738 quia
3624 4682 3723 4723 non

476 4742 627 4809 ritus,
662 4746 755 4801 sed
787 4765 1114 4823 nequaquam
1148 4775 1360 4830 semper
1402 4774 1663 4818 vocantur
1708 4768 1905 4835 angeli,
1939 4769 2039 4823 nisi

474 4835 686 4901 quando
710 4842 992 4901 mittuntur
1024 4865 1037 4900 :
1070 4852 1290 4921 angelus
1313 4855 1331 4922 (
1357 4852 1605 4926 ἄγγελος)
1633 4860 1828 4911 etenim
1856 4860 2041 4915 Graeco

476 4926 737 4983 vocabulo
779 4932 965 4991 Latine
1011 4938 1204 4995 dicitur
1234 4947 1483 5007 nuntius;
1516 4946 1557 4998 si
1603 4948 1797 5014 quaeris
1847 4963 2039 5005 nomen

474 5027 698 5089 naturai,
731 5025 949 5093 spiritus
978 5039 1058 5085 est
1092 5047 1105 5084 :
1136 5047 1202 5087 ex
1230 5049 1294 5087 eo
1324 5037 1462 5102 quod
1504 5038 1752 5105 mittitur,
1776 5042 1994 5109 angelus
2023 5059 2035 5096 :

480 5112 627 5165 verbi
654 5124 849 5184 gratta,
883 5120 1019 5174 sicut
1063 5120 1222 5176 homo
1264 5139 1457 5181 nomen
1503 5137 1585 5183 est
1632 5139 1860 5195 naturai;
1891 5134 2042 5186 miles

473 5217 654 5260 autem
684 5222 878 5265 nomen
902 5221 983 5265 est
1005 5211 1188 5267 ofﬁcii.
1218 5214 1414 5270 Dicitur
1434 5220 1609 5275 etalio
1630 5223 1788 5278 modo
1814 5242 1826 5276 :
1860 5224 2042 5279 Etmi-

475 5297 629 5353 nistri
661 5305 1041 5372 omnipotentis
1072 5304 1164 5361 Dei
1212 5319 1335 5363 sunt
1382 5315 1688 5370 sacerdotes
1738 5328 1793 5372 et
1835 5319 2039 5386 prteiati

477 5388 762 5461 Ecclesiae;
784 5396 940 5465 juxta
968 5400 1105 5467 quod
1136 5399 1422 5459 Malachias
1469 5405 1609 5461 dixit
1637 5426 1648 5460 :
1684 5408 1843 5462 Labia
1876 5423 2045 5463 sacer-

472 5489 611 5540 dotis
661 5491 968 5543 custodiunt
1014 5493 1329 5561 scientiam,
1362 5506 1414 5551 et
1442 5500 1608 5567 legem
1656 5500 1933 5567 requirunt
1978 5516 2043 5553 ex

472 5596 564 5633 ore
596 5582 742 5647 ejus;
776 5586 896 5653 quia
928 5588 1150 5650 angelus
1188 5592 1393 5645 Domini
1428 5594 1760 5649 exercituum
1805 5607 1908 5649 est.
1941 5596 2040 5651 Sa-

473 5672 720 5729 cerdotes
761 5692 884 5745 ergo
931 5678 1185 5733 Ecclesia:
1217 5684 1386 5751 argi-li
1430 5694 1582 5749 sunt,
1617 5686 1827 5753 quando
1856 5688 2041 5754 gaudia

475 5766 662 5832 patria:
695 5769 927 5826 caelestis
958 5773 1067 5826 suis
1111 5774 1443 5830 auditoribus
1495 5780 1831 5841 annuntiant,
1864 5780 2045 5835 dicen-

477 5865 557 5912 tes
585 5878 595 5913 :
621 5858 991 5917 Pmnitentiatn
1016 5864 1174 5931 agite,
1200 5866 1643 5935 appropinquavit
1664 5871 1801 5924 enim
1824 5884 2045 5942 regnum

2150 4755 2421 4822 peccavit,
2470 4762 2524 4809 et
2560 4754 2686 4809 odio
2714 4754 2900 4810 habuit
2926 4757 3295 4827 iniquitatem,
3346 4759 3478 4829 (ιιλὰ
3516 4760 3722 4827 primus

2150 4844 2343 4899 meruit
2367 4846 2641 4914 percipere
2670 4847 2909 4913 exponit,
2940 4847 3123 4903 dicens
3154 4866 3169 4902 :
3203 4848 3483 4920 Pr0ptcreu
3510 4851 3657 4904 trusit
3678 4859 3725 4901 te

2154 4932 2287 4985 Deus
2314 4970 2330 4997 ,
2370 4932 2507 4986 Deus
2546 4943 2691 5000 tuus,
2725 4937 2835 4989 oleo
2865 4937 3054 4991 twtitia:
3103 4954 3207 5005 pm
3243 4938 3564 5013 consortibus
3602 4940 3720 4991 tuis.

2150 5023 2429 5079 Psalmista
2460 5027 2748 5096 alloquitur
2792 5028 2985 5084 Filium
3019 5029 3145 5095 Dei,
3194 5037 3250 5084 et
3281 5029 3448 5084 dicit:
3476 5030 3521 5085 0
3556 5029 3722 5095 Dens,

2150 5117 2301 5170 unxit
2337 5126 2386 5171 te
2422 5118 2581 5185 Deus,
2619 5120 2758 5174 Deus
2792 5130 2910 5176 tuus
2940 5121 3117 5187 Pater,
3156 5122 3281 5177 oleo
3324 5121 3721 5189 exsultationis,

2149 5216 2431 5275 propterea
2456 5211 2580 5279 quia
2611 5210 2734 5266 odio
2768 5211 2998 5266 habuisti
3026 5213 3384 5282 iniquitatem,
3412 5223 3465 5269 et
3489 5213 3724 5267 dilexisti

2141 5295 2425 5364 juStitiam.
2468 5301 2580 5355 Non
2623 5316 2751 5371 ergo
2793 5301 3197 5371 intelligendum
3235 5303 3377 5373 quod
3420 5302 3591 5357 Filius
3630 5301 3725 5358 Dei

2147 5400 2439 5455 secundum
2483 5410 2727 5457 naturam
2758 5402 3087 5471 divinitatis,
3138 5405 3193 5458 in
3227 5417 3329 5473 qua
3375 5404 3599 5474 muniis
3643 5412 3726 5458 est

2152 5501 2326 5568 Patri,
2382 5508 2549 5572 possit
2597 5505 2762 5558 Deum
2808 5504 3010 5562 habere
3051 5524 3064 5560 :
3108 5506 3229 5577 quia
3254 5507 3371 5577 ipse
3398 5514 3522 5561 cum
3572 5505 3726 5560 Patre

2150 5609 2306 5648 verus
2334 5606 2414 5649 est
2464 5597 2622 5651 Dens.
2674 5598 2981 5652 Secundum
3018 5608 3195 5653 autem
3232 5598 3369 5666 quod
3404 5598 3567 5653 homo
3606 5604 3722 5663 est,

2157 5686 2319 5740 Deum
2347 5688 2555 5743 Patrem
2583 5690 2743 5743 habet
2776 5709 2787 5743 :
2818 5691 2938 5760 quia
2969 5691 3034 5744 ab
3074 5690 3163 5745 illo
3192 5691 3363 5745 factus
3391 5698 3509 5744 est;
3558 5702 3729 5758 eoque

2154 5781 2281 5833 dicit
2330 5780 2605 5836 Psalmista
2641 5802 2653 5838 2
2692 5784 2849 5839 Unxit
2891 5793 2942 5841 te
2974 5786 3145 5853 Deus,
3179 5786 3314 5839 Deus
3340 5792 3476 5838 tuus.
3527 5783 3725 5838 Unctns

2157 5882 2255 5938 est,
2286 5887 2393 5926 non
2420 5874 2538 5929 oleo
2562 5874 2779 5945 visibili,
2804 5878 2897 5933 sed
2925 5877 3255 5948 plenitudine
3280 5878 3511 5949 Spiritus
3531 5873 3722 5942 sancti,
