  <div class='ocr_page' id='page_1' title='image "/cluster/home/n/w/nwhite01/storage/ocr_20150623/68/hvd.32044015469331/352.png"; bbox 0 0 3982 6352; ppageno 0'>
   <div class='ocr_carea' id='block_1_1' title="bbox 319 325 420 380">
    <p class='ocr_par' dir='ltr' id='par_1_1' title="bbox 319 325 420 380">
     <span class='ocr_line' id='line_1_1' title="bbox 319 325 420 380; baseline -0.01 0"><span class='ocrx_word' id='word_1_1' title='bbox 319 325 420 380; x_wconf 72' lang='lat'><strong>693</strong></span> 
     </span>
    </p>
   </div>
   <div class='ocr_carea' id='block_1_2' title="bbox 1163 312 2710 377">
    <p class='ocr_par' dir='ltr' id='par_1_2' title="bbox 1163 312 2710 377">
     <span class='ocr_line' id='line_1_2' title="bbox 1163 312 2710 377; baseline 0 0"><span class='ocrx_word' id='word_1_2' title='bbox 1163 320 1229 377; x_wconf 82' lang='grc' dir='ltr'><strong>ΙΝ</strong></span> <span class='ocrx_word' id='word_1_3' title='bbox 1266 315 1649 377; x_wconf 83' lang='lat' dir='ltr'><strong>EPlSTOLAM</strong></span> <span class='ocrx_word' id='word_1_4' title='bbox 1686 312 1775 367; x_wconf 86' lang='lat' dir='ltr'><strong>Al)</strong></span> <span class='ocrx_word' id='word_1_5' title='bbox 1817 312 2154 369; x_wconf 56' lang='lat' dir='ltr'><strong>“abii/EOS</strong></span> <span class='ocrx_word' id='word_1_6' title='bbox 2194 320 2710 377; x_wconf 78' lang='lat' dir='ltr'><strong>COMMENTARIA.</strong></span> 
     </span>
    </p>
   </div>
   <div class='ocr_carea' id='block_1_3' title="bbox 3464 325 3562 380">
    <p class='ocr_par' dir='ltr' id='par_1_3' title="bbox 3464 325 3562 380">
     <span class='ocr_line' id='line_1_3' title="bbox 3464 325 3562 380; baseline -0.01 -2"><span class='ocrx_word' id='word_1_7' title='bbox 3464 325 3562 380; x_wconf 65' lang='grc'><strong>694</strong></span> 
     </span>
    </p>
   </div>
   <div class='ocr_carea' id='block_1_4' title="bbox 316 437 3563 515">
    <p class='ocr_par' dir='ltr' id='par_1_4' title="bbox 316 437 3563 515">
     <span class='ocr_line' id='line_1_4' title="bbox 316 437 3563 515; baseline -0.001 -16"><span class='ocrx_word' id='word_1_8' title='bbox 316 444 406 515; x_wconf 87' lang='lat' dir='ltr'><strong>qui</strong></span> <span class='ocrx_word' id='word_1_9' title='bbox 432 457 461 498; x_wconf 87' lang='lat' dir='ltr'><strong>a</strong></span> <span class='ocrx_word' id='word_1_10' title='bbox 505 442 594 499; x_wconf 86' lang='lat' dir='ltr'><strong>die</strong></span> <span class='ocrx_word' id='word_1_11' title='bbox 622 439 956 513; x_wconf 81' lang='lat' dir='ltr'><strong>baptismatis</strong></span> <span class='ocrx_word' id='word_1_12' title='bbox 987 441 1040 497; x_wconf 93' lang='lat' dir='ltr'><strong>in</strong></span> <span class='ocrx_word' id='word_1_13' title='bbox 1075 441 1253 510; x_wconf 83' lang='lat' dir='ltr'><strong>Specie</strong></span> <span class='ocrx_word' id='word_1_14' title='bbox 1274 438 1535 495; x_wconf 72' lang='lat' dir='ltr'><strong>columbae</strong></span> <span class='ocrx_word' id='word_1_15' title='bbox 1572 450 1732 505; x_wconf 83' lang='lat' dir='ltr'><strong>super</strong></span> <span class='ocrx_word' id='word_1_16' title='bbox 1758 450 1881 491; x_wconf 92' lang='lat' dir='ltr'><strong>eum</strong></span> <span class='ocrx_word' id='word_1_17' title='bbox 1908 438 1959 496; x_wconf 77' lang='grc' dir='ltr'><strong>Δ</strong></span> <span class='ocrx_word' id='word_1_18' title='bbox 1986 450 2209 505; x_wconf 64' lang='lat' dir='ltr'><strong>quaeque</strong></span> <span class='ocrx_word' id='word_1_19' title='bbox 2239 437 2347 490; x_wconf 92' lang='lat' dir='ltr'><strong>vult</strong></span> <span class='ocrx_word' id='word_1_20' title='bbox 2379 446 2628 506; x_wconf 81' lang='lat' dir='ltr'><strong>operatur</strong></span> <span class='ocrx_word' id='word_1_21' title='bbox 2662 457 2672 492; x_wconf 83' lang='lat'><strong>2</strong></span> <span class='ocrx_word' id='word_1_22' title='bbox 2698 438 2845 507; x_wconf 82' lang='lat' dir='ltr'><strong>juxta</strong></span> <span class='ocrx_word' id='word_1_23' title='bbox 2868 440 3005 509; x_wconf 88' lang='lat' dir='ltr'><strong>quod</strong></span> <span class='ocrx_word' id='word_1_24' title='bbox 3035 440 3268 509; x_wconf 84' lang='lat' dir='ltr'><strong>psalmus</strong></span> <span class='ocrx_word' id='word_1_25' title='bbox 3297 440 3367 497; x_wconf 88' lang='lat' dir='ltr'><strong>ait</strong></span> <span class='ocrx_word' id='word_1_26' title='bbox 3406 462 3415 493; x_wconf 86' lang='lat'>:</span> <span class='ocrx_word' id='word_1_27' title='bbox 3450 443 3563 511; x_wconf 88' lang='lat' dir='ltr'><strong>Ipse</strong></span> 
     </span>
    </p>
   </div>
   <div class='ocr_carea' id='block_1_5' title="bbox 310 529 1882 607">
    <p class='ocr_par' dir='ltr' id='par_1_5' title="bbox 310 529 1882 607">
     <span class='ocr_line' id='line_1_5' title="bbox 310 529 1882 607; baseline -0.006 -14"><span class='ocrx_word' id='word_1_28' title='bbox 310 537 583 607; x_wconf 79' lang='lat' dir='ltr'><strong>requievit</strong></span> <span class='ocrx_word' id='word_1_29' title='bbox 616 553 628 589; x_wconf 93' lang='lat'>:</span> <span class='ocrx_word' id='word_1_30' title='bbox 671 550 768 592; x_wconf 88' lang='lat' dir='ltr'><strong>nec</strong></span> <span class='ocrx_word' id='word_1_31' title='bbox 805 551 871 592; x_wconf 85' lang='lat' dir='ltr'><strong>ex</strong></span> <span class='ocrx_word' id='word_1_32' title='bbox 895 543 1136 603; x_wconf 89' lang='lat' dir='ltr'><strong>tempore</strong></span> <span class='ocrx_word' id='word_1_33' title='bbox 1174 532 1509 604; x_wconf 80' lang='lat' dir='ltr'><strong>baptismatis</strong></span> <span class='ocrx_word' id='word_1_34' title='bbox 1547 529 1882 587; x_wconf 87' lang='lat' dir='ltr'><strong>solummodo</strong></span> 
     </span>
    </p>
   </div>
   <div class='ocr_carea' id='block_1_6' title="bbox 314 611 1883 701">
    <p class='ocr_par' dir='ltr' id='par_1_6' title="bbox 314 611 1883 701">
     <span class='ocr_line' id='line_1_6' title="bbox 314 611 1883 701; baseline -0.004 -18"><span class='ocrx_word' id='word_1_35' title='bbox 314 628 591 701; x_wconf 88' lang='lat' dir='ltr'><strong>plenitudo</strong></span> <span class='ocrx_word' id='word_1_36' title='bbox 605 611 843 697; x_wconf 80' lang='lat' dir='ltr'><strong>Spiritus</strong></span> <span class='ocrx_word' id='word_1_37' title='bbox 872 626 1040 683; x_wconf 85' lang='lat' dir='ltr'><strong>sancti</strong></span> <span class='ocrx_word' id='word_1_38' title='bbox 1069 627 1121 680; x_wconf 91' lang='lat' dir='ltr'><strong>in</strong></span> <span class='ocrx_word' id='word_1_39' title='bbox 1154 640 1218 682; x_wconf 92' lang='lat' dir='ltr'><strong>eo</strong></span> <span class='ocrx_word' id='word_1_40' title='bbox 1249 626 1460 690; x_wconf 84' lang='lat' dir='ltr'><strong>mansit,</strong></span> <span class='ocrx_word' id='word_1_41' title='bbox 1493 625 1586 679; x_wconf 89' lang='lat' dir='ltr'><strong>sed</strong></span> <span class='ocrx_word' id='word_1_42' title='bbox 1617 623 1790 693; x_wconf 83' lang='lat' dir='ltr'><strong>potius</strong></span> <span class='ocrx_word' id='word_1_43' title='bbox 1816 638 1883 677; x_wconf 89' lang='lat' dir='ltr'><strong>ex</strong></span> 
     </span>
    </p>
   </div>
   <div class='ocr_carea' id='block_1_7' title="bbox 328 718 1880 793">
    <p class='ocr_par' dir='ltr' id='par_1_7' title="bbox 328 718 1880 793">
     <span class='ocr_line' id='line_1_7' title="bbox 328 718 1880 793; baseline -0.006 -16"><span class='ocrx_word' id='word_1_44' title='bbox 328 730 568 793; x_wconf 88' lang='lat' dir='ltr'><strong>tempore</strong></span> <span class='ocrx_word' id='word_1_45' title='bbox 597 718 959 791; x_wconf 89' lang='lat' dir='ltr'><strong>conceptionis</strong></span> <span class='ocrx_word' id='word_1_46' title='bbox 993 737 1004 773; x_wconf 86' lang='lat'><strong>:</strong></span> <span class='ocrx_word' id='word_1_47' title='bbox 1040 720 1191 789; x_wconf 91' lang='lat' dir='ltr'><strong>juxta</strong></span> <span class='ocrx_word' id='word_1_48' title='bbox 1234 718 1373 787; x_wconf 87' lang='lat' dir='ltr'><strong>quod</strong></span> <span class='ocrx_word' id='word_1_49' title='bbox 1420 718 1584 773; x_wconf 90' lang='lat' dir='ltr'><strong>lsaias</strong></span> <span class='ocrx_word' id='word_1_50' title='bbox 1630 724 1880 785; x_wconf 80' lang='lat' dir='ltr'><strong>testatur,</strong></span> 
     </span>
    </p>
   </div>
   <div class='ocr_carea' id='block_1_8' title="bbox 316 808 1886 884">
    <p class='ocr_par' dir='ltr' id='par_1_8' title="bbox 316 808 1886 884">
     <span class='ocr_line' id='line_1_8' title="bbox 316 808 1886 884; baseline -0.006 -14"><span class='ocrx_word' id='word_1_51' title='bbox 316 815 500 871; x_wconf 91' lang='lat' dir='ltr'><strong>dicens</strong></span> <span class='ocrx_word' id='word_1_52' title='bbox 529 832 541 868; x_wconf 91' lang='lat'><strong>:</strong></span> <span class='ocrx_word' id='word_1_53' title='bbox 575 814 881 884; x_wconf 82' lang='lat' dir='ltr'><strong>Requiescit</strong></span> <span class='ocrx_word' id='word_1_54' title='bbox 902 826 1062 882; x_wconf 84' lang='lat' dir='ltr'><strong>super</strong></span> <span class='ocrx_word' id='word_1_55' title='bbox 1082 827 1202 868; x_wconf 91' lang='lat' dir='ltr'><strong>eum</strong></span> <span class='ocrx_word' id='word_1_56' title='bbox 1230 810 1461 880; x_wconf 88' lang='lat' dir='ltr'><strong>Spiritus</strong></span> <span class='ocrx_word' id='word_1_57' title='bbox 1486 809 1734 876; x_wconf 92' lang='lat' dir='ltr'><strong>Domini,</strong></span> <span class='ocrx_word' id='word_1_58' title='bbox 1766 808 1886 877; x_wconf 85' lang='lat' dir='ltr'><strong>Spi-</strong></span> 
     </span>
    </p>
   </div>
   <div class='ocr_carea' id='block_1_9' title="bbox 316 900 1887 975">
    <p class='ocr_par' dir='ltr' id='par_1_9' title="bbox 316 900 1887 975">
     <span class='ocr_line' id='line_1_9' title="bbox 316 900 1887 975; baseline -0.005 -14"><span class='ocrx_word' id='word_1_59' title='bbox 316 907 454 961; x_wconf 84' lang='lat' dir='ltr'><strong>ritus</strong></span> <span class='ocrx_word' id='word_1_60' title='bbox 477 906 756 975; x_wconf 76' lang='lat' dir='ltr'><strong>sapientiae</strong></span> <span class='ocrx_word' id='word_1_61' title='bbox 784 914 836 961; x_wconf 90' lang='lat' dir='ltr'><strong>et</strong></span> <span class='ocrx_word' id='word_1_62' title='bbox 858 905 1181 971; x_wconf 88' lang='lat' dir='ltr'><strong>intellectus,</strong></span> <span class='ocrx_word' id='word_1_63' title='bbox 1214 914 1321 958; x_wconf 89' lang='lat' dir='ltr'><strong>etc.</strong></span> <span class='ocrx_word' id='word_1_64' title='bbox 1347 902 1477 957; x_wconf 91' lang='lat' dir='ltr'><strong>Oleo</strong></span> <span class='ocrx_word' id='word_1_65' title='bbox 1498 911 1675 955; x_wconf 90' lang='lat' dir='ltr'><strong>autem</strong></span> <span class='ocrx_word' id='word_1_66' title='bbox 1708 900 1887 955; x_wconf 84' lang='lat' dir='ltr'><strong>exsul-</strong></span> 
     </span>
    </p>
   </div>
   <div class='ocr_carea' id='block_1_10' title="bbox 318 991 1887 1061">
    <p class='ocr_par' dir='ltr' id='par_1_10' title="bbox 318 991 1887 1061">
     <span class='ocr_line' id='line_1_10' title="bbox 318 991 1887 1061; baseline -0.003 -11"><span class='ocrx_word' id='word_1_67' title='bbox 318 996 537 1051; x_wconf 90' lang='lat' dir='ltr'><strong>tationis</strong></span> <span class='ocrx_word' id='word_1_68' title='bbox 562 1008 656 1051; x_wconf 90' lang='lat' dir='ltr'><strong>seu</strong></span> <span class='ocrx_word' id='word_1_69' title='bbox 687 995 883 1050; x_wconf 62' lang='lat' dir='ltr'><strong>laetitiae</strong></span> <span class='ocrx_word' id='word_1_70' title='bbox 906 994 1034 1050; x_wconf 89' lang='lat' dir='ltr'><strong>dicit</strong></span> <span class='ocrx_word' id='word_1_71' title='bbox 1053 994 1200 1049; x_wconf 91' lang='lat' dir='ltr'><strong>illum</strong></span> <span class='ocrx_word' id='word_1_72' title='bbox 1226 1001 1464 1057; x_wconf 91' lang='lat' dir='ltr'><strong>unctum,</strong></span> <span class='ocrx_word' id='word_1_73' title='bbox 1490 992 1611 1061; x_wconf 85' lang='lat' dir='ltr'><strong>quia</strong></span> <span class='ocrx_word' id='word_1_74' title='bbox 1641 991 1887 1047; x_wconf 83' lang='lat' dir='ltr'><strong>Christus</strong></span> 
     </span>
    </p>
   </div>
   <div class='ocr_carea' id='block_1_11' title="bbox 319 1082 1886 1157">
    <p class='ocr_par' dir='ltr' id='par_1_11' title="bbox 319 1082 1886 1157">
     <span class='ocr_line' id='line_1_11' title="bbox 319 1082 1886 1157; baseline -0.002 -17"><span class='ocrx_word' id='word_1_75' title='bbox 319 1101 592 1156; x_wconf 86' lang='lat' dir='ltr'><strong>nunquam</strong></span> <span class='ocrx_word' id='word_1_76' title='bbox 655 1088 923 1155; x_wconf 87' lang='lat' dir='ltr'><strong>peccavit,</strong></span> <span class='ocrx_word' id='word_1_77' title='bbox 981 1100 1248 1157; x_wconf 90' lang='lat' dir='ltr'><strong>nunquam</strong></span> <span class='ocrx_word' id='word_1_78' title='bbox 1291 1084 1557 1140; x_wconf 86' lang='lat' dir='ltr'><strong>tristitiam</strong></span> <span class='ocrx_word' id='word_1_79' title='bbox 1592 1082 1775 1139; x_wconf 79' lang='lat' dir='ltr'><strong>habuit</strong></span> <span class='ocrx_word' id='word_1_80' title='bbox 1819 1098 1886 1138; x_wconf 87' lang='lat' dir='ltr'><strong>ex</strong></span> 
     </span>
    </p>
   </div>
   <div class='ocr_carea' id='block_1_12' title="bbox 317 1176 1882 1250">
    <p class='ocr_par' dir='ltr' id='par_1_12' title="bbox 317 1176 1882 1250">
     <span class='ocr_line' id='line_1_12' title="bbox 317 1176 1882 1250; baseline 0.001 -18"><span class='ocrx_word' id='word_1_81' title='bbox 317 1176 693 1233; x_wconf 86' lang='lat' dir='ltr'><strong>recordatione</strong></span> <span class='ocrx_word' id='word_1_82' title='bbox 718 1180 941 1247; x_wconf 90' lang='lat' dir='ltr'><strong>peccati.</strong></span> <span class='ocrx_word' id='word_1_83' title='bbox 962 1178 1097 1247; x_wconf 83' lang='lat' dir='ltr'><strong>Quid</strong></span> <span class='ocrx_word' id='word_1_84' title='bbox 1119 1188 1199 1235; x_wconf 92' lang='lat' dir='ltr'><strong>est</strong></span> <span class='ocrx_word' id='word_1_85' title='bbox 1219 1181 1360 1234; x_wconf 91' lang='lat' dir='ltr'><strong>enim</strong></span> <span class='ocrx_word' id='word_1_86' title='bbox 1378 1180 1495 1235; x_wconf 94' lang='lat' dir='ltr'><strong>oleo</strong></span> <span class='ocrx_word' id='word_1_87' title='bbox 1518 1180 1715 1236; x_wconf 58' lang='lat' dir='ltr'><strong>laetitiae</strong></span> <span class='ocrx_word' id='word_1_88' title='bbox 1737 1180 1882 1250; x_wconf 91' lang='lat' dir='ltr'><strong>ungi,</strong></span> 
     </span>
    </p>
   </div>
   <div class='ocr_carea' id='block_1_13' title="bbox 317 1268 1888 1341">
    <p class='ocr_par' dir='ltr' id='par_1_13' title="bbox 317 1268 1888 1341">
     <span class='ocr_line' id='line_1_13' title="bbox 317 1268 1888 1341; baseline 0.003 -18"><span class='ocrx_word' id='word_1_89' title='bbox 317 1268 418 1323; x_wconf 87' lang='lat' dir='ltr'><strong>nisi</strong></span> <span class='ocrx_word' id='word_1_90' title='bbox 443 1269 702 1324; x_wconf 88' lang='lat' dir='ltr'><strong>maculam</strong></span> <span class='ocrx_word' id='word_1_91' title='bbox 727 1286 831 1325; x_wconf 92' lang='lat' dir='ltr'><strong>non</strong></span> <span class='ocrx_word' id='word_1_92' title='bbox 863 1269 1060 1326; x_wconf 90' lang='lat' dir='ltr'><strong>habere</strong></span> <span class='ocrx_word' id='word_1_93' title='bbox 1078 1272 1317 1341; x_wconf 86' lang='lat' dir='ltr'><strong>peccati?</strong></span> <span class='ocrx_word' id='word_1_94' title='bbox 1353 1273 1667 1330; x_wconf 89' lang='lat' dir='ltr'><strong>Sanctorum</strong></span> <span class='ocrx_word' id='word_1_95' title='bbox 1692 1274 1888 1328; x_wconf 92' lang='lat' dir='ltr'><strong>etenim</strong></span> 
     </span>
    </p>
   </div>
   <div class='ocr_carea' id='block_1_14' title="bbox 316 1361 1888 1434">
    <p class='ocr_par' dir='ltr' id='par_1_14' title="bbox 316 1361 1888 1434">
     <span class='ocr_line' id='line_1_14' title="bbox 316 1361 1888 1434; baseline 0.002 -19"><span class='ocrx_word' id='word_1_96' title='bbox 316 1361 644 1415; x_wconf 85' lang='lat' dir='ltr'><strong>conscientia</strong></span> <span class='ocrx_word' id='word_1_97' title='bbox 675 1369 802 1417; x_wconf 91' lang='lat' dir='ltr'><strong>tunc</strong></span> <span class='ocrx_word' id='word_1_98' title='bbox 833 1362 1000 1432; x_wconf 84' lang='lat' dir='ltr'><strong>magis</strong></span> <span class='ocrx_word' id='word_1_99' title='bbox 1039 1377 1103 1418; x_wconf 89' lang='lat' dir='ltr'><strong>ac</strong></span> <span class='ocrx_word' id='word_1_100' title='bbox 1133 1364 1299 1434; x_wconf 83' lang='lat' dir='ltr'><strong>magis</strong></span> <span class='ocrx_word' id='word_1_101' title='bbox 1325 1361 1615 1429; x_wconf 89' lang='lat' dir='ltr'><strong>hilarcscit,</strong></span> <span class='ocrx_word' id='word_1_102' title='bbox 1647 1372 1804 1432; x_wconf 87' lang='lat' dir='ltr'><strong>atque</strong></span> <span class='ocrx_word' id='word_1_103' title='bbox 1835 1363 1888 1418; x_wconf 91' lang='lat' dir='ltr'><strong>in</strong></span> 
     </span>
    </p>
   </div>
   <div class='ocr_carea' id='block_1_15' title="bbox 315 1450 1889 1523">
    <p class='ocr_par' dir='ltr' id='par_1_15' title="bbox 315 1450 1889 1523">
     <span class='ocr_line' id='line_1_15' title="bbox 315 1450 1889 1523; baseline 0.001 -16"><span class='ocrx_word' id='word_1_104' title='bbox 315 1451 554 1507; x_wconf 85' lang='lat' dir='ltr'><strong>laetitiam</strong></span> <span class='ocrx_word' id='word_1_105' title='bbox 604 1450 935 1523; x_wconf 87' lang='lat' dir='ltr'><strong>prorumpit,</strong></span> <span class='ocrx_word' id='word_1_106' title='bbox 965 1453 1180 1523; x_wconf 88' lang='lat' dir='ltr'><strong>quando</strong></span> <span class='ocrx_word' id='word_1_107' title='bbox 1210 1453 1351 1508; x_wconf 89' lang='lat' dir='ltr'><strong>nulla</strong></span> <span class='ocrx_word' id='word_1_108' title='bbox 1388 1452 1590 1521; x_wconf 85' lang='lat' dir='ltr'><strong>peccati</strong></span> <span class='ocrx_word' id='word_1_109' title='bbox 1632 1454 1889 1523; x_wconf 78' lang='lat' dir='ltr'><strong>gravioris</strong></span> 
     </span>
    </p>
   </div>
   <div class='ocr_carea' id='block_1_16' title="bbox 314 1544 1882 1615">
    <p class='ocr_par' dir='ltr' id='par_1_16' title="bbox 314 1544 1882 1615">
     <span class='ocr_line' id='line_1_16' title="bbox 314 1544 1882 1615; baseline -0.001 -16"><span class='ocrx_word' id='word_1_110' title='bbox 314 1544 689 1601; x_wconf 87' lang='lat' dir='ltr'><strong>recordatione</strong></span> <span class='ocrx_word' id='word_1_111' title='bbox 737 1544 1010 1600; x_wconf 84' lang='lat' dir='ltr'><strong>mordetur</strong></span> <span class='ocrx_word' id='word_1_112' title='bbox 1037 1564 1049 1597; x_wconf 91' lang='lat'><strong>:</strong></span> <span class='ocrx_word' id='word_1_113' title='bbox 1082 1544 1313 1614; x_wconf 84' lang='lat' dir='ltr'><strong>Spiritus</strong></span> <span class='ocrx_word' id='word_1_114' title='bbox 1339 1545 1598 1615; x_wconf 87' lang='lat' dir='ltr'><strong>siquidem</strong></span> <span class='ocrx_word' id='word_1_115' title='bbox 1632 1553 1882 1611; x_wconf 90' lang='lat' dir='ltr'><strong>sanctus,</strong></span> 
     </span>
    </p>
   </div>
   <div class='ocr_carea' id='block_1_17' title="bbox 314 1634 1887 1705">
    <p class='ocr_par' dir='ltr' id='par_1_17' title="bbox 314 1634 1887 1705">
     <span class='ocr_line' id='line_1_17' title="bbox 314 1634 1887 1705; baseline 0.001 -17"><span class='ocrx_word' id='word_1_116' title='bbox 314 1635 405 1705; x_wconf 84' lang='lat' dir='ltr'><strong>qui</strong></span> <span class='ocrx_word' id='word_1_117' title='bbox 434 1635 696 1704; x_wconf 88' lang='lat' dir='ltr'><strong>requievit</strong></span> <span class='ocrx_word' id='word_1_118' title='bbox 720 1636 775 1690; x_wconf 80' lang='lat' dir='ltr'><strong>in</strong></span> <span class='ocrx_word' id='word_1_119' title='bbox 796 1634 1031 1701; x_wconf 90' lang='lat' dir='ltr'><strong>Christo,</strong></span> <span class='ocrx_word' id='word_1_120' title='bbox 1056 1634 1339 1691; x_wconf 85' lang='lat' dir='ltr'><strong>custodivit</strong></span> <span class='ocrx_word' id='word_1_121' title='bbox 1364 1635 1533 1703; x_wconf 91' lang='lat' dir='ltr'><strong>illum,</strong></span> <span class='ocrx_word' id='word_1_122' title='bbox 1551 1644 1606 1690; x_wconf 91' lang='lat' dir='ltr'><strong>ut</strong></span> <span class='ocrx_word' id='word_1_123' title='bbox 1622 1636 1739 1691; x_wconf 92' lang='lat' dir='ltr'><strong>sine</strong></span> <span class='ocrx_word' id='word_1_124' title='bbox 1762 1650 1887 1702; x_wconf 86' lang='lat' dir='ltr'><strong>pec-</strong></span> 
     </span>
    </p>
   </div>
   <div class='ocr_carea' id='block_1_18' title="bbox 317 1726 1892 1799">
    <p class='ocr_par' dir='ltr' id='par_1_18' title="bbox 317 1726 1892 1799">
     <span class='ocr_line' id='line_1_18' title="bbox 317 1726 1892 1799; baseline 0 -16"><span class='ocrx_word' id='word_1_125' title='bbox 317 1734 438 1784; x_wconf 82' lang='lat' dir='ltr'><strong>cato</strong></span> <span class='ocrx_word' id='word_1_126' title='bbox 465 1729 864 1799; x_wconf 86' lang='lat' dir='ltr'><strong>conciperetur,</strong></span> <span class='ocrx_word' id='word_1_127' title='bbox 902 1731 1018 1785; x_wconf 90' lang='lat' dir='ltr'><strong>sine</strong></span> <span class='ocrx_word' id='word_1_128' title='bbox 1047 1739 1266 1799; x_wconf 90' lang='lat' dir='ltr'><strong>peccato</strong></span> <span class='ocrx_word' id='word_1_129' title='bbox 1314 1738 1644 1794; x_wconf 89' lang='lat' dir='ltr'><strong>nasceretur,</strong></span> <span class='ocrx_word' id='word_1_130' title='bbox 1695 1736 1746 1783; x_wconf 89' lang='lat' dir='ltr'><strong>et</strong></span> <span class='ocrx_word' id='word_1_131' title='bbox 1773 1726 1892 1783; x_wconf 90' lang='lat' dir='ltr'><strong>sine</strong></span> 
     </span>
    </p>
   </div>
   <div class='ocr_carea' id='block_1_19' title="bbox 1991 526 3566 597">
    <p class='ocr_par' dir='ltr' id='par_1_19' title="bbox 1991 526 3566 597">
     <span class='ocr_line' id='line_1_19' title="bbox 1991 526 3566 597; baseline 0.004 -16"><span class='ocrx_word' id='word_1_132' title='bbox 1991 526 2140 589; x_wconf 84' lang='lat' dir='ltr'><strong>dixit,</strong></span> <span class='ocrx_word' id='word_1_133' title='bbox 2176 538 2229 582; x_wconf 90' lang='lat' dir='ltr'><strong>et</strong></span> <span class='ocrx_word' id='word_1_134' title='bbox 2250 530 2383 583; x_wconf 89' lang='lat' dir='ltr'><strong>facta</strong></span> <span class='ocrx_word' id='word_1_135' title='bbox 2416 538 2565 595; x_wconf 86' lang='lat' dir='ltr'><strong>sunt;</strong></span> <span class='ocrx_word' id='word_1_136' title='bbox 2591 530 2879 597; x_wconf 84' lang='lat' dir='ltr'><strong>mandavit,</strong></span> <span class='ocrx_word' id='word_1_137' title='bbox 2903 537 2953 585; x_wconf 85' lang='lat' dir='ltr'><strong>et</strong></span> <span class='ocrx_word' id='word_1_138' title='bbox 2980 539 3158 587; x_wconf 85' lang='lat' dir='ltr'><strong>creata</strong></span> <span class='ocrx_word' id='word_1_139' title='bbox 3189 540 3333 587; x_wconf 88' lang='lat' dir='ltr'><strong>sunt.</strong></span> <span class='ocrx_word' id='word_1_140' title='bbox 3363 532 3566 589; x_wconf 86' lang='lat' dir='ltr'><strong>Virtute</strong></span> 
     </span>
    </p>
   </div>
   <div class='ocr_carea' id='block_1_20' title="bbox 1990 618 3564 694">
    <p class='ocr_par' dir='ltr' id='par_1_20' title="bbox 1990 618 3564 694">
     <span class='ocr_line' id='line_1_20' title="bbox 1990 618 3564 694; baseline 0.004 -23"><span class='ocrx_word' id='word_1_141' title='bbox 1990 619 2151 686; x_wconf 84' lang='lat' dir='ltr'><strong>igitur</strong></span> <span class='ocrx_word' id='word_1_142' title='bbox 2178 618 2338 673; x_wconf 80' lang='lat' dir='ltr'><strong>Verbi</strong></span> <span class='ocrx_word' id='word_1_143' title='bbox 2372 619 2462 675; x_wconf 89' lang='lat' dir='ltr'><strong>Dei</strong></span> <span class='ocrx_word' id='word_1_144' title='bbox 2493 623 2687 676; x_wconf 87' lang='lat' dir='ltr'><strong>coelum</strong></span> <span class='ocrx_word' id='word_1_145' title='bbox 2710 629 2762 676; x_wconf 91' lang='lat' dir='ltr'><strong>et</strong></span> <span class='ocrx_word' id='word_1_146' title='bbox 2787 630 2925 676; x_wconf 89' lang='lat' dir='ltr'><strong>terra</strong></span> <span class='ocrx_word' id='word_1_147' title='bbox 2955 622 3277 690; x_wconf 68' lang='lat' dir='ltr'><strong>subsistunt;</strong></span> <span class='ocrx_word' id='word_1_148' title='bbox 3310 623 3433 694; x_wconf 83' lang='lat' dir='ltr'><strong>quia</strong></span> <span class='ocrx_word' id='word_1_149' title='bbox 3456 624 3564 678; x_wconf 81' lang='lat' dir='ltr'><strong>vir-</strong></span> 
     </span>
    </p>
   </div>
   <div class='ocr_carea' id='block_1_21' title="bbox 1989 708 3563 784">
    <p class='ocr_par' dir='ltr' id='par_1_21' title="bbox 1989 708 3563 784">
     <span class='ocr_line' id='line_1_21' title="bbox 1989 708 3563 784; baseline 0.005 -23"><span class='ocrx_word' id='word_1_150' title='bbox 1989 716 2099 763; x_wconf 85' lang='lat' dir='ltr'><strong>tute</strong></span> <span class='ocrx_word' id='word_1_151' title='bbox 2122 708 2375 778; x_wconf 89' lang='lat' dir='ltr'><strong>j&#39;ussionis</strong></span> <span class='ocrx_word' id='word_1_152' title='bbox 2399 711 2513 781; x_wconf 91' lang='lat' dir='ltr'><strong>ejus</strong></span> <span class='ocrx_word' id='word_1_153' title='bbox 2543 711 2718 766; x_wconf 90' lang='lat' dir='ltr'><strong>omnia</strong></span> <span class='ocrx_word' id='word_1_154' title='bbox 2750 712 2882 767; x_wconf 85' lang='lat' dir='ltr'><strong>facta</strong></span> <span class='ocrx_word' id='word_1_155' title='bbox 2911 723 3054 779; x_wconf 90' lang='lat' dir='ltr'><strong>sunt,</strong></span> <span class='ocrx_word' id='word_1_156' title='bbox 3088 723 3141 771; x_wconf 85' lang='lat' dir='ltr'><strong>et</strong></span> <span class='ocrx_word' id='word_1_157' title='bbox 3160 714 3276 771; x_wconf 84' lang='lat' dir='ltr'><strong>sine</strong></span> <span class='ocrx_word' id='word_1_158' title='bbox 3302 715 3418 784; x_wconf 85' lang='lat' dir='ltr'><strong>ipso</strong></span> <span class='ocrx_word' id='word_1_159' title='bbox 3449 714 3563 769; x_wconf 84' lang='lat' dir='ltr'><strong>fac-</strong></span> 
     </span>
    </p>
   </div>
   <div class='ocr_carea' id='block_1_22' title="bbox 1991 800 3563 875">
    <p class='ocr_par' dir='ltr' id='par_1_22' title="bbox 1991 800 3563 875">
     <span class='ocr_line' id='line_1_22' title="bbox 1991 800 3563 875; baseline 0.008 -25"><span class='ocrx_word' id='word_1_160' title='bbox 1991 806 2101 852; x_wconf 91' lang='lat' dir='ltr'><strong>tum</strong></span> <span class='ocrx_word' id='word_1_161' title='bbox 2135 808 2215 854; x_wconf 90' lang='lat' dir='ltr'><strong>est</strong></span> <span class='ocrx_word' id='word_1_162' title='bbox 2238 800 2389 855; x_wconf 88' lang='lat' dir='ltr'><strong>nihil.</strong></span> <span class='ocrx_word' id='word_1_163' title='bbox 2415 800 2519 857; x_wconf 88' lang='lat' dir='ltr'><strong>Sed</strong></span> <span class='ocrx_word' id='word_1_164' title='bbox 2545 816 2662 856; x_wconf 89' lang='lat' dir='ltr'><strong>cum</strong></span> <span class='ocrx_word' id='word_1_165' title='bbox 2689 802 2896 875; x_wconf 85' lang='lat' dir='ltr'><strong>Moyses</strong></span> <span class='ocrx_word' id='word_1_166' title='bbox 2926 802 2977 857; x_wconf 91' lang='lat' dir='ltr'><strong>in</strong></span> <span class='ocrx_word' id='word_1_167' title='bbox 3008 803 3268 873; x_wconf 87' lang='lat' dir='ltr'><strong>principio</strong></span> <span class='ocrx_word' id='word_1_168' title='bbox 3291 804 3563 863; x_wconf 80' lang='lat' dir='ltr'><strong>Geneseos</strong></span> 
     </span>
    </p>
   </div>
   <div class='ocr_carea' id='block_1_23' title="bbox 1990 890 3566 964">
    <p class='ocr_par' dir='ltr' id='par_1_23' title="bbox 1990 890 3566 964">
     <span class='ocr_line' id='line_1_23' title="bbox 1990 890 3566 964; baseline 0.004 -19"><span class='ocrx_word' id='word_1_169' title='bbox 1990 890 2183 945; x_wconf 77' lang='lat' dir='ltr'><strong>omium</strong></span> <span class='ocrx_word' id='word_1_170' title='bbox 2220 890 2353 945; x_wconf 84' lang='lat' dir='ltr'><strong>dixit</strong></span> <span class='ocrx_word' id='word_1_171' title='bbox 2394 893 2624 962; x_wconf 87' lang='lat' dir='ltr'><strong>primum</strong></span> <span class='ocrx_word' id='word_1_172' title='bbox 2658 890 2877 960; x_wconf 87' lang='lat' dir='ltr'><strong>factum,</strong></span> <span class='ocrx_word' id='word_1_173' title='bbox 2908 910 2970 951; x_wconf 88' lang='lat' dir='ltr'><strong>ac</strong></span> <span class='ocrx_word' id='word_1_174' title='bbox 2997 895 3192 953; x_wconf 90' lang='lat' dir='ltr'><strong>deinde</strong></span> <span class='ocrx_word' id='word_1_175' title='bbox 3224 904 3418 953; x_wconf 84' lang='lat' dir='ltr'><strong>terram</strong></span> <span class='ocrx_word' id='word_1_176' title='bbox 3438 938 3455 964; x_wconf 88' lang='lat'><strong>,</strong></span> <span class='ocrx_word' id='word_1_177' title='bbox 3485 898 3566 953; x_wconf 89' lang='lat' dir='ltr'><strong>sic</strong></span> 
     </span>
    </p>
   </div>
   <div class='ocr_carea' id='block_1_24' title="bbox 1992 978 3563 1053">
    <p class='ocr_par' dir='ltr' id='par_1_24' title="bbox 1992 978 3563 1053">
     <span class='ocr_line' id='line_1_24' title="bbox 1992 978 3563 1053; baseline 0.006 -21"><span class='ocrx_word' id='word_1_178' title='bbox 1992 978 2177 1034; x_wconf 92' lang='lat' dir='ltr'><strong>dicens</strong></span> <span class='ocrx_word' id='word_1_179' title='bbox 2224 997 2238 1033; x_wconf 91' lang='lat'><strong>:</strong></span> <span class='ocrx_word' id='word_1_180' title='bbox 2290 980 2343 1035; x_wconf 89' lang='lat' dir='ltr'><strong>In</strong></span> <span class='ocrx_word' id='word_1_181' title='bbox 2377 983 2635 1053; x_wconf 86' lang='lat' dir='ltr'><strong>principio</strong></span> <span class='ocrx_word' id='word_1_182' title='bbox 2658 982 2782 1038; x_wconf 84' lang='lat' dir='ltr'><strong>fecit</strong></span> <span class='ocrx_word' id='word_1_183' title='bbox 2807 984 2945 1039; x_wconf 90' lang='lat' dir='ltr'><strong>Deus</strong></span> <span class='ocrx_word' id='word_1_184' title='bbox 2975 987 3171 1042; x_wconf 74' lang='lat' dir='ltr'><strong>ctelum</strong></span> <span class='ocrx_word' id='word_1_185' title='bbox 3215 995 3269 1041; x_wconf 90' lang='lat' dir='ltr'><strong>et</strong></span> <span class='ocrx_word' id='word_1_186' title='bbox 3314 995 3508 1043; x_wconf 88' lang='lat' dir='ltr'><strong>terram</strong></span> <span class='ocrx_word' id='word_1_187' title='bbox 3548 1004 3563 1041; x_wconf 91' lang='lat'><strong>:</strong></span> 
     </span>
    </p>
   </div>
   <div class='ocr_carea' id='block_1_25' title="bbox 1993 1072 3565 1147">
    <p class='ocr_par' dir='ltr' id='par_1_25' title="bbox 1993 1072 3565 1147">
     <span class='ocr_line' id='line_1_25' title="bbox 1993 1072 3565 1147; baseline 0.004 -21"><span class='ocrx_word' id='word_1_188' title='bbox 1993 1072 2214 1140; x_wconf 85' lang='lat' dir='ltr'><strong>quaestio</strong></span> <span class='ocrx_word' id='word_1_189' title='bbox 2254 1073 2454 1141; x_wconf 86' lang='lat' dir='ltr'><strong>oritur,</strong></span> <span class='ocrx_word' id='word_1_190' title='bbox 2509 1090 2676 1145; x_wconf 90' lang='lat' dir='ltr'><strong>quare</strong></span> <span class='ocrx_word' id='word_1_191' title='bbox 2720 1076 2998 1131; x_wconf 89' lang='lat' dir='ltr'><strong>Psalmista</strong></span> <span class='ocrx_word' id='word_1_192' title='bbox 3044 1077 3191 1147; x_wconf 90' lang='lat' dir='ltr'><strong>ponit</strong></span> <span class='ocrx_word' id='word_1_193' title='bbox 3224 1088 3455 1145; x_wconf 88' lang='lat' dir='ltr'><strong>terram,</strong></span> <span class='ocrx_word' id='word_1_194' title='bbox 3503 1091 3565 1133; x_wconf 88' lang='lat' dir='ltr'><strong>ac</strong></span> 
     </span>
    </p>
   </div>
   <div class='ocr_carea' id='block_1_26' title="bbox 1994 1162 3563 1239">
    <p class='ocr_par' dir='ltr' id='par_1_26' title="bbox 1994 1162 3563 1239">
     <span class='ocr_line' id='line_1_26' title="bbox 1994 1162 3563 1239; baseline 0.003 -22"><span class='ocrx_word' id='word_1_195' title='bbox 1994 1162 2185 1218; x_wconf 90' lang='lat' dir='ltr'><strong>deinde</strong></span> <span class='ocrx_word' id='word_1_196' title='bbox 2231 1165 2471 1230; x_wconf 66' lang='lat' dir='ltr'><strong>coelum;</strong></span> <span class='ocrx_word' id='word_1_197' title='bbox 2508 1168 2657 1235; x_wconf 87' lang='lat' dir='ltr'><strong>quasi</strong></span> <span class='ocrx_word' id='word_1_198' title='bbox 2703 1176 2842 1223; x_wconf 88' lang='lat' dir='ltr'><strong>terra</strong></span> <span class='ocrx_word' id='word_1_199' title='bbox 2870 1178 2991 1223; x_wconf 88' lang='lat' dir='ltr'><strong>ante</strong></span> <span class='ocrx_word' id='word_1_200' title='bbox 3044 1169 3202 1223; x_wconf 88' lang='lat' dir='ltr'><strong>fuerit</strong></span> <span class='ocrx_word' id='word_1_201' title='bbox 3231 1170 3363 1225; x_wconf 86' lang='lat' dir='ltr'><strong>facta</strong></span> <span class='ocrx_word' id='word_1_202' title='bbox 3404 1183 3563 1239; x_wconf 88' lang='lat' dir='ltr'><strong>quam</strong></span> 
     </span>
    </p>
   </div>
   <div class='ocr_carea' id='block_1_27' title="bbox 1993 1254 3562 1327">
    <p class='ocr_par' dir='ltr' id='par_1_27' title="bbox 1993 1254 3562 1327">
     <span class='ocr_line' id='line_1_27' title="bbox 1993 1254 3562 1327; baseline 0.001 -19"><span class='ocrx_word' id='word_1_203' title='bbox 1993 1254 2187 1309; x_wconf 77' lang='lat' dir='ltr'><strong>coelum</strong></span> <span class='ocrx_word' id='word_1_204' title='bbox 2216 1270 2371 1325; x_wconf 72' lang='lat' dir='ltr'><strong>:qute</strong></span> <span class='ocrx_word' id='word_1_205' title='bbox 2394 1256 2462 1310; x_wconf 90' lang='lat' dir='ltr'><strong>ita</strong></span> <span class='ocrx_word' id='word_1_206' title='bbox 2486 1257 2746 1312; x_wconf 88' lang='lat' dir='ltr'><strong>solvitur:</strong></span> <span class='ocrx_word' id='word_1_207' title='bbox 2777 1258 2928 1325; x_wconf 85' lang='lat' dir='ltr'><strong>Quod</strong></span> <span class='ocrx_word' id='word_1_208' title='bbox 2952 1257 3039 1312; x_wconf 90' lang='lat' dir='ltr'><strong>ille</strong></span> <span class='ocrx_word' id='word_1_209' title='bbox 3063 1259 3334 1327; x_wconf 89' lang='lat' dir='ltr'><strong>proposuit</strong></span> <span class='ocrx_word' id='word_1_210' title='bbox 3367 1258 3562 1313; x_wconf 73' lang='lat' dir='ltr'><strong>cmlum</strong></span> 
     </span>
    </p>
   </div>
   <div class='ocr_carea' id='block_1_28' title="bbox 1998 1351 3624 1422">
    <p class='ocr_par' dir='ltr' id='par_1_28' title="bbox 1998 1351 3624 1422">
     <span class='ocr_line' id='line_1_28' title="bbox 1998 1351 3624 1422; baseline 0.003 -18"><span class='ocrx_word' id='word_1_211' title='bbox 1998 1358 2171 1416; x_wconf 84' lang='lat' dir='ltr'><strong>terrae,</strong></span> <span class='ocrx_word' id='word_1_212' title='bbox 2204 1351 2301 1406; x_wconf 90' lang='lat' dir='ltr'><strong>iste</strong></span> <span class='ocrx_word' id='word_1_213' title='bbox 2323 1352 2618 1422; x_wconf 91' lang='lat' dir='ltr'><strong>supposuit,</strong></span> <span class='ocrx_word' id='word_1_214' title='bbox 2652 1353 2851 1409; x_wconf 79' lang='lat' dir='ltr'><strong>idcirco</strong></span> <span class='ocrx_word' id='word_1_215' title='bbox 2880 1355 3074 1409; x_wconf 87' lang='lat' dir='ltr'><strong>factum</strong></span> <span class='ocrx_word' id='word_1_216' title='bbox 3105 1364 3207 1419; x_wconf 90' lang='lat' dir='ltr'><strong>est,</strong></span> <span class='ocrx_word' id='word_1_217' title='bbox 3229 1365 3287 1410; x_wconf 92' lang='lat' dir='ltr'><strong>ut</strong></span> <span class='ocrx_word' id='word_1_218' title='bbox 3315 1354 3566 1411; x_wconf 83' lang='lat' dir='ltr'><strong>ostende-</strong></span> <span class='ocrx_word' id='word_1_219' title='bbox 3617 1394 3624 1421; x_wconf 51' lang='grc' dir='ltr'><strong><em>ς</em></strong></span> 
     </span>
    </p>
   </div>
   <div class='ocr_carea' id='block_1_29' title="bbox 1996 1444 3568 1517">
    <p class='ocr_par' dir='ltr' id='par_1_29' title="bbox 1996 1444 3568 1517">
     <span class='ocr_line' id='line_1_29' title="bbox 1996 1444 3568 1517; baseline 0.004 -23"><span class='ocrx_word' id='word_1_220' title='bbox 1996 1450 2143 1497; x_wconf 91' lang='lat' dir='ltr'><strong>retur</strong></span> <span class='ocrx_word' id='word_1_221' title='bbox 2172 1444 2330 1498; x_wconf 90' lang='lat' dir='ltr'><strong>simul</strong></span> <span class='ocrx_word' id='word_1_222' title='bbox 2362 1445 2465 1499; x_wconf 90' lang='lat' dir='ltr'><strong>duo</strong></span> <span class='ocrx_word' id='word_1_223' title='bbox 2492 1444 2625 1500; x_wconf 87' lang='lat' dir='ltr'><strong>facta</strong></span> <span class='ocrx_word' id='word_1_224' title='bbox 2648 1460 2766 1501; x_wconf 90' lang='lat' dir='ltr'><strong>esse</strong></span> <span class='ocrx_word' id='word_1_225' title='bbox 2792 1464 2805 1500; x_wconf 87' lang='lat'><strong>:</strong></span> <span class='ocrx_word' id='word_1_226' title='bbox 2834 1446 2926 1501; x_wconf 92' lang='lat' dir='ltr'><strong>sed</strong></span> <span class='ocrx_word' id='word_1_227' title='bbox 2948 1446 3088 1517; x_wconf 89' lang='lat' dir='ltr'><strong>quod</strong></span> <span class='ocrx_word' id='word_1_228' title='bbox 3110 1447 3286 1503; x_wconf 88' lang='lat' dir='ltr'><strong>divina</strong></span> <span class='ocrx_word' id='word_1_229' title='bbox 3314 1446 3568 1516; x_wconf 74' lang='lat' dir='ltr'><strong>maiestas</strong></span> 
     </span>
    </p>
   </div>
   <div class='ocr_carea' id='block_1_30' title="bbox 1994 1534 3561 1607">
    <p class='ocr_par' dir='ltr' id='par_1_30' title="bbox 1994 1534 3561 1607">
     <span class='ocr_line' id='line_1_30' title="bbox 1994 1534 3561 1607; baseline 0.001 -20"><span class='ocrx_word' id='word_1_230' title='bbox 1994 1534 2148 1587; x_wconf 86' lang='lat' dir='ltr'><strong>simul</strong></span> <span class='ocrx_word' id='word_1_231' title='bbox 2205 1534 2359 1602; x_wconf 86' lang='lat' dir='ltr'><strong>fecit,</strong></span> <span class='ocrx_word' id='word_1_232' title='bbox 2391 1536 2620 1591; x_wconf 89' lang='lat' dir='ltr'><strong>humana</strong></span> <span class='ocrx_word' id='word_1_233' title='bbox 2651 1551 2749 1592; x_wconf 90' lang='lat' dir='ltr'><strong>vox</strong></span> <span class='ocrx_word' id='word_1_234' title='bbox 2780 1537 2936 1592; x_wconf 79' lang='lat' dir='ltr'><strong>simul</strong></span> <span class='ocrx_word' id='word_1_235' title='bbox 2978 1539 3215 1607; x_wconf 85' lang='lat' dir='ltr'><strong>proferre</strong></span> <span class='ocrx_word' id='word_1_236' title='bbox 3261 1537 3497 1607; x_wconf 87' lang='lat' dir='ltr'><strong>nequivit</strong></span> <span class='ocrx_word' id='word_1_237' title='bbox 3547 1554 3561 1589; x_wconf 90' lang='lat'><strong>:</strong></span> 
     </span>
    </p>
   </div>
   <div class='ocr_carea' id='block_1_31' title="bbox 1995 1629 3561 1697">
    <p class='ocr_par' dir='ltr' id='par_1_31' title="bbox 1995 1629 3561 1697">
     <span class='ocr_line' id='line_1_31' title="bbox 1995 1629 3561 1697; baseline 0.002 -19"><span class='ocrx_word' id='word_1_238' title='bbox 1995 1636 2319 1697; x_wconf 89' lang='lat' dir='ltr'><strong>quapropter</strong></span> <span class='ocrx_word' id='word_1_239' title='bbox 2350 1642 2565 1683; x_wconf 89' lang='lat' dir='ltr'><strong>necesse</strong></span> <span class='ocrx_word' id='word_1_240' title='bbox 2595 1638 2709 1683; x_wconf 83' lang='lat' dir='ltr'><strong>erat</strong></span> <span class='ocrx_word' id='word_1_241' title='bbox 2753 1645 2911 1686; x_wconf 89' lang='lat' dir='ltr'><strong>unum</strong></span> <span class='ocrx_word' id='word_1_242' title='bbox 2943 1641 3066 1684; x_wconf 88' lang='lat' dir='ltr'><strong>ante</strong></span> <span class='ocrx_word' id='word_1_243' title='bbox 3108 1629 3333 1685; x_wconf 89' lang='lat' dir='ltr'><strong>alterum</strong></span> <span class='ocrx_word' id='word_1_244' title='bbox 3361 1630 3561 1685; x_wconf 85' lang='lat' dir='ltr'><strong>dicere.</strong></span> 
     </span>
    </p>
   </div>
   <div class='ocr_carea' id='block_1_32' title="bbox 1998 1714 3562 1789">
    <p class='ocr_par' dir='ltr' id='par_1_32' title="bbox 1998 1714 3562 1789">
     <span class='ocr_line' id='line_1_32' title="bbox 1998 1714 3562 1789; baseline 0.004 -22"><span class='ocrx_word' id='word_1_245' title='bbox 1998 1714 2107 1785; x_wconf 81' lang='lat' dir='ltr'><strong>Ipsi</strong></span> <span class='ocrx_word' id='word_1_246' title='bbox 2128 1718 2377 1784; x_wconf 81' lang='lat' dir='ltr'><strong>peribunt,</strong></span> <span class='ocrx_word' id='word_1_247' title='bbox 2398 1727 2450 1771; x_wconf 86' lang='lat' dir='ltr'><strong>tu</strong></span> <span class='ocrx_word' id='word_1_248' title='bbox 2471 1730 2637 1773; x_wconf 88' lang='lat' dir='ltr'><strong>autem</strong></span> <span class='ocrx_word' id='word_1_249' title='bbox 2658 1722 2988 1789; x_wconf 82' lang='lat' dir='ltr'><strong>permanebis.</strong></span> <span class='ocrx_word' id='word_1_250' title='bbox 3014 1722 3222 1777; x_wconf 87' lang='lat' dir='ltr'><strong>Positus</strong></span> <span class='ocrx_word' id='word_1_251' title='bbox 3242 1728 3327 1775; x_wconf 81' lang='lat' dir='ltr'><strong>est</strong></span> <span class='ocrx_word' id='word_1_252' title='bbox 3342 1720 3428 1775; x_wconf 88' lang='lat' dir='ltr'><strong>hic</strong></span> <span class='ocrx_word' id='word_1_253' title='bbox 3446 1720 3562 1788; x_wconf 89' lang='lat' dir='ltr'><strong>plu-</strong></span> 
     </span>
    </p>
   </div>
   <div class='ocr_carea' id='block_1_33' title="bbox 316 1808 3567 1889">
    <p class='ocr_par' dir='ltr' id='par_1_33' title="bbox 316 1808 3567 1889">
     <span class='ocr_line' id='line_1_33' title="bbox 316 1808 3567 1889; baseline -0.004 -14"><span class='ocrx_word' id='word_1_254' title='bbox 316 1818 523 1889; x_wconf 86' lang='lat' dir='ltr'><strong>peccati</strong></span> <span class='ocrx_word' id='word_1_255' title='bbox 563 1820 766 1875; x_wconf 88' lang='lat' dir='ltr'><strong>macula</strong></span> <span class='ocrx_word' id='word_1_256' title='bbox 789 1821 856 1875; x_wconf 88' lang='lat' dir='ltr'><strong>ab</strong></span> <span class='ocrx_word' id='word_1_257' title='bbox 882 1820 984 1876; x_wconf 93' lang='lat' dir='ltr'><strong>hoc</strong></span> <span class='ocrx_word' id='word_1_258' title='bbox 1016 1820 1214 1876; x_wconf 90' lang='lat' dir='ltr'><strong>mundo</strong></span> <span class='ocrx_word' id='word_1_259' title='bbox 1246 1821 1494 1876; x_wconf 88' lang='lat' dir='ltr'><strong>transiret</strong></span> <span class='ocrx_word' id='word_1_260' title='bbox 1530 1838 1541 1872; x_wconf 87' lang='lat'>:</span> <span class='ocrx_word' id='word_1_261' title='bbox 1569 1820 1716 1889; x_wconf 84' lang='lat' dir='ltr'><strong>juxta</strong></span> <span class='ocrx_word' id='word_1_262' title='bbox 1748 1818 1889 1889; x_wconf 91' lang='lat' dir='ltr'><strong>quod</strong></span> <span class='ocrx_word' id='word_1_263' title='bbox 1920 1820 1968 1880; x_wconf 90' lang='lat' dir='ltr'><strong>B</strong></span> <span class='ocrx_word' id='word_1_264' title='bbox 1998 1808 2125 1862; x_wconf 87' lang='lat' dir='ltr'><strong>ralis</strong></span> <span class='ocrx_word' id='word_1_265' title='bbox 2153 1823 2407 1862; x_wconf 90' lang='lat' dir='ltr'><strong>numerus</strong></span> <span class='ocrx_word' id='word_1_266' title='bbox 2430 1822 2526 1878; x_wconf 91' lang='lat' dir='ltr'><strong>pro</strong></span> <span class='ocrx_word' id='word_1_267' title='bbox 2555 1810 2828 1876; x_wconf 85' lang='lat' dir='ltr'><strong>singulari,</strong></span> <span class='ocrx_word' id='word_1_268' title='bbox 2852 1810 2988 1864; x_wconf 89' lang='lat' dir='ltr'><strong>sicut</strong></span> <span class='ocrx_word' id='word_1_269' title='bbox 3009 1809 3189 1866; x_wconf 90' lang='lat' dir='ltr'><strong>multis</strong></span> <span class='ocrx_word' id='word_1_270' title='bbox 3212 1809 3331 1865; x_wconf 90' lang='lat' dir='ltr'><strong>aliis</strong></span> <span class='ocrx_word' id='word_1_271' title='bbox 3359 1809 3413 1864; x_wconf 92' lang='lat' dir='ltr'><strong>in</strong></span> <span class='ocrx_word' id='word_1_272' title='bbox 3435 1808 3567 1864; x_wconf 83' lang='lat' dir='ltr'><strong>locis</strong></span> 
     </span>
    </p>
   </div>
   <div class='ocr_carea' id='block_1_34' title="bbox 315 1907 1944 1979">
    <p class='ocr_par' dir='ltr' id='par_1_34' title="bbox 315 1907 1944 1979">
     <span class='ocr_line' id='line_1_34' title="bbox 315 1907 1944 1979; baseline 0.002 -16"><span class='ocrx_word' id='word_1_273' title='bbox 315 1909 383 1964; x_wconf 90' lang='lat' dir='ltr'><strong>de</strong></span> <span class='ocrx_word' id='word_1_274' title='bbox 412 1907 506 1963; x_wconf 91' lang='lat' dir='ltr'><strong>illo</strong></span> <span class='ocrx_word' id='word_1_275' title='bbox 533 1910 791 1979; x_wconf 86' lang='lat' dir='ltr'><strong>scriptum</strong></span> <span class='ocrx_word' id='word_1_276' title='bbox 833 1919 913 1966; x_wconf 91' lang='lat' dir='ltr'><strong>est</strong></span> <span class='ocrx_word' id='word_1_277' title='bbox 945 1929 957 1962; x_wconf 90' lang='lat'><strong>:</strong></span> <span class='ocrx_word' id='word_1_278' title='bbox 988 1910 1271 1967; x_wconf 84' lang='lat' dir='ltr'><strong>Peccatum</strong></span> <span class='ocrx_word' id='word_1_279' title='bbox 1320 1926 1426 1967; x_wconf 92' lang='lat' dir='ltr'><strong>non</strong></span> <span class='ocrx_word' id='word_1_280' title='bbox 1450 1911 1575 1967; x_wconf 81' lang='lat' dir='ltr'><strong>fecit</strong></span> <span class='ocrx_word' id='word_1_281' title='bbox 1610 1930 1621 1963; x_wconf 89' lang='lat'><strong>:</strong></span> <span class='ocrx_word' id='word_1_282' title='bbox 1667 1926 1765 1966; x_wconf 89' lang='lat' dir='ltr'><strong>nec</strong></span> <span class='ocrx_word' id='word_1_283' title='bbox 1803 1912 1888 1966; x_wconf 93' lang='lat' dir='ltr'><strong>in-</strong></span> <span class='ocrx_word' id='word_1_284' title='bbox 1937 1914 1944 1920; x_wconf 85' lang='grc'><em>’</em></span> 
     </span>
    </p>
   </div>
   <div class='ocr_carea' id='block_1_35' title="bbox 316 2001 1892 2073">
    <p class='ocr_par' dir='ltr' id='par_1_35' title="bbox 316 2001 1892 2073">
     <span class='ocr_line' id='line_1_35' title="bbox 316 2001 1892 2073; baseline 0.003 -19"><span class='ocrx_word' id='word_1_285' title='bbox 316 2011 509 2056; x_wconf 82' lang='lat' dir='ltr'><strong>ventus</strong></span> <span class='ocrx_word' id='word_1_286' title='bbox 530 2007 613 2056; x_wconf 86' lang='lat' dir='ltr'><strong>est</strong></span> <span class='ocrx_word' id='word_1_287' title='bbox 641 2001 798 2057; x_wconf 90' lang='lat' dir='ltr'><strong>dolus</strong></span> <span class='ocrx_word' id='word_1_288' title='bbox 828 2003 880 2056; x_wconf 88' lang='lat' dir='ltr'><strong>in</strong></span> <span class='ocrx_word' id='word_1_289' title='bbox 905 2017 997 2057; x_wconf 92' lang='lat' dir='ltr'><strong>ore</strong></span> <span class='ocrx_word' id='word_1_290' title='bbox 1019 2004 1155 2073; x_wconf 91' lang='lat' dir='ltr'><strong>ejus.</strong></span> <span class='ocrx_word' id='word_1_291' title='bbox 1185 2003 1288 2059; x_wconf 89' lang='lat' dir='ltr'><strong>Sed</strong></span> <span class='ocrx_word' id='word_1_292' title='bbox 1312 2003 1434 2073; x_wconf 91' lang='lat' dir='ltr'><strong>quid</strong></span> <span class='ocrx_word' id='word_1_293' title='bbox 1463 2012 1565 2071; x_wconf 91' lang='lat' dir='ltr'><strong>est,</strong></span> <span class='ocrx_word' id='word_1_294' title='bbox 1588 2003 1730 2073; x_wconf 89' lang='lat' dir='ltr'><strong>quod</strong></span> <span class='ocrx_word' id='word_1_295' title='bbox 1756 2003 1892 2059; x_wconf 84' lang='lat' dir='ltr'><strong>dixit</strong></span> 
     </span>
    </p>
   </div>
   <div class='ocr_carea' id='block_1_36' title="bbox 322 2091 1891 2165">
    <p class='ocr_par' dir='ltr' id='par_1_36' title="bbox 322 2091 1891 2165">
     <span class='ocr_line' id='line_1_36' title="bbox 322 2091 1891 2165; baseline 0.003 -21"><span class='ocrx_word' id='word_1_296' title='bbox 322 2091 601 2146; x_wconf 82' lang='lat' dir='ltr'><strong>Psalmista</strong></span> <span class='ocrx_word' id='word_1_297' title='bbox 631 2092 831 2148; x_wconf 82' lang='lat' dir='ltr'><strong>:Unxit</strong></span> <span class='ocrx_word' id='word_1_298' title='bbox 855 2102 909 2149; x_wconf 92' lang='lat' dir='ltr'><strong>te</strong></span> <span class='ocrx_word' id='word_1_299' title='bbox 938 2094 1078 2150; x_wconf 86' lang='lat' dir='ltr'><strong>Deus</strong></span> <span class='ocrx_word' id='word_1_300' title='bbox 1108 2110 1219 2165; x_wconf 67' lang='lat' dir='ltr'><strong>pra:</strong></span> <span class='ocrx_word' id='word_1_301' title='bbox 1242 2094 1618 2164; x_wconf 84' lang='lat' dir='ltr'><strong>participibus?</strong></span> <span class='ocrx_word' id='word_1_302' title='bbox 1644 2095 1744 2161; x_wconf 89' lang='lat' dir='ltr'><strong>Qui</strong></span> <span class='ocrx_word' id='word_1_303' title='bbox 1768 2103 1891 2149; x_wconf 90' lang='lat' dir='ltr'><strong>sunt</strong></span> 
     </span>
    </p>
   </div>
   <div class='ocr_carea' id='block_1_37' title="bbox 318 2183 1889 2257">
    <p class='ocr_par' dir='ltr' id='par_1_37' title="bbox 318 2183 1889 2257">
     <span class='ocr_line' id='line_1_37' title="bbox 318 2183 1889 2257; baseline 0.003 -20"><span class='ocrx_word' id='word_1_304' title='bbox 318 2196 447 2252; x_wconf 88' lang='lat' dir='ltr'><strong>ergo</strong></span> <span class='ocrx_word' id='word_1_305' title='bbox 477 2183 591 2253; x_wconf 88' lang='lat' dir='ltr'><strong>ejus</strong></span> <span class='ocrx_word' id='word_1_306' title='bbox 616 2187 936 2255; x_wconf 81' lang='lat' dir='ltr'><strong>participes?</strong></span> <span class='ocrx_word' id='word_1_307' title='bbox 976 2186 1030 2241; x_wconf 88' lang='lat' dir='ltr'><strong>In</strong></span> <span class='ocrx_word' id='word_1_308' title='bbox 1060 2186 1238 2242; x_wconf 81' lang='lat' dir='ltr'><strong>Veteri</strong></span> <span class='ocrx_word' id='word_1_309' title='bbox 1285 2186 1499 2257; x_wconf 88' lang='lat' dir='ltr'><strong>quidem</strong></span> <span class='ocrx_word' id='word_1_310' title='bbox 1548 2186 1889 2242; x_wconf 91' lang='lat' dir='ltr'><strong>Testamento</strong></span> 
     </span>
    </p>
   </div>
   <div class='ocr_carea' id='block_1_38' title="bbox 316 2272 1885 2346">
    <p class='ocr_par' dir='ltr' id='par_1_38' title="bbox 316 2272 1885 2346">
     <span class='ocr_line' id='line_1_38' title="bbox 316 2272 1885 2346; baseline 0.004 -20"><span class='ocrx_word' id='word_1_311' title='bbox 316 2272 530 2329; x_wconf 88' lang='lat' dir='ltr'><strong>fuerunt</strong></span> <span class='ocrx_word' id='word_1_312' title='bbox 555 2277 871 2344; x_wconf 77' lang='lat' dir='ltr'><strong>patriarcha:</strong></span> <span class='ocrx_word' id='word_1_313' title='bbox 893 2278 1175 2346; x_wconf 88' lang='lat' dir='ltr'><strong>participes</strong></span> <span class='ocrx_word' id='word_1_314' title='bbox 1195 2276 1393 2333; x_wconf 82' lang='lat' dir='ltr'><strong>Christi</strong></span> <span class='ocrx_word' id='word_1_315' title='bbox 1416 2279 1468 2333; x_wconf 91' lang='lat' dir='ltr'><strong>in</strong></span> <span class='ocrx_word' id='word_1_316' title='bbox 1485 2278 1583 2333; x_wconf 91' lang='lat' dir='ltr'><strong>hac</strong></span> <span class='ocrx_word' id='word_1_317' title='bbox 1604 2281 1885 2335; x_wconf 89' lang='lat' dir='ltr'><strong>unctione:</strong></span> 
     </span>
    </p>
   </div>
   <div class='ocr_carea' id='block_1_39' title="bbox 310 2364 1888 2438">
    <p class='ocr_par' dir='ltr' id='par_1_39' title="bbox 310 2364 1888 2438">
     <span class='ocr_line' id='line_1_39' title="bbox 310 2364 1888 2438; baseline 0.004 -20"><span class='ocrx_word' id='word_1_318' title='bbox 310 2364 459 2433; x_wconf 87' lang='lat' dir='ltr'><strong>juxta</strong></span> <span class='ocrx_word' id='word_1_319' title='bbox 500 2367 639 2435; x_wconf 91' lang='lat' dir='ltr'><strong>quod</strong></span> <span class='ocrx_word' id='word_1_320' title='bbox 687 2368 743 2422; x_wconf 89' lang='lat' dir='ltr'><strong>in</strong></span> <span class='ocrx_word' id='word_1_321' title='bbox 790 2369 992 2437; x_wconf 87' lang='lat' dir='ltr'><strong>psalmo</strong></span> <span class='ocrx_word' id='word_1_322' title='bbox 1022 2369 1248 2438; x_wconf 82' lang='lat' dir='ltr'><strong>legitur,</strong></span> <span class='ocrx_word' id='word_1_323' title='bbox 1292 2370 1503 2425; x_wconf 89' lang='lat' dir='ltr'><strong>dicente</strong></span> <span class='ocrx_word' id='word_1_324' title='bbox 1545 2371 1771 2425; x_wconf 86' lang='lat' dir='ltr'><strong>Domino</strong></span> <span class='ocrx_word' id='word_1_325' title='bbox 1820 2366 1888 2425; x_wconf 86' lang='lat' dir='ltr'><strong>de</strong></span> 
     </span>
    </p>
   </div>
   <div class='ocr_carea' id='block_1_40' title="bbox 312 2456 1885 2525">
    <p class='ocr_par' dir='ltr' id='par_1_40' title="bbox 312 2456 1885 2525">
     <span class='ocr_line' id='line_1_40' title="bbox 312 2456 1885 2525; baseline 0.004 -15"><span class='ocrx_word' id='word_1_326' title='bbox 312 2456 602 2525; x_wconf 85' lang='lat' dir='ltr'><strong>Abraham,</strong></span> <span class='ocrx_word' id='word_1_327' title='bbox 635 2457 778 2513; x_wconf 88' lang='lat' dir='ltr'><strong>Isaac</strong></span> <span class='ocrx_word' id='word_1_328' title='bbox 800 2468 853 2513; x_wconf 91' lang='lat' dir='ltr'><strong>et</strong></span> <span class='ocrx_word' id='word_1_329' title='bbox 877 2458 1040 2514; x_wconf 78' lang='lat' dir='ltr'><strong>Jacob</strong></span> <span class='ocrx_word' id='word_1_330' title='bbox 1071 2462 1136 2515; x_wconf 83' lang='lat' dir='ltr'><strong>ad</strong></span> <span class='ocrx_word' id='word_1_331' title='bbox 1167 2460 1477 2516; x_wconf 83' lang='lat' dir='ltr'><strong>Abimeleclt</strong></span> <span class='ocrx_word' id='word_1_332' title='bbox 1510 2471 1563 2515; x_wconf 91' lang='lat' dir='ltr'><strong>et</strong></span> <span class='ocrx_word' id='word_1_333' title='bbox 1610 2461 1675 2516; x_wconf 89' lang='lat' dir='ltr'><strong>ad</strong></span> <span class='ocrx_word' id='word_1_334' title='bbox 1724 2470 1885 2516; x_wconf 74' lang='lat' dir='ltr'><strong>ecete-</strong></span> 
     </span>
    </p>
   </div>
   <div class='ocr_carea' id='block_1_41' title="bbox 313 2553 1888 2626">
    <p class='ocr_par' dir='ltr' id='par_1_41' title="bbox 313 2553 1888 2626">
     <span class='ocr_line' id='line_1_41' title="bbox 313 2553 1888 2626; baseline 0.004 -24"><span class='ocrx_word' id='word_1_335' title='bbox 313 2562 402 2603; x_wconf 89' lang='lat' dir='ltr'><strong>ros</strong></span> <span class='ocrx_word' id='word_1_336' title='bbox 454 2566 607 2621; x_wconf 87' lang='lat' dir='ltr'><strong>reges</strong></span> <span class='ocrx_word' id='word_1_337' title='bbox 662 2553 1068 2610; x_wconf 68' lang='lat' dir='ltr'><strong>Palaestinorum</strong></span> <span class='ocrx_word' id='word_1_338' title='bbox 1106 2573 1120 2610; x_wconf 93' lang='lat'><strong>:</strong></span> <span class='ocrx_word' id='word_1_339' title='bbox 1171 2555 1345 2612; x_wconf 87' lang='lat' dir='ltr'><strong>Nolite</strong></span> <span class='ocrx_word' id='word_1_340' title='bbox 1390 2566 1612 2626; x_wconf 84' lang='lat' dir='ltr'><strong>tangere</strong></span> <span class='ocrx_word' id='word_1_341' title='bbox 1659 2555 1888 2609; x_wconf 85' lang='lat' dir='ltr'><strong>christos</strong></span> 
     </span>
    </p>
   </div>
   <div class='ocr_carea' id='block_1_42' title="bbox 314 2644 1885 2719">
    <p class='ocr_par' dir='ltr' id='par_1_42' title="bbox 314 2644 1885 2719">
     <span class='ocr_line' id='line_1_42' title="bbox 314 2644 1885 2719; baseline 0.004 -23"><span class='ocrx_word' id='word_1_342' title='bbox 314 2656 481 2698; x_wconf 85' lang='lat' dir='ltr'><strong>meos.</strong></span> <span class='ocrx_word' id='word_1_343' title='bbox 515 2644 753 2701; x_wconf 88' lang='lat' dir='ltr'><strong>Fuerunt</strong></span> <span class='ocrx_word' id='word_1_344' title='bbox 789 2663 995 2719; x_wconf 92' lang='lat' dir='ltr'><strong>quoque</strong></span> <span class='ocrx_word' id='word_1_345' title='bbox 1016 2663 1169 2719; x_wconf 89' lang='lat' dir='ltr'><strong>reges</strong></span> <span class='ocrx_word' id='word_1_346' title='bbox 1199 2648 1504 2704; x_wconf 84' lang='lat' dir='ltr'><strong>sacerdotes</strong></span> <span class='ocrx_word' id='word_1_347' title='bbox 1534 2659 1586 2702; x_wconf 88' lang='lat' dir='ltr'><strong>ct</strong></span> <span class='ocrx_word' id='word_1_348' title='bbox 1614 2648 1885 2719; x_wconf 77' lang='lat' dir='ltr'><strong>pr0phetae</strong></span> 
     </span>
    </p>
   </div>
   <div class='ocr_carea' id='block_1_43' title="bbox 315 2738 1883 2813">
    <p class='ocr_par' dir='ltr' id='par_1_43' title="bbox 315 2738 1883 2813">
     <span class='ocr_line' id='line_1_43' title="bbox 315 2738 1883 2813; baseline 0.004 -22"><span class='ocrx_word' id='word_1_349' title='bbox 315 2738 599 2807; x_wconf 89' lang='lat' dir='ltr'><strong>participes</strong></span> <span class='ocrx_word' id='word_1_350' title='bbox 630 2739 799 2808; x_wconf 90' lang='lat' dir='ltr'><strong>illius,</strong></span> <span class='ocrx_word' id='word_1_351' title='bbox 831 2743 953 2811; x_wconf 85' lang='lat' dir='ltr'><strong>quia</strong></span> <span class='ocrx_word' id='word_1_352' title='bbox 985 2741 1090 2797; x_wconf 90' lang='lat' dir='ltr'><strong>illis</strong></span> <span class='ocrx_word' id='word_1_353' title='bbox 1118 2742 1431 2812; x_wconf 74' lang='lat' dir='ltr'><strong>specialiter</strong></span> <span class='ocrx_word' id='word_1_354' title='bbox 1453 2744 1631 2796; x_wconf 91' lang='lat' dir='ltr'><strong>unctio</strong></span> <span class='ocrx_word' id='word_1_355' title='bbox 1654 2743 1883 2813; x_wconf 87' lang='lat' dir='ltr'><strong>pertine-</strong></span> 
     </span>
    </p>
   </div>
   <div class='ocr_carea' id='block_1_44' title="bbox 313 2828 1887 2902">
    <p class='ocr_par' dir='ltr' id='par_1_44' title="bbox 313 2828 1887 2902">
     <span class='ocr_line' id='line_1_44' title="bbox 313 2828 1887 2902; baseline 0.004 -19"><span class='ocrx_word' id='word_1_356' title='bbox 313 2828 423 2895; x_wconf 86' lang='lat' dir='ltr'><strong>bat,</strong></span> <span class='ocrx_word' id='word_1_357' title='bbox 461 2844 556 2898; x_wconf 91' lang='lat' dir='ltr'><strong>per</strong></span> <span class='ocrx_word' id='word_1_358' title='bbox 579 2846 735 2901; x_wconf 91' lang='lat' dir='ltr'><strong>quam</strong></span> <span class='ocrx_word' id='word_1_359' title='bbox 766 2832 963 2887; x_wconf 91' lang='lat' dir='ltr'><strong>donum</strong></span> <span class='ocrx_word' id='word_1_360' title='bbox 993 2833 1223 2902; x_wconf 88' lang='lat' dir='ltr'><strong>Spiritus</strong></span> <span class='ocrx_word' id='word_1_361' title='bbox 1244 2833 1411 2888; x_wconf 90' lang='lat' dir='ltr'><strong>sancti</strong></span> <span class='ocrx_word' id='word_1_362' title='bbox 1437 2833 1778 2888; x_wconf 88' lang='lat' dir='ltr'><strong>merebantur</strong></span> <span class='ocrx_word' id='word_1_363' title='bbox 1797 2848 1887 2889; x_wconf 89' lang='lat' dir='ltr'><strong>ac-</strong></span> 
     </span>
    </p>
   </div>
   <div class='ocr_carea' id='block_1_45' title="bbox 310 2920 1886 2996">
    <p class='ocr_par' dir='ltr' id='par_1_45' title="bbox 310 2920 1886 2996">
     <span class='ocr_line' id='line_1_45' title="bbox 310 2920 1886 2996; baseline 0.005 -23"><span class='ocrx_word' id='word_1_364' title='bbox 310 2920 492 2989; x_wconf 90' lang='lat' dir='ltr'><strong>cipere</strong></span> <span class='ocrx_word' id='word_1_365' title='bbox 527 2938 540 2975; x_wconf 93' lang='lat'><strong>:</strong></span> <span class='ocrx_word' id='word_1_366' title='bbox 570 2937 692 2977; x_wconf 91' lang='lat' dir='ltr'><strong>nam</strong></span> <span class='ocrx_word' id='word_1_367' title='bbox 725 2924 947 2996; x_wconf 80' lang='lat' dir='ltr'><strong>legimus</strong></span> <span class='ocrx_word' id='word_1_368' title='bbox 974 2925 1185 2980; x_wconf 91' lang='lat' dir='ltr'><strong>Saulem</strong></span> <span class='ocrx_word' id='word_1_369' title='bbox 1210 2936 1458 2995; x_wconf 91' lang='lat' dir='ltr'><strong>unctum,</strong></span> <span class='ocrx_word' id='word_1_370' title='bbox 1485 2936 1536 2981; x_wconf 90' lang='lat' dir='ltr'><strong>et</strong></span> <span class='ocrx_word' id='word_1_371' title='bbox 1561 2926 1798 2990; x_wconf 86' lang='lat' dir='ltr'><strong>Samuel,</strong></span> <span class='ocrx_word' id='word_1_372' title='bbox 1831 2934 1886 2981; x_wconf 92' lang='lat' dir='ltr'><strong>et</strong></span> 
     </span>
    </p>
   </div>
   <div class='ocr_carea' id='block_1_46' title="bbox 317 3012 1883 3087">
    <p class='ocr_par' dir='ltr' id='par_1_46' title="bbox 317 3012 1883 3087">
     <span class='ocr_line' id='line_1_46' title="bbox 317 3012 1883 3087; baseline 0.004 -23"><span class='ocrx_word' id='word_1_373' title='bbox 317 3012 482 3068; x_wconf 87' lang='lat' dir='ltr'><strong>David</strong></span> <span class='ocrx_word' id='word_1_374' title='bbox 507 3031 519 3067; x_wconf 87' lang='lat'><strong>:</strong></span> <span class='ocrx_word' id='word_1_375' title='bbox 541 3014 795 3071; x_wconf 89' lang='lat' dir='ltr'><strong>Salomon</strong></span> <span class='ocrx_word' id='word_1_376' title='bbox 820 3031 1029 3087; x_wconf 90' lang='lat' dir='ltr'><strong>quoque</strong></span> <span class='ocrx_word' id='word_1_377' title='bbox 1050 3026 1235 3072; x_wconf 91' lang='lat' dir='ltr'><strong>unctus</strong></span> <span class='ocrx_word' id='word_1_378' title='bbox 1266 3028 1346 3073; x_wconf 91' lang='lat' dir='ltr'><strong>est</strong></span> <span class='ocrx_word' id='word_1_379' title='bbox 1376 3018 1429 3073; x_wconf 93' lang='lat' dir='ltr'><strong>in</strong></span> <span class='ocrx_word' id='word_1_380' title='bbox 1460 3017 1657 3073; x_wconf 86' lang='lat' dir='ltr'><strong>Gihon.</strong></span> <span class='ocrx_word' id='word_1_381' title='bbox 1690 3017 1883 3071; x_wconf 83' lang='lat' dir='ltr'><strong>Sacer-</strong></span> 
     </span>
    </p>
   </div>
   <div class='ocr_carea' id='block_1_47' title="bbox 310 3105 1878 3184">
    <p class='ocr_par' dir='ltr' id='par_1_47' title="bbox 310 3105 1878 3184">
     <span class='ocr_line' id='line_1_47' title="bbox 310 3105 1878 3184; baseline 0.004 -24"><span class='ocrx_word' id='word_1_382' title='bbox 310 3105 463 3163; x_wconf 89' lang='lat' dir='ltr'><strong>dotes</strong></span> <span class='ocrx_word' id='word_1_383' title='bbox 510 3111 860 3180; x_wconf 87' lang='lat' dir='ltr'><strong>ungebantur,</strong></span> <span class='ocrx_word' id='word_1_384' title='bbox 896 3112 1033 3166; x_wconf 91' lang='lat' dir='ltr'><strong>sicut</strong></span> <span class='ocrx_word' id='word_1_385' title='bbox 1071 3123 1264 3168; x_wconf 91' lang='lat' dir='ltr'><strong>unctus</strong></span> <span class='ocrx_word' id='word_1_386' title='bbox 1293 3121 1377 3169; x_wconf 91' lang='lat' dir='ltr'><strong>est</strong></span> <span class='ocrx_word' id='word_1_387' title='bbox 1407 3114 1582 3169; x_wconf 83' lang='lat' dir='ltr'><strong>Aaron</strong></span> <span class='ocrx_word' id='word_1_388' title='bbox 1616 3129 1643 3167; x_wconf 92' lang='lat' dir='ltr'><strong>a</strong></span> <span class='ocrx_word' id='word_1_389' title='bbox 1678 3114 1878 3184; x_wconf 85' lang='lat' dir='ltr'><strong>Moyse,</strong></span> 
     </span>
    </p>
   </div>
   <div class='ocr_carea' id='block_1_48' title="bbox 1995 1899 3565 1971">
    <p class='ocr_par' dir='ltr' id='par_1_48' title="bbox 1995 1899 3565 1971">
     <span class='ocr_line' id='line_1_48' title="bbox 1995 1899 3565 1971; baseline 0.002 -19"><span class='ocrx_word' id='word_1_390' title='bbox 1995 1899 2185 1954; x_wconf 72' lang='lat' dir='ltr'><strong>divinm</strong></span> <span class='ocrx_word' id='word_1_391' title='bbox 2206 1900 2494 1971; x_wconf 77' lang='lat' dir='ltr'><strong>Scripturte</strong></span> <span class='ocrx_word' id='word_1_392' title='bbox 2521 1920 2531 1953; x_wconf 92' lang='lat'>:</span> <span class='ocrx_word' id='word_1_393' title='bbox 2558 1916 2663 1955; x_wconf 88' lang='lat' dir='ltr'><strong>non</strong></span> <span class='ocrx_word' id='word_1_394' title='bbox 2683 1902 2822 1957; x_wconf 91' lang='lat' dir='ltr'><strong>enim</strong></span> <span class='ocrx_word' id='word_1_395' title='bbox 2847 1902 2912 1957; x_wconf 94' lang='lat' dir='ltr'><strong>de</strong></span> <span class='ocrx_word' id='word_1_396' title='bbox 2936 1903 3268 1958; x_wconf 90' lang='lat' dir='ltr'><strong>firmamento</strong></span> <span class='ocrx_word' id='word_1_397' title='bbox 3294 1900 3392 1957; x_wconf 84' lang='lat' dir='ltr'><strong>hoc</strong></span> <span class='ocrx_word' id='word_1_398' title='bbox 3410 1900 3565 1961; x_wconf 85' lang='lat' dir='ltr'><strong>intel-</strong></span> 
     </span>
    </p>
   </div>
   <div class='ocr_carea' id='block_1_49' title="bbox 1992 1992 3568 2064">
    <p class='ocr_par' dir='ltr' id='par_1_49' title="bbox 1992 1992 3568 2064">
     <span class='ocr_line' id='line_1_49' title="bbox 1992 1992 3568 2064; baseline 0.001 -20"><span class='ocrx_word' id='word_1_399' title='bbox 1992 1992 2258 2060; x_wconf 84' lang='lat' dir='ltr'><strong>ligendum</strong></span> <span class='ocrx_word' id='word_1_400' title='bbox 2281 2000 2382 2059; x_wconf 88' lang='lat' dir='ltr'><strong>est,</strong></span> <span class='ocrx_word' id='word_1_401' title='bbox 2409 1994 2499 2047; x_wconf 90' lang='lat' dir='ltr'><strong>ubi</strong></span> <span class='ocrx_word' id='word_1_402' title='bbox 2522 1993 2697 2048; x_wconf 84' lang='lat' dir='ltr'><strong>sidera</strong></span> <span class='ocrx_word' id='word_1_403' title='bbox 2728 1995 3067 2048; x_wconf 88' lang='lat' dir='ltr'><strong>continentur</strong></span> <span class='ocrx_word' id='word_1_404' title='bbox 3101 2011 3112 2044; x_wconf 91' lang='lat'><strong>:</strong></span> <span class='ocrx_word' id='word_1_405' title='bbox 3146 2008 3321 2064; x_wconf 89' lang='lat' dir='ltr'><strong>neque</strong></span> <span class='ocrx_word' id='word_1_406' title='bbox 3342 1993 3408 2051; x_wconf 90' lang='lat' dir='ltr'><strong>de</strong></span> <span class='ocrx_word' id='word_1_407' title='bbox 3429 1992 3568 2057; x_wconf 67' lang='lat' dir='ltr'><strong>cinia</strong></span> 
     </span>
    </p>
   </div>
   <div class='ocr_carea' id='block_1_50' title="bbox 1991 2083 3565 2155">
    <p class='ocr_par' dir='ltr' id='par_1_50' title="bbox 1991 2083 3565 2155">
     <span class='ocr_line' id='line_1_50' title="bbox 1991 2083 3565 2155; baseline 0.001 -18"><span class='ocrx_word' id='word_1_408' title='bbox 1991 2083 2244 2146; x_wconf 74' lang='lat' dir='ltr'><strong>tctliereo,</strong></span> <span class='ocrx_word' id='word_1_409' title='bbox 2272 2084 2365 2153; x_wconf 88' lang='lat' dir='ltr'><strong>p&#39;er</strong></span> <span class='ocrx_word' id='word_1_410' title='bbox 2386 2084 2525 2155; x_wconf 89' lang='lat' dir='ltr'><strong>quod</strong></span> <span class='ocrx_word' id='word_1_411' title='bbox 2548 2098 2736 2139; x_wconf 91' lang='lat' dir='ltr'><strong>cursus</strong></span> <span class='ocrx_word' id='word_1_412' title='bbox 2748 2094 2951 2153; x_wconf 88' lang='lat' dir='ltr'><strong>septem</strong></span> <span class='ocrx_word' id='word_1_413' title='bbox 2977 2085 3305 2153; x_wconf 87' lang='lat' dir='ltr'><strong>planetarum</strong></span> <span class='ocrx_word' id='word_1_414' title='bbox 3319 2094 3565 2153; x_wconf 72' lang='lat' dir='ltr'><strong>aguntur;</strong></span> 
     </span>
    </p>
   </div>
   <div class='ocr_carea' id='block_1_51' title="bbox 1991 2171 3563 2244">
    <p class='ocr_par' dir='ltr' id='par_1_51' title="bbox 1991 2171 3563 2244">
     <span class='ocr_line' id='line_1_51' title="bbox 1991 2171 3563 2244; baseline 0.003 -17"><span class='ocrx_word' id='word_1_415' title='bbox 1991 2171 2085 2227; x_wconf 88' lang='lat' dir='ltr'><strong>sed</strong></span> <span class='ocrx_word' id='word_1_416' title='bbox 2114 2171 2183 2227; x_wconf 89' lang='lat' dir='ltr'><strong>de</strong></span> <span class='ocrx_word' id='word_1_417' title='bbox 2214 2172 2315 2227; x_wconf 91' lang='lat' dir='ltr'><strong>isto</strong></span> <span class='ocrx_word' id='word_1_418' title='bbox 2353 2173 2491 2227; x_wconf 89' lang='lat' dir='ltr'><strong>coelo</strong></span> <span class='ocrx_word' id='word_1_419' title='bbox 2520 2188 2679 2230; x_wconf 87' lang='lat' dir='ltr'><strong>aereo</strong></span> <span class='ocrx_word' id='word_1_420' title='bbox 2710 2189 2738 2228; x_wconf 92' lang='lat' dir='ltr'><strong>a</strong></span> <span class='ocrx_word' id='word_1_421' title='bbox 2768 2189 2872 2244; x_wconf 92' lang='lat' dir='ltr'><strong>quo</strong></span> <span class='ocrx_word' id='word_1_422' title='bbox 2900 2183 2952 2229; x_wconf 92' lang='lat' dir='ltr'><strong>et</strong></span> <span class='ocrx_word' id='word_1_423' title='bbox 2991 2188 3118 2228; x_wconf 88' lang='lat' dir='ltr'><strong>aves</strong></span> <span class='ocrx_word' id='word_1_424' title='bbox 3147 2173 3267 2231; x_wconf 85' lang='lat' dir='ltr'><strong>coeli</strong></span> <span class='ocrx_word' id='word_1_425' title='bbox 3292 2174 3563 2243; x_wconf 84' lang='lat' dir='ltr'><strong>dicuntur,</strong></span> 
     </span>
    </p>
   </div>
   <div class='ocr_carea' id='block_1_52' title="bbox 1992 2260 3567 2334">
    <p class='ocr_par' dir='ltr' id='par_1_52' title="bbox 1992 2260 3567 2334">
     <span class='ocr_line' id='line_1_52' title="bbox 1992 2260 3567 2334; baseline 0.001 -19"><span class='ocrx_word' id='word_1_426' title='bbox 1992 2261 2170 2330; x_wconf 92' lang='lat' dir='ltr'><strong>potius</strong></span> <span class='ocrx_word' id='word_1_427' title='bbox 2226 2261 2596 2329; x_wconf 89' lang='lat' dir='ltr'><strong>accipiendum</strong></span> <span class='ocrx_word' id='word_1_428' title='bbox 2628 2271 2732 2319; x_wconf 92' lang='lat' dir='ltr'><strong>est.</strong></span> <span class='ocrx_word' id='word_1_429' title='bbox 2767 2263 2822 2316; x_wconf 90' lang='lat' dir='ltr'><strong>ln</strong></span> <span class='ocrx_word' id='word_1_430' title='bbox 2853 2262 2938 2316; x_wconf 92' lang='lat' dir='ltr'><strong>die</strong></span> <span class='ocrx_word' id='word_1_431' title='bbox 2975 2276 3101 2332; x_wconf 90' lang='lat' dir='ltr'><strong>ergo</strong></span> <span class='ocrx_word' id='word_1_432' title='bbox 3125 2261 3337 2334; x_wconf 87' lang='lat' dir='ltr'><strong>judicii,</strong></span> <span class='ocrx_word' id='word_1_433' title='bbox 3371 2260 3567 2331; x_wconf 80' lang='lat' dir='ltr'><strong>peribit</strong></span> 
     </span>
    </p>
   </div>
   <div class='ocr_carea' id='block_1_53' title="bbox 1990 2350 3572 2421">
    <p class='ocr_par' dir='ltr' id='par_1_53' title="bbox 1990 2350 3572 2421">
     <span class='ocr_line' id='line_1_53' title="bbox 1990 2350 3572 2421; baseline 0 -15"><span class='ocrx_word' id='word_1_434' title='bbox 1990 2351 2131 2406; x_wconf 87' lang='lat' dir='ltr'><strong>istud</strong></span> <span class='ocrx_word' id='word_1_435' title='bbox 2155 2352 2349 2407; x_wconf 74' lang='lat' dir='ltr'><strong>cmlum</strong></span> <span class='ocrx_word' id='word_1_436' title='bbox 2379 2367 2593 2407; x_wconf 91' lang='lat' dir='ltr'><strong>aereum</strong></span> <span class='ocrx_word' id='word_1_437' title='bbox 2627 2354 2769 2408; x_wconf 90' lang='lat' dir='ltr'><strong>unde</strong></span> <span class='ocrx_word' id='word_1_438' title='bbox 2809 2351 3104 2407; x_wconf 89' lang='lat' dir='ltr'><strong>anhelitum</strong></span> <span class='ocrx_word' id='word_1_439' title='bbox 3134 2350 3484 2421; x_wconf 89' lang='lat' dir='ltr'><strong>attrahimus,</strong></span> <span class='ocrx_word' id='word_1_440' title='bbox 3513 2361 3572 2407; x_wconf 84' lang='lat' dir='ltr'><strong>et</strong></span> 
     </span>
    </p>
   </div>
   <div class='ocr_carea' id='block_1_54' title="bbox 1989 2442 3566 2512">
    <p class='ocr_par' dir='ltr' id='par_1_54' title="bbox 1989 2442 3566 2512">
     <span class='ocr_line' id='line_1_54' title="bbox 1989 2442 3566 2512; baseline 0.001 -15"><span class='ocrx_word' id='word_1_441' title='bbox 1989 2443 2313 2498; x_wconf 90' lang='lat' dir='ltr'><strong>remittimus</strong></span> <span class='ocrx_word' id='word_1_442' title='bbox 2343 2460 2355 2497; x_wconf 87' lang='lat'><strong>:</strong></span> <span class='ocrx_word' id='word_1_443' title='bbox 2383 2458 2487 2497; x_wconf 93' lang='lat' dir='ltr'><strong>non</strong></span> <span class='ocrx_word' id='word_1_444' title='bbox 2514 2451 2568 2497; x_wconf 92' lang='lat' dir='ltr'><strong>ut</strong></span> <span class='ocrx_word' id='word_1_445' title='bbox 2592 2442 2800 2512; x_wconf 91' lang='lat' dir='ltr'><strong>penitus</strong></span> <span class='ocrx_word' id='word_1_446' title='bbox 2822 2442 3032 2497; x_wconf 89' lang='lat' dir='ltr'><strong>desinat</strong></span> <span class='ocrx_word' id='word_1_447' title='bbox 3052 2456 3171 2497; x_wconf 90' lang='lat' dir='ltr'><strong>esse</strong></span> <span class='ocrx_word' id='word_1_448' title='bbox 3190 2458 3219 2496; x_wconf 89' lang='lat' dir='ltr'><strong>a</strong></span> <span class='ocrx_word' id='word_1_449' title='bbox 3241 2456 3333 2497; x_wconf 91' lang='lat' dir='ltr'><strong>sua</strong></span> <span class='ocrx_word' id='word_1_450' title='bbox 3355 2450 3566 2509; x_wconf 82' lang='lat' dir='ltr'><strong>natura,</strong></span> 
     </span>
    </p>
   </div>
   <div class='ocr_carea' id='block_1_55' title="bbox 1991 2533 3569 2605">
    <p class='ocr_par' dir='ltr' id='par_1_55' title="bbox 1991 2533 3569 2605">
     <span class='ocr_line' id='line_1_55' title="bbox 1991 2533 3569 2605; baseline 0 -16"><span class='ocrx_word' id='word_1_451' title='bbox 1991 2535 2083 2589; x_wconf 90' lang='lat' dir='ltr'><strong>sed</strong></span> <span class='ocrx_word' id='word_1_452' title='bbox 2113 2535 2401 2589; x_wconf 85' lang='lat' dir='ltr'><strong>mutabitur</strong></span> <span class='ocrx_word' id='word_1_453' title='bbox 2432 2534 2499 2588; x_wconf 91' lang='lat' dir='ltr'><strong>ab</strong></span> <span class='ocrx_word' id='word_1_454' title='bbox 2530 2536 2629 2591; x_wconf 89' lang='lat' dir='ltr'><strong>hac</strong></span> <span class='ocrx_word' id='word_1_455' title='bbox 2658 2536 2837 2605; x_wconf 90' lang='lat' dir='ltr'><strong>specie</strong></span> <span class='ocrx_word' id='word_1_456' title='bbox 2864 2534 2917 2588; x_wconf 93' lang='lat' dir='ltr'><strong>in</strong></span> <span class='ocrx_word' id='word_1_457' title='bbox 2946 2535 3262 2603; x_wconf 88' lang='lat' dir='ltr'><strong>meliorem,</strong></span> <span class='ocrx_word' id='word_1_458' title='bbox 3285 2533 3430 2591; x_wconf 89' lang='lat' dir='ltr'><strong>etab</strong></span> <span class='ocrx_word' id='word_1_459' title='bbox 3468 2535 3569 2590; x_wconf 87' lang='lat' dir='ltr'><strong>hac</strong></span> 
     </span>
    </p>
   </div>
   <div class='ocr_carea' id='block_1_56' title="bbox 1990 2625 3565 2683">
    <p class='ocr_par' dir='ltr' id='par_1_56' title="bbox 1990 2625 3565 2683">
     <span class='ocr_line' id='line_1_56' title="bbox 1990 2625 3565 2683; baseline 0 0"><span class='ocrx_word' id='word_1_460' title='bbox 1990 2626 2254 2683; x_wconf 89' lang='lat' dir='ltr'><strong>densitate</strong></span> <span class='ocrx_word' id='word_1_461' title='bbox 2285 2628 2337 2681; x_wconf 92' lang='lat' dir='ltr'><strong>in</strong></span> <span class='ocrx_word' id='word_1_462' title='bbox 2369 2626 2714 2682; x_wconf 89' lang='lat' dir='ltr'><strong>subtilitatem</strong></span> <span class='ocrx_word' id='word_1_463' title='bbox 2738 2635 2793 2681; x_wconf 91' lang='lat' dir='ltr'><strong>et</strong></span> <span class='ocrx_word' id='word_1_464' title='bbox 2816 2626 3113 2681; x_wconf 87' lang='lat' dir='ltr'><strong>claritatem</strong></span> <span class='ocrx_word' id='word_1_465' title='bbox 3136 2625 3350 2683; x_wconf 68' lang='lat' dir='ltr'><strong>aetheris</strong></span> <span class='ocrx_word' id='word_1_466' title='bbox 3380 2643 3393 2679; x_wconf 89' lang='lat'><strong>:</strong></span> <span class='ocrx_word' id='word_1_467' title='bbox 3423 2626 3565 2683; x_wconf 76' lang='lat' dir='ltr'><strong>unde</strong></span> 
     </span>
    </p>
   </div>
   <div class='ocr_carea' id='block_1_57' title="bbox 1989 2717 3568 2790">
    <p class='ocr_par' dir='ltr' id='par_1_57' title="bbox 1989 2717 3568 2790">
     <span class='ocr_line' id='line_1_57' title="bbox 1989 2717 3568 2790; baseline -0.001 -15"><span class='ocrx_word' id='word_1_468' title='bbox 1989 2718 2279 2790; x_wconf 86' lang='lat' dir='ltr'><strong>Apostolus</strong></span> <span class='ocrx_word' id='word_1_469' title='bbox 2304 2719 2409 2773; x_wconf 90' lang='lat' dir='ltr'><strong>alio</strong></span> <span class='ocrx_word' id='word_1_470' title='bbox 2440 2718 2492 2771; x_wconf 91' lang='lat' dir='ltr'><strong>in</strong></span> <span class='ocrx_word' id='word_1_471' title='bbox 2524 2717 2642 2772; x_wconf 88' lang='lat' dir='ltr'><strong>loco</strong></span> <span class='ocrx_word' id='word_1_472' title='bbox 2673 2717 2809 2772; x_wconf 86' lang='lat' dir='ltr'><strong>dixit</strong></span> <span class='ocrx_word' id='word_1_473' title='bbox 2860 2734 2873 2769; x_wconf 90' lang='lat'>:</span> <span class='ocrx_word' id='word_1_474' title='bbox 2918 2718 3160 2773; x_wconf 79' lang='lat' dir='ltr'><strong>Praeterit</strong></span> <span class='ocrx_word' id='word_1_475' title='bbox 3201 2717 3364 2790; x_wconf 82' lang='lat' dir='ltr'><strong>figura</strong></span> <span class='ocrx_word' id='word_1_476' title='bbox 3409 2717 3568 2789; x_wconf 84' lang='lat' dir='ltr'><strong>hujus</strong></span> 
     </span>
    </p>
   </div>
   <div class='ocr_carea' id='block_1_58' title="bbox 1990 2808 3567 2878">
    <p class='ocr_par' dir='ltr' id='par_1_58' title="bbox 1990 2808 3567 2878">
     <span class='ocr_line' id='line_1_58' title="bbox 1990 2808 3567 2878; baseline -0.001 -13"><span class='ocrx_word' id='word_1_477' title='bbox 1990 2810 2195 2866; x_wconf 91' lang='lat' dir='ltr'><strong>mundi.</strong></span> <span class='ocrx_word' id='word_1_478' title='bbox 2229 2809 2286 2864; x_wconf 92' lang='lat' dir='ltr'><strong>Si</strong></span> <span class='ocrx_word' id='word_1_479' title='bbox 2318 2809 2480 2877; x_wconf 83' lang='lat' dir='ltr'><strong>figura</strong></span> <span class='ocrx_word' id='word_1_480' title='bbox 2507 2808 2762 2878; x_wconf 84' lang='lat' dir='ltr'><strong>praeterit,</strong></span> <span class='ocrx_word' id='word_1_481' title='bbox 2804 2808 3100 2864; x_wconf 86' lang='lat' dir='ltr'><strong>substantia</strong></span> <span class='ocrx_word' id='word_1_482' title='bbox 3133 2808 3365 2865; x_wconf 87' lang='lat' dir='ltr'><strong>manebit</strong></span> <span class='ocrx_word' id='word_1_483' title='bbox 3399 2825 3412 2863; x_wconf 87' lang='lat' dir='ltr'><strong>z</strong></span> <span class='ocrx_word' id='word_1_484' title='bbox 3442 2822 3567 2864; x_wconf 89' lang='lat' dir='ltr'><strong>nam</strong></span> 
     </span>
    </p>
   </div>
   <div class='ocr_carea' id='block_1_59' title="bbox 1988 2901 3566 2974">
    <p class='ocr_par' dir='ltr' id='par_1_59' title="bbox 1988 2901 3566 2974">
     <span class='ocr_line' id='line_1_59' title="bbox 1988 2901 3566 2974; baseline 0 -17"><span class='ocrx_word' id='word_1_485' title='bbox 1988 2911 2243 2974; x_wconf 89' lang='lat' dir='ltr'><strong>quantum</strong></span> <span class='ocrx_word' id='word_1_486' title='bbox 2276 2902 2506 2972; x_wconf 88' lang='lat' dir='ltr'><strong>spatium</strong></span> <span class='ocrx_word' id='word_1_487' title='bbox 2539 2901 2818 2972; x_wconf 83' lang='lat' dir='ltr'><strong>occupavit</strong></span> <span class='ocrx_word' id='word_1_488' title='bbox 2844 2918 2975 2972; x_wconf 85' lang='lat' dir='ltr'><strong>aqua</strong></span> <span class='ocrx_word' id='word_1_489' title='bbox 3000 2909 3240 2974; x_wconf 89' lang='lat' dir='ltr'><strong>tempore</strong></span> <span class='ocrx_word' id='word_1_490' title='bbox 3260 2902 3465 2972; x_wconf 87' lang='lat' dir='ltr'><strong>diluvii,</strong></span> <span class='ocrx_word' id='word_1_491' title='bbox 3494 2903 3566 2957; x_wconf 92' lang='lat' dir='ltr'><strong>ita</strong></span> 
     </span>
    </p>
   </div>
   <div class='ocr_carea' id='block_1_60' title="bbox 1988 2995 3565 3068">
    <p class='ocr_par' dir='ltr' id='par_1_60' title="bbox 1988 2995 3565 3068">
     <span class='ocr_line' id='line_1_60' title="bbox 1988 2995 3565 3068; baseline -0.003 -15"><span class='ocrx_word' id='word_1_492' title='bbox 1988 3007 2044 3054; x_wconf 91' lang='lat' dir='ltr'><strong>ut</strong></span> <span class='ocrx_word' id='word_1_493' title='bbox 2065 3000 2221 3053; x_wconf 87' lang='lat' dir='ltr'><strong>altior</strong></span> <span class='ocrx_word' id='word_1_494' title='bbox 2243 3009 2389 3054; x_wconf 88' lang='lat' dir='ltr'><strong>esset</strong></span> <span class='ocrx_word' id='word_1_495' title='bbox 2414 2996 2717 3067; x_wconf 88' lang='lat' dir='ltr'><strong>quindecim</strong></span> <span class='ocrx_word' id='word_1_496' title='bbox 2741 2995 2937 3051; x_wconf 86' lang='lat' dir='ltr'><strong>cubitis</strong></span> <span class='ocrx_word' id='word_1_497' title='bbox 2958 3012 3118 3068; x_wconf 89' lang='lat' dir='ltr'><strong>super</strong></span> <span class='ocrx_word' id='word_1_498' title='bbox 3139 3010 3325 3054; x_wconf 91' lang='lat' dir='ltr'><strong>omnes</strong></span> <span class='ocrx_word' id='word_1_499' title='bbox 3355 3004 3565 3055; x_wconf 87' lang='lat' dir='ltr'><strong>montes</strong></span> 
     </span>
    </p>
   </div>
   <div class='ocr_carea' id='block_1_61' title="bbox 1986 3088 3565 3159">
    <p class='ocr_par' dir='ltr' id='par_1_61' title="bbox 1986 3088 3565 3159">
     <span class='ocr_line' id='line_1_61' title="bbox 1986 3088 3565 3159; baseline -0.003 -14"><span class='ocrx_word' id='word_1_500' title='bbox 1986 3091 2085 3145; x_wconf 88' lang='lat' dir='ltr'><strong>sub</strong></span> <span class='ocrx_word' id='word_1_501' title='bbox 2114 3090 2257 3145; x_wconf 90' lang='lat' dir='ltr'><strong>omni</strong></span> <span class='ocrx_word' id='word_1_502' title='bbox 2282 3090 2508 3155; x_wconf 84' lang='lat' dir='ltr'><strong>coelo,et</strong></span> <span class='ocrx_word' id='word_1_503' title='bbox 2528 3097 2585 3143; x_wconf 92' lang='lat' dir='ltr'><strong>ut</strong></span> <span class='ocrx_word' id='word_1_504' title='bbox 2605 3089 2817 3159; x_wconf 87' lang='lat' dir='ltr'><strong>quidam</strong></span> <span class='ocrx_word' id='word_1_505' title='bbox 2844 3088 3369 3159; x_wconf 87' lang='lat' dir='ltr'><strong>dicunt,pertingens</strong></span> <span class='ocrx_word' id='word_1_506' title='bbox 3397 3100 3565 3157; x_wconf 84' lang='lat' dir='ltr'><strong>usque</strong></span> 
     </span>
    </p>
   </div>
   <div class='ocr_carea' id='block_1_62' title="bbox 315 3177 1901 3275">
    <p class='ocr_par' dir='ltr' id='par_1_62' title="bbox 315 3200 1881 3275">
     <span class='ocr_line' id='line_1_62' title="bbox 315 3200 1881 3275; baseline 0.001 -20"><span class='ocrx_word' id='word_1_507' title='bbox 315 3200 526 3257; x_wconf 87' lang='lat' dir='ltr'><strong>dicente</strong></span> <span class='ocrx_word' id='word_1_508' title='bbox 558 3203 657 3257; x_wconf 90' lang='lat' dir='ltr'><strong>sibi</strong></span> <span class='ocrx_word' id='word_1_509' title='bbox 691 3203 947 3270; x_wconf 90' lang='lat' dir='ltr'><strong>Domino;</strong></span> <span class='ocrx_word' id='word_1_510' title='bbox 980 3205 1155 3275; x_wconf 88' lang='lat' dir='ltr'><strong>Unges</strong></span> <span class='ocrx_word' id='word_1_511' title='bbox 1178 3206 1352 3260; x_wconf 88' lang='lat' dir='ltr'><strong>Aaron</strong></span> <span class='ocrx_word' id='word_1_512' title='bbox 1377 3217 1431 3260; x_wconf 91' lang='lat' dir='ltr'><strong>et</strong></span> <span class='ocrx_word' id='word_1_513' title='bbox 1456 3205 1591 3261; x_wconf 89' lang='lat' dir='ltr'><strong>filios</strong></span> <span class='ocrx_word' id='word_1_514' title='bbox 1615 3204 1731 3275; x_wconf 85' lang='lat' dir='ltr'><strong>ejus</strong></span> <span class='ocrx_word' id='word_1_515' title='bbox 1753 3203 1881 3258; x_wconf 89' lang='lat' dir='ltr'><strong>mihi</strong></span> 
     </span>
    </p>
   </div>
   <div class='ocr_carea' id='block_1_63' title="bbox 1990 3177 3562 3275">
    <p class='ocr_par' dir='ltr' id='par_1_63' title="bbox 1990 3177 3562 3249">
     <span class='ocr_line' id='line_1_63' title="bbox 1990 3177 3562 3249; baseline -0.001 -13"><span class='ocrx_word' id='word_1_516' title='bbox 1990 3183 2050 3237; x_wconf 87' lang='lat' dir='ltr'><strong>ad</strong></span> <span class='ocrx_word' id='word_1_517' title='bbox 2092 3181 2350 3236; x_wconf 87' lang='lat' dir='ltr'><strong>circulum</strong></span> <span class='ocrx_word' id='word_1_518' title='bbox 2384 3180 2521 3233; x_wconf 85' lang='lat' dir='ltr'><strong>lunae</strong></span> <span class='ocrx_word' id='word_1_519' title='bbox 2556 3197 2568 3232; x_wconf 93' lang='lat'><strong><em>:</em></strong></span> <span class='ocrx_word' id='word_1_520' title='bbox 2599 3187 2803 3233; x_wconf 90' lang='lat' dir='ltr'><strong>tantum</strong></span> <span class='ocrx_word' id='word_1_521' title='bbox 2832 3179 3059 3248; x_wconf 87' lang='lat' dir='ltr'><strong>spatium</strong></span> <span class='ocrx_word' id='word_1_522' title='bbox 3088 3178 3290 3235; x_wconf 87' lang='lat' dir='ltr'><strong>tenebit</strong></span> <span class='ocrx_word' id='word_1_523' title='bbox 3327 3177 3465 3249; x_wconf 75' lang='lat' dir='ltr'><strong>ignis</strong></span> <span class='ocrx_word' id='word_1_524' title='bbox 3504 3177 3562 3234; x_wconf 82' lang='lat' dir='ltr'><strong>in</strong></span> 
     </span>
    </p>
   </div>
   <div class='ocr_carea' id='block_1_64' title="bbox 314 3290 1884 3365">
    <p class='ocr_par' dir='ltr' id='par_1_64' title="bbox 314 3290 1884 3365">
     <span class='ocr_line' id='line_1_64' title="bbox 314 3290 1884 3365; baseline 0.004 -21"><span class='ocrx_word' id='word_1_525' title='bbox 314 3290 369 3345; x_wconf 92' lang='lat' dir='ltr'><strong>in</strong></span> <span class='ocrx_word' id='word_1_526' title='bbox 396 3292 702 3349; x_wconf 89' lang='lat' dir='ltr'><strong>sacerdotes</strong></span> <span class='ocrx_word' id='word_1_527' title='bbox 724 3294 844 3364; x_wconf 90' lang='lat' dir='ltr'><strong>jure</strong></span> <span class='ocrx_word' id='word_1_528' title='bbox 888 3304 1163 3365; x_wconf 91' lang='lat' dir='ltr'><strong>perpetuo.</strong></span> <span class='ocrx_word' id='word_1_529' title='bbox 1208 3296 1489 3365; x_wconf 75' lang='lat' dir='ltr'><strong>PrOpheta:</strong></span> <span class='ocrx_word' id='word_1_530' title='bbox 1539 3296 1884 3351; x_wconf 86' lang='lat' dir='ltr'><strong>nihilominus</strong></span> 
     </span>
    </p>
   </div>
   <div class='ocr_carea' id='block_1_65' title="bbox 210 3382 1885 3461">
    <p class='ocr_par' dir='ltr' id='par_1_65' title="bbox 210 3382 1885 3461">
     <span class='ocr_line' id='line_1_65' title="bbox 210 3382 1885 3461; baseline 0.005 -27"><span class='ocrx_word' id='word_1_531' title='bbox 210 3456 211 3459; x_wconf 13' lang='grc' dir='ltr'><strong>η</strong></span> <span class='ocrx_word' id='word_1_532' title='bbox 310 3382 663 3451; x_wconf 77' lang='lat' dir='ltr'><strong>ungebnntur,</strong></span> <span class='ocrx_word' id='word_1_533' title='bbox 693 3385 827 3440; x_wconf 88' lang='lat' dir='ltr'><strong>sicut</strong></span> <span class='ocrx_word' id='word_1_534' title='bbox 850 3396 1038 3442; x_wconf 91' lang='lat' dir='ltr'><strong>unctus</strong></span> <span class='ocrx_word' id='word_1_535' title='bbox 1060 3396 1140 3442; x_wconf 91' lang='lat' dir='ltr'><strong>est</strong></span> <span class='ocrx_word' id='word_1_536' title='bbox 1164 3387 1369 3461; x_wconf 76' lang='lat' dir='ltr'><strong>Eliseus</strong></span> <span class='ocrx_word' id='word_1_537' title='bbox 1384 3389 1450 3444; x_wconf 90' lang='lat' dir='ltr'><strong>ab</strong></span> <span class='ocrx_word' id='word_1_538' title='bbox 1478 3388 1614 3456; x_wconf 86' lang='lat' dir='ltr'><strong>Elia,</strong></span> <span class='ocrx_word' id='word_1_539' title='bbox 1645 3388 1732 3443; x_wconf 90' lang='lat' dir='ltr'><strong>cui</strong></span> <span class='ocrx_word' id='word_1_540' title='bbox 1752 3388 1885 3443; x_wconf 87' lang='lat' dir='ltr'><strong>dixit</strong></span> 
     </span>
    </p>
   </div>
   <div class='ocr_carea' id='block_1_66' title="bbox 311 3475 1885 3554">
    <p class='ocr_par' dir='ltr' id='par_1_66' title="bbox 311 3475 1885 3554">
     <span class='ocr_line' id='line_1_66' title="bbox 311 3475 1885 3554; baseline 0.006 -24"><span class='ocrx_word' id='word_1_541' title='bbox 311 3475 565 3534; x_wconf 88' lang='lat' dir='ltr'><strong>Dominus</strong></span> <span class='ocrx_word' id='word_1_542' title='bbox 596 3496 609 3532; x_wconf 89' lang='lat'>:</span> <span class='ocrx_word' id='word_1_543' title='bbox 641 3479 821 3552; x_wconf 85' lang='lat' dir='ltr'><strong>Unges</strong></span> <span class='ocrx_word' id='word_1_544' title='bbox 837 3481 1072 3538; x_wconf 84' lang='lat' dir='ltr'><strong>Eliseum</strong></span> <span class='ocrx_word' id='word_1_545' title='bbox 1097 3482 1411 3554; x_wconf 85' lang='lat' dir='ltr'><strong>prophetam</strong></span> <span class='ocrx_word' id='word_1_546' title='bbox 1444 3498 1539 3554; x_wconf 91' lang='lat' dir='ltr'><strong>pro</strong></span> <span class='ocrx_word' id='word_1_547' title='bbox 1564 3494 1633 3539; x_wconf 90' lang='lat' dir='ltr'><strong>te.</strong></span> <span class='ocrx_word' id='word_1_548' title='bbox 1666 3482 1753 3538; x_wconf 88' lang='lat' dir='ltr'><strong>lsti</strong></span> <span class='ocrx_word' id='word_1_549' title='bbox 1778 3493 1885 3540; x_wconf 79' lang='lat' dir='ltr'><strong>tres</strong></span> 
     </span>
    </p>
   </div>
   <div class='ocr_carea' id='block_1_67' title="bbox 310 3571 1879 3647">
    <p class='ocr_par' dir='ltr' id='par_1_67' title="bbox 310 3571 1879 3647">
     <span class='ocr_line' id='line_1_67' title="bbox 310 3571 1879 3647; baseline 0.004 -22"><span class='ocrx_word' id='word_1_550' title='bbox 310 3571 526 3626; x_wconf 92' lang='lat' dir='ltr'><strong>ordines</strong></span> <span class='ocrx_word' id='word_1_551' title='bbox 556 3571 837 3630; x_wconf 88' lang='lat' dir='ltr'><strong>Dominum</strong></span> <span class='ocrx_word' id='word_1_552' title='bbox 862 3576 1290 3647; x_wconf 72' lang='lat' dir='ltr'><strong>prtefigurabant,</strong></span> <span class='ocrx_word' id='word_1_553' title='bbox 1324 3578 1411 3647; x_wconf 89' lang='lat' dir='ltr'><strong>qui</strong></span> <span class='ocrx_word' id='word_1_554' title='bbox 1443 3587 1526 3633; x_wconf 89' lang='lat' dir='ltr'><strong>est</strong></span> <span class='ocrx_word' id='word_1_555' title='bbox 1557 3592 1712 3632; x_wconf 69' lang='lat' dir='ltr'><strong>verus</strong></span> <span class='ocrx_word' id='word_1_556' title='bbox 1744 3577 1879 3640; x_wconf 80' lang='lat' dir='ltr'><strong>Rex,</strong></span> 
     </span>
    </p>
   </div>
   <div class='ocr_carea' id='block_1_68' title="bbox 309 3664 1884 3741">
    <p class='ocr_par' dir='ltr' id='par_1_68' title="bbox 309 3664 1884 3741">
     <span class='ocr_line' id='line_1_68' title="bbox 309 3664 1884 3741; baseline 0.003 -21"><span class='ocrx_word' id='word_1_557' title='bbox 309 3664 570 3722; x_wconf 90' lang='lat' dir='ltr'><strong>Sacerdos</strong></span> <span class='ocrx_word' id='word_1_558' title='bbox 588 3676 743 3738; x_wconf 89' lang='lat' dir='ltr'><strong>atque</strong></span> <span class='ocrx_word' id='word_1_559' title='bbox 766 3669 1049 3741; x_wconf 86' lang='lat' dir='ltr'><strong>Propheta.</strong></span> <span class='ocrx_word' id='word_1_560' title='bbox 1081 3669 1138 3725; x_wconf 89' lang='lat' dir='ltr'><strong>In</strong></span> <span class='ocrx_word' id='word_1_561' title='bbox 1168 3670 1315 3726; x_wconf 69' lang='lat' dir='ltr'><strong>Novo</strong></span> <span class='ocrx_word' id='word_1_562' title='bbox 1335 3679 1511 3726; x_wconf 82' lang='lat' dir='ltr'><strong>autem</strong></span> <span class='ocrx_word' id='word_1_563' title='bbox 1541 3670 1884 3726; x_wconf 90' lang='lat' dir='ltr'><strong>Testamento</strong></span> 
     </span>
    </p>
   </div>
   <div class='ocr_carea' id='block_1_69' title="bbox 310 3760 1880 3837">
    <p class='ocr_par' dir='ltr' id='par_1_69' title="bbox 310 3760 1880 3837">
     <span class='ocr_line' id='line_1_69' title="bbox 310 3760 1880 3837; baseline 0.002 -23"><span class='ocrx_word' id='word_1_564' title='bbox 310 3760 596 3829; x_wconf 86' lang='lat' dir='ltr'><strong>participes</strong></span> <span class='ocrx_word' id='word_1_565' title='bbox 620 3760 755 3814; x_wconf 89' lang='lat' dir='ltr'><strong>illius</strong></span> <span class='ocrx_word' id='word_1_566' title='bbox 785 3771 910 3818; x_wconf 93' lang='lat' dir='ltr'><strong>sunt</strong></span> <span class='ocrx_word' id='word_1_567' title='bbox 930 3763 1178 3831; x_wconf 78' lang='lat' dir='ltr'><strong>aposmli,</strong></span> <span class='ocrx_word' id='word_1_568' title='bbox 1204 3773 1490 3837; x_wconf 86' lang='lat' dir='ltr'><strong>martyres,</strong></span> <span class='ocrx_word' id='word_1_569' title='bbox 1522 3763 1880 3832; x_wconf 87' lang='lat' dir='ltr'><strong>eonfessores,</strong></span> 
     </span>
    </p>
   </div>
   <div class='ocr_carea' id='block_1_70' title="bbox 311 3853 1882 3927">
    <p class='ocr_par' dir='ltr' id='par_1_70' title="bbox 311 3853 1882 3927">
     <span class='ocr_line' id='line_1_70' title="bbox 311 3853 1882 3927; baseline 0.003 -22"><span class='ocrx_word' id='word_1_570' title='bbox 311 3865 603 3922; x_wconf 90' lang='lat' dir='ltr'><strong>omnesque</strong></span> <span class='ocrx_word' id='word_1_571' title='bbox 631 3853 719 3924; x_wconf 89' lang='lat' dir='ltr'><strong>qui</strong></span> <span class='ocrx_word' id='word_1_572' title='bbox 749 3855 914 3924; x_wconf 86' lang='lat' dir='ltr'><strong>gratia</strong></span> <span class='ocrx_word' id='word_1_573' title='bbox 935 3854 1453 3927; x_wconf 85' lang='lat' dir='ltr'><strong>baptismatisabluti</strong></span> <span class='ocrx_word' id='word_1_574' title='bbox 1477 3855 1677 3910; x_wconf 89' lang='lat' dir='ltr'><strong>donum</strong></span> <span class='ocrx_word' id='word_1_575' title='bbox 1710 3855 1882 3910; x_wconf 90' lang='lat' dir='ltr'><strong>sancti</strong></span> 
     </span>
    </p>
   </div>
   <div class='ocr_carea' id='block_1_71' title="bbox 312 3943 1885 4018">
    <p class='ocr_par' dir='ltr' id='par_1_71' title="bbox 312 3943 1885 4018">
     <span class='ocr_line' id='line_1_71' title="bbox 312 3943 1885 4018; baseline 0.002 -17"><span class='ocrx_word' id='word_1_576' title='bbox 312 3943 543 4014; x_wconf 88' lang='lat' dir='ltr'><strong>Spiritus</strong></span> <span class='ocrx_word' id='word_1_577' title='bbox 586 3957 1012 4018; x_wconf 90' lang='lat' dir='ltr'><strong>consequuntur;</strong></span> <span class='ocrx_word' id='word_1_578' title='bbox 1058 3957 1163 4004; x_wconf 86' lang='lat' dir='ltr'><strong>eta</strong></span> <span class='ocrx_word' id='word_1_579' title='bbox 1206 3948 1441 4016; x_wconf 88' lang='lat' dir='ltr'><strong>Christo,</strong></span> <span class='ocrx_word' id='word_1_580' title='bbox 1482 3949 1777 4005; x_wconf 87' lang='lat' dir='ltr'><strong>Christiani</strong></span> <span class='ocrx_word' id='word_1_581' title='bbox 1805 3949 1885 4004; x_wconf 87' lang='lat' dir='ltr'><strong>di-</strong></span> 
     </span>
    </p>
   </div>
   <div class='ocr_carea' id='block_1_72' title="bbox 310 4036 1884 4111">
    <p class='ocr_par' dir='ltr' id='par_1_72' title="bbox 310 4036 1884 4111">
     <span class='ocr_line' id='line_1_72' title="bbox 310 4036 1884 4111; baseline 0.001 -20"><span class='ocrx_word' id='word_1_582' title='bbox 310 4045 522 4092; x_wconf 88' lang='lat' dir='ltr'><strong>cuntur.</strong></span> <span class='ocrx_word' id='word_1_583' title='bbox 555 4036 799 4093; x_wconf 87' lang='lat' dir='ltr'><strong>Christus</strong></span> <span class='ocrx_word' id='word_1_584' title='bbox 826 4053 955 4111; x_wconf 84' lang='lat' dir='ltr'><strong>ergo</strong></span> <span class='ocrx_word' id='word_1_585' title='bbox 982 4053 1093 4110; x_wconf 69' lang='lat' dir='ltr'><strong>prae</strong></span> <span class='ocrx_word' id='word_1_586' title='bbox 1124 4040 1368 4095; x_wconf 90' lang='lat' dir='ltr'><strong>onmibus</strong></span> <span class='ocrx_word' id='word_1_587' title='bbox 1395 4040 1741 4110; x_wconf 88' lang='lat' dir='ltr'><strong>participibus</strong></span> <span class='ocrx_word' id='word_1_588' title='bbox 1773 4040 1884 4095; x_wconf 88' lang='lat' dir='ltr'><strong>suis</strong></span> 
     </span>
    </p>
   </div>
   <div class='ocr_carea' id='block_1_73' title="bbox 310 4128 1885 4200">
    <p class='ocr_par' dir='ltr' id='par_1_73' title="bbox 310 4128 1885 4200">
     <span class='ocr_line' id='line_1_73' title="bbox 310 4128 1885 4200; baseline 0.003 -19"><span class='ocrx_word' id='word_1_589' title='bbox 310 4139 503 4184; x_wconf 83' lang='lat' dir='ltr'><strong>unctus</strong></span> <span class='ocrx_word' id='word_1_590' title='bbox 549 4128 669 4185; x_wconf 91' lang='lat' dir='ltr'><strong>oleo</strong></span> <span class='ocrx_word' id='word_1_591' title='bbox 699 4128 899 4185; x_wconf 73' lang='lat' dir='ltr'><strong>lmtitia:</strong></span> <span class='ocrx_word' id='word_1_592' title='bbox 931 4147 943 4183; x_wconf 91' lang='lat'>:</span> <span class='ocrx_word' id='word_1_593' title='bbox 986 4130 1108 4200; x_wconf 91' lang='lat' dir='ltr'><strong>quia</strong></span> <span class='ocrx_word' id='word_1_594' title='bbox 1138 4145 1321 4185; x_wconf 90' lang='lat' dir='ltr'><strong>omnes</strong></span> <span class='ocrx_word' id='word_1_595' title='bbox 1352 4130 1417 4185; x_wconf 89' lang='lat' dir='ltr'><strong>ad</strong></span> <span class='ocrx_word' id='word_1_596' title='bbox 1457 4146 1763 4186; x_wconf 90' lang='lat' dir='ltr'><strong>mensuram</strong></span> <span class='ocrx_word' id='word_1_597' title='bbox 1796 4145 1885 4186; x_wconf 90' lang='lat' dir='ltr'><strong>ac-</strong></span> 
     </span>
    </p>
   </div>
   <div class='ocr_carea' id='block_1_74' title="bbox 308 4221 1883 4293">
    <p class='ocr_par' dir='ltr' id='par_1_74' title="bbox 308 4221 1883 4293">
     <span class='ocr_line' id='line_1_74' title="bbox 308 4221 1883 4293; baseline 0.003 -18"><span class='ocrx_word' id='word_1_598' title='bbox 308 4222 510 4292; x_wconf 91' lang='lat' dir='ltr'><strong>cipiunt</strong></span> <span class='ocrx_word' id='word_1_599' title='bbox 544 4221 800 4293; x_wconf 88' lang='lat' dir='ltr'><strong>Spiritum</strong></span> <span class='ocrx_word' id='word_1_600' title='bbox 837 4233 1112 4291; x_wconf 86' lang='lat' dir='ltr'><strong>sanctum;</strong></span> <span class='ocrx_word' id='word_1_601' title='bbox 1156 4223 1270 4293; x_wconf 92' lang='lat' dir='ltr'><strong>ipse</strong></span> <span class='ocrx_word' id='word_1_602' title='bbox 1313 4233 1491 4279; x_wconf 88' lang='lat' dir='ltr'><strong>autem</strong></span> <span class='ocrx_word' id='word_1_603' title='bbox 1540 4239 1644 4279; x_wconf 92' lang='lat' dir='ltr'><strong>non</strong></span> <span class='ocrx_word' id='word_1_604' title='bbox 1688 4225 1883 4293; x_wconf 89' lang='lat' dir='ltr'><strong>accipit</strong></span> 
     </span>
    </p>
   </div>
   <div class='ocr_carea' id='block_1_75' title="bbox 308 4314 1879 4386">
    <p class='ocr_par' dir='ltr' id='par_1_75' title="bbox 308 4314 1879 4386">
     <span class='ocr_line' id='line_1_75' title="bbox 308 4314 1879 4386; baseline -0.002 -18"><span class='ocrx_word' id='word_1_605' title='bbox 308 4314 374 4369; x_wconf 89' lang='lat' dir='ltr'><strong>ad</strong></span> <span class='ocrx_word' id='word_1_606' title='bbox 399 4331 729 4384; x_wconf 86' lang='lat' dir='ltr'><strong>mensuram,</strong></span> <span class='ocrx_word' id='word_1_607' title='bbox 748 4316 842 4371; x_wconf 92' lang='lat' dir='ltr'><strong>sed</strong></span> <span class='ocrx_word' id='word_1_608' title='bbox 862 4332 954 4385; x_wconf 89' lang='lat' dir='ltr'><strong>per</strong></span> <span class='ocrx_word' id='word_1_609' title='bbox 972 4317 1382 4386; x_wconf 89' lang='lat' dir='ltr'><strong>plenitudinem,</strong></span> <span class='ocrx_word' id='word_1_610' title='bbox 1403 4315 1692 4371; x_wconf 88' lang='lat' dir='ltr'><strong>secundum</strong></span> <span class='ocrx_word' id='word_1_611' title='bbox 1720 4314 1879 4369; x_wconf 91' lang='lat' dir='ltr'><strong>illud:</strong></span> 
     </span>
    </p>
   </div>
   <div class='ocr_carea' id='block_1_76' title="bbox 308 4406 1883 4473">
    <p class='ocr_par' dir='ltr' id='par_1_76' title="bbox 308 4406 1883 4473">
     <span class='ocr_line' id='line_1_76' title="bbox 308 4406 1883 4473; baseline -0.003 -12"><span class='ocrx_word' id='word_1_612' title='bbox 308 4406 426 4461; x_wconf 85' lang='lat' dir='ltr'><strong>Non</strong></span> <span class='ocrx_word' id='word_1_613' title='bbox 472 4408 613 4461; x_wconf 91' lang='lat' dir='ltr'><strong>enim</strong></span> <span class='ocrx_word' id='word_1_614' title='bbox 658 4406 725 4459; x_wconf 91' lang='lat' dir='ltr'><strong>ad</strong></span> <span class='ocrx_word' id='word_1_615' title='bbox 776 4421 1081 4462; x_wconf 82' lang='lat' dir='ltr'><strong>mensuram</strong></span> <span class='ocrx_word' id='word_1_616' title='bbox 1125 4406 1217 4459; x_wconf 89' lang='lat' dir='ltr'><strong>dat</strong></span> <span class='ocrx_word' id='word_1_617' title='bbox 1263 4407 1402 4459; x_wconf 92' lang='lat' dir='ltr'><strong>Deus</strong></span> <span class='ocrx_word' id='word_1_618' title='bbox 1449 4406 1606 4459; x_wconf 89' lang='lat' dir='ltr'><strong>Pater</strong></span> <span class='ocrx_word' id='word_1_619' title='bbox 1641 4406 1883 4473; x_wconf 80' lang='lat' dir='ltr'><strong>spiritum</strong></span> 
     </span>
    </p>
   </div>
   <div class='ocr_carea' id='block_1_77' title="bbox 310 4494 1887 4566">
    <p class='ocr_par' dir='ltr' id='par_1_77' title="bbox 310 4494 1887 4566">
     <span class='ocr_line' id='line_1_77' title="bbox 310 4494 1887 4566; baseline -0.002 -15"><span class='ocrx_word' id='word_1_620' title='bbox 310 4496 446 4551; x_wconf 87' lang='lat' dir='ltr'><strong>Filio</strong></span> <span class='ocrx_word' id='word_1_621' title='bbox 474 4511 599 4560; x_wconf 90' lang='lat' dir='ltr'><strong>suo;</strong></span> <span class='ocrx_word' id='word_1_622' title='bbox 632 4498 722 4551; x_wconf 84' lang='lat' dir='ltr'><strong>sel</strong></span> <span class='ocrx_word' id='word_1_623' title='bbox 763 4496 814 4549; x_wconf 92' lang='lat' dir='ltr'><strong>in</strong></span> <span class='ocrx_word' id='word_1_624' title='bbox 844 4496 960 4566; x_wconf 89' lang='lat' dir='ltr'><strong>ipso</strong></span> <span class='ocrx_word' id='word_1_625' title='bbox 990 4495 1193 4553; x_wconf 84' lang='lat' dir='ltr'><strong>habitat</strong></span> <span class='ocrx_word' id='word_1_626' title='bbox 1236 4495 1411 4549; x_wconf 92' lang='lat' dir='ltr'><strong>omnis</strong></span> <span class='ocrx_word' id='word_1_627' title='bbox 1452 4494 1726 4564; x_wconf 88' lang='lat' dir='ltr'><strong>plenitudo</strong></span> <span class='ocrx_word' id='word_1_628' title='bbox 1754 4494 1887 4548; x_wconf 91' lang='lat' dir='ltr'><strong>divi-</strong></span> 
     </span>
    </p>
   </div>
   <div class='ocr_carea' id='block_1_78' title="bbox 313 4583 1889 4658">
    <p class='ocr_par' dir='ltr' id='par_1_78' title="bbox 313 4583 1889 4658">
     <span class='ocr_line' id='line_1_78' title="bbox 313 4583 1889 4658; baseline -0.002 -16"><span class='ocrx_word' id='word_1_629' title='bbox 313 4588 488 4642; x_wconf 87' lang='lat' dir='ltr'><strong>nitatis</strong></span> <span class='ocrx_word' id='word_1_630' title='bbox 510 4587 875 4658; x_wconf 81' lang='lat' dir='ltr'><strong>corporaliter.</strong></span> <span class='ocrx_word' id='word_1_631' title='bbox 907 4586 971 4641; x_wconf 85' lang='lat' dir='ltr'><strong>Et</strong></span> <span class='ocrx_word' id='word_1_632' title='bbox 998 4586 1122 4641; x_wconf 83' lang='lat' dir='ltr'><strong>tuin</strong></span> <span class='ocrx_word' id='word_1_633' title='bbox 1146 4585 1414 4657; x_wconf 82' lang='lat' dir='ltr'><strong>principio,</strong></span> <span class='ocrx_word' id='word_1_634' title='bbox 1443 4583 1678 4648; x_wconf 80' lang='lat' dir='ltr'><strong>Domine,</strong></span> <span class='ocrx_word' id='word_1_635' title='bbox 1702 4594 1889 4639; x_wconf 81' lang='lat' dir='ltr'><strong>terram</strong></span> 
     </span>
    </p>
   </div>
   <div class='ocr_carea' id='block_1_79' title="bbox 310 4675 1889 4753">
    <p class='ocr_par' dir='ltr' id='par_1_79' title="bbox 310 4675 1889 4753">
     <span class='ocr_line' id='line_1_79' title="bbox 310 4675 1889 4753; baseline -0.002 -20"><span class='ocrx_word' id='word_1_636' title='bbox 310 4679 577 4753; x_wconf 78' lang='lat' dir='ltr'><strong>fundasti,</strong></span> <span class='ocrx_word' id='word_1_637' title='bbox 616 4689 662 4734; x_wconf 87' lang='lat' dir='ltr'><strong>et</strong></span> <span class='ocrx_word' id='word_1_638' title='bbox 704 4695 859 4747; x_wconf 88' lang='lat' dir='ltr'><strong>opera</strong></span> <span class='ocrx_word' id='word_1_639' title='bbox 899 4694 1141 4733; x_wconf 84' lang='lat' dir='ltr'><strong>manuum</strong></span> <span class='ocrx_word' id='word_1_640' title='bbox 1185 4687 1383 4731; x_wconf 81' lang='lat' dir='ltr'><strong>(uarum</strong></span> <span class='ocrx_word' id='word_1_641' title='bbox 1417 4686 1533 4732; x_wconf 79' lang='lat' dir='ltr'><strong>sunt</strong></span> <span class='ocrx_word' id='word_1_642' title='bbox 1579 4676 1707 4729; x_wconf 67' lang='lat' dir='ltr'><strong>caeli.</strong></span> <span class='ocrx_word' id='word_1_643' title='bbox 1761 4675 1889 4730; x_wconf 82' lang='lat' dir='ltr'><strong>Post</strong></span> 
     </span>
    </p>
   </div>
   <div class='ocr_carea' id='block_1_80' title="bbox 316 4768 1888 4826">
    <p class='ocr_par' dir='ltr' id='par_1_80' title="bbox 316 4768 1888 4826">
     <span class='ocr_line' id='line_1_80' title="bbox 316 4768 1888 4826; baseline -0.003 -2"><span class='ocrx_word' id='word_1_644' title='bbox 316 4772 699 4826; x_wconf 87' lang='lat' dir='ltr'><strong>humanitatem</strong></span> <span class='ocrx_word' id='word_1_645' title='bbox 728 4769 847 4825; x_wconf 81' lang='lat' dir='ltr'><strong>Filii</strong></span> <span class='ocrx_word' id='word_1_646' title='bbox 875 4770 971 4825; x_wconf 89' lang='lat' dir='ltr'><strong>Dei</strong></span> <span class='ocrx_word' id='word_1_647' title='bbox 1018 4768 1365 4825; x_wconf 85' lang='lat' dir='ltr'><strong>excellentem</strong></span> <span class='ocrx_word' id='word_1_648' title='bbox 1407 4769 1673 4823; x_wconf 88' lang='lat' dir='ltr'><strong>convertit</strong></span> <span class='ocrx_word' id='word_1_649' title='bbox 1703 4782 1760 4822; x_wconf 93' lang='lat' dir='ltr'><strong>se</strong></span> <span class='ocrx_word' id='word_1_650' title='bbox 1791 4768 1888 4821; x_wconf 90' lang='lat' dir='ltr'><strong>ite-</strong></span> 
     </span>
    </p>
   </div>
   <div class='ocr_carea' id='block_1_81' title="bbox 314 4858 1885 4931">
    <p class='ocr_par' dir='ltr' id='par_1_81' title="bbox 314 4858 1885 4931">
     <span class='ocr_line' id='line_1_81' title="bbox 314 4858 1885 4931; baseline -0.004 -13"><span class='ocrx_word' id='word_1_651' title='bbox 314 4879 433 4918; x_wconf 88' lang='lat' dir='ltr'><strong>rum</strong></span> <span class='ocrx_word' id='word_1_652' title='bbox 483 4862 549 4917; x_wconf 91' lang='lat' dir='ltr'><strong>ad</strong></span> <span class='ocrx_word' id='word_1_653' title='bbox 592 4862 942 4919; x_wconf 66' lang='lat' dir='ltr'><strong>aeternitatem</strong></span> <span class='ocrx_word' id='word_1_654' title='bbox 986 4861 1277 4916; x_wconf 84' lang='lat' dir='ltr'><strong>divinitatis</strong></span> <span class='ocrx_word' id='word_1_655' title='bbox 1306 4860 1454 4931; x_wconf 90' lang='lat' dir='ltr'><strong>ejus,</strong></span> <span class='ocrx_word' id='word_1_656' title='bbox 1504 4860 1687 4916; x_wconf 90' lang='lat' dir='ltr'><strong>dicens</strong></span> <span class='ocrx_word' id='word_1_657' title='bbox 1741 4876 1753 4912; x_wconf 88' lang='lat'><strong>:</strong></span> <span class='ocrx_word' id='word_1_658' title='bbox 1807 4858 1885 4913; x_wconf 92' lang='lat' dir='ltr'><strong>Tu</strong></span> 
     </span>
    </p>
   </div>
   <div class='ocr_carea' id='block_1_82' title="bbox 314 4940 1885 5026">
    <p class='ocr_par' dir='ltr' id='par_1_82' title="bbox 314 4940 1885 5026">
     <span class='ocr_line' id='line_1_82' title="bbox 314 4940 1885 5026; baseline 0 -21"><span class='ocrx_word' id='word_1_659' title='bbox 314 4954 554 5026; x_wconf 87' lang='lat' dir='ltr'><strong>(inquit),</strong></span> <span class='ocrx_word' id='word_1_660' title='bbox 614 4952 869 5021; x_wconf 88' lang='lat' dir='ltr'><strong>Domine,</strong></span> <span class='ocrx_word' id='word_1_661' title='bbox 906 4955 957 5008; x_wconf 94' lang='lat' dir='ltr'><strong>in</strong></span> <span class='ocrx_word' id='word_1_662' title='bbox 992 4940 1251 5023; x_wconf 84' lang='lat' dir='ltr'><strong>principio</strong></span> <span class='ocrx_word' id='word_1_663' title='bbox 1282 4964 1645 5007; x_wconf 89' lang='lat' dir='ltr'><strong>creaturarum</strong></span> <span class='ocrx_word' id='word_1_664' title='bbox 1690 4961 1885 5007; x_wconf 87' lang='lat' dir='ltr'><strong>terram</strong></span> 
     </span>
    </p>
   </div>
   <div class='ocr_carea' id='block_1_83' title="bbox 317 5042 1883 5114">
    <p class='ocr_par' dir='ltr' id='par_1_83' title="bbox 317 5042 1883 5114">
     <span class='ocr_line' id='line_1_83' title="bbox 317 5042 1883 5114; baseline -0.004 -13"><span class='ocrx_word' id='word_1_665' title='bbox 317 5044 570 5101; x_wconf 79' lang='lat' dir='ltr'><strong>fundasti.</strong></span> <span class='ocrx_word' id='word_1_666' title='bbox 600 5044 701 5101; x_wconf 86' lang='lat' dir='ltr'><strong>Ubi</strong></span> <span class='ocrx_word' id='word_1_667' title='bbox 724 5044 961 5100; x_wconf 84' lang='lat' dir='ltr'><strong>fundavit</strong></span> <span class='ocrx_word' id='word_1_668' title='bbox 982 5045 1211 5099; x_wconf 78' lang='lat' dir='ltr'><strong>terram?</strong></span> <span class='ocrx_word' id='word_1_669' title='bbox 1239 5045 1283 5098; x_wconf 92' lang='lat' dir='ltr'><strong>si</strong></span> <span class='ocrx_word' id='word_1_670' title='bbox 1312 5055 1455 5099; x_wconf 90' lang='lat' dir='ltr'><strong>recte</strong></span> <span class='ocrx_word' id='word_1_671' title='bbox 1488 5042 1883 5114; x_wconf 87' lang='lat' dir='ltr'><strong>perpendimus,</strong></span> 
     </span>
    </p>
   </div>
   <div class='ocr_carea' id='block_1_84' title="bbox 318 5137 1881 5209">
    <p class='ocr_par' dir='ltr' id='par_1_84' title="bbox 318 5137 1881 5209">
     <span class='ocr_line' id='line_1_84' title="bbox 318 5137 1881 5209; baseline -0.003 -16"><span class='ocrx_word' id='word_1_672' title='bbox 318 5138 616 5194; x_wconf 89' lang='lat' dir='ltr'><strong>videbimus</strong></span> <span class='ocrx_word' id='word_1_673' title='bbox 642 5140 763 5209; x_wconf 86' lang='lat' dir='ltr'><strong>quia</strong></span> <span class='ocrx_word' id='word_1_674' title='bbox 806 5148 935 5192; x_wconf 91' lang='lat' dir='ltr'><strong>nutu</strong></span> <span class='ocrx_word' id='word_1_675' title='bbox 961 5148 1015 5194; x_wconf 92' lang='lat' dir='ltr'><strong>et</strong></span> <span class='ocrx_word' id='word_1_676' title='bbox 1044 5137 1391 5207; x_wconf 84' lang='lat' dir='ltr'><strong>dispositione</strong></span> <span class='ocrx_word' id='word_1_677' title='bbox 1419 5137 1592 5191; x_wconf 89' lang='lat' dir='ltr'><strong>divina</strong></span> <span class='ocrx_word' id='word_1_678' title='bbox 1621 5137 1881 5204; x_wconf 90' lang='lat' dir='ltr'><strong>subsistit,</strong></span> 
     </span>
    </p>
   </div>
   <div class='ocr_carea' id='block_1_85' title="bbox 319 5228 1885 5301">
    <p class='ocr_par' dir='ltr' id='par_1_85' title="bbox 319 5228 1885 5301">
     <span class='ocr_line' id='line_1_85' title="bbox 319 5228 1885 5301; baseline 0 -18"><span class='ocrx_word' id='word_1_679' title='bbox 319 5228 533 5286; x_wconf 84' lang='lat' dir='ltr'><strong>fundata</strong></span> <span class='ocrx_word' id='word_1_680' title='bbox 560 5246 724 5301; x_wconf 83' lang='lat' dir='ltr'><strong>super</strong></span> <span class='ocrx_word' id='word_1_681' title='bbox 753 5230 886 5285; x_wconf 89' lang='lat' dir='ltr'><strong>nihil</strong></span> <span class='ocrx_word' id='word_1_682' title='bbox 911 5231 1010 5285; x_wconf 89' lang='lat' dir='ltr'><strong>nisi</strong></span> <span class='ocrx_word' id='word_1_683' title='bbox 1036 5230 1088 5285; x_wconf 88' lang='lat' dir='ltr'><strong>in</strong></span> <span class='ocrx_word' id='word_1_684' title='bbox 1112 5233 1419 5300; x_wconf 88' lang='lat' dir='ltr'><strong>semetipsa.</strong></span> <span class='ocrx_word' id='word_1_685' title='bbox 1446 5231 1508 5285; x_wconf 86' lang='lat' dir='ltr'><strong>Et</strong></span> <span class='ocrx_word' id='word_1_686' title='bbox 1536 5230 1675 5300; x_wconf 89' lang='lat' dir='ltr'><strong>quod</strong></span> <span class='ocrx_word' id='word_1_687' title='bbox 1707 5230 1839 5285; x_wconf 77' lang='lat' dir='ltr'><strong>dixit</strong></span> <span class='ocrx_word' id='word_1_688' title='bbox 1872 5247 1885 5283; x_wconf 87' lang='lat'><strong><em>:</em></strong></span> 
     </span>
    </p>
   </div>
   <div class='ocr_carea' id='block_1_86' title="bbox 318 5323 1889 5400">
    <p class='ocr_par' dir='ltr' id='par_1_86' title="bbox 318 5323 1889 5400">
     <span class='ocr_line' id='line_1_86' title="bbox 318 5323 1889 5400; baseline -0.002 -19"><span class='ocrx_word' id='word_1_689' title='bbox 318 5325 491 5400; x_wconf 85' lang='lat' dir='ltr'><strong>Opera</strong></span> <span class='ocrx_word' id='word_1_690' title='bbox 513 5341 762 5381; x_wconf 89' lang='lat' dir='ltr'><strong>manuum</strong></span> <span class='ocrx_word' id='word_1_691' title='bbox 793 5334 1000 5380; x_wconf 85' lang='lat' dir='ltr'><strong>tuarum</strong></span> <span class='ocrx_word' id='word_1_692' title='bbox 1021 5326 1304 5394; x_wconf 72' lang='lat' dir='ltr'><strong>suntcaeli,</strong></span> <span class='ocrx_word' id='word_1_693' title='bbox 1342 5338 1445 5379; x_wconf 94' lang='lat' dir='ltr'><strong>non</strong></span> <span class='ocrx_word' id='word_1_694' title='bbox 1477 5332 1560 5379; x_wconf 92' lang='lat' dir='ltr'><strong>est</strong></span> <span class='ocrx_word' id='word_1_695' title='bbox 1601 5323 1889 5394; x_wconf 85' lang='lat' dir='ltr'><strong>putandum</strong></span> 
     </span>
    </p>
   </div>
   <div class='ocr_carea' id='block_1_87' title="bbox 319 5418 1892 5491">
    <p class='ocr_par' dir='ltr' id='par_1_87' title="bbox 319 5418 1892 5491">
     <span class='ocr_line' id='line_1_87' title="bbox 319 5418 1892 5491; baseline -0.002 -17"><span class='ocrx_word' id='word_1_696' title='bbox 319 5419 460 5488; x_wconf 89' lang='lat' dir='ltr'><strong>quod</strong></span> <span class='ocrx_word' id='word_1_697' title='bbox 488 5418 721 5476; x_wconf 82' lang='lat' dir='ltr'><strong>Verbum</strong></span> <span class='ocrx_word' id='word_1_698' title='bbox 748 5418 841 5476; x_wconf 91' lang='lat' dir='ltr'><strong>Dei</strong></span> <span class='ocrx_word' id='word_1_699' title='bbox 864 5420 1057 5491; x_wconf 89' lang='lat' dir='ltr'><strong>Patris,</strong></span> <span class='ocrx_word' id='word_1_700' title='bbox 1089 5418 1227 5489; x_wconf 93' lang='lat' dir='ltr'><strong>quod</strong></span> <span class='ocrx_word' id='word_1_701' title='bbox 1257 5419 1628 5489; x_wconf 88' lang='lat' dir='ltr'><strong>incorporeum</strong></span> <span class='ocrx_word' id='word_1_702' title='bbox 1652 5426 1753 5487; x_wconf 91' lang='lat' dir='ltr'><strong>est,</strong></span> <span class='ocrx_word' id='word_1_703' title='bbox 1782 5431 1892 5471; x_wconf 88' lang='lat' dir='ltr'><strong>ma-</strong></span> 
     </span>
    </p>
   </div>
   <div class='ocr_carea' id='block_1_88' title="bbox 319 5509 1887 5584">
    <p class='ocr_par' dir='ltr' id='par_1_88' title="bbox 319 5509 1887 5584">
     <span class='ocr_line' id='line_1_88' title="bbox 319 5509 1887 5584; baseline 0 -21"><span class='ocrx_word' id='word_1_704' title='bbox 319 5513 476 5569; x_wconf 88' lang='lat' dir='ltr'><strong>nibus</strong></span> <span class='ocrx_word' id='word_1_705' title='bbox 514 5522 786 5583; x_wconf 88' lang='lat' dir='ltr'><strong>operetur,</strong></span> <span class='ocrx_word' id='word_1_706' title='bbox 844 5512 964 5584; x_wconf 92' lang='lat' dir='ltr'><strong>quia</strong></span> <span class='ocrx_word' id='word_1_707' title='bbox 1014 5512 1159 5567; x_wconf 90' lang='lat' dir='ltr'><strong>nulla</strong></span> <span class='ocrx_word' id='word_1_708' title='bbox 1198 5510 1515 5565; x_wconf 89' lang='lat' dir='ltr'><strong>lineamenta</strong></span> <span class='ocrx_word' id='word_1_709' title='bbox 1556 5509 1795 5578; x_wconf 89' lang='lat' dir='ltr'><strong>corporis</strong></span> <span class='ocrx_word' id='word_1_710' title='bbox 1838 5510 1887 5563; x_wconf 89' lang='lat' dir='ltr'><strong>in</strong></span> 
     </span>
    </p>
   </div>
   <div class='ocr_carea' id='block_1_89' title="bbox 323 5602 1891 5671">
    <p class='ocr_par' dir='ltr' id='par_1_89' title="bbox 323 5602 1891 5671">
     <span class='ocr_line' id='line_1_89' title="bbox 323 5602 1891 5671; baseline -0.004 -9"><span class='ocrx_word' id='word_1_711' title='bbox 323 5617 510 5664; x_wconf 86' lang='lat' dir='ltr'><strong>natura</strong></span> <span class='ocrx_word' id='word_1_712' title='bbox 564 5607 861 5662; x_wconf 89' lang='lat' dir='ltr'><strong>divinitatis</strong></span> <span class='ocrx_word' id='word_1_713' title='bbox 910 5616 1035 5662; x_wconf 88' lang='lat' dir='ltr'><strong>sunt</strong></span> <span class='ocrx_word' id='word_1_714' title='bbox 1084 5606 1224 5660; x_wconf 89' lang='lat' dir='ltr'><strong>sicut</strong></span> <span class='ocrx_word' id='word_1_715' title='bbox 1268 5620 1365 5660; x_wconf 91' lang='lat' dir='ltr'><strong>nos</strong></span> <span class='ocrx_word' id='word_1_716' title='bbox 1407 5604 1685 5658; x_wconf 87' lang='lat' dir='ltr'><strong>habemus.</strong></span> <span class='ocrx_word' id='word_1_717' title='bbox 1719 5602 1891 5671; x_wconf 85' lang='lat' dir='ltr'><strong>Opera</strong></span> 
     </span>
    </p>
   </div>
   <div class='ocr_carea' id='block_1_90' title="bbox 323 5690 1892 5771">
    <p class='ocr_par' dir='ltr' id='par_1_90' title="bbox 323 5690 1892 5771">
     <span class='ocr_line' id='line_1_90' title="bbox 323 5690 1892 5771; baseline -0.004 -14"><span class='ocrx_word' id='word_1_718' title='bbox 323 5715 452 5771; x_wconf 89' lang='lat' dir='ltr'><strong>ergo</strong></span> <span class='ocrx_word' id='word_1_719' title='bbox 483 5714 733 5755; x_wconf 89' lang='lat' dir='ltr'><strong>manuum</strong></span> <span class='ocrx_word' id='word_1_720' title='bbox 760 5699 906 5768; x_wconf 90' lang='lat' dir='ltr'><strong>ejus,</strong></span> <span class='ocrx_word' id='word_1_721' title='bbox 944 5698 1189 5754; x_wconf 84' lang='lat' dir='ltr'><strong>virtutem</strong></span> <span class='ocrx_word' id='word_1_722' title='bbox 1219 5690 1473 5768; x_wconf 83' lang='lat' dir='ltr'><strong>jussionis</strong></span> <span class='ocrx_word' id='word_1_723' title='bbox 1494 5697 1607 5766; x_wconf 89' lang='lat' dir='ltr'><strong>ejus</strong></span> <span class='ocrx_word' id='word_1_724' title='bbox 1637 5696 1892 5751; x_wconf 86' lang='lat' dir='ltr'><strong>debemus</strong></span> 
     </span>
    </p>
   </div>
   <div class='ocr_carea' id='block_1_91' title="bbox 320 5788 1892 5865">
    <p class='ocr_par' dir='ltr' id='par_1_91' title="bbox 320 5788 1892 5865">
     <span class='ocr_line' id='line_1_91' title="bbox 320 5788 1892 5865; baseline -0.003 -18"><span class='ocrx_word' id='word_1_725' title='bbox 320 5793 565 5865; x_wconf 85' lang='lat' dir='ltr'><strong>accipere</strong></span> <span class='ocrx_word' id='word_1_726' title='bbox 592 5808 607 5847; x_wconf 94' lang='lat'><strong>:</strong></span> <span class='ocrx_word' id='word_1_727' title='bbox 637 5791 910 5865; x_wconf 90' lang='lat' dir='ltr'><strong>quomodo</strong></span> <span class='ocrx_word' id='word_1_728' title='bbox 939 5791 1100 5847; x_wconf 89' lang='lat' dir='ltr'><strong>verbo</strong></span> <span class='ocrx_word' id='word_1_729' title='bbox 1130 5800 1183 5847; x_wconf 93' lang='lat' dir='ltr'><strong>et</strong></span> <span class='ocrx_word' id='word_1_730' title='bbox 1224 5788 1462 5862; x_wconf 87' lang='lat' dir='ltr'><strong>potentia</strong></span> <span class='ocrx_word' id='word_1_731' title='bbox 1495 5788 1752 5859; x_wconf 88' lang='lat' dir='ltr'><strong>jussionis</strong></span> <span class='ocrx_word' id='word_1_732' title='bbox 1781 5802 1892 5844; x_wconf 65' lang='lat' dir='ltr'><strong>suae</strong></span> 
     </span>
    </p>
   </div>
   <div class='ocr_carea' id='block_1_92' title="bbox 1988 3267 3565 3342">
    <p class='ocr_par' dir='ltr' id='par_1_92' title="bbox 1988 3267 3565 3342">
     <span class='ocr_line' id='line_1_92' title="bbox 1988 3267 3565 3342; baseline -0.004 -13"><span class='ocrx_word' id='word_1_733' title='bbox 1988 3274 2073 3329; x_wconf 89' lang='lat' dir='ltr'><strong>die</strong></span> <span class='ocrx_word' id='word_1_734' title='bbox 2094 3272 2299 3342; x_wconf 81' lang='lat' dir='ltr'><strong>judicii,</strong></span> <span class='ocrx_word' id='word_1_735' title='bbox 2335 3272 2600 3325; x_wconf 90' lang='lat' dir='ltr'><strong>comitans</strong></span> <span class='ocrx_word' id='word_1_736' title='bbox 2642 3267 2852 3324; x_wconf 91' lang='lat' dir='ltr'><strong>Domini</strong></span> <span class='ocrx_word' id='word_1_737' title='bbox 2881 3269 3167 3324; x_wconf 85' lang='lat' dir='ltr'><strong>adventum</strong></span> <span class='ocrx_word' id='word_1_738' title='bbox 3200 3267 3388 3339; x_wconf 86' lang='lat' dir='ltr'><strong>:juxta</strong></span> <span class='ocrx_word' id='word_1_739' title='bbox 3421 3267 3565 3337; x_wconf 92' lang='lat' dir='ltr'><strong>quod</strong></span> 
     </span>
    </p>
   </div>
   <div class='ocr_carea' id='block_1_93' title="bbox 1988 3358 3563 3430">
    <p class='ocr_par' dir='ltr' id='par_1_93' title="bbox 1988 3358 3563 3430">
     <span class='ocr_line' id='line_1_93' title="bbox 1988 3358 3563 3430; baseline -0.004 -12"><span class='ocrx_word' id='word_1_740' title='bbox 1988 3363 2267 3418; x_wconf 86' lang='lat' dir='ltr'><strong>Psalmista</strong></span> <span class='ocrx_word' id='word_1_741' title='bbox 2309 3360 2483 3414; x_wconf 87' lang='lat' dir='ltr'><strong>dicit:</strong></span> <span class='ocrx_word' id='word_1_742' title='bbox 2533 3358 2673 3430; x_wconf 85' lang='lat' dir='ltr'><strong>Ignis</strong></span> <span class='ocrx_word' id='word_1_743' title='bbox 2714 3367 2836 3414; x_wconf 91' lang='lat' dir='ltr'><strong>ante</strong></span> <span class='ocrx_word' id='word_1_744' title='bbox 2874 3359 3046 3428; x_wconf 91' lang='lat' dir='ltr'><strong>ipsum</strong></span> <span class='ocrx_word' id='word_1_745' title='bbox 3095 3358 3386 3427; x_wconf 75' lang='lat' dir='ltr'><strong>praecedet,</strong></span> <span class='ocrx_word' id='word_1_746' title='bbox 3438 3358 3563 3430; x_wconf 91' lang='lat' dir='ltr'><strong>quia</strong></span> 
     </span>
    </p>
   </div>
   <div class='ocr_carea' id='block_1_94' title="bbox 1987 3447 3565 3520">
    <p class='ocr_par' dir='ltr' id='par_1_94' title="bbox 1987 3447 3565 3520">
     <span class='ocr_line' id='line_1_94' title="bbox 1987 3447 3565 3520; baseline -0.002 -13"><span class='ocrx_word' id='word_1_747' title='bbox 1987 3460 2266 3507; x_wconf 86' lang='lat' dir='ltr'><strong>consumet</strong></span> <span class='ocrx_word' id='word_1_748' title='bbox 2282 3451 2459 3506; x_wconf 87' lang='lat' dir='ltr'><strong>omnia</strong></span> <span class='ocrx_word' id='word_1_749' title='bbox 2483 3450 2661 3505; x_wconf 90' lang='lat' dir='ltr'><strong>nubila</strong></span> <span class='ocrx_word' id='word_1_750' title='bbox 2679 3491 2695 3519; x_wconf 95' lang='lat'><strong>,</strong></span> <span class='ocrx_word' id='word_1_751' title='bbox 2728 3463 3047 3520; x_wconf 87' lang='lat' dir='ltr'><strong>omnemque</strong></span> <span class='ocrx_word' id='word_1_752' title='bbox 3062 3448 3383 3505; x_wconf 87' lang='lat' dir='ltr'><strong>densitatem</strong></span> <span class='ocrx_word' id='word_1_753' title='bbox 3409 3447 3565 3505; x_wconf 74' lang='lat' dir='ltr'><strong>istius</strong></span> 
     </span>
    </p>
   </div>
   <div class='ocr_carea' id='block_1_95' title="bbox 1987 3540 3567 3613">
    <p class='ocr_par' dir='ltr' id='par_1_95' title="bbox 1987 3540 3567 3613">
     <span class='ocr_line' id='line_1_95' title="bbox 1987 3540 3567 3613; baseline -0.002 -14"><span class='ocrx_word' id='word_1_754' title='bbox 1987 3545 2156 3609; x_wconf 82' lang='lat' dir='ltr'><strong>aeris;</strong></span> <span class='ocrx_word' id='word_1_755' title='bbox 2202 3544 2408 3613; x_wconf 81' lang='lat' dir='ltr'><strong>eritque</strong></span> <span class='ocrx_word' id='word_1_756' title='bbox 2438 3543 2634 3596; x_wconf 64' lang='lat' dir='ltr'><strong>caelum</strong></span> <span class='ocrx_word' id='word_1_757' title='bbox 2664 3556 2879 3607; x_wconf 90' lang='lat' dir='ltr'><strong>novum,</strong></span> <span class='ocrx_word' id='word_1_758' title='bbox 2915 3549 2968 3597; x_wconf 89' lang='lat' dir='ltr'><strong>et.</strong></span> <span class='ocrx_word' id='word_1_759' title='bbox 2998 3550 3139 3596; x_wconf 90' lang='lat' dir='ltr'><strong>terra</strong></span> <span class='ocrx_word' id='word_1_760' title='bbox 3170 3555 3326 3596; x_wconf 83' lang='lat' dir='ltr'><strong>nova.</strong></span> <span class='ocrx_word' id='word_1_761' title='bbox 3360 3540 3439 3597; x_wconf 90' lang='lat' dir='ltr'><strong>De</strong></span> <span class='ocrx_word' id='word_1_762' title='bbox 3468 3541 3567 3597; x_wconf 84' lang='lat' dir='ltr'><strong>hac</strong></span> 
     </span>
    </p>
   </div>
   <div class='ocr_carea' id='block_1_96' title="bbox 1988 3630 3568 3703">
    <p class='ocr_par' dir='ltr' id='par_1_96' title="bbox 1988 3630 3568 3703">
     <span class='ocr_line' id='line_1_96' title="bbox 1988 3630 3568 3703; baseline -0.002 -14"><span class='ocrx_word' id='word_1_763' title='bbox 1988 3634 2356 3689; x_wconf 79' lang='lat' dir='ltr'><strong>immutatione</strong></span> <span class='ocrx_word' id='word_1_764' title='bbox 2395 3644 2451 3688; x_wconf 92' lang='lat' dir='ltr'><strong>et</strong></span> <span class='ocrx_word' id='word_1_765' title='bbox 2482 3633 2742 3688; x_wconf 90' lang='lat' dir='ltr'><strong>Dominus</strong></span> <span class='ocrx_word' id='word_1_766' title='bbox 2771 3634 2825 3686; x_wconf 91' lang='lat' dir='ltr'><strong>in</strong></span> <span class='ocrx_word' id='word_1_767' title='bbox 2861 3631 3148 3702; x_wconf 84' lang='lat' dir='ltr'><strong>Evangelio</strong></span> <span class='ocrx_word' id='word_1_768' title='bbox 3177 3631 3439 3703; x_wconf 88' lang='lat' dir='ltr'><strong>loquitur,</strong></span> <span class='ocrx_word' id='word_1_769' title='bbox 3484 3630 3568 3686; x_wconf 87' lang='lat' dir='ltr'><strong>di—</strong></span> 
     </span>
    </p>
   </div>
   <div class='ocr_carea' id='block_1_97' title="bbox 1987 3725 3563 3793">
    <p class='ocr_par' dir='ltr' id='par_1_97' title="bbox 1987 3725 3563 3793">
     <span class='ocr_line' id='line_1_97' title="bbox 1987 3725 3563 3793; baseline -0.006 -6"><span class='ocrx_word' id='word_1_770' title='bbox 1987 3745 2113 3787; x_wconf 86' lang='lat' dir='ltr'><strong>cens</strong></span> <span class='ocrx_word' id='word_1_771' title='bbox 2142 3748 2153 3783; x_wconf 83' lang='grc'>;</span> <span class='ocrx_word' id='word_1_772' title='bbox 2187 3728 2391 3784; x_wconf 84' lang='lat' dir='ltr'><strong>Caelum</strong></span> <span class='ocrx_word' id='word_1_773' title='bbox 2417 3738 2471 3784; x_wconf 87' lang='lat' dir='ltr'><strong>et</strong></span> <span class='ocrx_word' id='word_1_774' title='bbox 2500 3739 2638 3784; x_wconf 91' lang='lat' dir='ltr'><strong>terra</strong></span> <span class='ocrx_word' id='word_1_775' title='bbox 2665 3726 2999 3782; x_wconf 90' lang='lat' dir='ltr'><strong>transibunt:</strong></span> <span class='ocrx_word' id='word_1_776' title='bbox 3027 3726 3326 3782; x_wconf 90' lang='lat' dir='ltr'><strong>transibunt</strong></span> <span class='ocrx_word' id='word_1_777' title='bbox 3350 3725 3563 3793; x_wconf 88' lang='lat' dir='ltr'><strong>quidem</strong></span> 
     </span>
    </p>
   </div>
   <div class='ocr_carea' id='block_1_98' title="bbox 1987 3819 3562 3895">
    <p class='ocr_par' dir='ltr' id='par_1_98' title="bbox 1987 3819 3562 3895">
     <span class='ocr_line' id='line_1_98' title="bbox 1987 3819 3562 3895; baseline -0.005 -16"><span class='ocrx_word' id='word_1_778' title='bbox 1987 3828 2054 3881; x_wconf 91' lang='lat' dir='ltr'><strong>ab</strong></span> <span class='ocrx_word' id='word_1_779' title='bbox 2086 3826 2185 3879; x_wconf 89' lang='lat' dir='ltr'><strong>hac</strong></span> <span class='ocrx_word' id='word_1_780' title='bbox 2217 3824 2382 3895; x_wconf 85' lang='lat' dir='ltr'><strong>figura</strong></span> <span class='ocrx_word' id='word_1_781' title='bbox 2416 3832 2468 3877; x_wconf 91' lang='lat' dir='ltr'><strong>ct</strong></span> <span class='ocrx_word' id='word_1_782' title='bbox 2497 3823 2677 3892; x_wconf 86' lang='lat' dir='ltr'><strong>specie</strong></span> <span class='ocrx_word' id='word_1_783' title='bbox 2706 3821 2757 3876; x_wconf 91' lang='lat' dir='ltr'><strong>in</strong></span> <span class='ocrx_word' id='word_1_784' title='bbox 2791 3821 2979 3877; x_wconf 90' lang='lat' dir='ltr'><strong>melius</strong></span> <span class='ocrx_word' id='word_1_785' title='bbox 3012 3835 3107 3890; x_wconf 90' lang='lat' dir='ltr'><strong>per</strong></span> <span class='ocrx_word' id='word_1_786' title='bbox 3132 3819 3562 3883; x_wconf 86' lang='lat' dir='ltr'><strong>innovationem,</strong></span> 
     </span>
    </p>
   </div>
   <div class='ocr_carea' id='block_1_99' title="bbox 1988 3911 3570 3991">
    <p class='ocr_par' dir='ltr' id='par_1_99' title="bbox 1988 3911 3570 3991">
     <span class='ocr_line' id='line_1_99' title="bbox 1988 3911 3570 3991; baseline -0.007 -17"><span class='ocrx_word' id='word_1_787' title='bbox 1988 3928 2042 3974; x_wconf 92' lang='lat' dir='ltr'><strong>et</strong></span> <span class='ocrx_word' id='word_1_788' title='bbox 2078 3918 2464 3991; x_wconf 89' lang='lat' dir='ltr'><strong>parmanebunt</strong></span> <span class='ocrx_word' id='word_1_789' title='bbox 2492 3918 2543 3972; x_wconf 91' lang='lat' dir='ltr'><strong>in</strong></span> <span class='ocrx_word' id='word_1_790' title='bbox 2590 3915 2885 3982; x_wconf 65' lang='lat' dir='ltr'><strong>substantia</strong></span> <span class='ocrx_word' id='word_1_791' title='bbox 2923 3915 3157 3985; x_wconf 88' lang='lat' dir='ltr'><strong>propria.</strong></span> <span class='ocrx_word' id='word_1_792' title='bbox 3204 3911 3269 3967; x_wconf 85' lang='lat' dir='ltr'><strong>Et</strong></span> <span class='ocrx_word' id='word_1_793' title='bbox 3306 3927 3477 3968; x_wconf 79' lang='lat' dir='ltr'><strong>omnes</strong></span> <span class='ocrx_word' id='word_1_794' title='bbox 3514 3920 3570 3963; x_wconf 86' lang='lat' dir='ltr'><strong>ut</strong></span> 
     </span>
    </p>
   </div>
   <div class='ocr_carea' id='block_1_100' title="bbox 1986 4003 3571 4065">
    <p class='ocr_par' dir='ltr' id='par_1_100' title="bbox 1986 4003 3571 4065">
     <span class='ocr_line' id='line_1_100' title="bbox 1986 4003 3571 4065; baseline -0.004 -2"><span class='ocrx_word' id='word_1_795' title='bbox 1986 4012 2336 4065; x_wconf 68' lang='lat' dir='ltr'><strong>vestimentum</strong></span> <span class='ocrx_word' id='word_1_796' title='bbox 2378 4019 2703 4063; x_wconf 84' lang='lat' dir='ltr'><strong>veterascent.</strong></span> <span class='ocrx_word' id='word_1_797' title='bbox 2745 4007 3132 4064; x_wconf 86' lang='lat' dir='ltr'><strong>Vestimentum</strong></span> <span class='ocrx_word' id='word_1_798' title='bbox 3182 4005 3268 4061; x_wconf 91' lang='lat' dir='ltr'><strong>hic</strong></span> <span class='ocrx_word' id='word_1_799' title='bbox 3316 4003 3571 4060; x_wconf 84' lang='lat' dir='ltr'><strong>debemus</strong></span> 
     </span>
    </p>
   </div>
   <div class='ocr_carea' id='block_1_101' title="bbox 1989 4097 3571 4175">
    <p class='ocr_par' dir='ltr' id='par_1_101' title="bbox 1989 4097 3571 4175">
     <span class='ocr_line' id='line_1_101' title="bbox 1989 4097 3571 4175; baseline -0.006 -16"><span class='ocrx_word' id='word_1_800' title='bbox 1989 4106 2236 4174; x_wconf 89' lang='lat' dir='ltr'><strong>accipere</strong></span> <span class='ocrx_word' id='word_1_801' title='bbox 2258 4119 2458 4175; x_wconf 92' lang='lat' dir='ltr'><strong>corpus</strong></span> <span class='ocrx_word' id='word_1_802' title='bbox 2478 4102 2792 4167; x_wconf 90' lang='lat' dir='ltr'><strong>humanum,</strong></span> <span class='ocrx_word' id='word_1_803' title='bbox 2816 4100 2958 4170; x_wconf 89' lang='lat' dir='ltr'><strong>quod</strong></span> <span class='ocrx_word' id='word_1_804' title='bbox 2987 4101 3213 4155; x_wconf 90' lang='lat' dir='ltr'><strong>sumitur</strong></span> <span class='ocrx_word' id='word_1_805' title='bbox 3232 4097 3571 4168; x_wconf 78' lang='lat' dir='ltr'><strong>longaevitate</strong></span> 
     </span>
    </p>
   </div>
   <div class='ocr_carea' id='block_1_102' title="bbox 1990 4188 3569 4266">
    <p class='ocr_par' dir='ltr' id='par_1_102' title="bbox 1990 4188 3569 4266">
     <span class='ocr_line' id='line_1_102' title="bbox 1990 4188 3569 4266; baseline -0.006 -14"><span class='ocrx_word' id='word_1_806' title='bbox 1990 4195 2275 4266; x_wconf 85' lang='lat' dir='ltr'><strong>temporis,</strong></span> <span class='ocrx_word' id='word_1_807' title='bbox 2308 4204 2362 4249; x_wconf 91' lang='lat' dir='ltr'><strong>et</strong></span> <span class='ocrx_word' id='word_1_808' title='bbox 2401 4195 2587 4249; x_wconf 90' lang='lat' dir='ltr'><strong>dolore</strong></span> <span class='ocrx_word' id='word_1_809' title='bbox 2616 4192 2961 4255; x_wconf 84' lang='lat' dir='ltr'><strong>infirmitatis,</strong></span> <span class='ocrx_word' id='word_1_810' title='bbox 2993 4205 3058 4246; x_wconf 92' lang='lat' dir='ltr'><strong>ac</strong></span> <span class='ocrx_word' id='word_1_811' title='bbox 3084 4190 3343 4259; x_wconf 85' lang='lat' dir='ltr'><strong>redigitur</strong></span> <span class='ocrx_word' id='word_1_812' title='bbox 3370 4188 3424 4243; x_wconf 91' lang='lat' dir='ltr'><strong>in</strong></span> <span class='ocrx_word' id='word_1_813' title='bbox 3451 4188 3569 4257; x_wconf 87' lang='lat' dir='ltr'><strong>pul-</strong></span> 
     </span>
    </p>
   </div>
   <div class='ocr_carea' id='block_1_103' title="bbox 1989 4278 3571 4355">
    <p class='ocr_par' dir='ltr' id='par_1_103' title="bbox 1989 4278 3571 4355">
     <span class='ocr_line' id='line_1_103' title="bbox 1989 4278 3571 4355; baseline -0.005 -14"><span class='ocrx_word' id='word_1_814' title='bbox 1989 4303 2170 4344; x_wconf 87' lang='lat' dir='ltr'><strong>verem</strong></span> <span class='ocrx_word' id='word_1_815' title='bbox 2206 4307 2218 4341; x_wconf 73' lang='grc' dir='ltr'>ε</span> <span class='ocrx_word' id='word_1_816' title='bbox 2253 4289 2389 4343; x_wconf 87' lang='lat' dir='ltr'><strong>sicut</strong></span> <span class='ocrx_word' id='word_1_817' title='bbox 2420 4302 2548 4355; x_wconf 85' lang='lat' dir='ltr'><strong>ergo</strong></span> <span class='ocrx_word' id='word_1_818' title='bbox 2588 4298 2783 4355; x_wconf 87' lang='lat' dir='ltr'><strong>corpus</strong></span> <span class='ocrx_word' id='word_1_819' title='bbox 2822 4284 3109 4339; x_wconf 88' lang='lat' dir='ltr'><strong>humanum</strong></span> <span class='ocrx_word' id='word_1_820' title='bbox 3139 4281 3423 4335; x_wconf 90' lang='lat' dir='ltr'><strong>veterascit</strong></span> <span class='ocrx_word' id='word_1_821' title='bbox 3448 4278 3571 4349; x_wconf 90' lang='lat' dir='ltr'><strong>qui-</strong></span> 
     </span>
    </p>
   </div>
   <div class='ocr_carea' id='block_1_104' title="bbox 1990 4369 3570 4446">
    <p class='ocr_par' dir='ltr' id='par_1_104' title="bbox 1990 4369 3570 4446">
     <span class='ocr_line' id='line_1_104' title="bbox 1990 4369 3570 4446; baseline -0.005 -13"><span class='ocrx_word' id='word_1_822' title='bbox 1990 4378 2109 4433; x_wconf 91' lang='lat' dir='ltr'><strong>dem</strong></span> <span class='ocrx_word' id='word_1_823' title='bbox 2141 4387 2195 4432; x_wconf 90' lang='lat' dir='ltr'><strong>et</strong></span> <span class='ocrx_word' id='word_1_824' title='bbox 2222 4379 2277 4431; x_wconf 91' lang='lat' dir='ltr'><strong>in</strong></span> <span class='ocrx_word' id='word_1_825' title='bbox 2309 4377 2580 4446; x_wconf 88' lang='lat' dir='ltr'><strong>pulverem</strong></span> <span class='ocrx_word' id='word_1_826' title='bbox 2623 4375 2907 4444; x_wconf 88' lang='lat' dir='ltr'><strong>redigitur,</strong></span> <span class='ocrx_word' id='word_1_827' title='bbox 2938 4372 3033 4428; x_wconf 89' lang='lat' dir='ltr'><strong>sed</strong></span> <span class='ocrx_word' id='word_1_828' title='bbox 3062 4371 3115 4427; x_wconf 87' lang='lat' dir='ltr'><strong>in</strong></span> <span class='ocrx_word' id='word_1_829' title='bbox 3144 4370 3232 4427; x_wconf 89' lang='lat' dir='ltr'><strong>die</strong></span> <span class='ocrx_word' id='word_1_830' title='bbox 3256 4369 3444 4441; x_wconf 87' lang='lat' dir='ltr'><strong>judicii</strong></span> <span class='ocrx_word' id='word_1_831' title='bbox 3476 4384 3570 4440; x_wconf 88' lang='lat' dir='ltr'><strong>per</strong></span> 
     </span>
    </p>
   </div>
   <div class='ocr_carea' id='block_1_105' title="bbox 1990 4463 3565 4531">
    <p class='ocr_par' dir='ltr' id='par_1_105' title="bbox 1990 4463 3565 4531">
     <span class='ocr_line' id='line_1_105' title="bbox 1990 4463 3565 4531; baseline -0.003 -9"><span class='ocrx_word' id='word_1_832' title='bbox 1990 4467 2439 4523; x_wconf 88' lang='lat' dir='ltr'><strong>resurrectionem</strong></span> <span class='ocrx_word' id='word_1_833' title='bbox 2466 4466 2800 4521; x_wconf 90' lang='lat' dir='ltr'><strong>inuovabitur</strong></span> <span class='ocrx_word' id='word_1_834' title='bbox 2825 4480 2840 4531; x_wconf 89' lang='lat'><strong>;</strong></span> <span class='ocrx_word' id='word_1_835' title='bbox 2872 4465 2944 4520; x_wconf 92' lang='lat' dir='ltr'><strong>ita</strong></span> <span class='ocrx_word' id='word_1_836' title='bbox 2964 4464 3107 4521; x_wconf 91' lang='lat' dir='ltr'><strong>istud</strong></span> <span class='ocrx_word' id='word_1_837' title='bbox 3134 4463 3328 4521; x_wconf 75' lang='lat' dir='ltr'><strong>omium</strong></span> <span class='ocrx_word' id='word_1_838' title='bbox 3350 4476 3565 4520; x_wconf 87' lang='lat' dir='ltr'><strong>aereum</strong></span> 
     </span>
    </p>
   </div>
   <div class='ocr_carea' id='block_1_106' title="bbox 1919 4555 3568 4631">
    <p class='ocr_par' dir='ltr' id='par_1_106' title="bbox 1919 4555 3568 4631">
     <span class='ocr_line' id='line_1_106' title="bbox 1919 4555 3568 4631; baseline -0.002 -17"><span class='ocrx_word' id='word_1_839' title='bbox 1919 4564 1972 4625; x_wconf 86' lang='lat'><strong>1)</strong></span> <span class='ocrx_word' id='word_1_840' title='bbox 1997 4574 2105 4631; x_wconf 86' lang='lat' dir='ltr'><strong>prae</strong></span> <span class='ocrx_word' id='word_1_841' title='bbox 2133 4558 2297 4613; x_wconf 89' lang='lat' dir='ltr'><strong>nimia</strong></span> <span class='ocrx_word' id='word_1_842' title='bbox 2328 4559 2666 4627; x_wconf 62' lang='lat' dir='ltr'><strong>longaevitate</strong></span> <span class='ocrx_word' id='word_1_843' title='bbox 2694 4555 3085 4626; x_wconf 89' lang='lat' dir='ltr'><strong>quodammodo</strong></span> <span class='ocrx_word' id='word_1_844' title='bbox 3109 4555 3219 4626; x_wconf 91' lang='lat' dir='ltr'><strong>jam</strong></span> <span class='ocrx_word' id='word_1_845' title='bbox 3250 4555 3533 4613; x_wconf 84' lang='lat' dir='ltr'><strong>veterascit</strong></span> <span class='ocrx_word' id='word_1_846' title='bbox 3553 4598 3568 4623; x_wconf 92' lang='lat'><strong>,</strong></span> 
     </span>
    </p>
   </div>
   <div class='ocr_carea' id='block_1_107' title="bbox 1996 4646 3572 4720">
    <p class='ocr_par' dir='ltr' id='par_1_107' title="bbox 1996 4646 3572 4720">
     <span class='ocr_line' id='line_1_107' title="bbox 1996 4646 3572 4720; baseline -0.001 -15"><span class='ocrx_word' id='word_1_847' title='bbox 1996 4650 2088 4706; x_wconf 90' lang='lat' dir='ltr'><strong>sed</strong></span> <span class='ocrx_word' id='word_1_848' title='bbox 2122 4651 2175 4704; x_wconf 92' lang='lat' dir='ltr'><strong>in</strong></span> <span class='ocrx_word' id='word_1_849' title='bbox 2217 4649 2303 4706; x_wconf 89' lang='lat' dir='ltr'><strong>die</strong></span> <span class='ocrx_word' id='word_1_850' title='bbox 2328 4649 2513 4720; x_wconf 91' lang='lat' dir='ltr'><strong>judicii</strong></span> <span class='ocrx_word' id='word_1_851' title='bbox 2544 4664 2636 4718; x_wconf 90' lang='lat' dir='ltr'><strong>per</strong></span> <span class='ocrx_word' id='word_1_852' title='bbox 2668 4647 3143 4704; x_wconf 83' lang='lat' dir='ltr'><strong>inflammationem</strong></span> <span class='ocrx_word' id='word_1_853' title='bbox 3174 4646 3311 4720; x_wconf 79' lang='lat' dir='ltr'><strong>ignis</strong></span> <span class='ocrx_word' id='word_1_854' title='bbox 3348 4646 3572 4704; x_wconf 84' lang='lat' dir='ltr'><strong>innova-</strong></span> 
     </span>
    </p>
   </div>
   <div class='ocr_carea' id='block_1_108' title="bbox 1997 4738 3567 4806">
    <p class='ocr_par' dir='ltr' id='par_1_108' title="bbox 1997 4738 3567 4806">
     <span class='ocr_line' id='line_1_108' title="bbox 1997 4738 3567 4806; baseline -0.003 -11"><span class='ocrx_word' id='word_1_855' title='bbox 1997 4742 2157 4796; x_wconf 91' lang='lat' dir='ltr'><strong>bitur.</strong></span> <span class='ocrx_word' id='word_1_856' title='bbox 2196 4740 2259 4793; x_wconf 85' lang='lat' dir='ltr'><strong>Et</strong></span> <span class='ocrx_word' id='word_1_857' title='bbox 2280 4741 2413 4795; x_wconf 82' lang='lat' dir='ltr'><strong>velut</strong></span> <span class='ocrx_word' id='word_1_858' title='bbox 2456 4740 2693 4793; x_wconf 84' lang='lat' dir='ltr'><strong>amictum</strong></span> <span class='ocrx_word' id='word_1_859' title='bbox 2726 4739 2943 4793; x_wconf 72' lang='lat' dir='ltr'><strong>mutabit;</strong></span> <span class='ocrx_word' id='word_1_860' title='bbox 2969 4754 3082 4806; x_wconf 74' lang='lat' dir='ltr'><strong>eos,</strong></span> <span class='ocrx_word' id='word_1_861' title='bbox 3133 4746 3183 4792; x_wconf 84' lang='lat' dir='ltr'><strong>et</strong></span> <span class='ocrx_word' id='word_1_862' title='bbox 3219 4738 3567 4792; x_wconf 81' lang='lat' dir='ltr'><strong>mutabuntur.</strong></span> 
     </span>
    </p>
   </div>
   <div class='ocr_carea' id='block_1_109' title="bbox 1997 4828 3569 4895">
    <p class='ocr_par' dir='ltr' id='par_1_109' title="bbox 1997 4828 3569 4895">
     <span class='ocr_line' id='line_1_109' title="bbox 1997 4828 3569 4895; baseline -0.003 -7"><span class='ocrx_word' id='word_1_863' title='bbox 1997 4832 2237 4888; x_wconf 82' lang='lat' dir='ltr'><strong>Amictus</strong></span> <span class='ocrx_word' id='word_1_864' title='bbox 2266 4832 2462 4886; x_wconf 87' lang='lat' dir='ltr'><strong>dicitur</strong></span> <span class='ocrx_word' id='word_1_865' title='bbox 2495 4831 2564 4887; x_wconf 91' lang='lat' dir='ltr'><strong>ab</strong></span> <span class='ocrx_word' id='word_1_866' title='bbox 2594 4830 2911 4895; x_wconf 89' lang='lat' dir='ltr'><strong>amiciendo,</strong></span> <span class='ocrx_word' id='word_1_867' title='bbox 2946 4830 2997 4885; x_wconf 91' lang='lat' dir='ltr'><strong>id</strong></span> <span class='ocrx_word' id='word_1_868' title='bbox 3026 4836 3108 4884; x_wconf 91' lang='lat' dir='ltr'><strong>est</strong></span> <span class='ocrx_word' id='word_1_869' title='bbox 3138 4828 3519 4885; x_wconf 81' lang='lat' dir='ltr'><strong>circumdanda</strong></span> <span class='ocrx_word' id='word_1_870' title='bbox 3550 4845 3569 4883; x_wconf 91' lang='lat'><strong>:</strong></span> 
     </span>
    </p>
   </div>
   <div class='ocr_carea' id='block_1_110' title="bbox 1995 4920 3573 4995">
    <p class='ocr_par' dir='ltr' id='par_1_110' title="bbox 1995 4920 3573 4995">
     <span class='ocr_line' id='line_1_110' title="bbox 1995 4920 3573 4995; baseline -0.003 -16"><span class='ocrx_word' id='word_1_871' title='bbox 1995 4924 2131 4979; x_wconf 88' lang='lat' dir='ltr'><strong>bene</strong></span> <span class='ocrx_word' id='word_1_872' title='bbox 2162 4938 2289 4995; x_wconf 81' lang='lat' dir='ltr'><strong>ergo</strong></span> <span class='ocrx_word' id='word_1_873' title='bbox 2319 4923 2513 4978; x_wconf 69' lang='lat' dir='ltr'><strong>caelum</strong></span> <span class='ocrx_word' id='word_1_874' title='bbox 2558 4922 2777 4977; x_wconf 91' lang='lat' dir='ltr'><strong>amictui</strong></span> <span class='ocrx_word' id='word_1_875' title='bbox 2803 4928 3161 4991; x_wconf 88' lang='lat' dir='ltr'><strong>comparatur,</strong></span> <span class='ocrx_word' id='word_1_876' title='bbox 3194 4935 3301 4989; x_wconf 84' lang='lat' dir='ltr'><strong>quo</strong></span> <span class='ocrx_word' id='word_1_877' title='bbox 3336 4920 3573 4976; x_wconf 85' lang='lat' dir='ltr'><strong>circum-</strong></span> 
     </span>
    </p>
   </div>
   <div class='ocr_carea' id='block_1_111' title="bbox 1995 5012 3569 5085">
    <p class='ocr_par' dir='ltr' id='par_1_111' title="bbox 1995 5012 3569 5085">
     <span class='ocr_line' id='line_1_111' title="bbox 1995 5012 3569 5085; baseline -0.002 -13"><span class='ocrx_word' id='word_1_878' title='bbox 1995 5019 2204 5080; x_wconf 87' lang='lat' dir='ltr'><strong>damur,</strong></span> <span class='ocrx_word' id='word_1_879' title='bbox 2230 5016 2475 5085; x_wconf 87' lang='lat' dir='ltr'><strong>quoniam</strong></span> <span class='ocrx_word' id='word_1_880' title='bbox 2499 5017 2637 5070; x_wconf 90' lang='lat' dir='ltr'><strong>sicut</strong></span> <span class='ocrx_word' id='word_1_881' title='bbox 2664 5017 2891 5070; x_wconf 84' lang='lat' dir='ltr'><strong>amictus</strong></span> <span class='ocrx_word' id='word_1_882' title='bbox 2919 5014 3205 5068; x_wconf 91' lang='lat' dir='ltr'><strong>humanum</strong></span> <span class='ocrx_word' id='word_1_883' title='bbox 3227 5028 3423 5083; x_wconf 90' lang='lat' dir='ltr'><strong>corpus</strong></span> <span class='ocrx_word' id='word_1_884' title='bbox 3446 5012 3569 5069; x_wconf 90' lang='lat' dir='ltr'><strong>hinc</strong></span> 
     </span>
    </p>
   </div>
   <div class='ocr_carea' id='block_1_112' title="bbox 1998 5112 3569 5185">
    <p class='ocr_par' dir='ltr' id='par_1_112' title="bbox 1998 5112 3569 5185">
     <span class='ocr_line' id='line_1_112' title="bbox 1998 5112 3569 5185; baseline -0.003 -13"><span class='ocrx_word' id='word_1_885' title='bbox 1998 5117 2120 5173; x_wconf 92' lang='lat' dir='ltr'><strong>inde</strong></span> <span class='ocrx_word' id='word_1_886' title='bbox 2155 5116 2352 5185; x_wconf 77' lang='lat' dir='ltr'><strong>cingit,</strong></span> <span class='ocrx_word' id='word_1_887' title='bbox 2387 5116 2458 5169; x_wconf 91' lang='lat' dir='ltr'><strong>ita</strong></span> <span class='ocrx_word' id='word_1_888' title='bbox 2484 5116 2676 5171; x_wconf 83' lang='lat' dir='ltr'><strong>coelum</strong></span> <span class='ocrx_word' id='word_1_889' title='bbox 2720 5131 2784 5171; x_wconf 90' lang='lat' dir='ltr'><strong>ex</strong></span> <span class='ocrx_word' id='word_1_890' title='bbox 2810 5114 2956 5171; x_wconf 90' lang='lat' dir='ltr'><strong>omni</strong></span> <span class='ocrx_word' id='word_1_891' title='bbox 2982 5122 3133 5185; x_wconf 90' lang='lat' dir='ltr'><strong>parte</strong></span> <span class='ocrx_word' id='word_1_892' title='bbox 3161 5112 3326 5183; x_wconf 83' lang='lat' dir='ltr'><strong>cingit</strong></span> <span class='ocrx_word' id='word_1_893' title='bbox 3370 5119 3569 5168; x_wconf 83' lang='lat' dir='ltr'><strong>terram</strong></span> 
     </span>
    </p>
   </div>
   <div class='ocr_carea' id='block_1_113' title="bbox 1999 5205 3625 5283">
    <p class='ocr_par' dir='ltr' id='par_1_113' title="bbox 1999 5205 3625 5283">
     <span class='ocr_line' id='line_1_113' title="bbox 1999 5205 3625 5283; baseline -0.002 -16"><span class='ocrx_word' id='word_1_894' title='bbox 1999 5226 2148 5283; x_wconf 56' lang='lat' dir='ltr'><strong>aequa</strong></span> <span class='ocrx_word' id='word_1_895' title='bbox 2174 5212 2323 5265; x_wconf 91' lang='lat' dir='ltr'><strong>lance</strong></span> <span class='ocrx_word' id='word_1_896' title='bbox 2350 5211 2594 5266; x_wconf 90' lang='lat' dir='ltr'><strong>libratam</strong></span> <span class='ocrx_word' id='word_1_897' title='bbox 2627 5228 2639 5265; x_wconf 90' lang='lat'><strong>:</strong></span> <span class='ocrx_word' id='word_1_898' title='bbox 2674 5212 2814 5268; x_wconf 84' lang='lat' dir='ltr'><strong>unde</strong></span> <span class='ocrx_word' id='word_1_899' title='bbox 2841 5218 2895 5266; x_wconf 91' lang='lat' dir='ltr'><strong>et</strong></span> <span class='ocrx_word' id='word_1_900' title='bbox 2919 5207 3351 5280; x_wconf 85' lang='lat' dir='ltr'><strong>pelli‘animantis</strong></span> <span class='ocrx_word' id='word_1_901' title='bbox 3378 5205 3485 5263; x_wconf 88' lang='lat' dir='ltr'><strong>alio</strong></span> <span class='ocrx_word' id='word_1_902' title='bbox 3513 5207 3570 5263; x_wconf 89' lang='lat' dir='ltr'><strong>in</strong></span> <span class='ocrx_word' id='word_1_903' title='bbox 3619 5270 3625 5281; x_wconf 30' lang='grc' dir='ltr'><em>ί</em></span> 
     </span>
    </p>
   </div>
   <div class='ocr_carea' id='block_1_114' title="bbox 2000 5307 3570 5382">
    <p class='ocr_par' dir='ltr' id='par_1_114' title="bbox 2000 5307 3570 5382">
     <span class='ocr_line' id='line_1_114' title="bbox 2000 5307 3570 5382; baseline -0.003 -15"><span class='ocrx_word' id='word_1_904' title='bbox 2000 5313 2116 5367; x_wconf 91' lang='lat' dir='ltr'><strong>loco</strong></span> <span class='ocrx_word' id='word_1_905' title='bbox 2129 5320 2486 5382; x_wconf 90' lang='lat' dir='ltr'><strong>comparatur,</strong></span> <span class='ocrx_word' id='word_1_906' title='bbox 2500 5312 2712 5373; x_wconf 87' lang='lat' dir='ltr'><strong>dicente</strong></span> <span class='ocrx_word' id='word_1_907' title='bbox 2728 5311 3006 5367; x_wconf 86' lang='lat' dir='ltr'><strong>Psalmista</strong></span> <span class='ocrx_word' id='word_1_908' title='bbox 3025 5307 3570 5365; x_wconf 62' lang='lat' dir='ltr'><strong>:Extendenaoalum</strong></span> 
     </span>
    </p>
   </div>
   <div class='ocr_carea' id='block_1_115' title="bbox 1998 5399 3560 5474">
    <p class='ocr_par' dir='ltr' id='par_1_115' title="bbox 1998 5399 3560 5474">
     <span class='ocr_line' id='line_1_115' title="bbox 1998 5399 3560 5474; baseline -0.003 -16"><span class='ocrx_word' id='word_1_909' title='bbox 1998 5403 2134 5459; x_wconf 92' lang='lat' dir='ltr'><strong>sicut</strong></span> <span class='ocrx_word' id='word_1_910' title='bbox 2165 5404 2377 5473; x_wconf 85' lang='lat' dir='ltr'><strong>pellem.</strong></span> <span class='ocrx_word' id='word_1_911' title='bbox 2406 5403 2630 5459; x_wconf 86' lang='lat' dir='ltr'><strong>Mutabis</strong></span> <span class='ocrx_word' id='word_1_912' title='bbox 2653 5401 2867 5474; x_wconf 91' lang='lat' dir='ltr'><strong>(inquit)</strong></span> <span class='ocrx_word' id='word_1_913' title='bbox 2889 5402 3083 5458; x_wconf 74' lang='lat' dir='ltr'><strong>ctelum</strong></span> <span class='ocrx_word' id='word_1_914' title='bbox 3113 5400 3251 5457; x_wconf 84' lang='lat' dir='ltr'><strong>sicut</strong></span> <span class='ocrx_word' id='word_1_915' title='bbox 3269 5399 3560 5457; x_wconf 83' lang='lat' dir='ltr'><strong>amictum:</strong></span> 
     </span>
    </p>
   </div>
   <div class='ocr_carea' id='block_1_116' title="bbox 2000 5502 3617 5581">
    <p class='ocr_par' dir='ltr' id='par_1_116' title="bbox 2000 5502 3617 5581">
     <span class='ocr_line' id='line_1_116' title="bbox 2000 5502 3617 5581; baseline 0 -22"><span class='ocrx_word' id='word_1_916' title='bbox 2000 5519 2061 5559; x_wconf 90' lang='lat' dir='ltr'><strong>ac</strong></span> <span class='ocrx_word' id='word_1_917' title='bbox 2090 5504 2133 5559; x_wconf 90' lang='lat' dir='ltr'><strong>si</strong></span> <span class='ocrx_word' id='word_1_918' title='bbox 2163 5504 2385 5572; x_wconf 90' lang='lat' dir='ltr'><strong>diceret,</strong></span> <span class='ocrx_word' id='word_1_919' title='bbox 2418 5504 2565 5560; x_wconf 87' lang='lat' dir='ltr'><strong>Sicut</strong></span> <span class='ocrx_word' id='word_1_920' title='bbox 2603 5505 2829 5559; x_wconf 87' lang='lat' dir='ltr'><strong>amictus</strong></span> <span class='ocrx_word' id='word_1_921' title='bbox 2856 5502 3017 5559; x_wconf 89' lang='lat' dir='ltr'><strong>facile</strong></span> <span class='ocrx_word' id='word_1_922' title='bbox 3047 5502 3353 5573; x_wconf 85' lang='lat' dir='ltr'><strong>plicabitur,</strong></span> <span class='ocrx_word' id='word_1_923' title='bbox 3379 5503 3424 5558; x_wconf 87' lang='lat' dir='ltr'><strong>si</strong></span> <span class='ocrx_word' id='word_1_924' title='bbox 3456 5502 3569 5559; x_wconf 81' lang='lat' dir='ltr'><strong>fue-</strong></span> <span class='ocrx_word' id='word_1_925' title='bbox 3616 5578 3617 5581; x_wconf 15' lang='grc' dir='ltr'><strong>η</strong></span> 
     </span>
    </p>
   </div>
   <div class='ocr_carea' id='block_1_117' title="bbox 2000 5595 3568 5665">
    <p class='ocr_par' dir='ltr' id='par_1_117' title="bbox 2000 5595 3568 5665">
     <span class='ocr_line' id='line_1_117' title="bbox 2000 5595 3568 5665; baseline 0.002 -17"><span class='ocrx_word' id='word_1_926' title='bbox 2000 5595 2071 5649; x_wconf 90' lang='lat' dir='ltr'><strong>rit</strong></span> <span class='ocrx_word' id='word_1_927' title='bbox 2100 5604 2351 5651; x_wconf 85' lang='lat' dir='ltr'><strong>extensus</strong></span> <span class='ocrx_word' id='word_1_928' title='bbox 2377 5635 2393 5662; x_wconf 92' lang='lat'><strong>,</strong></span> <span class='ocrx_word' id='word_1_929' title='bbox 2434 5609 2723 5665; x_wconf 88' lang='lat' dir='ltr'><strong>rursusque</strong></span> <span class='ocrx_word' id='word_1_930' title='bbox 2766 5595 2991 5664; x_wconf 85' lang='lat' dir='ltr'><strong>plicatus</strong></span> <span class='ocrx_word' id='word_1_931' title='bbox 3020 5595 3209 5651; x_wconf 87' lang='lat' dir='ltr'><strong>leviter</strong></span> <span class='ocrx_word' id='word_1_932' title='bbox 3237 5595 3568 5663; x_wconf 84' lang='lat' dir='ltr'><strong>extenditur;</strong></span> 
     </span>
    </p>
   </div>
   <div class='ocr_carea' id='block_1_118' title="bbox 2000 5686 3572 5761">
    <p class='ocr_par' dir='ltr' id='par_1_118' title="bbox 2000 5686 3572 5761">
     <span class='ocr_line' id='line_1_118' title="bbox 2000 5686 3572 5761; baseline -0.001 -19"><span class='ocrx_word' id='word_1_933' title='bbox 2000 5696 2054 5742; x_wconf 90' lang='lat' dir='ltr'><strong>et</strong></span> <span class='ocrx_word' id='word_1_934' title='bbox 2082 5687 2127 5741; x_wconf 91' lang='lat' dir='ltr'><strong>si</strong></span> <span class='ocrx_word' id='word_1_935' title='bbox 2155 5686 2311 5742; x_wconf 88' lang='lat' dir='ltr'><strong>fuerit</strong></span> <span class='ocrx_word' id='word_1_936' title='bbox 2339 5687 2586 5743; x_wconf 91' lang='lat' dir='ltr'><strong>sordibus</strong></span> <span class='ocrx_word' id='word_1_937' title='bbox 2608 5686 2999 5757; x_wconf 87' lang='lat' dir='ltr'><strong>coinquinatus,</strong></span> <span class='ocrx_word' id='word_1_938' title='bbox 3026 5686 3178 5761; x_wconf 77' lang='lat' dir='ltr'><strong>facile</strong></span> <span class='ocrx_word' id='word_1_939' title='bbox 3208 5696 3385 5757; x_wconf 86' lang='lat' dir='ltr'><strong>potest</strong></span> <span class='ocrx_word' id='word_1_940' title='bbox 3413 5702 3572 5741; x_wconf 88' lang='lat' dir='ltr'><strong>mun-</strong></span> 
     </span>
    </p>
   </div>
   <div class='ocr_carea' id='block_1_119' title="bbox 2001 5788 3569 5860">
    <p class='ocr_par' dir='ltr' id='par_1_119' title="bbox 2001 5788 3569 5860">
     <span class='ocr_line' id='line_1_119' title="bbox 2001 5788 3569 5860; baseline -0.001 -18"><span class='ocrx_word' id='word_1_941' title='bbox 2001 5788 2115 5845; x_wconf 89' lang='lat' dir='ltr'><strong>dari</strong></span> <span class='ocrx_word' id='word_1_942' title='bbox 2147 5805 2159 5843; x_wconf 86' lang='lat'><strong>:</strong></span> <span class='ocrx_word' id='word_1_943' title='bbox 2212 5788 2282 5844; x_wconf 87' lang='lat' dir='ltr'><strong>ita</strong></span> <span class='ocrx_word' id='word_1_944' title='bbox 2313 5788 2503 5844; x_wconf 74' lang='lat' dir='ltr'><strong>cmlum</strong></span> <span class='ocrx_word' id='word_1_945' title='bbox 2536 5801 2563 5842; x_wconf 94' lang='lat' dir='ltr'><strong>a</strong></span> <span class='ocrx_word' id='word_1_946' title='bbox 2597 5793 2649 5844; x_wconf 91' lang='lat' dir='ltr'><strong>te</strong></span> <span class='ocrx_word' id='word_1_947' title='bbox 2680 5795 2959 5845; x_wconf 82' lang='lat' dir='ltr'><strong>extensum</strong></span> <span class='ocrx_word' id='word_1_948' title='bbox 2993 5799 3151 5859; x_wconf 88' lang='lat' dir='ltr'><strong>atque</strong></span> <span class='ocrx_word' id='word_1_949' title='bbox 3180 5788 3569 5860; x_wconf 82' lang='lat' dir='ltr'><strong>compositum;</strong></span> 
     </span>
    </p>
   </div>
  </div>
