3996 6498
494 311 596 359 695

1603 323 1899 380 PRIMASII
1938 323 2393 384 ADRUMETANI
2431 328 2643 385 EPISC.

3646 343 3750 398 696

494 418 677 488 sicque
709 418 960 479 facilitate
987 422 1510 499 incomprehensibili
1535 433 1586 488 in
1616 434 1704 489 die
1725 436 1913 504 judicii
1953 453 2071 492 mu-
2098 439 2150 498 Α
2177 439 2247 503 ei,
2282 448 2338 494 et
2381 441 2562 496 decies
2599 449 2823 498 centena
2862 443 3028 501 millia
3071 447 3427 505 assistebant?
3467 448 3752 518 Quomodo

499 509 696 564 tabitur
736 512 800 566 ab
831 514 930 569 hac
953 515 1116 584 ﬁgura
1156 529 1204 572 et
1231 522 1410 588 specie
1451 524 1503 577 in
1553 525 1833 581 meliorem
1857 569 1871 591 ,
1919 537 1974 582 et
2013 538 2074 584 ut

497 594 805 652 ostenderet
823 596 934 666 jam
957 599 1091 654 facta
1115 601 1323 657 Domini
1352 605 1449 660 sub
1474 609 1773 665 mternitate
1796 626 2069 678 mansura,

497 684 698 742 addidit
751 707 764 743 :
815 690 883 746 Et
912 694 1282 761 mutabuntur;
1309 699 1462 766 quasi
1503 699 1747 757 diceret:
1783 704 2068 776 Postquam

497 780 686 834 mutati
709 780 924 847 fuerint,
951 784 1002 838 in
1021 799 1081 840 ea
1105 787 1340 844 novitate
1360 794 1771 862 permanebunt;
1798 813 2068 867 nunquam

497 866 563 920 ad
587 866 686 924 hoc
714 872 1061 941 corruptibile
1086 876 1332 932 redituri.
1366 879 1446 934 Tu
1475 892 1643 936 autem
1663 885 1816 953 {idem
1842 866 1950 958 ipse
1977 906 2032 944 es
2051 933 2068 958 ,

496 967 544 1012 et
571 963 692 1015 anni
715 964 787 1016 tui
807 979 908 1018 non
931 965 1182 1035 deﬁcient.
1215 970 1351 1026 Ecce
1375 972 1676 1031 diﬁ‘erentia
1699 978 1839 1033 inter
1859 990 2070 1038 creatu-

497 1068 612 1109 ram
656 1057 1022 1125 temporaliter
1050 1059 1241 1117 factam
1269 1074 1322 1120 et
1345 1065 1657 1123 Creatorem
1705 1070 1757 1124 in
1789 1084 1882 1126 sua
1908 1081 2068 1129 arter-

496 1144 660 1199 nitate
677 1147 951 1216 aequaliter
969 1162 1271 1208 manentem
1304 1172 1319 1209 :
1345 1156 1396 1210 in
1422 1159 1843 1229 omnipotentem
1866 1166 2065 1222 etenim

494 1234 658 1288 Deum
690 1251 794 1292 non
825 1240 966 1295 cadit
1003 1246 1330 1311 praeteritum
1362 1249 1444 1303 vel
1474 1248 1735 1318 futurum,
1769 1269 1940 1324 neque
1968 1257 2068 1311 ali-

491 1340 592 1395 qua
619 1330 971 1399 mutabilitas;
1013 1336 1107 1390 sed
1136 1339 1314 1392 omnia
1345 1350 1467 1394 sunt
1496 1342 1544 1396 ei
1571 1345 1853 1412 praesentia
1873 1387 1888 1411 ,
1918 1363 2067 1403 sem-

490 1430 690 1485 perque
719 1429 800 1474 est
827 1422 1201 1492 immutabilis;
1233 1428 1374 1483 unde
1403 1430 1680 1489 Psalmista
1709 1437 2064 1496 aeternitatem

488 1517 544 1564 et
586 1511 1061 1573 immutabilitatem
1094 1520 1249 1576 Verbi
1301 1524 1394 1580 Dei
1425 1527 1605 1582 subtili
1634 1531 2067 1591 consideratione

488 1604 860 1672 perpendens,
903 1611 1235 1666 substantivo
1269 1615 1433 1670 verbo
1483 1619 1762 1686 prtesentis
1811 1625 2066 1690 temporis

485 1707 618 1746 usus
640 1705 739 1760 est,
791 1695 1016 1767 loquens
1043 1701 1108 1755 de
1137 1702 1227 1756 illo
1275 1721 1288 1757 :
1327 1705 1532 1762 Caelum
1577 1709 1795 1782 (inquit)
1831 1722 1885 1768 et
1919 1723 2064 1771 terra

488 1784 850 1851 mutabuntur;
879 1798 932 1842 tu
968 1799 1143 1847 autem
1170 1794 1308 1849 idem
1337 1797 1453 1866 ipse
1483 1814 1541 1855 es
1575 1819 1586 1854 :
1621 1803 1781 1858 modo
1809 1807 1899 1874 qui
1943 1822 2064 1865 eras
2095 1803 2144 1863 B

485 1883 609 1926 ante
640 1875 817 1931 omnia
849 1881 1062 1936 saecula.
1100 1883 1160 1936 Et
1190 1887 1311 1940 anni
1334 1890 1429 1955 tui,
1463 1890 1513 1944 id
1541 1901 1621 1946 est
1652 1897 1923 1952 aeternitas
1949 1908 2060 1967 tua,

484 1978 589 2019 non
626 1965 896 2024 deﬁcient.
923 1970 1038 2040 ipse
1059 1989 1204 2044 ergo,
1230 1979 1318 2046 qui
1341 1994 1552 2050 semper
1580 1982 1737 2040 habet
1758 2002 1896 2055 esse,
1930 1965 2061 2048 dicit

482 2053 552 2110 de
580 2059 868 2127 semetipso
921 2064 986 2117 ad
1019 2065 1230 2134 Moysen
1271 2087 1282 2123 :
1335 2070 1446 2140 Ego
1474 2089 1592 2128 sum
1632 2079 1719 2146 qui
1748 2053 1889 2135 sum.
1933 2082 2059 2139 Haec

480 2145 628 2204 dices
654 2149 775 2204 ﬁliis
797 2152 986 2210 Israel:
1009 2156 1108 2223 Qui
1142 2169 1223 2213 est
1256 2162 1397 2216 misit
1431 2180 1515 2219 me
1546 2167 1610 2220 ad
1636 2145 1748 2224 vos.
1783 2172 2060 2245 Quaprop-

477 2246 562 2293 ter
587 2241 760 2296 omnis
783 2255 1026 2301 creatura
1059 2249 1412 2316 rationabilis,
1444 2271 1559 2324 quae
1582 2273 1678 2327 per
1706 2275 1764 2315 sc
1787 2241 2057 2322 mutabilis

478 2338 582 2395 est,
605 2341 696 2386 aut
727 2337 1065 2404 temporalis,
1099 2354 1440 2411 summepcrc
1471 2347 1714 2406 laborare
1743 2353 1900 2411 debet
1927 2373 2057 2429 qua-

477 2427 635 2475 tenus
667 2423 715 2477 ei
747 2435 928 2492 posset
955 2429 1205 2501 conjungi
1233 2442 1286 2487 et
1316 2433 1520 2493 haerere
1553 2442 1638 2507 qui
1671 2459 1880 2515 semper
1913 2423 2054 2508 idem

477 2522 677 2566 manet.
721 2515 802 2568 Ad
841 2534 987 2586 quem
1027 2529 1194 2576 autem
1226 2527 1524 2596 angelorum
1569 2534 1699 2587 dixit
1741 2538 2056 2608 aliquando:

480 2599 616 2654 Sede
652 2619 684 2655 a
727 2605 919 2662 dextris
961 2613 1118 2680 meis,
1151 2631 1416 2688 quousque
1449 2639 1633 2691 ponam
1671 2628 1902 2686 inimicos
1940 2643 2056 2692 tuos

477 2689 752 2747 scabellum
781 2698 966 2766 pedum
996 2707 1246 2760 tuorum?
1279 2689 1564 2781 Postquam
1600 2719 1929 2787 majestatem
1971 2689 2053 2783 di;

475 2782 615 2838 vina:
641 2790 952 2847 aeternitatis
975 2798 1211 2854 ostendit
1255 2802 1308 2856 in
1336 2802 1472 2859 Filio
1498 2822 1619 2865 esse
1637 2851 1656 2885 ι
1701 2814 1892 2870 iterum
1922 2833 2054 2874 con-

475 2875 635 2930 vertit
659 2876 846 2935 beatus
876 2885 1167 2952 Apostolus
1196 2904 1497 2952 sermonem
1516 2900 1580 2954 ad
1607 2875 2049 2972 gloriﬁcationem

475 2965 594 3065 ejus
622 2969 967 3044 humilitatis,
993 2980 1177 3037 dicens
1214 3003 1224 3036 :
1258 2986 1338 3041 Ad
1369 3005 1524 3059 quem
1553 2965 1862 3065 angelorum
1913 2965 2052 3060 dixit

475 3056 789 3153 aliquando:
821 3065 960 3124 Sede
986 3085 1015 3125 a
1047 3073 1252 3132 dextris
1274 3056 1444 3135 meis?
1472 3056 1760 3144 subaddis:
1787 3056 2044 3153 Nullum:

473 3149 602 3203 nulli
633 3153 775 3209 enim
811 3157 1275 3235 archangelorum,
1305 3172 1436 3228 nulli
1459 3174 1907 3253 dominationum,
1951 3197 2044 3245 aut
2073 3179 2120 3245 C

470 3240 724 3299 virtutum
745 3287 760 3315 ,
788 3249 899 3305 sive
934 3253 1327 3326 principatuum
1361 3263 1498 3321 hanc
1531 3268 1752 3337 gloriam
1779 3279 2048 3334 concessit

473 3331 611 3388 Deus
635 3335 811 3406 Pater,
837 3350 895 3396 ut
916 3344 964 3398 ei
994 3344 1227 3405 diceret:
1255 3353 1392 3409 Sede
1419 3371 1447 3410 a
1479 3331 1679 3417 de‘xtris
1711 3365 1845 3420 meis
1871 3408 1886 3432 ,
1945 3370 2048 3425 hoc

470 3431 570 3488 est,
591 3423 766 3481 habita
783 3444 1011 3501 mecum,
1035 3441 1317 3509 etquiesce
1339 3445 1394 3498 in
1418 3447 1746 3515 plenitudine
1770 3471 1903 3512 meae
1928 3474 2046 3514 ma-

464 3513 676 3582 jestatis
711 3536 724 3573 :
758 3520 955 3579 Victori
973 3538 1147 3584 autem
1167 3531 1324 3600 Filio,
1357 3513 1604 3595 et-totius
1622 3544 1805 3599 mundi
1835 3562 1930 3616 per
1957 3551 2043 3606 in-

468 3607 794 3664 carnationis
847 3628 957 3670 sua:
1001 3617 1452 3688 dispensationem
1488 3631 1889 3707 triumphatori,
1926 3650 2044 3707 post

465 3703 875 3758 resurrectionis
901 3706 1123 3774 gloriam
1152 3715 1558 3786 quadragesimo
1587 3722 1675 3778 die
1701 3763 1717 3790 ,
1752 3703 1886 3781 dicit
1922 3703 1971 3785 ei
2025 3750 2038 3788 :

465 3787 743 3846 LalioraSti
760 3794 811 3847 in
833 3799 1099 3867 passione,
1117 3802 1366 3861 laborasti
1381 3809 1432 3863 in
1451 3811 1816 3884 redemptione
1829 3823 2040 3888 generis

464 3879 707 3948 humani,
737 3885 952 3951 quiesce
998 3904 1205 3948 mecum
1251 3897 1301 3950 in
1331 3899 1529 3967 gloria,
1561 3906 1905 3979 quoadusque
1945 3927 2040 3980 po-

463 3983 587 4022 nam
616 3971 861 4031 inimicos
890 3989 1008 4036 tuos
1038 3992 1095 4038 ut
1133 3986 1239 4040 sint.
1261 3990 1553 4049 scabellum
1578 3971 1769 4066 pedum
1799 4009 2035 4065 tuorum.

460 4059 840 4137 Quoadusque,
878 4073 960 4127 vel
989 4073 1178 4145 donec,
1203 4095 1308 4137 non
1329 4059 1591 4154 signiﬁcai
1615 4090 1772 4147 ﬁnem
1805 4059 2038 4168 alicujus

462 4160 717 4225 temporis
749 4161 848 4218 isto
875 4165 927 4220 in
957 4166 1105 4236 loco,
1148 4174 1241 4228 sed
1267 4189 1364 4244 pro
1396 4179 1603 4235 inﬁnito
1625 4192 1679 4237 et
1706 4160 2036 4256 sempiterno

456 4246 690 4312 positum
731 4262 841 4321 est;
894 4260 1041 4326 quasi
1075 4261 1275 4320 diceret
1312 4270 1429 4324 aliis
1461 4274 1675 4330 verbis:
1713 4278 1792 4332 Tu
1825 4246 2038 4352 semper

457 4337 632 4394 habita
666 4343 717 4397 in
756 4346 1083 4414 plenitudine
1122 4358 1420 4428 majestatis
1455 4379 1616 4432 meae;
1652 4371 1780 4439 quia
1820 4337 2035 4444 semper

455 4430 730 4498 subjiciam
756 4443 1040 4497 aaternitati
1069 4455 1172 4501 tute
1205 4451 1449 4510 inimicos
1478 4467 1594 4512 tuos
1627 4459 1841 4519 Judaeos
1871 4430 2032 4524 alios-

453 4533 554 4585 que
600 4524 919 4623 incredulos.
972 4535 1138 4593 Pedes
1184 4545 1382 4599 etenim
1430 4548 1638 4606 Domini
1678 4557 2026 4615 Stabilitatem
2054 4574 2108 4635 ι)

452 4613 766 4721 aeternitatis
821 4621 1128 4693 designant;
1165 4634 1253 4687 ubi
1285 4637 1373 4691 ille
1405 4648 1654 4710 tanquam
1695 4647 1746 4700 in
1789 4651 2024 4721 vestigiis

450 4698 621 4756 ﬁrmis
648 4705 841 4764 virtute
874 4716 1270 4785 omnipotentiae
1298 4739 1408 4781 sua:
1436 4735 1700 4788 consistit.
1737 4698 2023 4799 Possumus

450 4803 503 4847 et
533 4798 693 4863 pedes
711 4816 813 4856 non
840 4803 1128 4879 incongrue
1152 4820 1463 4887 mysterium
1490 4824 1875 4886 incarnationis
1905 4836 2022 4904 ejus

445 4887 743 4960 intelligere
770 4895 974 4956 duobus
1002 4905 1176 4961 modis
1206 4926 1217 4961 :
1251 4913 1492 4978 quotidie
1520 4917 1874 4988 subjiciuntur

445 4982 571 5037 mici
600 4984 762 5051 illius,
787 4990 912 5046 dum
942 4996 1190 5055 videlicet
1213 5004 1459 5061 vitiorum
1483 4982 1641 5079 atque
1689 5015 2021 5078 inﬁdelitatis

442 5080 823 5139 contrarietate
855 5085 1128 5159 derelicta,
1162 5105 1352 5163 sponte
1382 5114 1440 5154 se
1470 5101 1704 5160 subdunt
1737 5109 1812 5163 illi
1840 5111 1904 5165 ad
1934 5128 2021 5166 sa-

442 5168 641 5243 lutem,
667 5185 726 5230 ut
752 5179 852 5232 sub
885 5179 975 5235 illo
1016 5192 1279 5256 tueantur;
1311 5191 1395 5246 vel
1424 5204 1569 5251 certe
1595 5198 1718 5254 dum
1748 5205 1931 5260 nolunt
1962 5208 2016 5264 in

447 5276 567 5318 eum
597 5266 846 5335 credere,
891 5275 1062 5329 coacti
1105 5279 1459 5349 subjiciuntur
1499 5287 1605 5356 illi,
1642 5300 1696 5345 et
1745 5295 2018 5357 calcantur

442 5353 677 5412 dominio
716 5365 992 5430 potestatis
1041 5368 1176 5438 ejus.
1211 5372 1398 5429 Nonne
1433 5353 1605 5434 omnes
1649 5394 1765 5437 sunt
1795 5388 2015 5443 admini-

443 5450 670 5502 stratorii
696 5453 908 5521 spiritus
947 5458 1001 5512 in
1027 5461 1366 5519 ministerium
1407 5471 1549 5524 missi
1581 5484 1787 5543 propter
1818 5494 1901 5532 eos
1929 5484 2017 5550 qui

442 5535 785 5597 hwreditatem
807 5548 1014 5617 capiunt
1040 5554 1260 5610 salutis?
1284 5556 1340 5612 Si
1363 5574 1551 5616 omnes
1580 5535 1804 5633 spiritus
1823 5535 2013 5625 caeles-

443 5627 573 5684 tium
601 5632 850 5692 virtutum
875 5642 1156 5702 mittuntur
1176 5649 1241 5703 ad
1258 5652 1482 5707 salutem
1504 5627 1861 5726 credentium,
1885 5664 2010 5731 quid

446 5723 698 5791 estquod
751 5727 936 5790 Daniel
962 5735 1096 5793 dixit
1126 5755 1140 5793 :
1173 5739 1332 5798 Millia
1364 5744 1588 5801 millium
1635 5723 2008 5810 ministrabant

2180 534 2321 586 enim
2353 550 2541 589 omnes
2570 538 2871 607 mittuntur,
2896 539 2941 593 si
2961 539 3137 596 decies
3157 551 3380 598 centena
3405 546 3569 600 millia
3595 549 3642 602 ei
3666 562 3753 603 as-

2177 623 2407 679 sistunt?
2437 627 2838 698 Intelligendum
2888 645 3014 701 ergo
3044 632 3185 702 quod
3209 635 3547 705 omnipotens
3585 639 3746 704 Deus,

2176 718 2266 786 qui
2311 720 2533 789 spiritus
2561 732 2643 776 est
2701 724 3228 795 incircumscriptus,
3267 733 3448 784 omnia
3480 731 3666 799 implet
3694 742 3751 787 et

2177 809 2373 881 ubique
2408 821 2552 869 totus
2574 825 2684 878 est;
2709 826 3034 887 quapropter
3059 818 3330 889 angelicus
3352 823 3573 891 spiritus
3599 865 3616 888 ,
3658 826 3748 891 qui

2174 901 2609 975 circumscriptus
2634 917 2739 974 est,
2764 922 3081 977 quocunque
3105 909 3370 976 mittatur,
3397 912 3530 966 intra
3562 913 3743 969 Domi-

2172 1004 2302 1047 num
2327 995 2517 1060 currit,
2546 996 2930 1067 dominumque
2949 1013 3162 1068 semper
3189 1012 3505 1070 praesentem
3540 1003 3702 1060 habet
3732 1027 3745 1062 :

2171 1085 2403 1156 ideoque
2429 1089 2527 1156 ipsi
2552 1089 2643 1158 qui
2665 1091 2968 1157 mittuntur,
2994 1092 3092 1160 ipsi
3125 1093 3284 1148 etiam
3312 1103 3368 1149 et
3389 1097 3648 1151 assistunt
3672 1100 3745 1153 ei.

2173 1174 2273 1230 Vel
2303 1188 2449 1233 certe
2479 1180 2678 1236 idcirco
2717 1196 2903 1237 omnes
2934 1182 3075 1236 mitti
3101 1184 3354 1240 dicuntur
3374 1228 3388 1250 ,
3430 1189 3558 1257 quia
3608 1188 3746 1243 sicut

2171 1267 2431 1341 Didymus
2461 1271 2676 1329 Graecus
2723 1273 2776 1329 in
2806 1274 2945 1330 libro
2973 1275 3039 1329 de
3065 1275 3267 1346 Spiritu
3295 1288 3482 1332 sancto
3505 1279 3584 1332 ait
3605 1321 3622 1346 ,
3681 1296 3746 1335 ex

2170 1361 2416 1418 omnibus
2448 1364 2722 1420 ordinibus
2752 1366 3048 1421 caelestium
3076 1367 3397 1437 dignitatum
3429 1368 3740 1435 mittuntur;

2170 1453 2310 1507 sicut
2363 1453 2663 1510 Gabrielem
2694 1497 2710 1525 ,
2758 1457 3070 1514 Michaelem
3120 1460 3471 1530 archangelos
3519 1462 3743 1532 legimus

2169 1543 2363 1600 missos
2389 1547 2440 1600 in
2469 1547 2739 1604 volumine
2769 1551 3022 1617 Danielis,
3051 1553 3376 1622 Raphaelem
3405 1555 3473 1610 ad
3493 1555 3735 1622 Tobiam;

2170 1651 2308 1692 unus
2337 1641 2499 1694 etiam
2533 1640 2601 1696 de
2630 1643 2898 1712 seraphim
2954 1645 3146 1714 legitur
3192 1646 3389 1703 missus
3415 1648 3481 1702 ad
3513 1647 3697 1704 Isaiam
3721 1694 3736 1718 ,

2171 1728 2384 1796 quando
2415 1731 2618 1785 calculo
2649 1734 2818 1804 tetigit
2850 1735 2984 1790 labia
3013 1737 3152 1805 ejus,
3185 1747 3240 1792 et
3267 1739 3405 1793 sicut
3433 1739 3740 1810 frequenter

2169 1820 2341 1889 angeli
2384 1821 2631 1891 leguntur
2659 1827 2723 1878 ad
2755 1836 2968 1880 sanctos
2989 1829 3159 1883 missi.
3197 1829 3534 1886 Generaliter
3565 1841 3736 1887 autem

2169 1909 2305 1964 sicut
2343 1912 2591 1970 doctores
2637 1916 2853 1984 dicunt,
2903 1919 3186 1988 unicuique
3233 1922 3468 1978 ﬁdelium
3522 1924 3590 1979 ab
3622 1933 3737 1980 ortu

2166 2005 2484 2072 nativitatis,
2513 2009 2596 2064 vel
2624 2012 2801 2079 potius
2833 2027 2862 2064 a
2895 2021 3135 2084 tempore
3162 2014 3497 2085 baptismatis
3525 2016 3682 2072 datur
3707 2032 3736 2073 a

2167 2096 2277 2150 Deo
2307 2098 2528 2169 angelus
2557 2099 2626 2154 ad
2655 2100 2739 2156 sui
2768 2105 3064 2159 custodiam
3085 2146 3101 2171 ,
3139 2114 3193 2161 et
3220 2107 3306 2176 qui
3329 2107 3555 2162 suadeat
3605 2108 3735 2165 bona

2165 2200 2362 2256 agere;
2398 2189 2540 2245 unde
2565 2190 2857 2259 Apostolus
2891 2194 2975 2249 hic
2996 2196 3125 2251 dicit
3155 2215 3168 2250 :
3200 2197 3344 2252 Missi
3373 2208 3504 2254 sunt
3539 2199 3608 2254 azl
3643 2203 3734 2256 mi-

2163 2277 2440 2336 nisterium
2467 2282 2672 2352 salutis,
2701 2294 2916 2356 propter
2932 2303 3024 2344 eos
3050 2290 3138 2358 qui
3166 2290 3532 2347 hereditatem
3555 2296 3732 2363 patrie

2161 2368 2400 2425 caelestis
2445 2383 2568 2429 sunt
2610 2379 2935 2445 percepturi.
2983 2379 3037 2432 In
3067 2379 3168 2435 hoc
3223 2396 3350 2452 ergo
3401 2386 3555 2450 loco,
3601 2385 3730 2440 sicut

2161 2465 2416 2535 diximus,
2450 2483 2636 2526 omnes
2681 2472 2981 2540 mittuntur,
3013 2476 3132 2543 quia
3163 2490 3229 2531 ex
3258 2476 3507 2532 omnibus
3535 2479 3728 2533 ordini-

2161 2557 2260 2614 bus
2287 2559 2572 2616 mittuntur
2604 2580 2620 2622 :
2657 2562 3005 2637 ejusdemque
3034 2567 3308 2639 dignitatis
3337 2579 3462 2624 sunt
3493 2571 3583 2640 qui
3615 2570 3728 2624 mit-

2160 2657 2366 2716 tuntur,
2398 2653 2549 2721 cujus
2579 2662 2633 2709 et
2660 2656 2748 2724 qui
2770 2657 3022 2712 assistunt
3047 2675 3061 2712 :
3087 2659 3168 2713 vel
3191 2669 3358 2729 certe,
3390 2661 3516 2730 quia
3546 2675 3725 2717 omnes

2156 2740 2400 2811 ejusdem
2432 2745 2722 2802 voluntatis
2748 2759 2901 2816 sunt,
2951 2761 3002 2806 et
3027 2751 3150 2807 dum
3181 2752 3253 2806 illi
3285 2753 3375 2824 qui
3405 2769 3620 2824 semper
3646 2771 3724 2810 as-

2157 2835 2374 2903 sistunt,
2405 2841 2888 2896 consentiuntcum
2920 2845 2998 2898 eis
3024 2845 3112 2914 qui
3146 2846 3442 2910 mittuntur,
3473 2847 3720 2916 quodam-

2156 2926 2315 2981 modo
2346 2927 2400 2981 in
2454 2928 2560 2984 illis
2589 2946 2776 2986 omnes
2802 2933 3056 3001 veniunt,
3100 2949 3392 3005 omnesque
3425 2939 3712 2992 mittuntur.

2156 3015 2225 3072 Et
2253 3028 2337 3074 εει
2364 3034 2594 3076 sensus:
2625 3023 2760 3090 Quid
2805 3025 3022 3090 mirum,
3052 3025 3098 3081 si
3131 3028 3286 3081 unico
3329 3027 3466 3082 Filio
3497 3028 3586 3082 Dei
3625 3029 3717 3082 mi-

2156 3110 2434 3166 nisterium
2467 3129 2624 3167 suum
2650 3115 2912 3171 exhibent
2934 3118 3130 3188 angeli,
3160 3134 3281 3172 cum
3313 3120 3478 3174 etiam
3525 3131 3714 3174 nostra

2152 3200 2342 3256 salutis
2399 3203 2672 3259 ministros
2719 3220 2813 3260 eos
2859 3216 3068 3262 constet
3105 3207 3358 3264 eﬁectos?
3401 3219 3718 3280 quapropter

2153 3291 2355 3347 nemini
2383 3293 2594 3350 illorum
2621 3297 2786 3353 dixit:
2815 3296 2951 3354 Sede
2973 3313 3003 3353 a
3026 3298 3226 3354 dextris
3254 3300 3408 3355 meis.

2218 3383 2348 3440 CAP.
2372 3399 2431 3440 ti.
2448 3383 2726 3455 Propterea
2746 3388 3087 3445 abundantius
3118 3390 3380 3446 observare
3405 3408 3499 3448 nos
3526 3401 3716 3465 Oportet

2147 3490 2209 3528 ea
2235 3491 2352 3546 qua:
2393 3477 2702 3547 audiuinuls,
2735 3497 2796 3535 ne
2837 3483 2968 3552 forte
2995 3485 3362 3554 pereﬂlumnus.
3395 3485 3713 3557 Propterea,

2147 3566 2272 3635 quid
2296 3567 2511 3634 mirum,
2538 3570 2660 3638 quia
2684 3570 2852 3627 Filius
2873 3573 2966 3629 Dei
2993 3575 3342 3632 excellentior
3361 3585 3444 3632 est
3469 3578 3712 3634 omnibus

2145 3658 2374 3727 angelis,
2399 3660 2489 3728 qui
2516 3661 2859 3732 Evangelium
2883 3679 3037 3720 suum
3060 3667 3244 3722 dedit?
3266 3667 3360 3724 Vel
3389 3678 3564 3737 certe,
3595 3671 3712 3741 quia

2144 3748 2318 3818 angeli
2349 3750 2502 3804 nobis
2532 3752 2864 3820 ministrant,
2901 3758 2992 3825 qui
3029 3757 3138 3815 Deo
3167 3773 3381 3830 semper
3407 3761 3710 3817 renuntiant

2143 3853 2304 3910 opera
2327 3850 2530 3909 nostra,
2558 3843 2682 3899 licet
2712 3846 2824 3916 ipse
2845 3847 3038 3918 ubique
3059 3850 3147 3915 sit,
3176 3850 3538 3908 abundantius
3557 3862 3710 3922 atque

2141 3929 2350 3999 plenius
2393 3941 2603 4002 oportet
2632 3948 2728 3990 nos
2763 3937 3053 3994 observare
3095 3954 3304 4018 ea‘qua:
3336 3942 3640 3998 audivimus
3680 3959 3708 3998 a

2141 4021 2354 4077 Christo
2393 4027 2442 4078 in
2474 4024 2783 4097 Evangelio,
2812 4037 2865 4084 et
2892 4029 2960 4083 ab
2988 4031 3256 4100 Apostolis
3284 4033 3404 4102 ejus
3423 4072 3439 4100 ,
3467 4049 3628 4104 quam
3656 4034 3709 4090 in

2139 4116 2258 4184 lege
2284 4116 2621 4184 solebamus,
2655 4129 2773 4188 quas
2802 4134 2896 4189 per
2925 4135 3134 4176 servum
3165 4124 3287 4178 data
3317 4132 3420 4179 est.
3457 4124 3524 4180 Et
3549 4141 3710 4196 quare

2139 4206 2532 4261 abundantius?
2561 4208 2638 4264 Ne
2669 4210 2800 4265 forte
2831 4212 3204 4280 peret‘fluamus
3232 4233 3246 4268 :
3270 4215 3323 4270 id
3351 4211 3456 4284 est,
3481 4233 3552 4273 ne
3572 4217 3708 4274 forte

2138 4312 2456 4369 pereamus,
2510 4308 2565 4355 et
2613 4315 2641 4354 a
2682 4302 2855 4358 salute
2903 4304 3232 4361 excidamus.
3275 4305 3406 4374 Vel,
3456 4322 3526 4364 ne
3573 4308 3708 4365 forte

2138 4406 2562 4459 cvanescamus,
2633 4404 2970 4452 transeuntes
3027 4399 3080 4453 in
3147 4398 3498 4468 perditionem
3560 4415 3707 4457 more

2138 4482 2372 4539 ﬂuminis
2409 4488 2674 4542 currentis
2713 4487 2767 4543 in
2805 4504 2951 4546 mare
2975 4535 2989 4560 ,
3027 4490 3153 4546 dum
3184 4507 3372 4549 sensus
3411 4496 3583 4550 nostri
3613 4511 3706 4564 per

2137 4575 2313 4630 inania
2359 4592 2582 4648 quasque
2623 4579 2943 4636 discurrunt.
2975 4581 3155 4654 Jungit
3196 4593 3372 4639 autem
3417 4599 3705 4654 personam

2128 4678 2280 4719 suam
2304 4664 2410 4721 illis
2433 4707 2448 4732 ,
2476 4681 2628 4723 more
2652 4684 2749 4724 suo
2783 4685 2966 4740 agens.
3000 4673 3064 4727 Et
3093 4688 3260 4743 quare
3288 4674 3487 4730 dixerit
3527 4676 3707 4731 abun-

2128 4756 2362 4822 dantius,
2395 4759 2572 4816 reddit
2610 4775 2825 4818 causam
2847 4806 2862 4831 ,
2897 4765 3023 4819 dum
3055 4766 3109 4820 in
3145 4767 3491 4835 sequentibus
3522 4767 3706 4824 verbis

2126 4847 2389 4915 explicat,
2415 4849 2596 4906 dicens
2631 4870 2643 4906 :
2683 4852 2745 4908 Si
2774 4855 2908 4908 enim
2934 4857 3020 4926 qui
3049 4872 3140 4924 per
3170 4858 3376 4928 angelos
3413 4859 3584 4912 dictus
3628 4867 3705 4913 est

2126 4955 2308 5007 sermo,
2338 4942 2501 5010 [actus
2529 4953 2604 4998 est
2624 4946 2832 5014 ﬁrmus,
2858 4958 2907 5001 et
2937 4951 3100 5005 omnis
3127 4952 3475 5020 pramaricatio
3511 4959 3559 5006 et
3586 4952 3704 5008 ino-

2125 5031 2376 5087 bedientia
2408 5037 2590 5105 accipit
2609 5039 2804 5105 justam
2833 5045 3073 5097 mercedis
3102 5045 3484 5099 retributionem
3513 5060 3532 5099 :
3569 5062 3704 5116 quo-

2121 5124 2272 5175 modo
2298 5140 2388 5178 nos
2409 5125 2725 5194 e/fugiemus,
2763 5130 2807 5183 si
2832 5140 3025 5184 tantum
3045 5135 3416 5204 neglexerimus
3446 5134 3703 5191 salutem!

2123 5209 2310 5266 Sermo
2332 5212 2464 5283 legis
2487 5223 2536 5269 et
2560 5217 2937 5286 prophetarum
2966 5237 3058 5290 per
3083 5223 3299 5293 angelos
3319 5225 3493 5280 dictus
3515 5235 3598 5281 est
3624 5227 3698 5281 ad

2120 5310 2298 5369 patres
2326 5313 2536 5361 nostros
2573 5324 2585 5360 :
2620 5310 2743 5378 quia
2772 5325 2868 5378 per
2890 5313 3181 5382 subjectum
3213 5326 3513 5371 creaturam
3544 5318 3698 5372 locu-

2120 5403 2205 5447 tus
2241 5405 2322 5450 est
2369 5398 2533 5469 Moysi
2570 5409 2623 5455 et
2663 5404 2934 5472 prophetis
2979 5422 2993 5459 :
3030 5407 3181 5476 juxta
3221 5409 3362 5479 quod
3406 5419 3463 5466 et
3501 5410 3698 5465 beatus

2119 5484 2420 5553 Stephanus
2445 5492 2492 5543 in
2524 5496 2862 5550 contentione
2892 5511 2987 5551 sua
3020 5499 3325 5556 manifestat
3353 5502 3419 5556 de
3454 5503 3640 5573 Moyse
3677 5521 3692 5558 :

2123 5575 2204 5628 hic
2237 5587 2315 5630 est
2345 5579 2571 5650 Moyses,
2606 5586 2692 5652 qui
2719 5587 2815 5641 fuit
2841 5603 2958 5643 cum
2990 5592 3208 5661 angelo,
3234 5595 3324 5662 qui
3371 5594 3694 5665 loquebatur

2117 5666 2164 5718 ei
2198 5668 2247 5719 in
2277 5681 2454 5725 monte
2493 5672 2640 5728 Sina.
2691 5677 2993 5750 Factustjue
3036 5683 3248 5753 ﬁrmus,
3287 5686 3340 5740 id
3371 5696 3454 5742 est
3493 5703 3690 5758 verus,

2116 5757 2254 5813 idem
2290 5777 2469 5819 sermo
2497 5781 2590 5834 per
2627 5771 2870 5838 angelum
2903 5775 3076 5833 dictus
3111 5779 3401 5848 :quoniam
3447 5779 3585 5838 sicut
3611 5778 3690 5835 ibi
