3982 6352
186 341 289 398 697

1077 335 1140 390 ΙΝ
1179 331 1558 391 EPISTULAM
1600 331 1688 389 AD
1729 329 2070 392 BEBREOS
2105 334 2623 399 COMMENTARIA.

3338 351 3444 410 698

186 455 500 528 praedictum
525 463 628 523 est,
657 454 730 510 ita
760 454 940 509 omnia
965 461 1260 510 evenerunt
1296 454 1408 508 sive
1434 454 1569 508 bona
1597 496 1611 523 ,
1643 452 1758 505 sive
1782 452 1839 511 Α
1862 453 2032 509 sancti
2047 453 2278 523 Spiritus
2301 459 2794 532 distributionibus,
2822 465 3148 524 afﬂuentiam
3176 471 3440 542 signiﬁcat

182 548 342 602 mala.
387 545 572 602 Omnis
617 546 982 616 praevaricatio
1022 544 1137 600 sive
1186 545 1542 614 transgressio
1594 543 1758 612 legis,

182 647 344 707 atque
371 635 753 699 inobedientia,
780 644 962 690 contra
997 635 1144 689 illum
1174 649 1478 690 sermonem
1515 643 1718 702 patrata
1738 675 1754 702 ,

181 728 390 796 accepit
439 726 636 796 justam
683 725 948 782 mercedis
1001 725 1448 791 retributionem,
1493 723 1755 792 judicium

180 819 391 876 scilicet
436 828 654 874 aeterna
687 817 1092 873 damnationis:
1143 817 1222 872 sic
1270 816 1375 870 illis
1401 816 1626 885 contigit
1667 813 1757 885 qui

181 919 674 968 murmuraveruut.
701 903 1002 966 Notandum
1033 918 1210 965 autem
1234 910 1358 979 quia
1390 923 1510 964 cum
1550 922 1759 966 merces

183 1012 239 1066 in
271 1010 463 1064 bonam
492 1015 697 1079 partem
735 1005 966 1063 maxime
991 1005 1311 1075 accipiatur,
1361 1003 1446 1058 hic
1478 1018 1573 1073 pro
1612 1002 1756 1059 malo

184 1100 368 1172 posuit
388 1099 695 1170 Apostolus,
721 1113 873 1154 more
895 1098 1080 1166 solito,
1101 1111 1204 1152 non
1223 1111 1415 1152 curans
1429 1095 1495 1152 de
1517 1097 1758 1166 proprie-

183 1194 384 1250 tatibus
415 1193 729 1260 verborum;
763 1193 858 1249 sed
879 1192 1246 1248 indiﬁ'erenter
1273 1205 1437 1245 unum
1464 1204 1560 1258 pro
1586 1189 1756 1245 altero

177 1300 387 1357 ponens
416 1299 432 1340 :
464 1289 601 1341 sicut
627 1285 716 1341 hic
742 1286 1049 1341 mercedem
1081 1299 1178 1353 pro
1202 1283 1364 1352 malo,
1393 1292 1448 1339 et
1472 1283 1597 1338 alibi
1629 1297 1758 1352 cap-

181 1378 443 1432 tivitatem
467 1378 520 1432 in
544 1379 708 1446 bono,
728 1377 817 1433 ubi
847 1377 982 1432 dixit
1013 1392 1029 1432 :
1057 1377 1114 1432 In
1140 1376 1499 1446 captivitatem
1531 1374 1757 1444 redigite

178 1485 395 1524 omnem
425 1484 662 1537 sensum,
693 1470 762 1526 ad
801 1468 1161 1526 obediendum
1188 1468 1423 1524 Christo.
1450 1468 1596 1524 Facit
1626 1480 1755 1537 ergo

179 1560 471 1630 Apostolus
497 1561 950 1630 comparationem
983 1575 1013 1615 a
1041 1574 1290 1616 sermone
1317 1559 1476 1629 legis,
1523 1559 1612 1629 qui
1659 1572 1757 1626 per

176 1648 426 1719 angelum
456 1649 631 1704 dictus
657 1659 740 1704 est
769 1649 836 1704 ad
862 1651 1087 1720 gratiam
1119 1649 1396 1718 Evangelii
1428 1663 1524 1717 per
1561 1648 1753 1704 Filium

179 1738 392 1804 datam,
425 1746 478 1793 et
525 1737 655 1792 dicit
689 1754 703 1793 :
733 1737 788 1792 Si
829 1738 973 1792 enim
1014 1751 1193 1792 sermo
1219 1737 1351 1804 legis
1390 1751 1483 1806 per
1534 1737 1754 1807 angelos

1865 542 2171 612 gratiarum,
2200 562 2357 616 quam
2390 565 2496 604 non
2525 551 2827 610 habuerunt
2867 555 3053 612 Patres
3087 557 3293 614 Veteris
3342 564 3445 618 'l‘e-

1861 634 2136 700 stamenti,
2183 652 2299 706 qua:
2346 637 2445 695 fuit
2493 642 2614 698 data
2667 655 2946 715 postquam
2990 650 3312 718 gloriﬁcatus
3351 663 3434 710 est

1860 720 2036 791 Jesus,
2072 733 2205 782 teste
2235 728 2548 800 Evangelio,
2579 736 2719 804 quod
2747 738 2855 793 ait:
2880 737 3124 796 Nondum
3155 743 3296 799 enim
3327 757 3443 803 erat
3485 771 3492 774 -

1861 811 2088 881 Spiritus
2106 814 2292 872 datus:
2321 821 2441 888 quia
2457 821 2612 877 Jesus
2638 825 2873 881 nondum
2900 827 3070 886 fuerat
3090 832 3437 902 gloriﬁcatus.

1861 902 1982 959 Ista:
2006 914 2132 960 sunt
2181 907 2609 982 distributiones,
2661 930 2756 971 seu
2787 918 3100 990 divisiones,
3131 939 3263 992 quas
3293 927 3437 994 Apo-

1860 997 2031 1053 stolus
2059 1000 2112 1054 in
2140 1000 2245 1055 alio
2286 1003 2404 1058 loco
2441 1019 2845 1077 commemorat,
2903 1011 3117 1067 dicens:
3147 995 3248 1068 Alii
3283 1017 3440 1071 datur

1860 1100 1956 1154 per
1976 1086 2231 1157 Spiritum
2252 1105 2431 1147 sermo
2452 1094 2714 1163 scientim,
2729 1105 2783 1152 et
2804 1108 2997 1154 caetera
3014 1117 3131 1170 quae
3145 1106 3195 1157 in
3211 1118 3436 1172 sequen-

1861 1176 2003 1233 tibus
2044 1192 2347 1252 enumerat,
2377 1198 2544 1255 usque
2573 1187 2702 1242 dum
2747 1190 3050 1261 subiungit:
3078 1193 3203 1249 Haec
3242 1210 3432 1265 opera-

1861 1275 1948 1323 tur
1973 1284 2112 1326 unus
2139 1280 2298 1342 atque
2320 1273 2459 1329 idem
2483 1275 2733 1346 Spiritus,
2764 1279 3009 1336 dividens
3036 1284 3262 1354 singulis
3283 1294 3440 1354 prout

1860 1358 1990 1414 vult.
2018 1359 2166 1416 Unde
2182 1370 2235 1417 et
2265 1362 2351 1418 hic
2378 1364 2544 1419 dicit:
2573 1365 2880 1424 Secundum
2905 1385 3054 1426 suam
3075 1373 3436 1431 voluntatem:

1859 1447 2055 1504 divinae
2083 1451 2226 1506 enim
2252 1453 2539 1523 voluntati,
2576 1464 2735 1526 atque
2775 1460 3000 1515 consilio
3026 1471 3214 1518 cuncta
3236 1464 3436 1520 contri-

1858 1541 1992 1607 buit,
2021 1558 2088 1598 ne
2135 1545 2254 1614 quis
2297 1545 2351 1599 in
2380 1547 2488 1602 suis
2535 1549 2740 1604 meritis
2780 1551 3095 1608 conﬁderet.
3128 1553 3248 1623 ipse
3293 1555 3435 1610 enim

1860 1633 2089 1702 Spiritus
2118 1644 2331 1691 sanctus
2362 1639 2509 1692 novit
2536 1640 2663 1709 quid
2705 1642 2898 1712 cuique
2939 1645 3127 1712 prosit,
3174 1645 3262 1699 vel
3310 1645 3437 1713 quid

1858 1726 2049 1795 cuique
2077 1726 2144 1780 sit
2160 1728 2521 1784 commodum.
2554 1729 2676 1784 Non
2696 1732 2831 1786 enim
2848 1735 3044 1803 angelis
3066 1736 3277 1806 subjecit
3298 1735 3438 1790 Deus

179 1829 380 1894 dictus,
436 1837 518 1882 est
558 1826 731 1883 factus
772 1841 930 1882 verus
975 1827 1031 1882 in
1070 1826 1314 1882 omnibus
1357 1842 1474 1896 qua
1513 1828 1757 1895 promisit,
1787 1821 1836 1882 B
1864 1817 2035 1871 orbem
2061 1827 2211 1872 terra:
2239 1819 2491 1887 futurum,
2521 1820 2582 1873 de
2605 1837 2702 1890 quo
2730 1823 3006 1890 loquimur.
3039 1825 3118 1880 Ad
3136 1840 3197 1880 ea
3222 1824 3438 1894 reSpicit

185 1917 365 1985 bonis,
395 1916 478 1973 vel
507 1932 624 1987 quae
647 1917 876 1972 minatus
903 1924 986 1972 est
1006 1917 1163 1972 malis
1187 1934 1200 1971 :
1233 1926 1434 1987 quanto
1465 1920 1632 1986 magis
1654 1919 1758 1974 erit

182 2010 372 2064 ﬁrmus
398 2023 575 2064 sermo
603 2009 912 2078 Evangelii,
944 2007 1100 2064 datus
1130 2023 1225 2078 per
1256 2008 1484 2063 Filium!
1518 2008 1584 2062 Et
1609 2010 1653 2063 si
1678 2009 1756 2063 illi

182 2103 274 2170 qui
314 2101 684 2157 inobedientes
714 2103 1031 2156 exstiterunt
1069 2101 1205 2169 legi,
1235 2099 1628 2154 damnationem
1660 2100 1757 2153 lia-

188 2192 459 2257 buerunt,
501 2200 554 2247 et
577 2191 833 2261 judicium
859 2206 966 2246 non
993 2198 1282 2261 potuerunt
1309 2189 1540 2260 eﬁugere
1571 2208 1584 2243 :
1621 2205 1757 2260 quo-

184 2282 347 2336 modo
377 2297 476 2336 nos
500 2281 812 2350 effugiemus
838 2281 1126 2335 vindictam
1155 2282 1245 2336 Dei
1271 2320 1287 2344 ,
1332 2282 1374 2334 si
1424 2289 1622 2334 tantam
1660 2295 1759 2335 ne-

180 2373 507 2443 glexcrimus
532 2373 788 2428 salutem?
806 2372 964 2428 ﬁdem
982 2373 1190 2428 scilicet
1209 2373 1477 2442 Evangelii
1493 2373 1760 2442 vitamque

184 2475 462 2531 aeternam,
490 2474 596 2518 tam
620 2479 885 2535 magnam,
909 2473 968 2519 ut
996 2472 1119 2534 pote
1147 2479 1241 2534 per
1265 2464 1458 2518 Filium
1480 2465 1635 2519 nobis
1657 2478 1758 2519 an-

185 2557 483 2612 nuntiatam
512 2566 669 2626 atque
706 2556 1062 2626 promissam?
1098 2555 1363 2622 Subaudi,
1399 2554 1549 2611 nullo
1574 2554 1755 2611 modo.

182 2649 280 2705 His
323 2651 501 2706 verbis
532 2649 836 2706 manifestat
869 2648 1158 2720 Apostolus
1199 2663 1306 2704 non
1336 2647 1501 2705 fuisse
1557 2655 1759 2703 tantam

181 2749 410 2803 salutem
439 2749 492 2802 in
522 2749 639 2818 lege
665 2754 861 2817 quanta
905 2753 986 2800 est
1015 2745 1068 2800 in
1105 2743 1401 2815 Evangelio
1439 2763 1452 2797 :
1493 2743 1579 2798 lex
1615 2742 1759 2798 enim

181 2841 532 2911 promittebat
564 2849 781 2907 terram,
808 2839 991 2895 dicens
1023 2855 1040 2894 :
1064 2837 1122 2895 Si
1141 2837 1418 2893 volueritis
1443 2844 1498 2890 et
1524 2835 1762 2890 audieri-

181 2933 252 2988 tis
280 2948 391 2999 me,
427 2934 568 2988 bona
598 2941 755 2988 terra:
784 2929 1102 2987 comedetis.
1134 2928 1484 3001 Evangelium
1529 2927 1762 2997 promit-

180 3025 337 3080 tebat
365 3039 586 3095 regnum
616 3023 899 3090 ccelorum,
931 3022 1154 3078 dicens:
1186 3020 1562 3077 Paenitentiam
1584 3019 1759 3089 agite,

178 3114 626 3186 appropinquavit
642 3113 787 3168 enim
811 3126 1033 3183 regnum
1057 3111 1336 3166 caelorum.
1362 3108 1457 3163 Illa
1475 3108 1761 3178 praestabat

1860 1923 1978 1976 qua:
2030 1909 2274 1977 superius
2321 1910 2455 1965 dixit
2485 1911 2648 1965 Deum
2687 1910 2898 1967 Patrem
2942 1913 3144 1970 dixisse
3173 1934 3185 1971 :
3219 1915 3358 1971 Sede
3407 1929 3440 1970 a

1861 1996 2068 2052 dextris
2101 1997 2254 2062 meis,
2282 1998 2451 2054 donec
2494 2015 2684 2068 ponam
2709 2003 2954 2058 inimicos
2986 2014 3106 2059 tuos
3145 2006 3435 2061 scabellum

1864 2088 2059 2157 pedum
2098 2096 2330 2154 tuorum,
2351 2090 2445 2144 sed
2470 2089 2605 2146 Filio
2633 2106 2731 2146 suo
2757 2091 2969 2146 tradidit
2996 2093 3146 2148 illum
3171 2110 3186 2148 :
3218 2095 3300 2149 cui
3327 2096 3440 2162 ipse

1863 2181 1995 2237 dixit
2027 2182 2078 2236 in
2111 2183 2355 2251 psalmo:
2392 2182 2607 2238 Postula
2637 2199 2667 2238 a
2714 2199 2824 2252 me,
2853 2192 2906 2240 et
2953 2185 3090 2239 dabo
3132 2185 3225 2239 tibi
3253 2195 3440 2254 gentes

1864 2271 2228 2328 hereditatem
2252 2281 2414 2328 tuam.
2451 2274 2602 2329 Unde
2623 2282 2677 2329 et
2701 2273 2815 2344 ipse
2847 2273 3017 2330 Filius
3065 2274 3440 2344 congratularis

1864 2363 1966 2418 sibi
1999 2364 2251 2418 traditum
2294 2364 2478 2420 orbem
2531 2365 2878 2430 crediturum,
2910 2367 3077 2420 dicit:
3108 2367 3217 2434 Ego
3262 2374 3440 2420 autem

1863 2456 2187 2512 constitutus
2208 2471 2327 2512 sum
2354 2472 2448 2512 rex
2469 2457 2537 2512 ab
2563 2471 2648 2523 eo,
2684 2456 2737 2512 id
2763 2466 2848 2513 est
2873 2471 2903 2510 a
2921 2457 3030 2512 Deo
3051 2455 3230 2512 Patre.
3255 2455 3439 2510 Testa-

1866 2556 1949 2602 tus
1971 2557 2044 2602 est
2074 2556 2248 2602 autem
2294 2548 2350 2601 in
2401 2547 2753 2616 quodamlaco
2780 2548 2911 2619 quis,
2959 2547 3151 2601 dicens.
3203 2545 3439 2613 Quorum

1865 2641 2084 2696 nomina
2105 2640 2488 2711 prophetarum
2520 2641 2708 2697 reticet
2733 2641 2786 2696 in
2817 2640 2917 2696 hac
2938 2640 3182 2710 epistola,
3213 2653 3440 2710 quorum

1867 2731 2226 2787 testimonium
2256 2731 2423 2796 novit,
2442 2744 2550 2787 non
2570 2745 2731 2787 causa
2755 2729 2974 2785 invidia:
3002 2737 3093 2784 aut
3107 2728 3442 2786 absconden~

1868 2821 1934 2876 tis
1989 2821 2183 2876 aﬁ'ectu
2215 2821 2318 2876 hoc
2343 2821 2472 2891 agit,
2522 2821 2619 2876 sed
2671 2820 2985 2876 bonorautis
3019 2829 3144 2876 voto
3177 2831 3234 2876 et.
3262 2829 3442 2876 osten-

1867 2910 2042 2966 dentis
2063 2911 2318 2966 Hebraeos
2348 2910 2568 2966 multam
2599 2910 2800 2966 habere
2824 2910 3104 2966 scientiam
3135 2909 3437 2965 divinarum

1865 3001 2287 3073 Scripturarum,
2310 3003 2504 3074 quibus
2527 3002 2629 3057 ista
2663 3001 2936 3058 scribebat
2962 3002 3015 3056 in
3035 3009 3238 3057 tantum
3266 3008 3442 3057 utnec

1865 3103 2000 3159 opus
2027 3089 2248 3147 haberet
2278 3105 2474 3147 nomen
2496 3105 2697 3161 ponere
2717 3090 2964 3146 dicentis.
2995 3091 3104 3146 Hos
3130 3104 3258 3161 ergo
3291 3091 3440 3145 testi-

178 3179 478 3262 vindictani
497 3206 564 3261 de
591 3205 820 3262 terrenis
843 3179 1114 3268 hostibus;
1146 3201 1286 3257 istud
1311 3206 1526 3271 prmstet
1551 3199 1619 3255 de
1648 3199 1760 3268 spi-

1865 3182 2104 3237 monium
2117 3196 2187 3238 ex
2215 3181 2479 3237 Psalterio
2497 3180 2751 3236 Davidico
2772 3190 3043 3251 sumptum
3071 3190 3153 3237 est
3174 3197 3189 3234 :
3215 3179 3442 3251 qualiter

181 3297 488 3354 ritualibus.
517 3297 611 3354 llla
639 3294 982 3366 promittebat
1024 3294 1317 3364 longaevam
1344 3292 1504 3348 vitam
1553 3300 1760 3361 tempo-

181 3389 385 3455 ralem;
410 3387 755 3457 Evangelium
790 3386 1034 3443 concedit
1058 3386 1220 3440 vitam
1262 3384 1379 3457 sine
1407 3384 1512 3438 ﬁne
1538 3398 1760 3439 mansu-

182 3495 326 3536 ram.
347 3454 491 3545 Quw.
514 3454 749 3535 subaudi
772 3477 933 3534 salus.
955 3476 1082 3533 Cum
1100 3477 1304 3531 initium
1319 3454 1594 3545 a'ccepisset
1615 3490 1762 3529 enar-

180 3573 338 3628 randi
368 3589 454 3641 per
474 3571 770 3639 Dominum,
796 3570 858 3624 ab
877 3571 949 3625 eis
970 3570 1054 3638 qui
1074 3569 1347 3622 audierunt
1377 3568 1430 3622 in
1454 3584 1546 3622 nos
1574 3568 1763 3638 conﬁr-

183 3673 328 3719 mala
356 3671 446 3720 est.
477 3663 635 3720 Salus
663 3678 789 3732 ergo
809 3677 928 3733 qua:
952 3661 1006 3716 in
1039 3660 1326 3730 Evangelio
1348 3660 1683 3727 continetur,
1728 3672 1762 3716 a

187 3758 304 3813 Deo
333 3756 538 3827 accepit
564 3756 769 3811 initium
802 3754 1086 3810 enarrandi
1114 3769 1129 3810 :
1161 3754 1252 3825 qui
1272 3753 1387 3824 ipse
1409 3754 1641 3823 primum
1665 3766 1762 3808 an-

182 3849 585 3906 nuntiaviteam
613 3863 704 3919 per
732 3849 1101 3917 semetipsum,
1126 3847 1309 3902 dicens
1335 3864 1347 3900 :
1383 3845 1759 3903 Paenitentiam

181 3941 349 4010 agite,
365 3953 466 3996 etc.
480 3981 496 4007 ,
515 3948 570 3996 et
596 3957 609 3994 :
628 3941 729 4008 Qui
755 3940 1041 3996 crediderit
1063 3949 1116 3995 et
1141 3939 1442 4009 baptizatus
1462 3938 1641 4006 fuerit,
1659 3939 1761 3994 sal-

185 4046 291 4086 vus
308 4031 430 4087 erit.
451 4030 653 4086 Deinde
668 4045 797 4086 vero
811 4031 1123 4085 conﬁrmata
1137 4040 1240 4097 est,
1257 4029 1358 4084 hoc
1370 4039 1453 4085 est
1465 4033 1664 4085 credita
1677 4038 1760 4086 est

182 4125 256 4180 ab
283 4124 362 4180 eis
388 4124 476 4195 qui
503 4123 788 4179 audierunt
809 4139 930 4179 eum
957 4140 968 4176 :
999 4122 1066 4175 ab
1088 4121 1346 4192 apostolis
1369 4121 1641 4189 videlicet,
1668 4123 1759 4192 qui

181 4231 309 4273 cum
335 4232 402 4274 eo
433 4217 646 4273 fuerunt
672 4225 725 4270 et
749 4213 1150 4272 successoribus
1191 4229 1376 4269 eorum
1412 4230 1425 4267 :
1456 4214 1560 4278 vel,
1585 4220 1754 4278 certe,

181 4311 523 4377 conﬁrmata,
548 4309 598 4364 id
611 4317 716 4375 est,
732 4307 1057 4364 consolidata
1072 4315 1174 4376 est,
1195 4314 1249 4361 et
1268 4303 1498 4374 perfecta
1522 4303 1573 4358 in
1603 4302 1760 4357 nobis

178 4403 252 4458 ab
276 4403 356 4458 eis
375 4402 463 4471 qui
486 4399 554 4455 ab
579 4400 696 4469 ipso
715 4399 943 4453 Domino
963 4411 1080 4451 eam
1110 4403 1460 4465 perceperunt
1485 4412 1497 4446 :
1526 4395 1648 4462 quia
1673 4407 1758 4447 sa-

182 4493 291 4558 lus,
320 4503 438 4559 quae
461 4500 554 4556 per
573 4487 828 4556 Spiritum
849 4494 1091 4539 sanctum
1115 4484 1266 4538 nobis
1293 4483 1412 4537 data
1430 4491 1532 4545 est,
1552 4496 1757 4552 perma-

1863 3276 2175 3348 loquiturad
2211 3276 2380 3330 Deum
2411 3275 2652 3330 Patrem:
2672 3275 2809 3342 Quid
2824 3283 2899 3330 est
2923 3275 3093 3331 homo.
3119 3275 3436 3346 Suppresse,

1862 3377 1920 3424 et
1945 3382 2064 3423 cum
2093 3366 2352 3437 despectu
2384 3364 2835 3435 pronuntiandum
2864 3373 2948 3421 est
2997 3365 3160 3420 istud.
3194 3364 3329 3433 Quid
3359 3374 3442 3422 est

1863 3459 2068 3515 homo?
2094 3456 2318 3514 subaudi
2347 3456 2568 3528 fragilis,
2599 3457 2860 3526 mortalis,
2889 3456 3222 3524 caducus,'et
3243 3457 3335 3528 qui
3365 3471 3438 3513 ex

1862 3555 1989 3612 Adae
2005 3558 2058 3612 in
2088 3555 2256 3612 veteri
2281 3562 2500 3627 peccato
2517 3554 2756 3628 generali
2781 3555 3047 3627 pravitate
3073 3563 3156 3613 est
3175 3555 3436 3613 devictus.

1867 3652 2017 3720 Quod
2041 3667 2231 3706 memor
2260 3667 2311 3706 es
2339 3652 2470 3720 eius.
2519 3650 2781 3707 Subaudit
2806 3668 2823 3706 :
2853 3652 2927 3707 ita
2958 3659 3013 3707 et
3053 3650 3440 3708 misericordia

1863 3759 1972 3800 suae
2027 3743 2166 3799 dona
2223 3741 2468 3814 largitur.
2527 3743 2820 3806 Sequitur:
2861 3743 2963 3798 Aut
3008 3742 3149 3812 ﬁlius
3198 3742 3436 3798 hominis.

1864 3834 2121 3903 Subaudi,
2150 3834 2274 3905 quid
2314 3832 2436 3890 est?
2459 3833 2572 3888 Hoc
2600 3833 2745 3890 idem
2792 3834 3038 3890 doctores
3076 3833 3318 3892 referunt
3370 3833 3439 3888 ad

1862 3923 2155 3991 Christum,
2189 3926 2278 3995 qui
2306 3924 2360 3980 in
2392 3924 2684 3994 Evangelio
2713 3925 3008 3996 saepissime
3037 3926 3229 3982 Filium
3262 3925 3440 3981 homi-

1864 4014 1965 4075 nis,
1995 4013 2046 4067 id
2067 4021 2150 4069 est
2180 4013 2347 4069 ﬁlium
2387 4014 2565 4070 Mariae
2594 4029 2654 4071 se
2685 4023 2838 4070 vocat
2873 4033 2886 4067 :
2929 4029 2990 4069 ac
3020 4022 3305 4086 prepterea
3339 4013 3439 4070 sub

1863 4105 2286 4175 interrogatione
2319 4120 2530 4161 sursum
2559 4105 2810 4176 erigenda
2833 4113 2916 4160 est
2944 4120 3044 4160 vox
3075 4123 3091 4160 :
3122 4115 3179 4162 et
3207 4114 3290 4161 est
3313 4120 3439 4160 sen-

1863 4210 1954 4251 sus
1982 4213 1994 4247 :
2025 4196 2162 4262 Quid
2195 4197 2488 4263 promeruit
2517 4196 2608 4251 ille
2637 4197 2799 4250 homo
2837 4204 3140 4263 assumptus
3169 4209 3199 4249 a
3249 4194 3438 4260 verbo,

1862 4294 1921 4341 ut
1975 4285 2140 4340 Filius
2190 4285 2284 4338 Dei
2335 4285 2824 4352 ﬁeretiQuodque
2869 4282 3146 4351 sequitur:
3183 4282 3439 4349 Quoniam

1864 4378 2040 4432 visitas
2077 4379 2232 4431 eum?
2266 4375 2332 4430 ad
2387 4389 2558 4445 genus
2600 4375 2888 4429 humanum
2931 4373 3211 4429 referunt:
3240 4373 3308 4428 de
3333 4387 3439 4442 quo

1863 4467 2022 4538 paulo
2066 4466 2311 4534 superius
2359 4465 2460 4521 sub
2510 4464 2728 4519 nomine
2784 4463 3016 4520 hominis
3061 4463 3259 4519 dictum
3314 4471 3432 4521 est:
3479 4488 3489 4541 ξ

184 4554 354 4635 ηείῑῐί
378 4554 656 4631 aeternum.
683 4574 854 4632 Causa
878 4575 1189 4630 humilitatis
1211 4589 1359 4628 suam
1378 4574 1550 4644 jungit
1575 4587 1757 4642 perso-

1865 4557 2000 4625 Quid
2044 4564 2126 4612 est
2153 4555 2441 4612 homoiEt
2469 4564 2551 4612 est
2587 4569 2819 4612 sensus:
2849 4554 3001 4623 Quod
3045 4555 3232 4610 visitas
3269 4569 3439 4626 genus

184 4687 308 4727 nam
337 4685 459 4725 cum
488 4670 587 4736 eis,
614 4669 798 4726 dicens
831 4687 844 4724 :
878 4670 934 4725 in
963 4670 1116 4725 nobis
1140 4671 1451 4725 confirmata
1481 4677 1564 4724 est
1590 4670 1656 4723 ab
1678 4669 1759 4724 eis

181 4765 274 4835 qui
316 4763 619 4818 audierunt.
651 4762 732 4817 Ad
762 4763 875 4818 hac
905 4772 1110 4831 poterat
1135 4763 1325 4833 aliquis
1357 4762 1536 4818 dicere
1566 4779 1579 4816 :
1611 4762 1757 4828 Quo-

184 4853 344 4909 modo
391 4853 706 4908 conﬁrmata
745 4863 826 4908 est
873 4853 940 4908 ab
984 4854 1095 4909 eis?
1147 4853 1245 4908 Cui
1276 4855 1398 4909 ille:
1431 4855 1756 4909 Conleslattle

185 4945 293 4998 Deo
313 4944 490 5017 signis,
523 4953 571 4997 et
599 4945 863 5013 portentis,
889 4954 936 4998 et
964 4945 1113 4998 variis
1143 4946 1430 5012 uirtutibus,
1456 4954 1499 4999 et
1524 4944 1757 5012 Spiritus

182 5036 347 5091 sancti
402 5034 842 5090 distributionibus
909 5037 1183 5088 secundum
1238 5052 1380 5090 suam
1422 5037 1750 5090 voluntatem.

183 5130 504 5185 Confirmata
527 5138 632 5196 est,
663 5130 854 5199 inquit,
880 5129 932 5184 in
962 5129 1114 5183 nobis
1141 5130 1206 5184 ab
1233 5130 1309 5184 cis
1335 5130 1424 5199 qui
1449 5130 1754 5196 audierunt,

183 5230 514 5279 contestante
554 5222 687 5288 Deo,
711 5221 764 5276 id
794 5230 876 5278 est
903 5221 1061 5277 simul
1096 5223 1454 5276 testimonium
1479 5222 1752 5292 praebente

182 5326 368 5366 eorum
401 5312 682 5378 doctrinm,
712 5321 766 5367 et
790 5312 1174 5382 praedicationi,
1211 5329 1313 5368 non
1345 5329 1496 5381 voce,
1525 5315 1616 5368 sed
1641 5317 1751 5371 vir-

185 5411 316 5468 tute,
347 5409 402 5457 et
419 5401 744 5459 exhibitione
771 5403 1165 5474 miraculorum,
1189 5414 1241 5461 et
1264 5406 1520 5461 varietate
1549 5408 1754 5478 lingua-

185 5509 300 5549 rum
333 5494 515 5562 :quia,
573 5503 630 5549 ut
659 5493 873 5551 dicebat
923 5495 1113 5566 aliquis
1149 5498 1508 5566 apostolorum
1543 5507 1752 5554 mortuo

186 5586 266 5640 vel
294 5584 526 5653 inﬁrmo,
547 5582 738 5656 Surge,
761 5595 879 5643 esto
896 5589 1046 5643 vivus
1073 5597 1163 5643 aut
1192 5604 1349 5644 sanus
1375 5607 1386 5643 :
1413 5591 1591 5645 statim
1639 5607 1759 5646 sur-

189 5678 344 5748 gebat
381 5679 680 5735 incolumis.
701 5677 860 5750 Signa
889 5690 1086 5746 autem,
1131 5690 1183 5735 et
1228 5680 1487 5750 prodigia,
1518 5691 1572 5736 et
1597 5680 1763 5736 virtu-

189 5779 291 5840 tes,
321 5785 419 5842 pro
449 5786 556 5830 uno
601 5772 692 5830 hic
735 5771 1086 5859 accipiuntur.
1105 5771 1258 5842 Quod
1288 5788 1416 5858 vero
1446 5772 1750 5845 subiungit,

1867 4650 2157 4706 humanum
2181 4661 2276 4718 per
2296 4646 2487 4702 Filium
2518 4653 2684 4713 tuum,
2698 4654 2753 4702 et
2771 4653 3021 4716 perpetua
3048 4645 3256 4715 largiris
3276 4645 3439 4702 bene-

1868 4745 2008 4814 ﬁcia,
2043 4757 2146 4798 non
2176 4750 2259 4797 est
2282 4742 2530 4798 meritum
2558 4739 2718 4805 illius,
2745 4738 2838 4793 sed
2866 4747 2952 4794 tua
2973 4737 3180 4809 gratia:
3212 4737 3439 4807 ideoque

1867 4835 2126 4901 subsistit,
2150 4834 2272 4905 quia
2296 4850 2324 4888 a
2354 4842 2406 4888 te
2430 4831 2694 4888 visitatur.
2722 4831 2967 4886 Visitatio
2991 4829 3056 4884 ad
3084 4828 3348 4885 medicum
3379 4835 3437 4884 et

1869 4927 1933 4981 ad
1959 4934 2217 4995 aegrotum
2242 4924 2478 4994 pertinet
2514 4941 2526 4975 :
2557 4937 2679 4977 nam
2705 4920 3022 4977 visitationis
3040 4921 3275 4976 ofﬁcium
3304 4918 3440 4975 dici-

1862 5025 1947 5071 tur
1969 5018 2085 5086 quis
2103 5015 2344 5071 medicus
2367 5013 2604 5084 implere,
2633 5015 2845 5083 quando
2870 5013 2934 5067 ad
2964 5012 3236 5068 inﬁrmum
3261 5013 3439 5081 ingre-

1864 5107 2048 5174 ditur;
2081 5116 2135 5163 et
2161 5121 2330 5178 genus
2363 5109 2674 5172 humanum,
2719 5105 2860 5176 quod
2901 5104 3171 5160 inﬁrmum
3219 5111 3274 5160 et
3316 5103 3435 5158 lan-

1863 5198 2082 5270 guidum
2117 5206 2256 5264 erat,
2282 5198 2419 5253 Deus
2442 5196 2601 5250 Pater
2626 5205 2751 5252 tunc
2773 5195 3029 5263 visitavit,
3060 5191 3271 5265 quando
3292 5192 3440 5248 misit

1865 5291 2059 5346 Filium
2099 5305 2279 5357 suum,
2303 5289 2391 5360 qui
2436 5288 2671 5344 Verbum
2698 5302 2822 5343 caro
2843 5287 3037 5342 factum
3060 5294 3159 5351 est,
3192 5293 3246 5340 et
3288 5281 3438 5338 habi-

1861 5385 1990 5440 tavit
2036 5383 2089 5439 in
2143 5383 2320 5438 nobis.
2369 5382 2443 5437 De
2487 5395 2589 5452 qua
2615 5379 2922 5436 visitatione
2945 5377 3103 5432 etiam
3134 5373 3434 5431 Zacharias

1862 5493 2009 5557 pater
2039 5483 2178 5539 beati
2202 5481 2423 5537 Joannis
2452 5481 2524 5535 ait
2550 5496 2564 5536 :
2597 5478 2845 5535 Visitavit
2879 5490 2976 5532 nos
3006 5475 3184 5532 oriens
3205 5489 3271 5531 ex
3301 5474 3428 5530 alto.

1866 5587 2088 5656 Quidam
2119 5585 2368 5640 doctores
2420 5583 2522 5638 hoc
2574 5580 2712 5652 quod
2749 5579 2917 5635 dicit:
2950 5576 3089 5646 Quid
3119 5584 3202 5633 est
3249 5575 3434 5646 homo,

1865 5678 2006 5751 quod
2034 5691 2242 5733 memor
2270 5690 2330 5732 es
2373 5673 2524 5743 ejus;
2551 5679 2642 5728 aut
2669 5670 2810 5728 ﬁlius
2838 5670 3091 5734 hominis,
3143 5668 3285 5739 quod
3329 5677 3432 5736 est,

1865 5771 2114 5841 quoniam
2142 5767 2329 5827 visitas
2354 5764 2519 5826 eum?
2541 5773 2710 5823 totum
2756 5761 2996 5822 referunt
3038 5759 3106 5818 ad
3131 5775 3304 5833 genus
3331 5759 3435 5815 hu-
