  <div class='ocr_page' id='page_1' title='image "/cluster/home/n/w/nwhite01/storage/ocr_20150623/68/hvd.32044015469331/355.png"; bbox 0 0 3982 6352; ppageno 0'>
   <div class='ocr_carea' id='block_1_1' title="bbox 545 284 3865 371">
    <p class='ocr_par' dir='ltr' id='par_1_1' title="bbox 545 284 3865 371">
     <span class='ocr_line' id='line_1_1' title="bbox 545 284 3865 371; baseline -0.012 0"><span class='ocrx_word' id='word_1_1' title='bbox 545 315 646 371; x_wconf 77' lang='lat'><strong>699</strong></span> <span class='ocrx_word' id='word_1_2' title='bbox 1648 298 1946 357; x_wconf 74' lang='lat' dir='ltr'><strong>PRIMASII</strong></span> <span class='ocrx_word' id='word_1_3' title='bbox 1986 290 2437 355; x_wconf 65' lang='lat' dir='ltr'><strong>ADRUMETANI</strong></span> <span class='ocrx_word' id='word_1_4' title='bbox 2479 284 2691 347; x_wconf 71' lang='lat' dir='ltr'><strong>EPISC.</strong></span> <span class='ocrx_word' id='word_1_5' title='bbox 3726 294 3865 348; x_wconf 62' lang='grc' dir='ltr'><strong>τρε-ι</strong></span> 
     </span>
    </p>
   </div>
   <div class='ocr_carea' id='block_1_2' title="bbox 548 404 3865 496">
    <p class='ocr_par' dir='ltr' id='par_1_2' title="bbox 548 404 3865 496">
     <span class='ocr_line' id='line_1_2' title="bbox 548 404 3865 496; baseline -0.008 -10"><span class='ocrx_word' id='word_1_6' title='bbox 548 441 789 496; x_wconf 80' lang='lat' dir='ltr'><strong>manum;</strong></span> <span class='ocrx_word' id='word_1_7' title='bbox 820 425 926 483; x_wconf 88' lang='lat' dir='ltr'><strong>hoe</strong></span> <span class='ocrx_word' id='word_1_8' title='bbox 948 436 1077 480; x_wconf 86' lang='lat' dir='ltr'><strong>vero</strong></span> <span class='ocrx_word' id='word_1_9' title='bbox 1104 421 1246 492; x_wconf 79' lang='lat' dir='ltr'><strong>quod</strong></span> <span class='ocrx_word' id='word_1_10' title='bbox 1289 416 1528 488; x_wconf 74' lang='lat' dir='ltr'><strong>sequitur</strong></span> <span class='ocrx_word' id='word_1_11' title='bbox 1554 415 1796 471; x_wconf 78' lang='lat' dir='ltr'><strong>reierunt</strong></span> <span class='ocrx_word' id='word_1_12' title='bbox 1827 410 2110 469; x_wconf 84' lang='lat' dir='ltr'><strong>concordi-</strong></span> <span class='ocrx_word' id='word_1_13' title='bbox 2138 410 2195 472; x_wconf 74' lang='grc' dir='ltr'><strong>Α</strong></span> <span class='ocrx_word' id='word_1_14' title='bbox 2216 408 2591 475; x_wconf 76' lang='lat' dir='ltr'><strong>voluntariam,</strong></span> <span class='ocrx_word' id='word_1_15' title='bbox 2616 406 2826 463; x_wconf 73' lang='lat' dir='ltr'><strong>scilicet</strong></span> <span class='ocrx_word' id='word_1_16' title='bbox 2851 417 2948 476; x_wconf 86' lang='lat' dir='ltr'><strong>per</strong></span> <span class='ocrx_word' id='word_1_17' title='bbox 2975 404 3158 469; x_wconf 85' lang='lat' dir='ltr'><strong>ﬁdem,</strong></span> <span class='ocrx_word' id='word_1_18' title='bbox 3188 414 3245 462; x_wconf 89' lang='lat' dir='ltr'><strong>et</strong></span> <span class='ocrx_word' id='word_1_19' title='bbox 3272 406 3685 471; x_wconf 71' lang='lat' dir='ltr'><strong>necessariam,</strong></span> <span class='ocrx_word' id='word_1_20' title='bbox 3736 422 3865 476; x_wconf 71' lang='lat' dir='ltr'><strong>qua</strong></span> 
     </span>
    </p>
   </div>
   <div class='ocr_carea' id='block_1_3' title="bbox 549 498 3855 581">
    <p class='ocr_par' dir='ltr' id='par_1_3' title="bbox 549 498 3855 581">
     <span class='ocr_line' id='line_1_3' title="bbox 549 498 3855 581; baseline -0.008 -4"><span class='ocrx_word' id='word_1_21' title='bbox 549 531 629 577; x_wconf 90' lang='lat' dir='ltr'><strong>ter</strong></span> <span class='ocrx_word' id='word_1_22' title='bbox 651 521 716 578; x_wconf 85' lang='lat' dir='ltr'><strong>ad</strong></span> <span class='ocrx_word' id='word_1_23' title='bbox 741 519 1033 577; x_wconf 75' lang='lat' dir='ltr'><strong>Christum.</strong></span> <span class='ocrx_word' id='word_1_24' title='bbox 1068 513 1301 569; x_wconf 77' lang='lat' dir='ltr'><strong>Miauisti</strong></span> <span class='ocrx_word' id='word_1_25' title='bbox 1318 526 1433 567; x_wconf 73' lang='lat' dir='ltr'><strong>euut</strong></span> <span class='ocrx_word' id='word_1_26' title='bbox 1455 510 1610 581; x_wconf 72' lang='lat' dir='ltr'><strong>paulo</strong></span> <span class='ocrx_word' id='word_1_27' title='bbox 1625 509 1788 563; x_wconf 71' lang='lat' dir='ltr'><strong>asinus</strong></span> <span class='ocrx_word' id='word_1_28' title='bbox 1808 511 1870 561; x_wconf 75' lang='lat' dir='ltr'><strong>ab</strong></span> <span class='ocrx_word' id='word_1_29' title='bbox 1897 504 2112 575; x_wconf 80' lang='lat' dir='ltr'><strong>angelis.</strong></span> <span class='ocrx_word' id='word_1_30' title='bbox 2218 504 2426 573; x_wconf 86' lang='lat' dir='ltr'><strong>cogitur</strong></span> <span class='ocrx_word' id='word_1_31' title='bbox 2451 502 2627 557; x_wconf 86' lang='lat' dir='ltr'><strong>omnis</strong></span> <span class='ocrx_word' id='word_1_32' title='bbox 2654 508 2899 556; x_wconf 73' lang='lat' dir='ltr'><strong>creatura</strong></span> <span class='ocrx_word' id='word_1_33' title='bbox 2951 500 3189 569; x_wconf 74' lang='lat' dir='ltr'><strong>subjecta</strong></span> <span class='ocrx_word' id='word_1_34' title='bbox 3233 512 3357 555; x_wconf 86' lang='lat' dir='ltr'><strong>esse</strong></span> <span class='ocrx_word' id='word_1_35' title='bbox 3383 514 3491 556; x_wconf 81' lang='lat' dir='ltr'><strong>suo</strong></span> <span class='ocrx_word' id='word_1_36' title='bbox 3542 498 3855 555; x_wconf 81' lang='lat' dir='ltr'><strong>Creatori.</strong></span> 
     </span>
    </p>
   </div>
   <div class='ocr_carea' id='block_1_4' title="bbox 550 590 3859 678">
    <p class='ocr_par' dir='ltr' id='par_1_4' title="bbox 550 590 3859 678">
     <span class='ocr_line' id='line_1_4' title="bbox 550 590 3859 678; baseline -0.008 -9"><span class='ocrx_word' id='word_1_37' title='bbox 550 614 648 669; x_wconf 74' lang='lat' dir='ltr'><strong>Per</strong></span> <span class='ocrx_word' id='word_1_38' title='bbox 693 622 919 667; x_wconf 87' lang='lat' dir='ltr'><strong>mortem</strong></span> <span class='ocrx_word' id='word_1_39' title='bbox 953 605 1194 678; x_wconf 87' lang='lat' dir='ltr'><strong>corporis</strong></span> <span class='ocrx_word' id='word_1_40' title='bbox 1221 616 1273 659; x_wconf 89' lang='lat' dir='ltr'><strong>et</strong></span> <span class='ocrx_word' id='word_1_41' title='bbox 1299 603 1582 673; x_wconf 81' lang='lat' dir='ltr'><strong>opprobria</strong></span> <span class='ocrx_word' id='word_1_42' title='bbox 1635 599 1919 671; x_wconf 76' lang='lat' dir='ltr'><strong>passionis,</strong></span> <span class='ocrx_word' id='word_1_43' title='bbox 1945 599 2115 651; x_wconf 87' lang='lat' dir='ltr'><strong>mino-</strong></span> <span class='ocrx_word' id='word_1_44' title='bbox 2219 594 2317 649; x_wconf 77' lang='lat' dir='ltr'><strong>llic</strong></span> <span class='ocrx_word' id='word_1_45' title='bbox 2338 609 2485 659; x_wconf 89' lang='lat' dir='ltr'><strong>vero,</strong></span> <span class='ocrx_word' id='word_1_46' title='bbox 2519 593 2606 647; x_wconf 89' lang='lat' dir='ltr'><strong>ubi</strong></span> <span class='ocrx_word' id='word_1_47' title='bbox 2629 592 2763 647; x_wconf 74' lang='lat' dir='ltr'><strong>dixit</strong></span> <span class='ocrx_word' id='word_1_48' title='bbox 2788 610 2800 643; x_wconf 91' lang='lat'>:</span> <span class='ocrx_word' id='word_1_49' title='bbox 2832 590 3066 645; x_wconf 83' lang='lat' dir='ltr'><strong>Necdum</strong></span> <span class='ocrx_word' id='word_1_50' title='bbox 3088 591 3331 647; x_wconf 83' lang='lat' dir='ltr'><strong>videmus</strong></span> <span class='ocrx_word' id='word_1_51' title='bbox 3356 592 3549 646; x_wconf 80' lang='lat' dir='ltr'><strong>omnia</strong></span> <span class='ocrx_word' id='word_1_52' title='bbox 3577 591 3859 659; x_wconf 74' lang='lat' dir='ltr'><strong>subjecta</strong></span> 
     </span>
    </p>
   </div>
   <div class='ocr_carea' id='block_1_5' title="bbox 551 683 3847 761">
    <p class='ocr_par' dir='ltr' id='par_1_5' title="bbox 551 683 3847 761">
     <span class='ocr_line' id='line_1_5' title="bbox 551 683 3847 761; baseline -0.007 -1"><span class='ocrx_word' id='word_1_53' title='bbox 551 720 663 760; x_wconf 84' lang='lat' dir='ltr'><strong>rem</strong></span> <span class='ocrx_word' id='word_1_54' title='bbox 693 703 816 759; x_wconf 85' lang='lat' dir='ltr'><strong>fecit</strong></span> <span class='ocrx_word' id='word_1_55' title='bbox 848 704 986 757; x_wconf 85' lang='lat' dir='ltr'><strong>Deus</strong></span> <span class='ocrx_word' id='word_1_56' title='bbox 1011 701 1168 755; x_wconf 87' lang='lat' dir='ltr'><strong>Pater</strong></span> <span class='ocrx_word' id='word_1_57' title='bbox 1200 697 1393 751; x_wconf 87' lang='lat' dir='ltr'><strong>Filium</strong></span> <span class='ocrx_word' id='word_1_58' title='bbox 1433 709 1587 749; x_wconf 87' lang='lat' dir='ltr'><strong>suum</strong></span> <span class='ocrx_word' id='word_1_59' title='bbox 1625 692 1849 761; x_wconf 87' lang='lat' dir='ltr'><strong>angelis,</strong></span> <span class='ocrx_word' id='word_1_60' title='bbox 1896 689 1987 758; x_wconf 86' lang='lat' dir='ltr'><strong>qui</strong></span> <span class='ocrx_word' id='word_1_61' title='bbox 2034 700 2119 741; x_wconf 83' lang='lat' dir='ltr'><strong>se-</strong></span> <span class='ocrx_word' id='word_1_62' title='bbox 2220 687 2269 741; x_wconf 89' lang='lat' dir='ltr'><strong>ei</strong></span> <span class='ocrx_word' id='word_1_63' title='bbox 2303 705 2314 739; x_wconf 93' lang='lat'>:</span> <span class='ocrx_word' id='word_1_64' title='bbox 2348 686 2716 741; x_wconf 90' lang='lat' dir='ltr'><strong>tantummodo</strong></span> <span class='ocrx_word' id='word_1_65' title='bbox 2740 684 2809 740; x_wconf 88' lang='lat' dir='ltr'><strong>de</strong></span> <span class='ocrx_word' id='word_1_66' title='bbox 2866 683 3167 739; x_wconf 83' lang='lat' dir='ltr'><strong>voluntaria</strong></span> <span class='ocrx_word' id='word_1_67' title='bbox 3189 685 3531 754; x_wconf 88' lang='lat' dir='ltr'><strong>subjectione</strong></span> <span class='ocrx_word' id='word_1_68' title='bbox 3566 684 3847 749; x_wconf 71' lang='lat' dir='ltr'><strong>accipere</strong></span> 
     </span>
    </p>
   </div>
   <div class='ocr_carea' id='block_1_6' title="bbox 552 777 3851 860">
    <p class='ocr_par' dir='ltr' id='par_1_6' title="bbox 552 777 3851 860">
     <span class='ocr_line' id='line_1_6' title="bbox 552 777 3851 860; baseline -0.006 -10"><span class='ocrx_word' id='word_1_69' title='bbox 552 796 781 851; x_wconf 89' lang='lat' dir='ltr'><strong>cundum</strong></span> <span class='ocrx_word' id='word_1_70' title='bbox 821 794 1152 849; x_wconf 77' lang='lat' dir='ltr'><strong>divinitatem</strong></span> <span class='ocrx_word' id='word_1_71' title='bbox 1183 789 1410 860; x_wconf 74' lang='lat' dir='ltr'><strong>mqualis</strong></span> <span class='ocrx_word' id='word_1_72' title='bbox 1457 788 1506 843; x_wconf 92' lang='lat' dir='ltr'><strong>ei</strong></span> <span class='ocrx_word' id='word_1_73' title='bbox 1547 795 1665 842; x_wconf 88' lang='lat' dir='ltr'><strong>erat</strong></span> <span class='ocrx_word' id='word_1_74' title='bbox 1694 786 1746 839; x_wconf 90' lang='lat' dir='ltr'><strong>in</strong></span> <span class='ocrx_word' id='word_1_75' title='bbox 1774 785 2117 852; x_wconf 88' lang='lat' dir='ltr'><strong>omnipoten-</strong></span> <span class='ocrx_word' id='word_1_76' title='bbox 2222 781 2515 849; x_wconf 83' lang='lat' dir='ltr'><strong>debemus,</strong></span> <span class='ocrx_word' id='word_1_77' title='bbox 2544 793 2662 848; x_wconf 72' lang='lat' dir='ltr'><strong>qua:</strong></span> <span class='ocrx_word' id='word_1_78' title='bbox 2693 792 2786 847; x_wconf 87' lang='lat' dir='ltr'><strong>per</strong></span> <span class='ocrx_word' id='word_1_79' title='bbox 2832 777 2991 833; x_wconf 86' lang='lat' dir='ltr'><strong>ﬁdem</strong></span> <span class='ocrx_word' id='word_1_80' title='bbox 3034 784 3276 842; x_wconf 83' lang='lat' dir='ltr'><strong>constat;</strong></span> <span class='ocrx_word' id='word_1_81' title='bbox 3306 791 3409 848; x_wconf 89' lang='lat' dir='ltr'><strong>qua</strong></span> <span class='ocrx_word' id='word_1_82' title='bbox 3453 778 3510 831; x_wconf 92' lang='lat' dir='ltr'><strong>in</strong></span> <span class='ocrx_word' id='word_1_83' title='bbox 3542 788 3687 831; x_wconf 81' lang='lat' dir='ltr'><strong>eum</strong></span> <span class='ocrx_word' id='word_1_84' title='bbox 3720 790 3851 830; x_wconf 47' lang='lat' dir='ltr'><strong>ere.</strong></span> 
     </span>
    </p>
   </div>
   <div class='ocr_carea' id='block_1_7' title="bbox 553 870 3846 956">
    <p class='ocr_par' dir='ltr' id='par_1_7' title="bbox 553 870 3846 956">
     <span class='ocr_line' id='line_1_7' title="bbox 553 870 3846 956; baseline -0.006 -15"><span class='ocrx_word' id='word_1_85' title='bbox 553 888 648 954; x_wconf 84' lang='lat' dir='ltr'><strong>tia,</strong></span> <span class='ocrx_word' id='word_1_86' title='bbox 672 886 792 956; x_wconf 84' lang='lat' dir='ltr'><strong>quia</strong></span> <span class='ocrx_word' id='word_1_87' title='bbox 841 884 1014 953; x_wconf 77' lang='lat' dir='ltr'><strong>angeli</strong></span> <span class='ocrx_word' id='word_1_88' title='bbox 1041 882 1369 937; x_wconf 82' lang='lat' dir='ltr'><strong>immortales</strong></span> <span class='ocrx_word' id='word_1_89' title='bbox 1397 889 1452 936; x_wconf 93' lang='lat' dir='ltr'><strong>et</strong></span> <span class='ocrx_word' id='word_1_90' title='bbox 1472 876 1827 948; x_wconf 85' lang='lat' dir='ltr'><strong>impassibiles</strong></span> <span class='ocrx_word' id='word_1_91' title='bbox 1854 876 2118 930; x_wconf 76' lang='lat' dir='ltr'><strong>existunt:</strong></span> <span class='ocrx_word' id='word_1_92' title='bbox 2223 873 2354 927; x_wconf 75' lang='lat' dir='ltr'><strong>dere</strong></span> <span class='ocrx_word' id='word_1_93' title='bbox 2386 871 2596 925; x_wconf 91' lang='lat' dir='ltr'><strong>nolunt.</strong></span> <span class='ocrx_word' id='word_1_94' title='bbox 2639 870 2773 937; x_wconf 83' lang='lat' dir='ltr'><strong>Quia</strong></span> <span class='ocrx_word' id='word_1_95' title='bbox 2796 870 2937 925; x_wconf 89' lang='lat' dir='ltr'><strong>enim</strong></span> <span class='ocrx_word' id='word_1_96' title='bbox 2969 878 3094 924; x_wconf 92' lang='lat' dir='ltr'><strong>tunc</strong></span> <span class='ocrx_word' id='word_1_97' title='bbox 3117 872 3392 940; x_wconf 87' lang='lat' dir='ltr'><strong>temporis,</strong></span> <span class='ocrx_word' id='word_1_98' title='bbox 3424 870 3667 940; x_wconf 84' lang='lat' dir='ltr'><strong>quando</strong></span> <span class='ocrx_word' id='word_1_99' title='bbox 3694 870 3846 939; x_wconf 75' lang='lat' dir='ltr'><strong>Apo-</strong></span> 
     </span>
    </p>
   </div>
   <div class='ocr_carea' id='block_1_8' title="bbox 556 961 3844 1041">
    <p class='ocr_par' dir='ltr' id='par_1_8' title="bbox 556 961 3844 1041">
     <span class='ocr_line' id='line_1_8' title="bbox 556 961 3844 1041; baseline -0.006 -8"><span class='ocrx_word' id='word_1_100' title='bbox 556 980 854 1033; x_wconf 87' lang='lat' dir='ltr'><strong>minoratus</strong></span> <span class='ocrx_word' id='word_1_101' title='bbox 889 986 972 1031; x_wconf 88' lang='lat' dir='ltr'><strong>est</strong></span> <span class='ocrx_word' id='word_1_102' title='bbox 998 984 1202 1041; x_wconf 88' lang='lat' dir='ltr'><strong>autem,</strong></span> <span class='ocrx_word' id='word_1_103' title='bbox 1257 988 1364 1028; x_wconf 89' lang='lat' dir='ltr'><strong>non</strong></span> <span class='ocrx_word' id='word_1_104' title='bbox 1414 971 1748 1033; x_wconf 85' lang='lat' dir='ltr'><strong>necessitate,</strong></span> <span class='ocrx_word' id='word_1_105' title='bbox 1782 967 1877 1023; x_wconf 87' lang='lat' dir='ltr'><strong>sed</strong></span> <span class='ocrx_word' id='word_1_106' title='bbox 1903 975 2123 1035; x_wconf 76' lang='lat' dir='ltr'><strong>sponla-</strong></span> <span class='ocrx_word' id='word_1_107' title='bbox 2224 964 2393 1017; x_wconf 86' lang='lat' dir='ltr'><strong>stolus</strong></span> <span class='ocrx_word' id='word_1_108' title='bbox 2416 962 2517 1017; x_wconf 88' lang='lat' dir='ltr'><strong>ista</strong></span> <span class='ocrx_word' id='word_1_109' title='bbox 2545 962 2881 1031; x_wconf 86' lang='lat' dir='ltr'><strong>loquebatur,</strong></span> <span class='ocrx_word' id='word_1_110' title='bbox 2898 962 3209 1031; x_wconf 84' lang='lat' dir='ltr'><strong>evangelica</strong></span> <span class='ocrx_word' id='word_1_111' title='bbox 3235 961 3561 1031; x_wconf 63' lang='lat' dir='ltr'><strong>praedicatio</strong></span> <span class='ocrx_word' id='word_1_112' title='bbox 3594 962 3844 1015; x_wconf 71' lang='lat' dir='ltr'><strong>necdum</strong></span> 
     </span>
    </p>
   </div>
   <div class='ocr_carea' id='block_1_9' title="bbox 556 1052 3839 1141">
    <p class='ocr_par' dir='ltr' id='par_1_9' title="bbox 556 1052 3839 1141">
     <span class='ocr_line' id='line_1_9' title="bbox 556 1052 3839 1141; baseline -0.006 -14"><span class='ocrx_word' id='word_1_113' title='bbox 556 1088 654 1127; x_wconf 86' lang='lat' dir='ltr'><strong>nea</strong></span> <span class='ocrx_word' id='word_1_114' title='bbox 675 1072 891 1141; x_wconf 87' lang='lat' dir='ltr'><strong>pietate,</strong></span> <span class='ocrx_word' id='word_1_115' title='bbox 921 1070 1057 1123; x_wconf 88' lang='lat' dir='ltr'><strong>sicut</strong></span> <span class='ocrx_word' id='word_1_116' title='bbox 1080 1068 1221 1122; x_wconf 90' lang='lat' dir='ltr'><strong>idem</strong></span> <span class='ocrx_word' id='word_1_117' title='bbox 1261 1066 1535 1132; x_wconf 73' lang='lat' dir='ltr'><strong>apostolus</strong></span> <span class='ocrx_word' id='word_1_118' title='bbox 1562 1064 1695 1117; x_wconf 86' lang='lat' dir='ltr'><strong>alias</strong></span> <span class='ocrx_word' id='word_1_119' title='bbox 1711 1062 1829 1113; x_wconf 88' lang='lat' dir='ltr'><strong>&#39;ait:</strong></span> <span class='ocrx_word' id='word_1_120' title='bbox 1863 1057 1963 1126; x_wconf 88' lang='lat' dir='ltr'><strong>Qui</strong></span> <span class='ocrx_word' id='word_1_121' title='bbox 2004 1072 2125 1111; x_wconf 90' lang='lat' dir='ltr'><strong>cum</strong></span> <span class='ocrx_word' id='word_1_122' title='bbox 2227 1068 2323 1124; x_wconf 89' lang='lat' dir='ltr'><strong>per</strong></span> <span class='ocrx_word' id='word_1_123' title='bbox 2341 1062 2507 1109; x_wconf 81' lang='lat' dir='ltr'><strong>totum</strong></span> <span class='ocrx_word' id='word_1_124' title='bbox 2533 1053 2788 1107; x_wconf 87' lang='lat' dir='ltr'><strong>mundum</strong></span> <span class='ocrx_word' id='word_1_125' title='bbox 2805 1052 3075 1120; x_wconf 84' lang='lat' dir='ltr'><strong>divulgata</strong></span> <span class='ocrx_word' id='word_1_126' title='bbox 3092 1060 3237 1117; x_wconf 87' lang='lat' dir='ltr'><strong>erat;</strong></span> <span class='ocrx_word' id='word_1_127' title='bbox 3262 1052 3617 1120; x_wconf 70' lang='lat' dir='ltr'><strong>medumque</strong></span> <span class='ocrx_word' id='word_1_128' title='bbox 3647 1065 3839 1107; x_wconf 71' lang='lat' dir='ltr'><strong>omnes</strong></span> 
     </span>
    </p>
   </div>
   <div class='ocr_carea' id='block_1_10' title="bbox 556 1142 3836 1227">
    <p class='ocr_par' dir='ltr' id='par_1_10' title="bbox 556 1142 3836 1227">
     <span class='ocr_line' id='line_1_10' title="bbox 556 1142 3836 1227; baseline -0.006 -11"><span class='ocrx_word' id='word_1_129' title='bbox 556 1164 610 1218; x_wconf 91' lang='lat' dir='ltr'><strong>in</strong></span> <span class='ocrx_word' id='word_1_130' title='bbox 654 1164 821 1218; x_wconf 79' lang='lat' dir='ltr'><strong>forma</strong></span> <span class='ocrx_word' id='word_1_131' title='bbox 855 1162 947 1216; x_wconf 88' lang='lat' dir='ltr'><strong>Dei</strong></span> <span class='ocrx_word' id='word_1_132' title='bbox 970 1168 1131 1224; x_wconf 80' lang='lat' dir='ltr'><strong>esset,</strong></span> <span class='ocrx_word' id='word_1_133' title='bbox 1175 1160 1521 1227; x_wconf 86' lang='lat' dir='ltr'><strong>semetipsum</strong></span> <span class='ocrx_word' id='word_1_134' title='bbox 1551 1154 1863 1219; x_wconf 77' lang='lat' dir='ltr'><strong>exinanivit,</strong></span> <span class='ocrx_word' id='word_1_135' title='bbox 1897 1154 2124 1207; x_wconf 81' lang='lat' dir='ltr'><strong>formam</strong></span> <span class='ocrx_word' id='word_1_136' title='bbox 2228 1146 2591 1215; x_wconf 71' lang='lat' dir='ltr'><strong>prmdestinati</strong></span> <span class='ocrx_word' id='word_1_137' title='bbox 2634 1146 2700 1199; x_wconf 90' lang='lat' dir='ltr'><strong>ad</strong></span> <span class='ocrx_word' id='word_1_138' title='bbox 2744 1145 2904 1199; x_wconf 88' lang='lat' dir='ltr'><strong>vitam</strong></span> <span class='ocrx_word' id='word_1_139' title='bbox 2944 1143 3259 1208; x_wconf 83' lang='lat' dir='ltr'><strong>credebant,</strong></span> <span class='ocrx_word' id='word_1_140' title='bbox 3296 1153 3448 1199; x_wconf 86' lang='lat' dir='ltr'><strong>recte</strong></span> <span class='ocrx_word' id='word_1_141' title='bbox 3480 1142 3630 1197; x_wconf 83' lang='lat' dir='ltr'><strong>dicit</strong></span> <span class='ocrx_word' id='word_1_142' title='bbox 3652 1156 3836 1197; x_wconf 77' lang='lat' dir='ltr'><strong>nunc:</strong></span> 
     </span>
    </p>
   </div>
   <div class='ocr_carea' id='block_1_11' title="bbox 555 1237 3833 1323">
    <p class='ocr_par' dir='ltr' id='par_1_11' title="bbox 555 1237 3833 1323">
     <span class='ocr_line' id='line_1_11' title="bbox 555 1237 3833 1323; baseline -0.006 -14"><span class='ocrx_word' id='word_1_143' title='bbox 555 1258 695 1310; x_wconf 89' lang='lat' dir='ltr'><strong>servi</strong></span> <span class='ocrx_word' id='word_1_144' title='bbox 724 1254 993 1323; x_wconf 88' lang='lat' dir='ltr'><strong>accipiens</strong></span> <span class='ocrx_word' id='word_1_145' title='bbox 1021 1268 1035 1308; x_wconf 90' lang='lat'><strong>:</strong></span> <span class='ocrx_word' id='word_1_146' title='bbox 1070 1253 1345 1322; x_wconf 79' lang='lat' dir='ltr'><strong>factusque</strong></span> <span class='ocrx_word' id='word_1_147' title='bbox 1376 1259 1459 1305; x_wconf 90' lang='lat' dir='ltr'><strong>est</strong></span> <span class='ocrx_word' id='word_1_148' title='bbox 1484 1250 1740 1305; x_wconf 90' lang='lat' dir='ltr'><strong>obediens</strong></span> <span class='ocrx_word' id='word_1_149' title='bbox 1774 1248 1913 1302; x_wconf 75' lang='lat' dir='ltr'><strong>Patri</strong></span> <span class='ocrx_word' id='word_1_150' title='bbox 1959 1261 2130 1315; x_wconf 88' lang='lat' dir='ltr'><strong>usque</strong></span> <span class='ocrx_word' id='word_1_151' title='bbox 2230 1238 2468 1293; x_wconf 74' lang='lat' dir='ltr'><strong>Necdum</strong></span> <span class='ocrx_word' id='word_1_152' title='bbox 2491 1247 2615 1293; x_wconf 84' lang='lat' dir='ltr'><strong>sunt</strong></span> <span class='ocrx_word' id='word_1_153' title='bbox 2654 1239 2705 1293; x_wconf 84' lang='lat' dir='ltr'><strong>ei</strong></span> <span class='ocrx_word' id='word_1_154' title='bbox 2741 1239 2920 1292; x_wconf 80' lang='lat' dir='ltr'><strong>omnia</strong></span> <span class='ocrx_word' id='word_1_155' title='bbox 2948 1237 3221 1307; x_wconf 84' lang='lat' dir='ltr'><strong>subjecta:</strong></span> <span class='ocrx_word' id='word_1_156' title='bbox 3248 1246 3301 1293; x_wconf 90' lang='lat' dir='ltr'><strong>et</strong></span> <span class='ocrx_word' id='word_1_157' title='bbox 3328 1251 3438 1292; x_wconf 90' lang='lat' dir='ltr'><strong>non</strong></span> <span class='ocrx_word' id='word_1_158' title='bbox 3465 1237 3659 1291; x_wconf 78' lang='lat' dir='ltr'><strong>solum</strong></span> <span class='ocrx_word' id='word_1_159' title='bbox 3691 1246 3833 1304; x_wconf 77' lang='lat' dir='ltr'><strong>tunc,</strong></span> 
     </span>
    </p>
   </div>
   <div class='ocr_carea' id='block_1_12' title="bbox 557 1327 3830 1407">
    <p class='ocr_par' dir='ltr' id='par_1_12' title="bbox 557 1327 3830 1407">
     <span class='ocr_line' id='line_1_12' title="bbox 557 1327 3830 1407; baseline -0.005 -9"><span class='ocrx_word' id='word_1_160' title='bbox 557 1346 622 1398; x_wconf 86' lang='lat' dir='ltr'><strong>ad</strong></span> <span class='ocrx_word' id='word_1_161' title='bbox 653 1354 877 1399; x_wconf 91' lang='lat' dir='ltr'><strong>mortem</strong></span> <span class='ocrx_word' id='word_1_162' title='bbox 905 1363 916 1396; x_wconf 92' lang='lat'>:</span> <span class='ocrx_word' id='word_1_163' title='bbox 940 1350 1165 1398; x_wconf 88' lang='lat' dir='ltr'><strong>mortem</strong></span> <span class='ocrx_word' id='word_1_164' title='bbox 1195 1352 1373 1397; x_wconf 89' lang='lat' dir='ltr'><strong>autem</strong></span> <span class='ocrx_word' id='word_1_165' title='bbox 1400 1341 1590 1395; x_wconf 91' lang='lat' dir='ltr'><strong>crucis.</strong></span> <span class='ocrx_word' id='word_1_166' title='bbox 1621 1339 1705 1394; x_wconf 80' lang='lat' dir='ltr'><strong>Ex</strong></span> <span class='ocrx_word' id='word_1_167' title='bbox 1728 1352 1788 1393; x_wconf 87' lang='lat' dir='ltr'><strong>ea</strong></span> <span class='ocrx_word' id='word_1_168' title='bbox 1816 1338 1958 1394; x_wconf 89' lang='lat' dir='ltr'><strong>enim</strong></span> <span class='ocrx_word' id='word_1_169' title='bbox 1980 1344 2132 1407; x_wconf 88' lang='lat' dir='ltr'><strong>parte</strong></span> <span class='ocrx_word' id='word_1_170' title='bbox 2233 1330 2326 1385; x_wconf 87' lang='lat' dir='ltr'><strong>sed</strong></span> <span class='ocrx_word' id='word_1_171' title='bbox 2357 1331 2517 1385; x_wconf 89' lang='lat' dir='ltr'><strong>etiam</strong></span> <span class='ocrx_word' id='word_1_172' title='bbox 2573 1329 2746 1385; x_wconf 88' lang='lat' dir='ltr'><strong>adhuc</strong></span> <span class='ocrx_word' id='word_1_173' title='bbox 2782 1336 2978 1397; x_wconf 78' lang='lat' dir='ltr'><strong>omnes</strong></span> <span class='ocrx_word' id='word_1_174' title='bbox 3003 1328 3362 1399; x_wconf 81' lang='lat' dir='ltr'><strong>praedestinati</strong></span> <span class='ocrx_word' id='word_1_175' title='bbox 3409 1341 3526 1382; x_wconf 87' lang='lat' dir='ltr'><strong>non</strong></span> <span class='ocrx_word' id='word_1_176' title='bbox 3572 1327 3830 1382; x_wconf 79' lang='lat' dir='ltr'><strong>credunt.</strong></span> 
     </span>
    </p>
   </div>
   <div class='ocr_carea' id='block_1_13' title="bbox 559 1430 2137 1504">
    <p class='ocr_par' dir='ltr' id='par_1_13' title="bbox 559 1430 2137 1504">
     <span class='ocr_line' id='line_1_13' title="bbox 559 1430 2137 1504; baseline -0.004 -14"><span class='ocrx_word' id='word_1_177' title='bbox 559 1451 664 1504; x_wconf 87' lang='lat' dir='ltr'><strong>qua</strong></span> <span class='ocrx_word' id='word_1_178' title='bbox 690 1437 824 1491; x_wconf 84' lang='lat' dir='ltr'><strong>mori</strong></span> <span class='ocrx_word' id='word_1_179' title='bbox 850 1437 1040 1504; x_wconf 88' lang='lat' dir='ltr'><strong>potuit,</strong></span> <span class='ocrx_word' id='word_1_180' title='bbox 1068 1445 1281 1488; x_wconf 84' lang='lat' dir='ltr'><strong>creator</strong></span> <span class='ocrx_word' id='word_1_181' title='bbox 1308 1433 1618 1500; x_wconf 82' lang='lat' dir='ltr'><strong>angelorum</strong></span> <span class='ocrx_word' id='word_1_182' title='bbox 1642 1431 1817 1487; x_wconf 89' lang='lat' dir='ltr'><strong>minor</strong></span> <span class='ocrx_word' id='word_1_183' title='bbox 1856 1430 2025 1485; x_wconf 78' lang='lat' dir='ltr'><strong>iactus</strong></span> <span class='ocrx_word' id='word_1_184' title='bbox 2052 1437 2137 1484; x_wconf 88' lang='lat' dir='ltr'><strong>est</strong></span> 
     </span>
    </p>
   </div>
   <div class='ocr_carea' id='block_1_14' title="bbox 560 1519 2136 1596">
    <p class='ocr_par' dir='ltr' id='par_1_14' title="bbox 560 1519 2136 1596">
     <span class='ocr_line' id='line_1_14' title="bbox 560 1519 2136 1596; baseline -0.003 -17"><span class='ocrx_word' id='word_1_185' title='bbox 560 1526 787 1596; x_wconf 82' lang='lat' dir='ltr'><strong>angelis.</strong></span> <span class='ocrx_word' id='word_1_186' title='bbox 819 1524 962 1578; x_wconf 85' lang='lat' dir='ltr'><strong>Bene</strong></span> <span class='ocrx_word' id='word_1_187' title='bbox 988 1530 1167 1577; x_wconf 88' lang='lat' dir='ltr'><strong>autem</strong></span> <span class='ocrx_word' id='word_1_188' title='bbox 1200 1522 1333 1576; x_wconf 80' lang='lat' dir='ltr'><strong>dixit</strong></span> <span class='ocrx_word' id='word_1_189' title='bbox 1363 1538 1377 1575; x_wconf 91' lang='lat'><strong>:</strong></span> <span class='ocrx_word' id='word_1_190' title='bbox 1410 1522 1579 1576; x_wconf 88' lang='lat' dir='ltr'><strong>Paulo</strong></span> <span class='ocrx_word' id='word_1_191' title='bbox 1609 1522 1817 1575; x_wconf 88' lang='lat' dir='ltr'><strong>minus:</strong></span> <span class='ocrx_word' id='word_1_192' title='bbox 1870 1521 1995 1591; x_wconf 86' lang='lat' dir='ltr'><strong>quia</strong></span> <span class='ocrx_word' id='word_1_193' title='bbox 2034 1519 2136 1574; x_wconf 84' lang='lat' dir='ltr'><strong>etsi</strong></span> 
     </span>
    </p>
   </div>
   <div class='ocr_carea' id='block_1_15' title="bbox 2238 1419 3825 1490">
    <p class='ocr_par' dir='ltr' id='par_1_15' title="bbox 2238 1419 3825 1490">
     <span class='ocr_line' id='line_1_15' title="bbox 2238 1419 3825 1490; baseline -0.003 -15"><span class='ocrx_word' id='word_1_194' title='bbox 2238 1421 2369 1475; x_wconf 87' lang='lat' dir='ltr'><strong>Eum</strong></span> <span class='ocrx_word' id='word_1_195' title='bbox 2397 1428 2587 1487; x_wconf 67' lang='lat' dir='ltr'><strong>autem,</strong></span> <span class='ocrx_word' id='word_1_196' title='bbox 2618 1422 2704 1490; x_wconf 76' lang='lat' dir='ltr'><strong>qui</strong></span> <span class='ocrx_word' id='word_1_197' title='bbox 2736 1420 2991 1474; x_wconf 81' lang='lat' dir='ltr'><strong>modicum</strong></span> <span class='ocrx_word' id='word_1_198' title='bbox 3029 1434 3183 1489; x_wconf 82' lang='lat' dir='ltr'><strong>quam</strong></span> <span class='ocrx_word' id='word_1_199' title='bbox 3209 1419 3381 1488; x_wconf 75' lang='lat' dir='ltr'><strong>angeli</strong></span> <span class='ocrx_word' id='word_1_200' title='bbox 3412 1420 3726 1472; x_wconf 67' lang='lat' dir='ltr'><strong>ntittoratus</strong></span> <span class='ocrx_word' id='word_1_201' title='bbox 3742 1430 3825 1481; x_wconf 67' lang='lat' dir='ltr'><strong>est,</strong></span> 
     </span>
    </p>
   </div>
   <div class='ocr_carea' id='block_1_16' title="bbox 2234 1508 3832 1582">
    <p class='ocr_par' dir='ltr' id='par_1_16' title="bbox 2234 1508 3832 1582">
     <span class='ocr_line' id='line_1_16' title="bbox 2234 1508 3832 1582; baseline -0.003 -16"><span class='ocrx_word' id='word_1_202' title='bbox 2234 1512 2463 1567; x_wconf 76' lang='lat' dir='ltr'><strong>videmus</strong></span> <span class='ocrx_word' id='word_1_203' title='bbox 2489 1511 2689 1580; x_wconf 71' lang='lat' dir='ltr'><strong>Iesum,</strong></span> <span class='ocrx_word' id='word_1_204' title='bbox 2720 1518 2923 1582; x_wconf 80' lang='lat' dir='ltr'><strong>propter</strong></span> <span class='ocrx_word' id='word_1_205' title='bbox 2942 1511 3225 1581; x_wconf 67' lang='lat' dir='ltr'><strong>passionem</strong></span> <span class='ocrx_word' id='word_1_206' title='bbox 3244 1510 3447 1573; x_wconf 69' lang='lat' dir='ltr'><strong>mersis,</strong></span> <span class='ocrx_word' id='word_1_207' title='bbox 3482 1508 3667 1581; x_wconf 74' lang='lat' dir='ltr'><strong>glas-ia</strong></span> <span class='ocrx_word' id='word_1_208' title='bbox 3690 1509 3832 1561; x_wconf 64' lang='grc' dir='ltr'><strong>αισ-</strong></span> 
     </span>
    </p>
   </div>
   <div class='ocr_carea' id='block_1_17' title="bbox 566 1599 3833 1683">
    <p class='ocr_par' dir='ltr' id='par_1_17' title="bbox 566 1599 3833 1683">
     <span class='ocr_line' id='line_1_17' title="bbox 566 1599 3833 1683; baseline -0.004 -14"><span class='ocrx_word' id='word_1_209' title='bbox 566 1616 792 1670; x_wconf 86' lang='lat' dir='ltr'><strong>mortale</strong></span> <span class='ocrx_word' id='word_1_210' title='bbox 822 1628 1015 1683; x_wconf 87' lang='lat' dir='ltr'><strong>corpus</strong></span> <span class='ocrx_word' id='word_1_211' title='bbox 1041 1612 1346 1681; x_wconf 80' lang='lat' dir='ltr'><strong>assumpsit,</strong></span> <span class='ocrx_word' id='word_1_212' title='bbox 1389 1612 1594 1681; x_wconf 77' lang='lat' dir='ltr'><strong>peccati</strong></span> <span class='ocrx_word' id='word_1_213' title='bbox 1640 1608 1815 1665; x_wconf 82' lang='lat' dir='ltr'><strong>tamen</strong></span> <span class='ocrx_word' id='word_1_214' title='bbox 1875 1615 2138 1665; x_wconf 83' lang='lat' dir='ltr'><strong>maculam</strong></span> <span class='ocrx_word' id='word_1_215' title='bbox 2236 1619 2359 1657; x_wconf 82' lang='lat' dir='ltr'><strong>nare</strong></span> <span class='ocrx_word' id='word_1_216' title='bbox 2388 1611 2711 1657; x_wconf 81' lang='lat' dir='ltr'><strong>coronatum.</strong></span> <span class='ocrx_word' id='word_1_217' title='bbox 2737 1601 2835 1655; x_wconf 82' lang='lat' dir='ltr'><strong>Hic</strong></span> <span class='ocrx_word' id='word_1_218' title='bbox 2858 1608 3044 1672; x_wconf 86' lang='lat' dir='ltr'><strong>aperte</strong></span> <span class='ocrx_word' id='word_1_219' title='bbox 3065 1599 3389 1664; x_wconf 78' lang='lat' dir='ltr'><strong>manifestat,</strong></span> <span class='ocrx_word' id='word_1_220' title='bbox 3415 1600 3550 1669; x_wconf 84' lang='lat' dir='ltr'><strong>quia</strong></span> <span class='ocrx_word' id='word_1_221' title='bbox 3580 1600 3761 1668; x_wconf 74' lang='lat' dir='ltr'><strong>gloria</strong></span> <span class='ocrx_word' id='word_1_222' title='bbox 3786 1612 3833 1655; x_wconf 80' lang='lat' dir='ltr'><strong>et</strong></span> 
     </span>
    </p>
   </div>
   <div class='ocr_carea' id='block_1_18' title="bbox 562 1690 2149 1761">
    <p class='ocr_par' dir='ltr' id='par_1_18' title="bbox 562 1702 2139 1761">
     <span class='ocr_line' id='line_1_18' title="bbox 562 1702 2139 1761; baseline -0.002 0"><span class='ocrx_word' id='word_1_223' title='bbox 562 1722 670 1761; x_wconf 89' lang='lat' dir='ltr'><strong>non</strong></span> <span class='ocrx_word' id='word_1_224' title='bbox 697 1707 899 1760; x_wconf 83' lang='lat' dir='ltr'><strong>habuit.</strong></span> <span class='ocrx_word' id='word_1_225' title='bbox 923 1705 1103 1759; x_wconf 81' lang='lat' dir='ltr'><strong>Gloria</strong></span> <span class='ocrx_word' id='word_1_226' title='bbox 1130 1714 1175 1758; x_wconf 84' lang='lat' dir='ltr'><strong>et</strong></span> <span class='ocrx_word' id='word_1_227' title='bbox 1197 1705 1386 1759; x_wconf 84' lang='lat' dir='ltr'><strong>honore</strong></span> <span class='ocrx_word' id='word_1_228' title='bbox 1416 1705 1671 1758; x_wconf 72' lang='grc' dir='ltr'><strong>συνοπαδῑὶ</strong></span> <span class='ocrx_word' id='word_1_229' title='bbox 1691 1720 1825 1757; x_wconf 87' lang='lat' dir='ltr'><strong>eum.</strong></span> <span class='ocrx_word' id='word_1_230' title='bbox 1854 1702 2139 1759; x_wconf 83' lang='lat' dir='ltr'><strong>Psalmista</strong></span> 
     </span>
    </p>
   </div>
   <div class='ocr_carea' id='block_1_19' title="bbox 2255 1690 3831 1761">
    <p class='ocr_par' dir='ltr' id='par_1_19' title="bbox 2255 1690 3831 1759">
     <span class='ocr_line' id='line_1_19' title="bbox 2255 1690 3831 1759; baseline -0.001 -14"><span class='ocrx_word' id='word_1_231' title='bbox 2255 1706 2413 1747; x_wconf 70' lang='lat' dir='ltr'><strong>JOIIOI&#39;</strong></span> <span class='ocrx_word' id='word_1_232' title='bbox 2434 1692 2630 1747; x_wconf 80' lang='lat' dir='ltr'><strong>Christi</strong></span> <span class='ocrx_word' id='word_1_233' title='bbox 2658 1706 2787 1745; x_wconf 80' lang='lat' dir='ltr'><strong>crux</strong></span> <span class='ocrx_word' id='word_1_234' title='bbox 2818 1690 2933 1759; x_wconf 88' lang='lat' dir='ltr'><strong>ejus</strong></span> <span class='ocrx_word' id='word_1_235' title='bbox 2961 1690 3082 1755; x_wconf 80' lang='lat' dir='ltr'><strong>fuit,</strong></span> <span class='ocrx_word' id='word_1_236' title='bbox 3108 1704 3205 1759; x_wconf 87' lang='lat' dir='ltr'><strong>pro</strong></span> <span class='ocrx_word' id='word_1_237' title='bbox 3227 1704 3329 1757; x_wconf 83' lang='lat' dir='ltr'><strong>qua</strong></span> <span class='ocrx_word' id='word_1_238' title='bbox 3353 1690 3643 1745; x_wconf 75' lang='lat' dir='ltr'><strong>modicum</strong></span> <span class='ocrx_word' id='word_1_239' title='bbox 3674 1693 3831 1745; x_wconf 83' lang='lat' dir='ltr'><strong>mino-</strong></span> 
     </span>
    </p>
   </div>
   <div class='ocr_carea' id='block_1_20' title="bbox 569 1778 3828 1868">
    <p class='ocr_par' dir='ltr' id='par_1_20' title="bbox 569 1778 3828 1868">
     <span class='ocr_line' id='line_1_20' title="bbox 569 1778 3828 1868; baseline 0 -16"><span class='ocrx_word' id='word_1_240' title='bbox 569 1799 803 1868; x_wconf 90' lang='lat' dir='ltr'><strong>loquitur</strong></span> <span class='ocrx_word' id='word_1_241' title='bbox 834 1798 898 1852; x_wconf 86' lang='lat' dir='ltr'><strong>ad</strong></span> <span class='ocrx_word' id='word_1_242' title='bbox 950 1799 1114 1851; x_wconf 86' lang='lat' dir='ltr'><strong>Deum</strong></span> <span class='ocrx_word' id='word_1_243' title='bbox 1171 1797 1381 1850; x_wconf 86' lang='lat' dir='ltr'><strong>Patrem</strong></span> <span class='ocrx_word' id='word_1_244' title='bbox 1414 1796 1482 1851; x_wconf 90' lang='lat' dir='ltr'><strong>de</strong></span> <span class='ocrx_word' id='word_1_245' title='bbox 1509 1796 1807 1849; x_wconf 84' lang='lat' dir='ltr'><strong>humilitate</strong></span> <span class='ocrx_word' id='word_1_246' title='bbox 1855 1782 1909 1849; x_wconf 83' lang='lat' dir='ltr'><strong>et</strong></span> <span class='ocrx_word' id='word_1_247' title='bbox 1937 1795 2143 1850; x_wconf 89' lang='lat' dir='ltr'><strong>exalta-</strong></span> <span class='ocrx_word' id='word_1_248' title='bbox 2174 1778 2221 1837; x_wconf 84' lang='grc' dir='ltr'><strong>Β</strong></span> <span class='ocrx_word' id='word_1_249' title='bbox 2250 1792 2397 1838; x_wconf 65' lang='lat' dir='ltr'><strong>fall”</strong></span> <span class='ocrx_word' id='word_1_250' title='bbox 2424 1794 2507 1837; x_wconf 70' lang='grc' dir='ltr'><strong>εει</strong></span> <span class='ocrx_word' id='word_1_251' title='bbox 2546 1783 2614 1837; x_wconf 64' lang='grc' dir='ltr'><strong>ει)</strong></span> <span class='ocrx_word' id='word_1_252' title='bbox 2641 1781 2846 1851; x_wconf 67' lang='grc' dir='ltr'><strong>θηκειεε</strong></span> <span class='ocrx_word' id='word_1_253' title='bbox 2869 1820 2885 1846; x_wconf 72' lang='grc'><strong>9</strong></span> <span class='ocrx_word' id='word_1_254' title='bbox 2920 1782 3207 1837; x_wconf 66' lang='lat' dir='ltr'><strong>moriendo</strong></span> <span class='ocrx_word' id='word_1_255' title='bbox 3235 1796 3331 1852; x_wconf 79' lang='grc' dir='ltr'><strong>Ρτο</strong></span> <span class='ocrx_word' id='word_1_256' title='bbox 3372 1791 3563 1837; x_wconf 69' lang='lat' dir='ltr'><strong>“09m</strong></span> <span class='ocrx_word' id='word_1_257' title='bbox 3624 1782 3828 1838; x_wconf 54' lang='lat' dir='ltr'><strong>“hic:</strong></span> 
     </span>
    </p>
   </div>
   <div class='ocr_carea' id='block_1_21' title="bbox 576 1871 3829 1956">
    <p class='ocr_par' dir='ltr' id='par_1_21' title="bbox 576 1871 3829 1956">
     <span class='ocr_line' id='line_1_21' title="bbox 576 1871 3829 1956; baseline -0.002 -12"><span class='ocrx_word' id='word_1_258' title='bbox 576 1890 720 1944; x_wconf 90' lang='lat' dir='ltr'><strong>tione</strong></span> <span class='ocrx_word' id='word_1_259' title='bbox 753 1888 891 1954; x_wconf 86' lang='lat' dir='ltr'><strong>Filii,</strong></span> <span class='ocrx_word' id='word_1_260' title='bbox 938 1888 1161 1943; x_wconf 89' lang='lat' dir='ltr'><strong>dicens:</strong></span> <span class='ocrx_word' id='word_1_261' title='bbox 1194 1887 1427 1941; x_wconf 81' lang='lat' dir='ltr'><strong>Minuisti</strong></span> <span class='ocrx_word' id='word_1_262' title='bbox 1482 1886 1720 1956; x_wconf 88' lang='lat' dir='ltr'><strong>(inquit)</strong></span> <span class='ocrx_word' id='word_1_263' title='bbox 1770 1886 1960 1940; x_wconf 80' lang='lat' dir='ltr'><strong>Filium</strong></span> <span class='ocrx_word' id='word_1_264' title='bbox 1992 1893 2142 1941; x_wconf 89' lang='lat' dir='ltr'><strong>tuum</strong></span> <span class='ocrx_word' id='word_1_265' title='bbox 2253 1874 2400 1930; x_wconf 79' lang='lat' dir='ltr'><strong>unde</strong></span> <span class='ocrx_word' id='word_1_266' title='bbox 2427 1883 2479 1928; x_wconf 77' lang='lat' dir='ltr'><strong>et</strong></span> <span class='ocrx_word' id='word_1_267' title='bbox 2518 1874 2807 1943; x_wconf 65' lang='lat' dir='ltr'><strong>Apostolus</strong></span> <span class='ocrx_word' id='word_1_268' title='bbox 2857 1872 2981 1928; x_wconf 75' lang='lat' dir='ltr'><strong>alibi</strong></span> <span class='ocrx_word' id='word_1_269' title='bbox 3033 1887 3153 1927; x_wconf 82' lang='lat' dir='ltr'><strong>cum</strong></span> <span class='ocrx_word' id='word_1_270' title='bbox 3202 1872 3470 1929; x_wconf 72' lang='lat' dir='ltr'><strong>dixisset:</strong></span> <span class='ocrx_word' id='word_1_271' title='bbox 3508 1871 3715 1927; x_wconf 71' lang='lat' dir='ltr'><strong>Factus</strong></span> <span class='ocrx_word' id='word_1_272' title='bbox 3758 1886 3829 1929; x_wconf 59' lang='lat' dir='ltr'><strong>est</strong></span> 
     </span>
    </p>
   </div>
   <div class='ocr_carea' id='block_1_22' title="bbox 573 1963 2149 2049">
    <p class='ocr_par' dir='ltr' id='par_1_22' title="bbox 573 1978 2138 2049">
     <span class='ocr_line' id='line_1_22' title="bbox 573 1978 2138 2049; baseline -0.001 -17"><span class='ocrx_word' id='word_1_273' title='bbox 573 1980 729 2048; x_wconf 89' lang='lat' dir='ltr'><strong>paulo</strong></span> <span class='ocrx_word' id='word_1_274' title='bbox 756 1981 931 2033; x_wconf 90' lang='lat' dir='ltr'><strong>minus</strong></span> <span class='ocrx_word' id='word_1_275' title='bbox 961 1982 1027 2033; x_wconf 89' lang='lat' dir='ltr'><strong>ab</strong></span> <span class='ocrx_word' id='word_1_276' title='bbox 1055 1978 1283 2049; x_wconf 82' lang='lat' dir='ltr'><strong>angelis,</strong></span> <span class='ocrx_word' id='word_1_277' title='bbox 1307 1978 1431 2032; x_wconf 91' lang='lat' dir='ltr'><strong>dum</strong></span> <span class='ocrx_word' id='word_1_278' title='bbox 1454 1993 1574 2033; x_wconf 89' lang='lat' dir='ltr'><strong>eum</strong></span> <span class='ocrx_word' id='word_1_279' title='bbox 1606 1978 1889 2033; x_wconf 87' lang='lat' dir='ltr'><strong>mortalem</strong></span> <span class='ocrx_word' id='word_1_280' title='bbox 1916 1978 2138 2034; x_wconf 87' lang='lat' dir='ltr'><strong>creasti:</strong></span> 
     </span>
    </p>
   </div>
   <div class='ocr_carea' id='block_1_23' title="bbox 2255 1963 3829 2049">
    <p class='ocr_par' dir='ltr' id='par_1_23' title="bbox 2255 1963 3829 2033">
     <span class='ocr_line' id='line_1_23' title="bbox 2255 1963 3829 2033; baseline 0 -14"><span class='ocrx_word' id='word_1_281' title='bbox 2255 1964 2508 2020; x_wconf 85' lang='lat' dir='ltr'><strong>obediens</strong></span> <span class='ocrx_word' id='word_1_282' title='bbox 2534 1964 2675 2018; x_wconf 84' lang='lat' dir='ltr'><strong>Patri</strong></span> <span class='ocrx_word' id='word_1_283' title='bbox 2704 1978 2873 2033; x_wconf 88' lang='lat' dir='ltr'><strong>usque</strong></span> <span class='ocrx_word' id='word_1_284' title='bbox 2893 1963 2960 2018; x_wconf 89' lang='lat' dir='ltr'><strong>ad</strong></span> <span class='ocrx_word' id='word_1_285' title='bbox 2977 1971 3227 2028; x_wconf 89' lang='lat' dir='ltr'><strong>mortem,</strong></span> <span class='ocrx_word' id='word_1_286' title='bbox 3252 1972 3490 2019; x_wconf 88' lang='lat' dir='ltr'><strong>mortem</strong></span> <span class='ocrx_word' id='word_1_287' title='bbox 3514 1973 3701 2019; x_wconf 80' lang='lat' dir='ltr'><strong>autem</strong></span> <span class='ocrx_word' id='word_1_288' title='bbox 3725 1980 3829 2019; x_wconf 78' lang='lat' dir='ltr'><strong>cra-</strong></span> 
     </span>
    </p>
   </div>
   <div class='ocr_carea' id='block_1_24' title="bbox 571 2054 2149 2144">
    <p class='ocr_par' dir='ltr' id='par_1_24' title="bbox 571 2055 2141 2144">
     <span class='ocr_line' id='line_1_24' title="bbox 571 2055 2141 2144; baseline -0.001 -17"><span class='ocrx_word' id='word_1_289' title='bbox 571 2073 665 2129; x_wconf 87' lang='lat' dir='ltr'><strong>sed</strong></span> <span class='ocrx_word' id='word_1_290' title='bbox 694 2074 816 2141; x_wconf 85' lang='lat' dir='ltr'><strong>quia</strong></span> <span class='ocrx_word' id='word_1_291' title='bbox 846 2074 934 2128; x_wconf 89' lang='lat' dir='ltr'><strong>ille</strong></span> <span class='ocrx_word' id='word_1_292' title='bbox 964 2074 1054 2129; x_wconf 89' lang='lat' dir='ltr'><strong>tibi</strong></span> <span class='ocrx_word' id='word_1_293' title='bbox 1081 2073 1339 2128; x_wconf 87' lang='lat' dir='ltr'><strong>obediens</strong></span> <span class='ocrx_word' id='word_1_294' title='bbox 1368 2074 1573 2129; x_wconf 78' lang='lat' dir='ltr'><strong>exstitit</strong></span> <span class='ocrx_word' id='word_1_295' title='bbox 1603 2089 1774 2144; x_wconf 89' lang='lat' dir='ltr'><strong>usque</strong></span> <span class='ocrx_word' id='word_1_296' title='bbox 1796 2074 1861 2128; x_wconf 90' lang='lat' dir='ltr'><strong>ad</strong></span> <span class='ocrx_word' id='word_1_297' title='bbox 1893 2055 2141 2140; x_wconf 83' lang='lat' dir='ltr'><strong>mortem,</strong></span> 
     </span>
    </p>
   </div>
   <div class='ocr_carea' id='block_1_25' title="bbox 2255 2054 3827 2144">
    <p class='ocr_par' dir='ltr' id='par_1_25' title="bbox 2255 2054 3827 2129">
     <span class='ocr_line' id='line_1_25' title="bbox 2255 2054 3827 2129; baseline 0.004 -19"><span class='ocrx_word' id='word_1_298' title='bbox 2255 2056 2329 2110; x_wconf 88' lang='lat' dir='ltr'><strong>cis</strong></span> <span class='ocrx_word' id='word_1_299' title='bbox 2346 2096 2359 2121; x_wconf 94' lang='lat'><strong>,</strong></span> <span class='ocrx_word' id='word_1_300' title='bbox 2409 2055 2590 2109; x_wconf 86' lang='lat' dir='ltr'><strong>statim</strong></span> <span class='ocrx_word' id='word_1_301' title='bbox 2646 2054 2964 2111; x_wconf 87' lang='lat' dir='ltr'><strong>subsecutus</strong></span> <span class='ocrx_word' id='word_1_302' title='bbox 2991 2064 3075 2110; x_wconf 85' lang='lat' dir='ltr'><strong>est</strong></span> <span class='ocrx_word' id='word_1_303' title='bbox 3094 2055 3315 2112; x_wconf 85' lang='lat' dir='ltr'><strong>dicens:</strong></span> <span class='ocrx_word' id='word_1_304' title='bbox 3346 2056 3587 2129; x_wconf 83' lang='lat' dir='ltr'><strong>Propter</strong></span> <span class='ocrx_word' id='word_1_305' title='bbox 3608 2058 3755 2128; x_wconf 78' lang='lat' dir='ltr'><strong>quod</strong></span> <span class='ocrx_word' id='word_1_306' title='bbox 3782 2071 3827 2117; x_wconf 81' lang='lat' dir='ltr'><strong>et</strong></span> 
     </span>
    </p>
   </div>
   <div class='ocr_carea' id='block_1_26' title="bbox 568 2160 2147 2231">
    <p class='ocr_par' dir='ltr' id='par_1_26' title="bbox 568 2160 2147 2231">
     <span class='ocr_line' id='line_1_26' title="bbox 568 2160 2147 2231; baseline 0.001 -16"><span class='ocrx_word' id='word_1_307' title='bbox 568 2161 739 2231; x_wconf 86' lang='lat' dir='ltr'><strong>gloria</strong></span> <span class='ocrx_word' id='word_1_308' title='bbox 787 2170 841 2217; x_wconf 91' lang='lat' dir='ltr'><strong>et</strong></span> <span class='ocrx_word' id='word_1_309' title='bbox 894 2164 1096 2218; x_wconf 85' lang='lat' dir='ltr'><strong>honore</strong></span> <span class='ocrx_word' id='word_1_310' title='bbox 1144 2164 1413 2218; x_wconf 84' lang='lat' dir='ltr'><strong>coronasti</strong></span> <span class='ocrx_word' id='word_1_311' title='bbox 1462 2179 1605 2219; x_wconf 91' lang='lat' dir='ltr'><strong>eum.</strong></span> <span class='ocrx_word' id='word_1_312' title='bbox 1642 2163 1771 2219; x_wconf 89' lang='lat' dir='ltr'><strong>Tale</strong></span> <span class='ocrx_word' id='word_1_313' title='bbox 1817 2174 1896 2218; x_wconf 88' lang='lat' dir='ltr'><strong>est</strong></span> <span class='ocrx_word' id='word_1_314' title='bbox 1933 2171 1988 2217; x_wconf 89' lang='lat' dir='ltr'><strong>et</strong></span> <span class='ocrx_word' id='word_1_315' title='bbox 2020 2160 2147 2216; x_wconf 89' lang='lat' dir='ltr'><strong>illud</strong></span> 
     </span>
    </p>
   </div>
   <div class='ocr_carea' id='block_1_27' title="bbox 568 2254 2143 2324">
    <p class='ocr_par' dir='ltr' id='par_1_27' title="bbox 568 2254 2143 2324">
     <span class='ocr_line' id='line_1_27' title="bbox 568 2254 2143 2324; baseline 0.001 -16"><span class='ocrx_word' id='word_1_316' title='bbox 568 2254 709 2323; x_wconf 91' lang='lat' dir='ltr'><strong>quod</strong></span> <span class='ocrx_word' id='word_1_317' title='bbox 755 2254 1041 2323; x_wconf 82' lang='lat' dir='ltr'><strong>Apostolus</strong></span> <span class='ocrx_word' id='word_1_318' title='bbox 1068 2254 1197 2309; x_wconf 87' lang='lat' dir='ltr'><strong>dicit</strong></span> <span class='ocrx_word' id='word_1_319' title='bbox 1223 2256 1275 2309; x_wconf 89' lang='lat' dir='ltr'><strong>in</strong></span> <span class='ocrx_word' id='word_1_320' title='bbox 1303 2256 1409 2309; x_wconf 85' lang='lat' dir='ltr'><strong>alio</strong></span> <span class='ocrx_word' id='word_1_321' title='bbox 1456 2254 1594 2310; x_wconf 90' lang='lat' dir='ltr'><strong>loco.</strong></span> <span class='ocrx_word' id='word_1_322' title='bbox 1658 2255 1883 2324; x_wconf 86' lang='lat' dir='ltr'><strong>Propter</strong></span> <span class='ocrx_word' id='word_1_323' title='bbox 1919 2254 2060 2323; x_wconf 91' lang='lat' dir='ltr'><strong>quod</strong></span> <span class='ocrx_word' id='word_1_324' title='bbox 2090 2264 2143 2311; x_wconf 92' lang='lat' dir='ltr'><strong>et</strong></span> 
     </span>
    </p>
   </div>
   <div class='ocr_carea' id='block_1_28' title="bbox 572 2346 2143 2418">
    <p class='ocr_par' dir='ltr' id='par_1_28' title="bbox 572 2346 2143 2418">
     <span class='ocr_line' id='line_1_28' title="bbox 572 2346 2143 2418; baseline 0.003 -18"><span class='ocrx_word' id='word_1_325' title='bbox 572 2346 717 2400; x_wconf 87' lang='lat' dir='ltr'><strong>Deus</strong></span> <span class='ocrx_word' id='word_1_326' title='bbox 764 2348 1020 2402; x_wconf 87' lang='lat' dir='ltr'><strong>exaltavit</strong></span> <span class='ocrx_word' id='word_1_327' title='bbox 1070 2347 1241 2413; x_wconf 89' lang='lat' dir='ltr'><strong>illum,</strong></span> <span class='ocrx_word' id='word_1_328' title='bbox 1273 2356 1326 2403; x_wconf 91' lang='lat' dir='ltr'><strong>ct</strong></span> <span class='ocrx_word' id='word_1_329' title='bbox 1351 2348 1499 2403; x_wconf 89' lang='lat' dir='ltr'><strong>dedit</strong></span> <span class='ocrx_word' id='word_1_330' title='bbox 1539 2348 1615 2403; x_wconf 89' lang='lat' dir='ltr'><strong>illi</strong></span> <span class='ocrx_word' id='word_1_331' title='bbox 1648 2363 1841 2404; x_wconf 88' lang='lat' dir='ltr'><strong>nomen</strong></span> <span class='ocrx_word' id='word_1_332' title='bbox 1883 2348 2029 2418; x_wconf 87' lang='lat' dir='ltr'><strong>quod</strong></span> <span class='ocrx_word' id='word_1_333' title='bbox 2062 2358 2143 2405; x_wconf 88' lang='lat' dir='ltr'><strong>est</strong></span> 
     </span>
    </p>
   </div>
   <div class='ocr_carea' id='block_1_29' title="bbox 576 2439 2140 2509">
    <p class='ocr_par' dir='ltr' id='par_1_29' title="bbox 576 2439 2140 2509">
     <span class='ocr_line' id='line_1_29' title="bbox 576 2439 2140 2509; baseline 0.002 -18"><span class='ocrx_word' id='word_1_334' title='bbox 576 2450 739 2504; x_wconf 86' lang='lat' dir='ltr'><strong>super</strong></span> <span class='ocrx_word' id='word_1_335' title='bbox 783 2451 942 2492; x_wconf 89' lang='lat' dir='ltr'><strong>omne</strong></span> <span class='ocrx_word' id='word_1_336' title='bbox 974 2452 1189 2503; x_wconf 90' lang='lat' dir='ltr'><strong>nomen,</strong></span> <span class='ocrx_word' id='word_1_337' title='bbox 1239 2447 1298 2493; x_wconf 90' lang='lat' dir='ltr'><strong>ut</strong></span> <span class='ocrx_word' id='word_1_338' title='bbox 1327 2440 1378 2493; x_wconf 93' lang='lat' dir='ltr'><strong>in</strong></span> <span class='ocrx_word' id='word_1_339' title='bbox 1406 2443 1624 2495; x_wconf 87' lang='lat' dir='ltr'><strong>nomine</strong></span> <span class='ocrx_word' id='word_1_340' title='bbox 1659 2439 1784 2495; x_wconf 90' lang='lat' dir='ltr'><strong>Jesu</strong></span> <span class='ocrx_word' id='word_1_341' title='bbox 1814 2454 1974 2495; x_wconf 90' lang='lat' dir='ltr'><strong>omne</strong></span> <span class='ocrx_word' id='word_1_342' title='bbox 2002 2454 2140 2509; x_wconf 82' lang='lat' dir='ltr'><strong>genu</strong></span> 
     </span>
    </p>
   </div>
   <div class='ocr_carea' id='block_1_30' title="bbox 571 2527 2143 2598">
    <p class='ocr_par' dir='ltr' id='par_1_30' title="bbox 571 2527 2143 2598">
     <span class='ocr_line' id='line_1_30' title="bbox 571 2527 2143 2598; baseline 0.004 -18"><span class='ocrx_word' id='word_1_343' title='bbox 571 2527 861 2593; x_wconf 79' lang='lat' dir='ltr'><strong>ﬂectatur,</strong></span> <span class='ocrx_word' id='word_1_344' title='bbox 906 2529 1224 2598; x_wconf 73' lang='lat' dir='ltr'><strong>caelestium,</strong></span> <span class='ocrx_word' id='word_1_345' title='bbox 1301 2532 1628 2587; x_wconf 84' lang='lat' dir='ltr'><strong>terrestrium</strong></span> <span class='ocrx_word' id='word_1_346' title='bbox 1688 2541 1743 2587; x_wconf 90' lang='lat' dir='ltr'><strong>et</strong></span> <span class='ocrx_word' id='word_1_347' title='bbox 1792 2532 2143 2587; x_wconf 81' lang='lat' dir='ltr'><strong>infernorum.</strong></span> 
     </span>
    </p>
   </div>
   <div class='ocr_carea' id='block_1_31' title="bbox 574 2616 2146 2687">
    <p class='ocr_par' dir='ltr' id='par_1_31' title="bbox 574 2616 2146 2687">
     <span class='ocr_line' id='line_1_31' title="bbox 574 2616 2146 2687; baseline 0.005 -16"><span class='ocrx_word' id='word_1_348' title='bbox 574 2616 754 2671; x_wconf 85' lang='lat' dir='ltr'><strong>Gloria</strong></span> <span class='ocrx_word' id='word_1_349' title='bbox 794 2632 922 2687; x_wconf 84' lang='lat' dir='ltr'><strong>ergo</strong></span> <span class='ocrx_word' id='word_1_350' title='bbox 960 2621 1239 2675; x_wconf 85' lang='lat' dir='ltr'><strong>coronavit</strong></span> <span class='ocrx_word' id='word_1_351' title='bbox 1274 2636 1398 2677; x_wconf 91' lang='lat' dir='ltr'><strong>eum</strong></span> <span class='ocrx_word' id='word_1_352' title='bbox 1431 2623 1573 2678; x_wconf 89' lang='lat' dir='ltr'><strong>Deus</strong></span> <span class='ocrx_word' id='word_1_353' title='bbox 1621 2623 1780 2679; x_wconf 88' lang='lat' dir='ltr'><strong>Pater</strong></span> <span class='ocrx_word' id='word_1_354' title='bbox 1819 2622 1873 2677; x_wconf 91' lang='lat' dir='ltr'><strong>in</strong></span> <span class='ocrx_word' id='word_1_355' title='bbox 1904 2638 2146 2679; x_wconf 78' lang='lat' dir='ltr'><strong>resurre-</strong></span> 
     </span>
    </p>
   </div>
   <div class='ocr_carea' id='block_1_32' title="bbox 572 2705 2150 2787">
    <p class='ocr_par' dir='ltr' id='par_1_32' title="bbox 572 2705 2150 2787">
     <span class='ocr_line' id='line_1_32' title="bbox 572 2705 2150 2787; baseline 0.006 -26"><span class='ocrx_word' id='word_1_356' title='bbox 572 2705 772 2772; x_wconf 87' lang='lat' dir='ltr'><strong>ctione,</strong></span> <span class='ocrx_word' id='word_1_357' title='bbox 814 2708 1021 2766; x_wconf 80' lang='lat' dir='ltr'><strong>honore</strong></span> <span class='ocrx_word' id='word_1_358' title='bbox 1051 2720 1228 2767; x_wconf 88' lang='lat' dir='ltr'><strong>antem</strong></span> <span class='ocrx_word' id='word_1_359' title='bbox 1286 2713 1339 2768; x_wconf 90' lang='lat' dir='ltr'><strong>in</strong></span> <span class='ocrx_word' id='word_1_360' title='bbox 1394 2714 1731 2783; x_wconf 88' lang='lat' dir='ltr'><strong>ascensione,</strong></span> <span class='ocrx_word' id='word_1_361' title='bbox 1773 2714 1988 2785; x_wconf 75' lang='lat' dir='ltr'><strong>quando</strong></span> <span class='ocrx_word' id='word_1_362' title='bbox 2020 2731 2150 2787; x_wconf 87' lang='lat' dir='ltr'><strong>qua-</strong></span> 
     </span>
    </p>
   </div>
   <div class='ocr_carea' id='block_1_33' title="bbox 574 2798 2147 2870">
    <p class='ocr_par' dir='ltr' id='par_1_33' title="bbox 574 2798 2147 2870">
     <span class='ocr_line' id='line_1_33' title="bbox 574 2798 2147 2870; baseline 0.006 -17"><span class='ocrx_word' id='word_1_363' title='bbox 574 2798 876 2870; x_wconf 86' lang='lat' dir='ltr'><strong>dragesimo</strong></span> <span class='ocrx_word' id='word_1_364' title='bbox 904 2802 993 2858; x_wconf 91' lang='lat' dir='ltr'><strong>die</strong></span> <span class='ocrx_word' id='word_1_365' title='bbox 1012 2805 1427 2861; x_wconf 88' lang='lat' dir='ltr'><strong>resurrectionis</strong></span> <span class='ocrx_word' id='word_1_366' title='bbox 1463 2820 1573 2861; x_wconf 69' lang='lat' dir='ltr'><strong>sum</strong></span> <span class='ocrx_word' id='word_1_367' title='bbox 1599 2806 1852 2861; x_wconf 88' lang='lat' dir='ltr'><strong>exaltavit</strong></span> <span class='ocrx_word' id='word_1_368' title='bbox 1879 2807 2026 2861; x_wconf 92' lang='lat' dir='ltr'><strong>illum</strong></span> <span class='ocrx_word' id='word_1_369' title='bbox 2055 2821 2147 2862; x_wconf 88' lang='lat' dir='ltr'><strong>su-</strong></span> 
     </span>
    </p>
   </div>
   <div class='ocr_carea' id='block_1_34' title="bbox 574 2896 2153 2975">
    <p class='ocr_par' dir='ltr' id='par_1_34' title="bbox 574 2896 2153 2975">
     <span class='ocr_line' id='line_1_34' title="bbox 574 2896 2153 2975; baseline 0.005 -30"><span class='ocrx_word' id='word_1_370' title='bbox 574 2906 672 2964; x_wconf 80' lang='lat' dir='ltr'><strong>per</strong></span> <span class='ocrx_word' id='word_1_371' title='bbox 692 2906 907 2947; x_wconf 91' lang='lat' dir='ltr'><strong>omnem</strong></span> <span class='ocrx_word' id='word_1_372' title='bbox 939 2904 1265 2951; x_wconf 89' lang='lat' dir='ltr'><strong>creaturam.</strong></span> <span class='ocrx_word' id='word_1_373' title='bbox 1299 2897 1469 2953; x_wconf 85' lang='lat' dir='ltr'><strong>Aliter</strong></span> <span class='ocrx_word' id='word_1_374' title='bbox 1497 2915 1510 2951; x_wconf 91' lang='lat'><strong>:</strong></span> <span class='ocrx_word' id='word_1_375' title='bbox 1546 2896 1725 2975; x_wconf 73' lang='lat' dir='ltr'><strong>Gloria</strong></span> <span class='ocrx_word' id='word_1_376' title='bbox 1752 2906 2038 2952; x_wconf 89' lang='lat' dir='ltr'><strong>coronatus</strong></span> <span class='ocrx_word' id='word_1_377' title='bbox 2070 2906 2153 2953; x_wconf 89' lang='lat' dir='ltr'><strong>est</strong></span> 
     </span>
    </p>
   </div>
   <div class='ocr_carea' id='block_1_35' title="bbox 576 2982 2150 3058">
    <p class='ocr_par' dir='ltr' id='par_1_35' title="bbox 576 2982 2150 3058">
     <span class='ocr_line' id='line_1_35' title="bbox 576 2982 2150 3058; baseline 0.007 -24"><span class='ocrx_word' id='word_1_378' title='bbox 576 2982 628 3035; x_wconf 92' lang='lat' dir='ltr'><strong>in</strong></span> <span class='ocrx_word' id='word_1_379' title='bbox 657 2984 995 3042; x_wconf 87' lang='lat' dir='ltr'><strong>multitudine</strong></span> <span class='ocrx_word' id='word_1_380' title='bbox 1024 2988 1361 3043; x_wconf 88' lang='lat' dir='ltr'><strong>credentium</strong></span> <span class='ocrx_word' id='word_1_381' title='bbox 1396 3004 1411 3047; x_wconf 88' lang='lat'><strong>:</strong></span> <span class='ocrx_word' id='word_1_382' title='bbox 1445 2990 1719 3053; x_wconf 84' lang='lat' dir='ltr'><strong>videlicet,</strong></span> <span class='ocrx_word' id='word_1_383' title='bbox 1765 3004 1882 3044; x_wconf 86' lang='lat' dir='ltr'><strong>cum</strong></span> <span class='ocrx_word' id='word_1_384' title='bbox 1916 2997 2036 3058; x_wconf 92' lang='lat' dir='ltr'><strong>post</strong></span> <span class='ocrx_word' id='word_1_385' title='bbox 2059 3004 2150 3045; x_wconf 84' lang='lat' dir='ltr'><strong>re-</strong></span> 
     </span>
    </p>
   </div>
   <div class='ocr_carea' id='block_1_36' title="bbox 576 3076 2229 3181">
    <p class='ocr_par' dir='ltr' id='par_1_36' title="bbox 576 3076 2229 3181">
     <span class='ocr_line' id='line_1_36' title="bbox 576 3076 2229 3181; baseline 0.007 -55"><span class='ocrx_word' id='word_1_386' title='bbox 576 3076 927 3133; x_wconf 86' lang='lat' dir='ltr'><strong>surrectionis</strong></span> <span class='ocrx_word' id='word_1_387' title='bbox 953 3080 1283 3147; x_wconf 85' lang='lat' dir='ltr'><strong>triumphum</strong></span> <span class='ocrx_word' id='word_1_388' title='bbox 1318 3079 1693 3137; x_wconf 70' lang='lat' dir='ltr'><strong>hmreditatem</strong></span> <span class='ocrx_word' id='word_1_389' title='bbox 1732 3080 1897 3137; x_wconf 89' lang='lat' dir='ltr'><strong>totius</strong></span> <span class='ocrx_word' id='word_1_390' title='bbox 1942 3081 2150 3151; x_wconf 89' lang='lat' dir='ltr'><strong>mundi,</strong></span> <span class='ocrx_word' id='word_1_391' title='bbox 2178 3111 2229 3181; x_wconf 69' lang='grc' dir='ltr'>ο</span> 
     </span>
    </p>
   </div>
   <div class='ocr_carea' id='block_1_37' title="bbox 577 3164 2155 3244">
    <p class='ocr_par' dir='ltr' id='par_1_37' title="bbox 577 3164 2155 3244">
     <span class='ocr_line' id='line_1_37' title="bbox 577 3164 2155 3244; baseline 0.007 -26"><span class='ocrx_word' id='word_1_392' title='bbox 577 3164 631 3219; x_wconf 91' lang='lat' dir='ltr'><strong>in</strong></span> <span class='ocrx_word' id='word_1_393' title='bbox 664 3167 765 3221; x_wconf 91' lang='lat' dir='ltr'><strong>hoc</strong></span> <span class='ocrx_word' id='word_1_394' title='bbox 792 3171 931 3237; x_wconf 92' lang='lat' dir='ltr'><strong>quod</strong></span> <span class='ocrx_word' id='word_1_395' title='bbox 962 3169 1123 3225; x_wconf 87' lang='lat' dir='ltr'><strong>homo</strong></span> <span class='ocrx_word' id='word_1_396' title='bbox 1167 3179 1286 3239; x_wconf 90' lang='lat' dir='ltr'><strong>est,</strong></span> <span class='ocrx_word' id='word_1_397' title='bbox 1329 3172 1572 3243; x_wconf 84' lang='lat' dir='ltr'><strong>accepit;</strong></span> <span class='ocrx_word' id='word_1_398' title='bbox 1618 3174 1818 3229; x_wconf 88' lang='lat' dir='ltr'><strong>honore</strong></span> <span class='ocrx_word' id='word_1_399' title='bbox 1847 3180 2056 3244; x_wconf 89' lang='lat' dir='ltr'><strong>autem,</strong></span> <span class='ocrx_word' id='word_1_400' title='bbox 2097 3173 2155 3229; x_wconf 86' lang='lat' dir='ltr'><strong>in</strong></span> 
     </span>
    </p>
   </div>
   <div class='ocr_carea' id='block_1_38' title="bbox 576 3256 2156 3336">
    <p class='ocr_par' dir='ltr' id='par_1_38' title="bbox 576 3256 2156 3336">
     <span class='ocr_line' id='line_1_38' title="bbox 576 3256 2156 3336; baseline 0.008 -26"><span class='ocrx_word' id='word_1_401' title='bbox 576 3256 913 3316; x_wconf 81' lang='lat' dir='ltr'><strong>confessione</strong></span> <span class='ocrx_word' id='word_1_402' title='bbox 940 3270 1155 3319; x_wconf 74' lang='lat' dir='ltr'><strong>aeternae</strong></span> <span class='ocrx_word' id='word_1_403' title='bbox 1186 3264 1498 3333; x_wconf 86' lang='lat' dir='ltr'><strong>majestatis,</strong></span> <span class='ocrx_word' id='word_1_404' title='bbox 1525 3265 1625 3321; x_wconf 89' lang='lat' dir='ltr'><strong>hoc</strong></span> <span class='ocrx_word' id='word_1_405' title='bbox 1644 3276 1727 3323; x_wconf 91' lang='lat' dir='ltr'><strong>est</strong></span> <span class='ocrx_word' id='word_1_406' title='bbox 1755 3265 1809 3321; x_wconf 90' lang='lat' dir='ltr'><strong>in</strong></span> <span class='ocrx_word' id='word_1_407' title='bbox 1838 3281 1905 3323; x_wconf 93' lang='lat' dir='ltr'><strong>eo</strong></span> <span class='ocrx_word' id='word_1_408' title='bbox 1931 3265 2070 3336; x_wconf 91' lang='lat' dir='ltr'><strong>quod</strong></span> <span class='ocrx_word' id='word_1_409' title='bbox 2100 3267 2156 3322; x_wconf 89' lang='lat' dir='ltr'><strong>in</strong></span> 
     </span>
    </p>
   </div>
   <div class='ocr_carea' id='block_1_39' title="bbox 579 3349 2154 3425">
    <p class='ocr_par' dir='ltr' id='par_1_39' title="bbox 579 3349 2154 3425">
     <span class='ocr_line' id='line_1_39' title="bbox 579 3349 2154 3425; baseline 0.008 -23"><span class='ocrx_word' id='word_1_410' title='bbox 579 3349 908 3418; x_wconf 81' lang='lat' dir='ltr'><strong>plenitudine</strong></span> <span class='ocrx_word' id='word_1_411' title='bbox 958 3368 1195 3424; x_wconf 75' lang='lat' dir='ltr'><strong>paternae</strong></span> <span class='ocrx_word' id='word_1_412' title='bbox 1227 3356 1409 3425; x_wconf 74' lang='lat' dir='ltr'><strong>gloriae</strong></span> <span class='ocrx_word' id='word_1_413' title='bbox 1450 3356 1673 3414; x_wconf 87' lang='lat' dir='ltr'><strong>habitat.</strong></span> <span class='ocrx_word' id='word_1_414' title='bbox 1726 3356 1796 3412; x_wconf 86' lang='lat' dir='ltr'><strong>Et</strong></span> <span class='ocrx_word' id='word_1_415' title='bbox 1848 3360 2154 3414; x_wconf 79' lang='lat' dir='ltr'><strong>constituisti</strong></span> 
     </span>
    </p>
   </div>
   <div class='ocr_carea' id='block_1_40' title="bbox 578 3450 2155 3523">
    <p class='ocr_par' dir='ltr' id='par_1_40' title="bbox 578 3450 2155 3523">
     <span class='ocr_line' id='line_1_40' title="bbox 578 3450 2155 3523; baseline 0.008 -29"><span class='ocrx_word' id='word_1_416' title='bbox 578 3454 696 3494; x_wconf 83' lang='lat' dir='ltr'><strong>eum</strong></span> <span class='ocrx_word' id='word_1_417' title='bbox 714 3459 867 3513; x_wconf 74' lang='lat' dir='ltr'><strong>super</strong></span> <span class='ocrx_word' id='word_1_418' title='bbox 891 3461 1044 3515; x_wconf 78' lang='lat' dir='ltr'><strong>opera</strong></span> <span class='ocrx_word' id='word_1_419' title='bbox 1059 3465 1306 3502; x_wconf 84' lang='lat' dir='ltr'><strong>manuum</strong></span> <span class='ocrx_word' id='word_1_420' title='bbox 1332 3458 1557 3506; x_wconf 85' lang='lat' dir='ltr'><strong>tuarum.</strong></span> <span class='ocrx_word' id='word_1_421' title='bbox 1583 3452 1685 3507; x_wconf 89' lang='lat' dir='ltr'><strong>Per</strong></span> <span class='ocrx_word' id='word_1_422' title='bbox 1706 3450 1966 3523; x_wconf 85' lang='lat' dir='ltr'><strong>hocquod</strong></span> <span class='ocrx_word' id='word_1_423' title='bbox 1993 3452 2155 3508; x_wconf 91' lang='lat' dir='ltr'><strong>homo</strong></span> 
     </span>
    </p>
   </div>
   <div class='ocr_carea' id='block_1_41' title="bbox 578 3530 2154 3613">
    <p class='ocr_par' dir='ltr' id='par_1_41' title="bbox 578 3530 2154 3613">
     <span class='ocr_line' id='line_1_41' title="bbox 578 3530 2154 3613; baseline 0.009 -27"><span class='ocrx_word' id='word_1_424' title='bbox 578 3530 751 3589; x_wconf 77' lang='lat' dir='ltr'><strong>{actus</strong></span> <span class='ocrx_word' id='word_1_425' title='bbox 775 3545 879 3601; x_wconf 89' lang='lat' dir='ltr'><strong>est,</strong></span> <span class='ocrx_word' id='word_1_426' title='bbox 910 3540 1232 3594; x_wconf 87' lang='lat' dir='ltr'><strong>constitutus</strong></span> <span class='ocrx_word' id='word_1_427' title='bbox 1252 3548 1334 3595; x_wconf 90' lang='lat' dir='ltr'><strong>est</strong></span> <span class='ocrx_word' id='word_1_428' title='bbox 1372 3555 1401 3595; x_wconf 90' lang='lat' dir='ltr'><strong>a</strong></span> <span class='ocrx_word' id='word_1_429' title='bbox 1449 3541 1562 3597; x_wconf 90' lang='lat' dir='ltr'><strong>Deo</strong></span> <span class='ocrx_word' id='word_1_430' title='bbox 1586 3541 1744 3599; x_wconf 88' lang='lat' dir='ltr'><strong>Patre</strong></span> <span class='ocrx_word' id='word_1_431' title='bbox 1787 3558 1949 3612; x_wconf 90' lang='lat' dir='ltr'><strong>super</strong></span> <span class='ocrx_word' id='word_1_432' title='bbox 1990 3558 2154 3613; x_wconf 84' lang='lat' dir='ltr'><strong>opera</strong></span> 
     </span>
    </p>
   </div>
   <div class='ocr_carea' id='block_1_42' title="bbox 581 3622 2156 3701">
    <p class='ocr_par' dir='ltr' id='par_1_42' title="bbox 581 3622 2156 3701">
     <span class='ocr_line' id='line_1_42' title="bbox 581 3622 2156 3701; baseline 0.008 -25"><span class='ocrx_word' id='word_1_433' title='bbox 581 3622 803 3679; x_wconf 80' lang='lat' dir='ltr'><strong>visionis</strong></span> <span class='ocrx_word' id='word_1_434' title='bbox 833 3642 848 3678; x_wconf 87' lang='lat'><strong>:</strong></span> <span class='ocrx_word' id='word_1_435' title='bbox 876 3638 1041 3695; x_wconf 87' lang='lat' dir='ltr'><strong>super</strong></span> <span class='ocrx_word' id='word_1_436' title='bbox 1077 3629 1315 3684; x_wconf 68' lang='lat' dir='ltr'><strong>caelestia</strong></span> <span class='ocrx_word' id='word_1_437' title='bbox 1362 3631 1632 3701; x_wconf 85' lang='lat' dir='ltr'><strong>videlicet,</strong></span> <span class='ocrx_word' id='word_1_438' title='bbox 1666 3640 1719 3687; x_wconf 90' lang='lat' dir='ltr'><strong>et</strong></span> <span class='ocrx_word' id='word_1_439' title='bbox 1774 3634 2066 3700; x_wconf 86' lang='lat' dir='ltr'><strong>terrestria,</strong></span> <span class='ocrx_word' id='word_1_440' title='bbox 2101 3641 2156 3688; x_wconf 90' lang='lat' dir='ltr'><strong>et</strong></span> 
     </span>
    </p>
   </div>
   <div class='ocr_carea' id='block_1_43' title="bbox 580 3714 2152 3797">
    <p class='ocr_par' dir='ltr' id='par_1_43' title="bbox 580 3714 2152 3797">
     <span class='ocr_line' id='line_1_43' title="bbox 580 3714 2152 3797; baseline 0.01 -30"><span class='ocrx_word' id='word_1_441' title='bbox 580 3714 816 3780; x_wconf 84' lang='lat' dir='ltr'><strong>inferna;</strong></span> <span class='ocrx_word' id='word_1_442' title='bbox 840 3718 931 3783; x_wconf 86' lang='lat' dir='ltr'><strong>qui</strong></span> <span class='ocrx_word' id='word_1_443' title='bbox 948 3721 1235 3775; x_wconf 87' lang='lat' dir='ltr'><strong>secundum</strong></span> <span class='ocrx_word' id='word_1_444' title='bbox 1249 3721 1539 3779; x_wconf 81' lang='lat' dir='ltr'><strong>divinitatis</strong></span> <span class='ocrx_word' id='word_1_445' title='bbox 1559 3726 1847 3797; x_wconf 85' lang='lat' dir='ltr'><strong>potentiam</strong></span> <span class='ocrx_word' id='word_1_446' title='bbox 1871 3727 2008 3782; x_wconf 85' lang='lat' dir='ltr'><strong>sicut</strong></span> <span class='ocrx_word' id='word_1_447' title='bbox 2031 3741 2152 3782; x_wconf 87' lang='lat' dir='ltr'><strong>cum</strong></span> 
     </span>
    </p>
   </div>
   <div class='ocr_carea' id='block_1_44' title="bbox 584 3803 2155 3885">
    <p class='ocr_par' dir='ltr' id='par_1_44' title="bbox 584 3803 2155 3885">
     <span class='ocr_line' id='line_1_44' title="bbox 584 3803 2155 3885; baseline 0.009 -28"><span class='ocrx_word' id='word_1_448' title='bbox 584 3803 695 3859; x_wconf 91' lang='lat' dir='ltr'><strong>Deo</strong></span> <span class='ocrx_word' id='word_1_449' title='bbox 722 3804 878 3861; x_wconf 82' lang='lat' dir='ltr'><strong>Patre</strong></span> <span class='ocrx_word' id='word_1_450' title='bbox 901 3808 1077 3864; x_wconf 85' lang='lat' dir='ltr'><strong>omnia</strong></span> <span class='ocrx_word' id='word_1_451' title='bbox 1105 3819 1403 3879; x_wconf 85' lang='lat' dir='ltr'><strong>creaverat,</strong></span> <span class='ocrx_word' id='word_1_452' title='bbox 1435 3814 1504 3868; x_wconf 91' lang='lat' dir='ltr'><strong>ita</strong></span> <span class='ocrx_word' id='word_1_453' title='bbox 1535 3830 1653 3869; x_wconf 92' lang='lat' dir='ltr'><strong>cum</strong></span> <span class='ocrx_word' id='word_1_454' title='bbox 1701 3816 1793 3870; x_wconf 90' lang='lat' dir='ltr'><strong>illo</strong></span> <span class='ocrx_word' id='word_1_455' title='bbox 1822 3814 2000 3870; x_wconf 88' lang='lat' dir='ltr'><strong>omnia</strong></span> <span class='ocrx_word' id='word_1_456' title='bbox 2034 3830 2155 3885; x_wconf 89' lang='lat' dir='ltr'><strong>pos-</strong></span> 
     </span>
    </p>
   </div>
   <div class='ocr_carea' id='block_1_45' title="bbox 585 3892 2156 3977">
    <p class='ocr_par' dir='ltr' id='par_1_45' title="bbox 585 3892 2156 3977">
     <span class='ocr_line' id='line_1_45' title="bbox 585 3892 2156 3977; baseline 0.011 -32"><span class='ocrx_word' id='word_1_457' title='bbox 585 3892 812 3949; x_wconf 87' lang='lat' dir='ltr'><strong>sidebat.</strong></span> <span class='ocrx_word' id='word_1_458' title='bbox 866 3895 1103 3954; x_wconf 80' lang='lat' dir='ltr'><strong>Dicenda</strong></span> <span class='ocrx_word' id='word_1_459' title='bbox 1160 3902 1303 3955; x_wconf 89' lang='lat' dir='ltr'><strong>enim</strong></span> <span class='ocrx_word' id='word_1_460' title='bbox 1356 3917 1372 3955; x_wconf 88' lang='lat'><strong>:</strong></span> <span class='ocrx_word' id='word_1_461' title='bbox 1419 3903 1754 3959; x_wconf 86' lang='lat' dir='ltr'><strong>Constituisti</strong></span> <span class='ocrx_word' id='word_1_462' title='bbox 1817 3920 1938 3961; x_wconf 88' lang='lat' dir='ltr'><strong>eum</strong></span> <span class='ocrx_word' id='word_1_463' title='bbox 1995 3922 2156 3977; x_wconf 90' lang='lat' dir='ltr'><strong>super</strong></span> 
     </span>
    </p>
   </div>
   <div class='ocr_carea' id='block_1_46' title="bbox 582 3994 2159 4057">
    <p class='ocr_par' dir='ltr' id='par_1_46' title="bbox 582 3994 2159 4057">
     <span class='ocr_line' id='line_1_46' title="bbox 582 3994 2159 4057; baseline 0.014 -23"><span class='ocrx_word' id='word_1_464' title='bbox 582 3996 742 4051; x_wconf 84' lang='lat' dir='ltr'><strong>opera</strong></span> <span class='ocrx_word' id='word_1_465' title='bbox 773 3999 1025 4042; x_wconf 88' lang='lat' dir='ltr'><strong>manuum</strong></span> <span class='ocrx_word' id='word_1_466' title='bbox 1048 3996 1275 4057; x_wconf 81' lang='lat' dir='ltr'><strong>tuarum,</strong></span> <span class='ocrx_word' id='word_1_467' title='bbox 1322 3994 1496 4049; x_wconf 90' lang='lat' dir='ltr'><strong>omnis</strong></span> <span class='ocrx_word' id='word_1_468' title='bbox 1539 4005 1783 4051; x_wconf 84' lang='lat' dir='ltr'><strong>creatura</strong></span> <span class='ocrx_word' id='word_1_469' title='bbox 1832 4008 2159 4055; x_wconf 88' lang='lat' dir='ltr'><strong>monstratur</strong></span> 
     </span>
    </p>
   </div>
   <div class='ocr_carea' id='block_1_47' title="bbox 580 4078 2154 4161">
    <p class='ocr_par' dir='ltr' id='par_1_47' title="bbox 580 4078 2154 4161">
     <span class='ocr_line' id='line_1_47' title="bbox 580 4078 2154 4161; baseline 0.013 -33"><span class='ocrx_word' id='word_1_470' title='bbox 580 4088 704 4130; x_wconf 87' lang='lat' dir='ltr'><strong>esse</strong></span> <span class='ocrx_word' id='word_1_471' title='bbox 727 4078 962 4149; x_wconf 85' lang='lat' dir='ltr'><strong>subjecta</strong></span> <span class='ocrx_word' id='word_1_472' title='bbox 992 4082 1100 4149; x_wconf 91' lang='lat' dir='ltr'><strong>illi;</strong></span> <span class='ocrx_word' id='word_1_473' title='bbox 1131 4083 1250 4153; x_wconf 90' lang='lat' dir='ltr'><strong>quia</strong></span> <span class='ocrx_word' id='word_1_474' title='bbox 1267 4086 1403 4142; x_wconf 89' lang='lat' dir='ltr'><strong>sicut</strong></span> <span class='ocrx_word' id='word_1_475' title='bbox 1432 4088 1595 4143; x_wconf 87' lang='lat' dir='ltr'><strong>verbo</strong></span> <span class='ocrx_word' id='word_1_476' title='bbox 1617 4089 1793 4145; x_wconf 87' lang='lat' dir='ltr'><strong>omnia</strong></span> <span class='ocrx_word' id='word_1_477' title='bbox 1819 4101 1994 4147; x_wconf 86' lang='lat' dir='ltr'><strong>creata</strong></span> <span class='ocrx_word' id='word_1_478' title='bbox 2011 4102 2154 4161; x_wconf 92' lang='lat' dir='ltr'><strong>sunt,</strong></span> 
     </span>
    </p>
   </div>
   <div class='ocr_carea' id='block_1_48' title="bbox 583 4166 2157 4255">
    <p class='ocr_par' dir='ltr' id='par_1_48' title="bbox 583 4166 2157 4255">
     <span class='ocr_line' id='line_1_48' title="bbox 583 4166 2157 4255; baseline 0.012 -34"><span class='ocrx_word' id='word_1_479' title='bbox 583 4166 653 4221; x_wconf 87' lang='lat' dir='ltr'><strong>ita</strong></span> <span class='ocrx_word' id='word_1_480' title='bbox 670 4168 774 4224; x_wconf 58' lang='lat' dir='ltr'><strong>‘ille</strong></span> <span class='ocrx_word' id='word_1_481' title='bbox 802 4172 961 4225; x_wconf 82' lang='lat' dir='ltr'><strong>homo</strong></span> <span class='ocrx_word' id='word_1_482' title='bbox 989 4188 1293 4245; x_wconf 88' lang='lat' dir='ltr'><strong>assumptus</strong></span> <span class='ocrx_word' id='word_1_483' title='bbox 1324 4194 1354 4233; x_wconf 80' lang='lat' dir='ltr'><strong>a</strong></span> <span class='ocrx_word' id='word_1_484' title='bbox 1384 4182 1546 4237; x_wconf 89' lang='lat' dir='ltr'><strong>verbo</strong></span> <span class='ocrx_word' id='word_1_485' title='bbox 1574 4198 1695 4237; x_wconf 91' lang='lat' dir='ltr'><strong>cum</strong></span> <span class='ocrx_word' id='word_1_486' title='bbox 1724 4184 1888 4240; x_wconf 88' lang='lat' dir='ltr'><strong>verbo</strong></span> <span class='ocrx_word' id='word_1_487' title='bbox 1921 4185 2157 4255; x_wconf 90' lang='lat' dir='ltr'><strong>possidet</strong></span> 
     </span>
    </p>
   </div>
   <div class='ocr_carea' id='block_1_49' title="bbox 580 4262 2153 4345">
    <p class='ocr_par' dir='ltr' id='par_1_49' title="bbox 580 4262 2153 4345">
     <span class='ocr_line' id='line_1_49' title="bbox 580 4262 2153 4345; baseline 0.013 -32"><span class='ocrx_word' id='word_1_488' title='bbox 580 4262 780 4317; x_wconf 86' lang='lat' dir='ltr'><strong>omnia.</strong></span> <span class='ocrx_word' id='word_1_489' title='bbox 803 4263 989 4321; x_wconf 85' lang='lat' dir='ltr'><strong>Omnia</strong></span> <span class='ocrx_word' id='word_1_490' title='bbox 1009 4270 1265 4341; x_wconf 79' lang='lat' dir='ltr'><strong>subjecisti</strong></span> <span class='ocrx_word' id='word_1_491' title='bbox 1294 4272 1386 4327; x_wconf 82' lang='lat' dir='ltr'><strong>sub</strong></span> <span class='ocrx_word' id='word_1_492' title='bbox 1409 4276 1622 4344; x_wconf 80' lang='lat' dir='ltr'><strong>pedibus</strong></span> <span class='ocrx_word' id='word_1_493' title='bbox 1642 4279 1771 4345; x_wconf 61' lang='lat' dir='ltr'><strong>ejus.</strong></span> <span class='ocrx_word' id='word_1_494' title='bbox 1802 4278 1854 4332; x_wconf 90' lang='lat' dir='ltr'><strong>Id</strong></span> <span class='ocrx_word' id='word_1_495' title='bbox 1885 4287 1966 4332; x_wconf 91' lang='lat' dir='ltr'><strong>est</strong></span> <span class='ocrx_word' id='word_1_496' title='bbox 1994 4286 2153 4333; x_wconf 71' lang='lat' dir='ltr'><strong>aeter-</strong></span> 
     </span>
    </p>
   </div>
   <div class='ocr_carea' id='block_1_50' title="bbox 580 4352 2152 4430">
    <p class='ocr_par' dir='ltr' id='par_1_50' title="bbox 580 4352 2152 4430">
     <span class='ocr_line' id='line_1_50' title="bbox 580 4352 2152 4430; baseline 0.012 -24"><span class='ocrx_word' id='word_1_497' title='bbox 580 4352 733 4408; x_wconf 85' lang='lat' dir='ltr'><strong>nitati</strong></span> <span class='ocrx_word' id='word_1_498' title='bbox 755 4356 893 4411; x_wconf 81' lang='lat' dir='ltr'><strong>illius</strong></span> <span class='ocrx_word' id='word_1_499' title='bbox 920 4366 974 4413; x_wconf 92' lang='lat' dir='ltr'><strong>et</strong></span> <span class='ocrx_word' id='word_1_500' title='bbox 1003 4364 1276 4430; x_wconf 74' lang='lat' dir='ltr'><strong>potestati,</strong></span> <span class='ocrx_word' id='word_1_501' title='bbox 1298 4373 1351 4419; x_wconf 91' lang='lat' dir='ltr'><strong>ut</strong></span> <span class='ocrx_word' id='word_1_502' title='bbox 1376 4366 1548 4421; x_wconf 91' lang='lat' dir='ltr'><strong>omnis</strong></span> <span class='ocrx_word' id='word_1_503' title='bbox 1570 4377 1819 4423; x_wconf 84' lang='lat' dir='ltr'><strong>creatura</strong></span> <span class='ocrx_word' id='word_1_504' title='bbox 1844 4368 1992 4425; x_wconf 88' lang='lat' dir='ltr'><strong>illum</strong></span> <span class='ocrx_word' id='word_1_505' title='bbox 2018 4371 2152 4425; x_wconf 89' lang='lat' dir='ltr'><strong>ado-</strong></span> 
     </span>
    </p>
   </div>
   <div class='ocr_carea' id='block_1_51' title="bbox 584 4449 2150 4533">
    <p class='ocr_par' dir='ltr' id='par_1_51' title="bbox 584 4449 2150 4533">
     <span class='ocr_line' id='line_1_51' title="bbox 584 4449 2150 4533; baseline 0.012 -34"><span class='ocrx_word' id='word_1_506' title='bbox 584 4454 683 4500; x_wconf 85' lang='lat' dir='ltr'><strong>ret.</strong></span> <span class='ocrx_word' id='word_1_507' title='bbox 717 4449 782 4501; x_wconf 89' lang='lat' dir='ltr'><strong>Et</strong></span> <span class='ocrx_word' id='word_1_508' title='bbox 800 4449 903 4505; x_wconf 88' lang='lat' dir='ltr'><strong>hoc</strong></span> <span class='ocrx_word' id='word_1_509' title='bbox 923 4458 1006 4507; x_wconf 84' lang='lat' dir='ltr'><strong>est</strong></span> <span class='ocrx_word' id='word_1_510' title='bbox 1032 4456 1172 4522; x_wconf 91' lang='lat' dir='ltr'><strong>quod</strong></span> <span class='ocrx_word' id='word_1_511' title='bbox 1202 4457 1318 4525; x_wconf 89' lang='lat' dir='ltr'><strong>ipse</strong></span> <span class='ocrx_word' id='word_1_512' title='bbox 1342 4468 1460 4527; x_wconf 91' lang='lat' dir='ltr'><strong>post</strong></span> <span class='ocrx_word' id='word_1_513' title='bbox 1488 4462 1899 4518; x_wconf 88' lang='lat' dir='ltr'><strong>resurrectionis</strong></span> <span class='ocrx_word' id='word_1_514' title='bbox 1926 4464 2150 4533; x_wconf 67' lang='lat' dir='ltr'><strong>gloriam</strong></span> 
     </span>
    </p>
   </div>
   <div class='ocr_carea' id='block_1_52' title="bbox 581 4540 2150 4624">
    <p class='ocr_par' dir='ltr' id='par_1_52' title="bbox 581 4540 2150 4624">
     <span class='ocr_line' id='line_1_52' title="bbox 581 4540 2150 4624; baseline 0.017 -39"><span class='ocrx_word' id='word_1_515' title='bbox 581 4548 846 4603; x_wconf 82' lang='lat' dir='ltr'><strong>apparens</strong></span> <span class='ocrx_word' id='word_1_516' title='bbox 875 4540 1009 4596; x_wconf 91' lang='lat' dir='ltr'><strong>dixit</strong></span> <span class='ocrx_word' id='word_1_517' title='bbox 1038 4545 1117 4600; x_wconf 89' lang='lat' dir='ltr'><strong>eis</strong></span> <span class='ocrx_word' id='word_1_518' title='bbox 1146 4565 1157 4598; x_wconf 90' lang='lat'><strong>:</strong></span> <span class='ocrx_word' id='word_1_519' title='bbox 1183 4547 1313 4603; x_wconf 90' lang='lat' dir='ltr'><strong>Data</strong></span> <span class='ocrx_word' id='word_1_520' title='bbox 1340 4560 1423 4605; x_wconf 90' lang='lat' dir='ltr'><strong>est</strong></span> <span class='ocrx_word' id='word_1_521' title='bbox 1457 4552 1588 4606; x_wconf 89' lang='lat' dir='ltr'><strong>mihi</strong></span> <span class='ocrx_word' id='word_1_522' title='bbox 1612 4555 1787 4610; x_wconf 90' lang='lat' dir='ltr'><strong>omnis</strong></span> <span class='ocrx_word' id='word_1_523' title='bbox 1835 4564 2068 4624; x_wconf 87' lang='lat' dir='ltr'><strong>potestas</strong></span> <span class='ocrx_word' id='word_1_524' title='bbox 2097 4558 2150 4612; x_wconf 90' lang='lat' dir='ltr'><strong>in</strong></span> 
     </span>
    </p>
   </div>
   <div class='ocr_carea' id='block_1_53' title="bbox 581 4626 2148 4719">
    <p class='ocr_par' dir='ltr' id='par_1_53' title="bbox 581 4626 2148 4719">
     <span class='ocr_line' id='line_1_53' title="bbox 581 4626 2148 4719; baseline 0.018 -43"><span class='ocrx_word' id='word_1_525' title='bbox 581 4626 718 4719; x_wconf 70' lang='lat' dir='ltr'><strong>caelo</strong></span> <span class='ocrx_word' id='word_1_526' title='bbox 740 4635 791 4681; x_wconf 90' lang='lat' dir='ltr'><strong>et</strong></span> <span class='ocrx_word' id='word_1_527' title='bbox 819 4628 872 4683; x_wconf 87' lang='lat' dir='ltr'><strong>in</strong></span> <span class='ocrx_word' id='word_1_528' title='bbox 904 4641 1064 4688; x_wconf 88' lang='lat' dir='ltr'><strong>terra.</strong></span> <span class='ocrx_word' id='word_1_529' title='bbox 1100 4636 1168 4691; x_wconf 90' lang='lat' dir='ltr'><strong>In</strong></span> <span class='ocrx_word' id='word_1_530' title='bbox 1189 4655 1245 4693; x_wconf 87' lang='lat' dir='ltr'><strong>eo</strong></span> <span class='ocrx_word' id='word_1_531' title='bbox 1286 4643 1419 4695; x_wconf 83' lang='lat' dir='ltr'><strong>enim</strong></span> <span class='ocrx_word' id='word_1_532' title='bbox 1449 4645 1583 4710; x_wconf 84' lang='lat' dir='ltr'><strong>quod</strong></span> <span class='ocrx_word' id='word_1_533' title='bbox 1630 4647 1798 4698; x_wconf 81' lang='lat' dir='ltr'><strong>omnia</strong></span> <span class='ocrx_word' id='word_1_534' title='bbox 1832 4647 1879 4698; x_wconf 89' lang='lat' dir='ltr'><strong>ei</strong></span> <span class='ocrx_word' id='word_1_535' title='bbox 1914 4648 2148 4719; x_wconf 78' lang='lat' dir='ltr'><strong>subjecit,</strong></span> 
     </span>
    </p>
   </div>
   <div class='ocr_carea' id='block_1_54' title="bbox 581 4716 2152 4801">
    <p class='ocr_par' dir='ltr' id='par_1_54' title="bbox 581 4716 2152 4801">
     <span class='ocr_line' id='line_1_54' title="bbox 581 4716 2152 4801; baseline 0.016 -31"><span class='ocrx_word' id='word_1_536' title='bbox 581 4716 712 4770; x_wconf 79' lang='lat' dir='ltr'><strong>nihil</strong></span> <span class='ocrx_word' id='word_1_537' title='bbox 756 4718 946 4776; x_wconf 85' lang='lat' dir='ltr'><strong>dimisit</strong></span> <span class='ocrx_word' id='word_1_538' title='bbox 991 4741 1091 4781; x_wconf 85' lang='lat' dir='ltr'><strong>non</strong></span> <span class='ocrx_word' id='word_1_539' title='bbox 1118 4730 1397 4801; x_wconf 74' lang='lat' dir='ltr'><strong>subjectum</strong></span> <span class='ocrx_word' id='word_1_540' title='bbox 1422 4735 1488 4787; x_wconf 87' lang='lat' dir='ltr'><strong>ei.</strong></span> <span class='ocrx_word' id='word_1_541' title='bbox 1540 4733 1594 4788; x_wconf 85' lang='lat' dir='ltr'><strong>in</strong></span> <span class='ocrx_word' id='word_1_542' title='bbox 1635 4749 1720 4797; x_wconf 89' lang='lat' dir='ltr'><strong>eo,</strong></span> <span class='ocrx_word' id='word_1_543' title='bbox 1751 4734 1803 4789; x_wconf 92' lang='lat' dir='ltr'><strong>id</strong></span> <span class='ocrx_word' id='word_1_544' title='bbox 1854 4744 1935 4791; x_wconf 88' lang='lat' dir='ltr'><strong>est</strong></span> <span class='ocrx_word' id='word_1_545' title='bbox 1965 4716 2016 4791; x_wconf 82' lang='lat' dir='ltr'><strong>in</strong></span> <span class='ocrx_word' id='word_1_546' title='bbox 2050 4738 2152 4795; x_wconf 89' lang='lat' dir='ltr'><strong>hoc</strong></span> 
     </span>
    </p>
   </div>
   <div class='ocr_carea' id='block_1_55' title="bbox 539 4806 2151 4893">
    <p class='ocr_par' dir='ltr' id='par_1_55' title="bbox 539 4806 2151 4893">
     <span class='ocr_line' id='line_1_55' title="bbox 539 4806 2151 4893; baseline 0.018 -37"><span class='ocrx_word' id='word_1_547' title='bbox 539 4878 541 4883; x_wconf 19' lang='grc' dir='ltr'><strong>η</strong></span> <span class='ocrx_word' id='word_1_548' title='bbox 579 4806 742 4875; x_wconf 86' lang='lat' dir='ltr'><strong>dono,</strong></span> <span class='ocrx_word' id='word_1_549' title='bbox 774 4812 856 4865; x_wconf 89' lang='lat' dir='ltr'><strong>vel</strong></span> <span class='ocrx_word' id='word_1_550' title='bbox 886 4811 1046 4882; x_wconf 81' lang='lat' dir='ltr'><strong>facto,</strong></span> <span class='ocrx_word' id='word_1_551' title='bbox 1077 4820 1215 4888; x_wconf 87' lang='lat' dir='ltr'><strong>quod</strong></span> <span class='ocrx_word' id='word_1_552' title='bbox 1262 4821 1311 4876; x_wconf 91' lang='lat' dir='ltr'><strong>ei</strong></span> <span class='ocrx_word' id='word_1_553' title='bbox 1350 4824 1527 4876; x_wconf 88' lang='lat' dir='ltr'><strong>omnia</strong></span> <span class='ocrx_word' id='word_1_554' title='bbox 1567 4823 1811 4893; x_wconf 84' lang='lat' dir='ltr'><strong>subjecit,</strong></span> <span class='ocrx_word' id='word_1_555' title='bbox 1861 4841 1958 4881; x_wconf 88' lang='lat' dir='ltr'><strong>nec</strong></span> <span class='ocrx_word' id='word_1_556' title='bbox 1986 4828 2151 4884; x_wconf 68' lang='lat' dir='ltr'><strong>caele-</strong></span> 
     </span>
    </p>
   </div>
   <div class='ocr_carea' id='block_1_56' title="bbox 536 4898 2146 4987">
    <p class='ocr_par' dir='ltr' id='par_1_56' title="bbox 536 4898 2146 4987">
     <span class='ocr_line' id='line_1_56' title="bbox 536 4898 2146 4987; baseline 0.014 -37"><span class='ocrx_word' id='word_1_557' title='bbox 536 4906 539 4907; x_wconf 71' lang='lat'><strong><em>&#39;</em></strong></span> <span class='ocrx_word' id='word_1_558' title='bbox 576 4898 683 4951; x_wconf 82' lang='lat' dir='ltr'><strong>stia</strong></span> <span class='ocrx_word' id='word_1_559' title='bbox 718 4901 923 4957; x_wconf 87' lang='lat' dir='ltr'><strong>videtur</strong></span> <span class='ocrx_word' id='word_1_560' title='bbox 970 4909 1270 4977; x_wconf 80' lang='lat' dir='ltr'><strong>excepisse,</strong></span> <span class='ocrx_word' id='word_1_561' title='bbox 1326 4924 1425 4965; x_wconf 91' lang='lat' dir='ltr'><strong>nec</strong></span> <span class='ocrx_word' id='word_1_562' title='bbox 1469 4914 1784 4968; x_wconf 84' lang='lat' dir='ltr'><strong>terrestria:</strong></span> <span class='ocrx_word' id='word_1_563' title='bbox 1818 4924 1876 4970; x_wconf 78' lang='grc' dir='ltr'><strong>ιιι</strong></span> <span class='ocrx_word' id='word_1_564' title='bbox 1923 4916 2146 4987; x_wconf 85' lang='lat' dir='ltr'><strong>diceret,</strong></span> 
     </span>
    </p>
   </div>
   <div class='ocr_carea' id='block_1_57' title="bbox 582 4995 2148 5077">
    <p class='ocr_par' dir='ltr' id='par_1_57' title="bbox 582 4995 2148 5077">
     <span class='ocr_line' id='line_1_57' title="bbox 582 4995 2148 5077; baseline 0.013 -34"><span class='ocrx_word' id='word_1_565' title='bbox 582 5001 705 5060; x_wconf 85' lang='lat' dir='ltr'><strong>post</strong></span> <span class='ocrx_word' id='word_1_566' title='bbox 730 4995 1023 5064; x_wconf 75' lang='lat' dir='ltr'><strong>angelicam</strong></span> <span class='ocrx_word' id='word_1_567' title='bbox 1049 5009 1376 5067; x_wconf 88' lang='lat' dir='ltr'><strong>creaturam;</strong></span> <span class='ocrx_word' id='word_1_568' title='bbox 1402 5002 1495 5056; x_wconf 88' lang='lat' dir='ltr'><strong>sed</strong></span> <span class='ocrx_word' id='word_1_569' title='bbox 1519 5003 1588 5057; x_wconf 89' lang='lat' dir='ltr'><strong>ita</strong></span> <span class='ocrx_word' id='word_1_570' title='bbox 1615 5005 1899 5077; x_wconf 90' lang='lat' dir='ltr'><strong>conclusit,</strong></span> <span class='ocrx_word' id='word_1_571' title='bbox 1926 5006 2110 5064; x_wconf 91' lang='lat' dir='ltr'><strong>dicens</strong></span> <span class='ocrx_word' id='word_1_572' title='bbox 2136 5027 2148 5063; x_wconf 89' lang='lat'>:</span> 
     </span>
    </p>
   </div>
   <div class='ocr_carea' id='block_1_58' title="bbox 579 5086 2154 5160">
    <p class='ocr_par' dir='ltr' id='par_1_58' title="bbox 579 5086 2154 5160">
     <span class='ocr_line' id='line_1_58' title="bbox 579 5086 2154 5160; baseline 0.01 -21"><span class='ocrx_word' id='word_1_573' title='bbox 579 5086 769 5140; x_wconf 77' lang='lat' dir='ltr'><strong>Omnia</strong></span> <span class='ocrx_word' id='word_1_574' title='bbox 787 5088 1015 5160; x_wconf 79' lang='lat' dir='ltr'><strong>subjecit</strong></span> <span class='ocrx_word' id='word_1_575' title='bbox 1035 5092 1109 5145; x_wconf 89' lang='lat' dir='ltr'><strong>ei.</strong></span> <span class='ocrx_word' id='word_1_576' title='bbox 1137 5090 1291 5145; x_wconf 76' lang='lat' dir='ltr'><strong>Nunc</strong></span> <span class='ocrx_word' id='word_1_577' title='bbox 1311 5104 1477 5149; x_wconf 87' lang='lat' dir='ltr'><strong>autem</strong></span> <span class='ocrx_word' id='word_1_578' title='bbox 1493 5096 1707 5151; x_wconf 85' lang='lat' dir='ltr'><strong>necdum</strong></span> <span class='ocrx_word' id='word_1_579' title='bbox 1735 5100 1962 5155; x_wconf 84' lang='lat' dir='ltr'><strong>videmus</strong></span> <span class='ocrx_word' id='word_1_580' title='bbox 1984 5102 2154 5155; x_wconf 82' lang='lat' dir='ltr'><strong>omnia</strong></span> 
     </span>
    </p>
   </div>
   <div class='ocr_carea' id='block_1_59' title="bbox 579 5178 2153 5262">
    <p class='ocr_par' dir='ltr' id='par_1_59' title="bbox 579 5178 2153 5262">
     <span class='ocr_line' id='line_1_59' title="bbox 579 5178 2153 5262; baseline 0.012 -32"><span class='ocrx_word' id='word_1_581' title='bbox 579 5178 805 5249; x_wconf 76' lang='lat' dir='ltr'><strong>subjecta</strong></span> <span class='ocrx_word' id='word_1_582' title='bbox 833 5198 939 5237; x_wconf 84' lang='lat' dir='ltr'><strong>esse</strong></span> <span class='ocrx_word' id='word_1_583' title='bbox 959 5183 1021 5237; x_wconf 88' lang='lat' dir='ltr'><strong>ei.</strong></span> <span class='ocrx_word' id='word_1_584' title='bbox 1055 5184 1189 5251; x_wconf 83' lang='lat' dir='ltr'><strong>Quid</strong></span> <span class='ocrx_word' id='word_1_585' title='bbox 1213 5186 1354 5241; x_wconf 86' lang='lat' dir='ltr'><strong>enim</strong></span> <span class='ocrx_word' id='word_1_586' title='bbox 1385 5190 1521 5258; x_wconf 91' lang='lat' dir='ltr'><strong>quod</strong></span> <span class='ocrx_word' id='word_1_587' title='bbox 1539 5190 1728 5247; x_wconf 84' lang='lat' dir='ltr'><strong>beatus</strong></span> <span class='ocrx_word' id='word_1_588' title='bbox 1754 5194 2041 5262; x_wconf 83' lang='lat' dir='ltr'><strong>Apostolus</strong></span> <span class='ocrx_word' id='word_1_589' title='bbox 2074 5195 2153 5248; x_wconf 89' lang='lat' dir='ltr'><strong>lo-</strong></span> 
     </span>
    </p>
   </div>
   <div class='ocr_carea' id='block_1_60' title="bbox 578 5272 2145 5353">
    <p class='ocr_par' dir='ltr' id='par_1_60' title="bbox 578 5272 2145 5353">
     <span class='ocr_line' id='line_1_60' title="bbox 578 5272 2145 5353; baseline 0.01 -30"><span class='ocrx_word' id='word_1_590' title='bbox 578 5272 798 5338; x_wconf 73' lang='lat' dir='ltr'><strong>quitur?</strong></span> <span class='ocrx_word' id='word_1_591' title='bbox 828 5274 959 5329; x_wconf 79' lang='lat' dir='ltr'><strong>Nam</strong></span> <span class='ocrx_word' id='word_1_592' title='bbox 988 5291 1107 5331; x_wconf 88' lang='lat' dir='ltr'><strong>cum</strong></span> <span class='ocrx_word' id='word_1_593' title='bbox 1149 5277 1392 5347; x_wconf 86' lang='lat' dir='ltr'><strong>dixisset,</strong></span> <span class='ocrx_word' id='word_1_594' title='bbox 1424 5282 1601 5337; x_wconf 84' lang='lat' dir='ltr'><strong>omnia</strong></span> <span class='ocrx_word' id='word_1_595' title='bbox 1642 5283 1881 5353; x_wconf 87' lang='lat' dir='ltr'><strong>subjecta</strong></span> <span class='ocrx_word' id='word_1_596' title='bbox 1910 5284 2145 5351; x_wconf 84' lang='lat' dir='ltr'><strong>Christo,</strong></span> 
     </span>
    </p>
   </div>
   <div class='ocr_carea' id='block_1_61' title="bbox 576 5366 2152 5437">
    <p class='ocr_par' dir='ltr' id='par_1_61' title="bbox 576 5366 2152 5437">
     <span class='ocr_line' id='line_1_61' title="bbox 576 5366 2152 5437; baseline 0.008 -21"><span class='ocrx_word' id='word_1_597' title='bbox 576 5366 756 5419; x_wconf 79' lang='lat' dir='ltr'><strong>statim</strong></span> <span class='ocrx_word' id='word_1_598' title='bbox 799 5366 1109 5437; x_wconf 86' lang='lat' dir='ltr'><strong>subinlulit,</strong></span> <span class='ocrx_word' id='word_1_599' title='bbox 1154 5370 1377 5425; x_wconf 87' lang='lat' dir='ltr'><strong>dicens:</strong></span> <span class='ocrx_word' id='word_1_600' title='bbox 1411 5373 1559 5429; x_wconf 86' lang='lat' dir='ltr'><strong>Nunc</strong></span> <span class='ocrx_word' id='word_1_601' title='bbox 1597 5383 1771 5428; x_wconf 88' lang='lat' dir='ltr'><strong>autem</strong></span> <span class='ocrx_word' id='word_1_602' title='bbox 1804 5374 2041 5429; x_wconf 90' lang='lat' dir='ltr'><strong>nondum</strong></span> <span class='ocrx_word' id='word_1_603' title='bbox 2070 5375 2152 5429; x_wconf 90' lang='lat' dir='ltr'><strong>vi-</strong></span> 
     </span>
    </p>
   </div>
   <div class='ocr_carea' id='block_1_62' title="bbox 576 5458 2146 5539">
    <p class='ocr_par' dir='ltr' id='par_1_62' title="bbox 576 5458 2146 5539">
     <span class='ocr_line' id='line_1_62' title="bbox 576 5458 2146 5539; baseline 0.007 -26"><span class='ocrx_word' id='word_1_604' title='bbox 576 5458 765 5519; x_wconf 85' lang='lat' dir='ltr'><strong>demus</strong></span> <span class='ocrx_word' id='word_1_605' title='bbox 792 5465 970 5519; x_wconf 86' lang='lat' dir='ltr'><strong>omnia</strong></span> <span class='ocrx_word' id='word_1_606' title='bbox 1000 5466 1237 5535; x_wconf 89' lang='lat' dir='ltr'><strong>subjecta</strong></span> <span class='ocrx_word' id='word_1_607' title='bbox 1269 5470 1337 5523; x_wconf 87' lang='lat' dir='ltr'><strong>ei.</strong></span> <span class='ocrx_word' id='word_1_608' title='bbox 1368 5468 1422 5524; x_wconf 89' lang='lat' dir='ltr'><strong>Si</strong></span> <span class='ocrx_word' id='word_1_609' title='bbox 1452 5471 1629 5524; x_wconf 91' lang='lat' dir='ltr'><strong>omnia</strong></span> <span class='ocrx_word' id='word_1_610' title='bbox 1654 5478 1779 5523; x_wconf 90' lang='lat' dir='ltr'><strong>sunt</strong></span> <span class='ocrx_word' id='word_1_611' title='bbox 1815 5469 2051 5539; x_wconf 86' lang='lat' dir='ltr'><strong>subjecta</strong></span> <span class='ocrx_word' id='word_1_612' title='bbox 2077 5471 2146 5535; x_wconf 92' lang='lat' dir='ltr'><strong>ei,</strong></span> 
     </span>
    </p>
   </div>
   <div class='ocr_carea' id='block_1_63' title="bbox 577 5556 2149 5631">
    <p class='ocr_par' dir='ltr' id='par_1_63' title="bbox 577 5556 2149 5631">
     <span class='ocr_line' id='line_1_63' title="bbox 577 5556 2149 5631; baseline 0.008 -26"><span class='ocrx_word' id='word_1_613' title='bbox 577 5556 848 5619; x_wconf 81' lang='lat' dir='ltr'><strong>quomodo</strong></span> <span class='ocrx_word' id='word_1_614' title='bbox 867 5570 973 5613; x_wconf 90' lang='lat' dir='ltr'><strong>non</strong></span> <span class='ocrx_word' id='word_1_615' title='bbox 1004 5559 1285 5629; x_wconf 87' lang='lat' dir='ltr'><strong>subjecta?</strong></span> <span class='ocrx_word' id='word_1_616' title='bbox 1332 5562 1735 5631; x_wconf 86' lang='lat' dir='ltr'><strong>Intelligendum</strong></span> <span class='ocrx_word' id='word_1_617' title='bbox 1778 5570 1861 5616; x_wconf 90' lang='lat' dir='ltr'><strong>est</strong></span> <span class='ocrx_word' id='word_1_618' title='bbox 1889 5577 2017 5631; x_wconf 87' lang='lat' dir='ltr'><strong>ergo</strong></span> <span class='ocrx_word' id='word_1_619' title='bbox 2049 5562 2149 5619; x_wconf 90' lang='lat' dir='ltr'><strong>hoc</strong></span> 
     </span>
    </p>
   </div>
   <div class='ocr_carea' id='block_1_64' title="bbox 578 5642 2153 5718">
    <p class='ocr_par' dir='ltr' id='par_1_64' title="bbox 578 5642 2153 5718">
     <span class='ocr_line' id='line_1_64' title="bbox 578 5642 2153 5718; baseline 0.01 -24"><span class='ocrx_word' id='word_1_620' title='bbox 578 5642 757 5709; x_wconf 88' lang='lat' dir='ltr'><strong>modo,</strong></span> <span class='ocrx_word' id='word_1_621' title='bbox 785 5656 839 5700; x_wconf 92' lang='lat' dir='ltr'><strong>ut</strong></span> <span class='ocrx_word' id='word_1_622' title='bbox 868 5649 1133 5718; x_wconf 88' lang='lat' dir='ltr'><strong>superius,</strong></span> <span class='ocrx_word' id='word_1_623' title='bbox 1166 5651 1253 5705; x_wconf 88' lang='lat' dir='ltr'><strong>ubi</strong></span> <span class='ocrx_word' id='word_1_624' title='bbox 1291 5650 1461 5707; x_wconf 77' lang='lat' dir='ltr'><strong>dixit:</strong></span> <span class='ocrx_word' id='word_1_625' title='bbox 1495 5653 1633 5706; x_wconf 84' lang='lat' dir='ltr'><strong>Nihil</strong></span> <span class='ocrx_word' id='word_1_626' title='bbox 1664 5652 1863 5707; x_wconf 87' lang='lat' dir='ltr'><strong>dimisit</strong></span> <span class='ocrx_word' id='word_1_627' title='bbox 1885 5670 1989 5708; x_wconf 92' lang='lat' dir='ltr'><strong>non</strong></span> <span class='ocrx_word' id='word_1_628' title='bbox 2026 5656 2153 5710; x_wconf 89' lang='lat' dir='ltr'><strong>sub-</strong></span> 
     </span>
    </p>
   </div>
   <div class='ocr_carea' id='block_1_65' title="bbox 576 5732 2148 5818">
    <p class='ocr_par' dir='ltr' id='par_1_65' title="bbox 576 5732 2148 5818">
     <span class='ocr_line' id='line_1_65' title="bbox 576 5732 2148 5818; baseline 0.012 -30"><span class='ocrx_word' id='word_1_629' title='bbox 576 5732 773 5804; x_wconf 82' lang='lat' dir='ltr'><strong>jectum</strong></span> <span class='ocrx_word' id='word_1_630' title='bbox 796 5742 871 5808; x_wconf 86' lang='lat' dir='ltr'><strong>ei,</strong></span> <span class='ocrx_word' id='word_1_631' title='bbox 896 5742 1253 5815; x_wconf 79' lang='lat' dir='ltr'><strong>intelligamus</strong></span> <span class='ocrx_word' id='word_1_632' title='bbox 1280 5747 1634 5805; x_wconf 87' lang='lat' dir='ltr'><strong>universalem</strong></span> <span class='ocrx_word' id='word_1_633' title='bbox 1654 5748 2062 5818; x_wconf 82' lang='lat' dir='ltr'><strong>subjectionem,</strong></span> <span class='ocrx_word' id='word_1_634' title='bbox 2093 5757 2148 5807; x_wconf 87' lang='lat' dir='ltr'><strong>et</strong></span> 
     </span>
    </p>
   </div>
   <div class='ocr_carea' id='block_1_66' title="bbox 2256 2146 3826 2222">
    <p class='ocr_par' dir='ltr' id='par_1_66' title="bbox 2256 2146 3826 2222">
     <span class='ocr_line' id='line_1_66' title="bbox 2256 2146 3826 2222; baseline 0.003 -21"><span class='ocrx_word' id='word_1_635' title='bbox 2256 2147 2396 2202; x_wconf 90' lang='lat' dir='ltr'><strong>Deus</strong></span> <span class='ocrx_word' id='word_1_636' title='bbox 2424 2146 2942 2214; x_wconf 79' lang='lat' dir='ltr'><strong>exaltavitlilum,et</strong></span> <span class='ocrx_word' id='word_1_637' title='bbox 2968 2149 3189 2203; x_wconf 90' lang='lat' dir='ltr'><strong>donavit</strong></span> <span class='ocrx_word' id='word_1_638' title='bbox 3214 2150 3293 2203; x_wconf 91' lang='lat' dir='ltr'><strong>illi</strong></span> <span class='ocrx_word' id='word_1_639' title='bbox 3316 2164 3522 2205; x_wconf 86' lang='lat' dir='ltr'><strong>nomen</strong></span> <span class='ocrx_word' id='word_1_640' title='bbox 3572 2152 3722 2222; x_wconf 84' lang='lat' dir='ltr'><strong>quod</strong></span> <span class='ocrx_word' id='word_1_641' title='bbox 3756 2164 3826 2206; x_wconf 68' lang='lat' dir='ltr'><strong>at</strong></span> 
     </span>
    </p>
   </div>
   <div class='ocr_carea' id='block_1_67' title="bbox 2253 2238 3817 2311">
    <p class='ocr_par' dir='ltr' id='par_1_67' title="bbox 2253 2238 3817 2311">
     <span class='ocr_line' id='line_1_67' title="bbox 2253 2238 3817 2311; baseline 0.003 -19"><span class='ocrx_word' id='word_1_642' title='bbox 2253 2252 2416 2307; x_wconf 88' lang='lat' dir='ltr'><strong>super</strong></span> <span class='ocrx_word' id='word_1_643' title='bbox 2443 2252 2602 2293; x_wconf 89' lang='lat' dir='ltr'><strong>omne</strong></span> <span class='ocrx_word' id='word_1_644' title='bbox 2623 2252 2818 2292; x_wconf 89' lang='lat' dir='ltr'><strong>nomen</strong></span> <span class='ocrx_word' id='word_1_645' title='bbox 2850 2254 2863 2291; x_wconf 87' lang='lat'>:</span> <span class='ocrx_word' id='word_1_646' title='bbox 2892 2239 2968 2293; x_wconf 86' lang='lat' dir='ltr'><strong>sic</strong></span> <span class='ocrx_word' id='word_1_647' title='bbox 2995 2238 3157 2293; x_wconf 90' lang='lat' dir='ltr'><strong>etiam</strong></span> <span class='ocrx_word' id='word_1_648' title='bbox 3186 2238 3302 2308; x_wconf 89' lang='lat' dir='ltr'><strong>ipse</strong></span> <span class='ocrx_word' id='word_1_649' title='bbox 3327 2240 3596 2295; x_wconf 85' lang='lat' dir='ltr'><strong>Dominus</strong></span> <span class='ocrx_word' id='word_1_650' title='bbox 3646 2256 3817 2311; x_wconf 64' lang='lat' dir='ltr'><strong>prove</strong></span> 
     </span>
    </p>
   </div>
   <div class='ocr_carea' id='block_1_68' title="bbox 2253 2328 3820 2398">
    <p class='ocr_par' dir='ltr' id='par_1_68' title="bbox 2253 2328 3820 2398">
     <span class='ocr_line' id='line_1_68' title="bbox 2253 2328 3820 2398; baseline 0.002 -14"><span class='ocrx_word' id='word_1_651' title='bbox 2253 2330 2411 2385; x_wconf 83' lang='lat' dir='ltr'><strong>cabat</strong></span> <span class='ocrx_word' id='word_1_652' title='bbox 2435 2344 2552 2385; x_wconf 89' lang='lat' dir='ltr'><strong>eam</strong></span> <span class='ocrx_word' id='word_1_653' title='bbox 2581 2329 2765 2384; x_wconf 90' lang='lat' dir='ltr'><strong>dicens</strong></span> <span class='ocrx_word' id='word_1_654' title='bbox 2795 2344 2811 2383; x_wconf 88' lang='lat'><strong>:</strong></span> <span class='ocrx_word' id='word_1_655' title='bbox 2838 2328 2905 2384; x_wconf 91' lang='lat' dir='ltr'><strong>Ut</strong></span> <span class='ocrx_word' id='word_1_656' title='bbox 2923 2329 3255 2398; x_wconf 75' lang='lat' dir='ltr'><strong>gloriﬁcatur</strong></span> <span class='ocrx_word' id='word_1_657' title='bbox 3282 2329 3456 2385; x_wconf 85' lang='lat' dir='ltr'><strong>Filius</strong></span> <span class='ocrx_word' id='word_1_658' title='bbox 3480 2332 3747 2386; x_wconf 85' lang='lat' dir='ltr'><strong>hominis.</strong></span> <span class='ocrx_word' id='word_1_659' title='bbox 3775 2331 3820 2388; x_wconf 84' lang='lat' dir='ltr'><strong>8i</strong></span> 
     </span>
    </p>
   </div>
   <div class='ocr_carea' id='block_1_69' title="bbox 2255 2423 3815 2492">
    <p class='ocr_par' dir='ltr' id='par_1_69' title="bbox 2255 2423 3815 2492">
     <span class='ocr_line' id='line_1_69' title="bbox 2255 2423 3815 2492; baseline 0.001 -15"><span class='ocrx_word' id='word_1_660' title='bbox 2255 2423 2343 2479; x_wconf 89' lang='lat' dir='ltr'><strong>ille</strong></span> <span class='ocrx_word' id='word_1_661' title='bbox 2370 2425 2459 2491; x_wconf 85' lang='lat' dir='ltr'><strong>qui</strong></span> <span class='ocrx_word' id='word_1_662' title='bbox 2504 2423 2761 2478; x_wconf 87' lang='lat' dir='ltr'><strong>Dominus</strong></span> <span class='ocrx_word' id='word_1_663' title='bbox 2802 2429 2902 2487; x_wconf 87' lang='lat' dir='ltr'><strong>est,</strong></span> <span class='ocrx_word' id='word_1_664' title='bbox 2946 2436 3008 2477; x_wconf 88' lang='lat' dir='ltr'><strong>ea</strong></span> <span class='ocrx_word' id='word_1_665' title='bbox 3029 2436 3148 2491; x_wconf 73' lang='lat' dir='ltr'><strong>quae</strong></span> <span class='ocrx_word' id='word_1_666' title='bbox 3175 2436 3273 2490; x_wconf 87' lang='lat' dir='ltr'><strong>pro</strong></span> <span class='ocrx_word' id='word_1_667' title='bbox 3302 2424 3478 2478; x_wconf 80' lang='lat' dir='ltr'><strong>servis</strong></span> <span class='ocrx_word' id='word_1_668' title='bbox 3509 2437 3704 2492; x_wconf 82' lang='lat' dir='ltr'><strong>passus</strong></span> <span class='ocrx_word' id='word_1_669' title='bbox 3744 2432 3815 2478; x_wconf 88' lang='lat' dir='ltr'><strong>est</strong></span> 
     </span>
    </p>
   </div>
   <div class='ocr_carea' id='block_1_70' title="bbox 2247 2511 3823 2584">
    <p class='ocr_par' dir='ltr' id='par_1_70' title="bbox 2247 2511 3823 2584">
     <span class='ocr_line' id='line_1_70' title="bbox 2247 2511 3823 2584; baseline 0.002 -17"><span class='ocrx_word' id='word_1_670' title='bbox 2247 2514 2471 2583; x_wconf 85' lang='lat' dir='ltr'><strong>gloriam</strong></span> <span class='ocrx_word' id='word_1_671' title='bbox 2497 2522 2666 2578; x_wconf 83' lang='lat' dir='ltr'><strong>vocat,</strong></span> <span class='ocrx_word' id='word_1_672' title='bbox 2721 2511 2889 2566; x_wconf 89' lang='lat' dir='ltr'><strong>multo</strong></span> <span class='ocrx_word' id='word_1_673' title='bbox 2915 2512 3083 2581; x_wconf 82' lang='lat' dir='ltr'><strong>magis</strong></span> <span class='ocrx_word' id='word_1_674' title='bbox 3106 2520 3183 2576; x_wconf 90' lang='lat' dir='ltr'><strong>tu,</strong></span> <span class='ocrx_word' id='word_1_675' title='bbox 3209 2512 3397 2580; x_wconf 87' lang='lat' dir='ltr'><strong>homo,</strong></span> <span class='ocrx_word' id='word_1_676' title='bbox 3423 2528 3552 2583; x_wconf 66' lang='lat' dir='ltr'><strong>quae</strong></span> <span class='ocrx_word' id='word_1_677' title='bbox 3599 2528 3700 2584; x_wconf 88' lang='lat' dir='ltr'><strong>pro</strong></span> <span class='ocrx_word' id='word_1_678' title='bbox 3726 2514 3823 2569; x_wconf 86' lang='lat' dir='ltr'><strong>Deo</strong></span> 
     </span>
    </p>
   </div>
   <div class='ocr_carea' id='block_1_71' title="bbox 2253 2604 3814 2675">
    <p class='ocr_par' dir='ltr' id='par_1_71' title="bbox 2253 2604 3814 2675">
     <span class='ocr_line' id='line_1_71' title="bbox 2253 2604 3814 2675; baseline 0.004 -17"><span class='ocrx_word' id='word_1_679' title='bbox 2253 2606 2472 2675; x_wconf 91' lang='lat' dir='ltr'><strong>pateris,</strong></span> <span class='ocrx_word' id='word_1_680' title='bbox 2502 2606 2598 2659; x_wconf 87' lang='lat' dir='ltr'><strong>tibi</strong></span> <span class='ocrx_word' id='word_1_681' title='bbox 2630 2605 2694 2658; x_wconf 90' lang='lat' dir='ltr'><strong>ad</strong></span> <span class='ocrx_word' id='word_1_682' title='bbox 2713 2604 2935 2675; x_wconf 84' lang='lat' dir='ltr'><strong>gloriam</strong></span> <span class='ocrx_word' id='word_1_683' title='bbox 2966 2604 3233 2673; x_wconf 86' lang='lat' dir='ltr'><strong>pertinere</strong></span> <span class='ocrx_word' id='word_1_684' title='bbox 3252 2607 3645 2675; x_wconf 81' lang='lat' dir='ltr'><strong>sempiternam</strong></span> <span class='ocrx_word' id='word_1_685' title='bbox 3675 2609 3814 2664; x_wconf 77' lang='lat' dir='ltr'><strong>dubi-</strong></span> 
     </span>
    </p>
   </div>
   <div class='ocr_carea' id='block_1_72' title="bbox 2257 2692 3824 2764">
    <p class='ocr_par' dir='ltr' id='par_1_72' title="bbox 2257 2692 3824 2764">
     <span class='ocr_line' id='line_1_72' title="bbox 2257 2692 3824 2764; baseline 0.002 -15"><span class='ocrx_word' id='word_1_686' title='bbox 2257 2705 2371 2750; x_wconf 90' lang='lat' dir='ltr'><strong>tare</strong></span> <span class='ocrx_word' id='word_1_687' title='bbox 2398 2709 2506 2750; x_wconf 90' lang='lat' dir='ltr'><strong>non</strong></span> <span class='ocrx_word' id='word_1_688' title='bbox 2558 2694 2743 2748; x_wconf 81' lang='lat' dir='ltr'><strong>debes.</strong></span> <span class='ocrx_word' id='word_1_689' title='bbox 2768 2692 2931 2759; x_wconf 86' lang='lat' dir='ltr'><strong>Eunt,</strong></span> <span class='ocrx_word' id='word_1_690' title='bbox 2961 2693 3201 2762; x_wconf 85' lang='lat' dir='ltr'><strong>inquam,</strong></span> <span class='ocrx_word' id='word_1_691' title='bbox 3232 2693 3284 2748; x_wconf 89' lang='lat' dir='ltr'><strong>id</strong></span> <span class='ocrx_word' id='word_1_692' title='bbox 3311 2703 3396 2750; x_wconf 91' lang='lat' dir='ltr'><strong>est</strong></span> <span class='ocrx_word' id='word_1_693' title='bbox 3435 2694 3648 2764; x_wconf 80' lang='lat' dir='ltr'><strong>Jesum,</strong></span> <span class='ocrx_word' id='word_1_694' title='bbox 3694 2697 3824 2752; x_wconf 83' lang='lat' dir='ltr'><strong>vide-</strong></span> 
     </span>
    </p>
   </div>
   <div class='ocr_carea' id='block_1_73' title="bbox 2256 2785 3827 2857">
    <p class='ocr_par' dir='ltr' id='par_1_73' title="bbox 2256 2785 3827 2857">
     <span class='ocr_line' id='line_1_73' title="bbox 2256 2785 3827 2857; baseline 0.001 -14"><span class='ocrx_word' id='word_1_695' title='bbox 2256 2801 2377 2843; x_wconf 86' lang='lat' dir='ltr'><strong>mus</strong></span> <span class='ocrx_word' id='word_1_696' title='bbox 2424 2795 2759 2852; x_wconf 88' lang='lat' dir='ltr'><strong>coronatum,</strong></span> <span class='ocrx_word' id='word_1_697' title='bbox 2789 2802 2897 2841; x_wconf 87' lang='lat' dir='ltr'><strong>non</strong></span> <span class='ocrx_word' id='word_1_698' title='bbox 2953 2785 3126 2839; x_wconf 86' lang='lat' dir='ltr'><strong>oculis</strong></span> <span class='ocrx_word' id='word_1_699' title='bbox 3165 2788 3467 2857; x_wconf 83' lang='lat' dir='ltr'><strong>corporeis,</strong></span> <span class='ocrx_word' id='word_1_700' title='bbox 3510 2790 3611 2844; x_wconf 80' lang='lat' dir='ltr'><strong>sed</strong></span> <span class='ocrx_word' id='word_1_701' title='bbox 3667 2790 3827 2844; x_wconf 80' lang='lat' dir='ltr'><strong>oculis</strong></span> 
     </span>
    </p>
   </div>
   <div class='ocr_carea' id='block_1_74' title="bbox 2259 2876 3825 2950">
    <p class='ocr_par' dir='ltr' id='par_1_74' title="bbox 2259 2876 3825 2950">
     <span class='ocr_line' id='line_1_74' title="bbox 2259 2876 3825 2950; baseline 0.001 -15"><span class='ocrx_word' id='word_1_702' title='bbox 2259 2878 2476 2945; x_wconf 87' lang='lat' dir='ltr'><strong>mentis,</strong></span> <span class='ocrx_word' id='word_1_703' title='bbox 2489 2878 2615 2933; x_wconf 85' lang='lat' dir='ltr'><strong>dum</strong></span> <span class='ocrx_word' id='word_1_704' title='bbox 2639 2877 2792 2932; x_wconf 87' lang='lat' dir='ltr'><strong>sedet</strong></span> <span class='ocrx_word' id='word_1_705' title='bbox 2813 2879 2866 2931; x_wconf 91' lang='lat' dir='ltr'><strong>in</strong></span> <span class='ocrx_word' id='word_1_706' title='bbox 2886 2876 3218 2945; x_wconf 87' lang='lat' dir='ltr'><strong>plenitudine</strong></span> <span class='ocrx_word' id='word_1_707' title='bbox 3241 2888 3465 2947; x_wconf 66' lang='lat' dir='ltr'><strong>paternae</strong></span> <span class='ocrx_word' id='word_1_708' title='bbox 3489 2881 3825 2950; x_wconf 79' lang='lat' dir='ltr'><strong>majestatis.</strong></span> 
     </span>
    </p>
   </div>
   <div class='ocr_carea' id='block_1_75' title="bbox 2264 2970 3829 3042">
    <p class='ocr_par' dir='ltr' id='par_1_75' title="bbox 2264 2970 3829 3042">
     <span class='ocr_line' id='line_1_75' title="bbox 2264 2970 3829 3042; baseline 0.002 -17"><span class='ocrx_word' id='word_1_709' title='bbox 2264 2972 2333 3026; x_wconf 89' lang='lat' dir='ltr'><strong>Ut</strong></span> <span class='ocrx_word' id='word_1_710' title='bbox 2360 2972 2533 3042; x_wconf 82' lang='lat' dir='ltr'><strong>gratia</strong></span> <span class='ocrx_word' id='word_1_711' title='bbox 2578 2970 2674 3025; x_wconf 79' lang='lat' dir='ltr'><strong>Dei</strong></span> <span class='ocrx_word' id='word_1_712' title='bbox 2696 2985 2790 3040; x_wconf 79' lang='lat' dir='ltr'><strong>pro</strong></span> <span class='ocrx_word' id='word_1_713' title='bbox 2820 2970 3055 3023; x_wconf 71' lang='lat' dir='ltr'><strong>omnibus</strong></span> <span class='ocrx_word' id='word_1_714' title='bbox 3105 2981 3326 3040; x_wconf 82' lang='lat' dir='ltr'><strong>gustaret</strong></span> <span class='ocrx_word' id='word_1_715' title='bbox 3344 2981 3581 3026; x_wconf 77' lang='lat' dir='ltr'><strong>mortem.</strong></span> <span class='ocrx_word' id='word_1_716' title='bbox 3639 2972 3829 3028; x_wconf 80' lang='lat' dir='ltr'><strong>Gratia</strong></span> 
     </span>
    </p>
   </div>
   <div class='ocr_carea' id='block_1_76' title="bbox 2261 3061 3824 3132">
    <p class='ocr_par' dir='ltr' id='par_1_76' title="bbox 2261 3061 3824 3132">
     <span class='ocr_line' id='line_1_76' title="bbox 2261 3061 3824 3132; baseline 0.002 -15"><span class='ocrx_word' id='word_1_717' title='bbox 2261 3063 2358 3118; x_wconf 87' lang='lat' dir='ltr'><strong>Dei</strong></span> <span class='ocrx_word' id='word_1_718' title='bbox 2404 3062 2579 3118; x_wconf 87' lang='lat' dir='ltr'><strong>Patris</strong></span> <span class='ocrx_word' id='word_1_719' title='bbox 2623 3062 2927 3132; x_wconf 86' lang='lat' dir='ltr'><strong>appellatur</strong></span> <span class='ocrx_word' id='word_1_720' title='bbox 2954 3061 3143 3127; x_wconf 84' lang='lat' dir='ltr'><strong>Filius,</strong></span> <span class='ocrx_word' id='word_1_721' title='bbox 3169 3077 3237 3117; x_wconf 90' lang='lat' dir='ltr'><strong>eo</strong></span> <span class='ocrx_word' id='word_1_722' title='bbox 3274 3062 3411 3131; x_wconf 88' lang='lat' dir='ltr'><strong>quod</strong></span> <span class='ocrx_word' id='word_1_723' title='bbox 3453 3064 3621 3119; x_wconf 83' lang='lat' dir='ltr'><strong>nobis</strong></span> <span class='ocrx_word' id='word_1_724' title='bbox 3644 3077 3677 3118; x_wconf 84' lang='lat' dir='ltr'><strong>a</strong></span> <span class='ocrx_word' id='word_1_725' title='bbox 3724 3065 3824 3120; x_wconf 86' lang='lat' dir='ltr'><strong>Deo</strong></span> 
     </span>
    </p>
   </div>
   <div class='ocr_carea' id='block_1_77' title="bbox 2258 3153 3822 3225">
    <p class='ocr_par' dir='ltr' id='par_1_77' title="bbox 2258 3153 3822 3225">
     <span class='ocr_line' id='line_1_77' title="bbox 2258 3153 3822 3225; baseline 0 -15"><span class='ocrx_word' id='word_1_726' title='bbox 2258 3154 2417 3211; x_wconf 85' lang='lat' dir='ltr'><strong>Patre</strong></span> <span class='ocrx_word' id='word_1_727' title='bbox 2437 3154 2603 3225; x_wconf 77' lang='lat' dir='ltr'><strong>gratis</strong></span> <span class='ocrx_word' id='word_1_728' title='bbox 2628 3154 2699 3208; x_wconf 90' lang='lat' dir='ltr'><strong>sit</strong></span> <span class='ocrx_word' id='word_1_729' title='bbox 2726 3153 2905 3218; x_wconf 86' lang='lat' dir='ltr'><strong>datus,</strong></span> <span class='ocrx_word' id='word_1_730' title='bbox 2940 3161 2997 3208; x_wconf 92' lang='lat' dir='ltr'><strong>et</strong></span> <span class='ocrx_word' id='word_1_731' title='bbox 3023 3155 3164 3223; x_wconf 89' lang='lat' dir='ltr'><strong>quod</strong></span> <span class='ocrx_word' id='word_1_732' title='bbox 3196 3154 3364 3225; x_wconf 82' lang='lat' dir='ltr'><strong>gratis</strong></span> <span class='ocrx_word' id='word_1_733' title='bbox 3383 3169 3484 3224; x_wconf 90' lang='lat' dir='ltr'><strong>pro</strong></span> <span class='ocrx_word' id='word_1_734' title='bbox 3512 3155 3671 3210; x_wconf 88' lang='lat' dir='ltr'><strong>nobis</strong></span> <span class='ocrx_word' id='word_1_735' title='bbox 3690 3171 3822 3210; x_wconf 79' lang='lat' dir='ltr'><strong>mor-</strong></span> 
     </span>
    </p>
   </div>
   <div class='ocr_carea' id='block_1_78' title="bbox 2258 3245 3818 3310">
    <p class='ocr_par' dir='ltr' id='par_1_78' title="bbox 2258 3245 3818 3310">
     <span class='ocr_line' id='line_1_78' title="bbox 2258 3245 3818 3310; baseline -0.001 -7"><span class='ocrx_word' id='word_1_736' title='bbox 2258 3254 2365 3303; x_wconf 89' lang='lat' dir='ltr'><strong>tem</strong></span> <span class='ocrx_word' id='word_1_737' title='bbox 2395 3245 2676 3310; x_wconf 88' lang='lat' dir='ltr'><strong>sustinuit;</strong></span> <span class='ocrx_word' id='word_1_738' title='bbox 2704 3260 2809 3301; x_wconf 87' lang='lat' dir='ltr'><strong>non</strong></span> <span class='ocrx_word' id='word_1_739' title='bbox 2832 3246 2976 3303; x_wconf 89' lang='lat' dir='ltr'><strong>enim</strong></span> <span class='ocrx_word' id='word_1_740' title='bbox 3005 3247 3301 3303; x_wconf 90' lang='lat' dir='ltr'><strong>debebatur</strong></span> <span class='ocrx_word' id='word_1_741' title='bbox 3320 3247 3481 3303; x_wconf 89' lang='lat' dir='ltr'><strong>nobis</strong></span> <span class='ocrx_word' id='word_1_742' title='bbox 3510 3256 3701 3303; x_wconf 82' lang='lat' dir='ltr'><strong>nostro</strong></span> <span class='ocrx_word' id='word_1_743' title='bbox 3725 3263 3818 3302; x_wconf 75' lang='lat' dir='ltr'><strong>me-</strong></span> 
     </span>
    </p>
   </div>
   <div class='ocr_carea' id='block_1_79' title="bbox 2256 3337 3813 3409">
    <p class='ocr_par' dir='ltr' id='par_1_79' title="bbox 2256 3337 3813 3409">
     <span class='ocr_line' id='line_1_79' title="bbox 2256 3337 3813 3409; baseline -0.001 -13"><span class='ocrx_word' id='word_1_744' title='bbox 2256 3341 2383 3407; x_wconf 89' lang='lat' dir='ltr'><strong>rito,</strong></span> <span class='ocrx_word' id='word_1_745' title='bbox 2413 3349 2472 3393; x_wconf 92' lang='lat' dir='ltr'><strong>ut</strong></span> <span class='ocrx_word' id='word_1_746' title='bbox 2514 3337 2684 3409; x_wconf 83' lang='lat' dir='ltr'><strong>Filius</strong></span> <span class='ocrx_word' id='word_1_747' title='bbox 2707 3338 2800 3393; x_wconf 86' lang='lat' dir='ltr'><strong>Dei</strong></span> <span class='ocrx_word' id='word_1_748' title='bbox 2830 3353 2928 3408; x_wconf 91' lang='lat' dir='ltr'><strong>pro</strong></span> <span class='ocrx_word' id='word_1_749' title='bbox 2974 3340 3129 3395; x_wconf 86' lang='lat' dir='ltr'><strong>nobis</strong></span> <span class='ocrx_word' id='word_1_750' title='bbox 3158 3348 3401 3409; x_wconf 84' lang='lat' dir='ltr'><strong>gustaret</strong></span> <span class='ocrx_word' id='word_1_751' title='bbox 3450 3349 3715 3405; x_wconf 82' lang='lat' dir='ltr'><strong>mortem;</strong></span> <span class='ocrx_word' id='word_1_752' title='bbox 3739 3340 3813 3394; x_wconf 75' lang='lat' dir='ltr'><strong>sed</strong></span> 
     </span>
    </p>
   </div>
   <div class='ocr_carea' id='block_1_80' title="bbox 2248 3406 3815 3501">
    <p class='ocr_par' dir='ltr' id='par_1_80' title="bbox 2248 3406 3815 3501">
     <span class='ocr_line' id='line_1_80' title="bbox 2248 3406 3815 3501; baseline -0.001 -14"><span class='ocrx_word' id='word_1_753' title='bbox 2248 3430 2511 3487; x_wconf 82' lang='lat' dir='ltr'><strong>ineﬁ&#39;abili</strong></span> <span class='ocrx_word' id='word_1_754' title='bbox 2555 3406 2724 3501; x_wconf 55' lang='lat' dir='ltr'><strong>grata</strong></span> <span class='ocrx_word' id='word_1_755' title='bbox 2781 3406 2884 3486; x_wconf 69' lang='lat' dir='ltr'><strong>hoc</strong></span> <span class='ocrx_word' id='word_1_756' title='bbox 2933 3429 3078 3486; x_wconf 79' lang='lat' dir='ltr'><strong>fecit.</strong></span> <span class='ocrx_word' id='word_1_757' title='bbox 3122 3406 3275 3499; x_wconf 73' lang='lat' dir='ltr'><strong>Quod</strong></span> <span class='ocrx_word' id='word_1_758' title='bbox 3334 3441 3523 3487; x_wconf 80' lang='lat' dir='ltr'><strong>autem</strong></span> <span class='ocrx_word' id='word_1_759' title='bbox 3569 3432 3715 3496; x_wconf 88' lang='lat' dir='ltr'><strong>dicit,</strong></span> <span class='ocrx_word' id='word_1_760' title='bbox 3742 3447 3815 3499; x_wconf 78' lang='lat' dir='ltr'><strong>pro</strong></span> 
     </span>
    </p>
   </div>
   <div class='ocr_carea' id='block_1_81' title="bbox 2250 3523 3813 3595">
    <p class='ocr_par' dir='ltr' id='par_1_81' title="bbox 2250 3523 3813 3595">
     <span class='ocr_line' id='line_1_81' title="bbox 2250 3523 3813 3595; baseline 0.001 -16"><span class='ocrx_word' id='word_1_761' title='bbox 2250 3524 2500 3579; x_wconf 79' lang='lat' dir='ltr'><strong>omnibus</strong></span> <span class='ocrx_word' id='word_1_762' title='bbox 2546 3523 2698 3578; x_wconf 88' lang='lat' dir='ltr'><strong>illum</strong></span> <span class='ocrx_word' id='word_1_763' title='bbox 2750 3531 2998 3594; x_wconf 86' lang='lat' dir='ltr'><strong>gustasse</strong></span> <span class='ocrx_word' id='word_1_764' title='bbox 3047 3534 3301 3591; x_wconf 91' lang='lat' dir='ltr'><strong>mortem,</strong></span> <span class='ocrx_word' id='word_1_765' title='bbox 3335 3527 3563 3595; x_wconf 83' lang='lat' dir='ltr'><strong>quidam</strong></span> <span class='ocrx_word' id='word_1_766' title='bbox 3594 3527 3813 3581; x_wconf 78' lang='lat' dir='ltr'><strong>doctores</strong></span> 
     </span>
    </p>
   </div>
   <div class='ocr_carea' id='block_1_82' title="bbox 2260 3617 3810 3691">
    <p class='ocr_par' dir='ltr' id='par_1_82' title="bbox 2260 3617 3810 3691">
     <span class='ocr_line' id='line_1_82' title="bbox 2260 3617 3810 3691; baseline 0.001 -19"><span class='ocrx_word' id='word_1_767' title='bbox 2260 3618 2331 3672; x_wconf 90' lang='lat' dir='ltr'><strong>ita</strong></span> <span class='ocrx_word' id='word_1_768' title='bbox 2362 3617 2607 3673; x_wconf 82' lang='lat' dir='ltr'><strong>absolute</strong></span> <span class='ocrx_word' id='word_1_769' title='bbox 2630 3617 2955 3691; x_wconf 83' lang='lat' dir='ltr'><strong>intelligunt,</strong></span> <span class='ocrx_word' id='word_1_770' title='bbox 2986 3626 3045 3673; x_wconf 89' lang='lat' dir='ltr'><strong>ut</strong></span> <span class='ocrx_word' id='word_1_771' title='bbox 3073 3617 3299 3685; x_wconf 80' lang='lat' dir='ltr'><strong>dicatur,</strong></span> <span class='ocrx_word' id='word_1_772' title='bbox 3335 3634 3437 3690; x_wconf 88' lang='lat' dir='ltr'><strong>pro</strong></span> <span class='ocrx_word' id='word_1_773' title='bbox 3460 3620 3713 3676; x_wconf 83' lang='lat' dir='ltr'><strong>omnibus</strong></span> <span class='ocrx_word' id='word_1_774' title='bbox 3737 3636 3810 3689; x_wconf 82' lang='lat' dir='ltr'><strong>pro</strong></span> 
     </span>
    </p>
   </div>
   <div class='ocr_carea' id='block_1_83' title="bbox 2259 3710 3811 3781">
    <p class='ocr_par' dir='ltr' id='par_1_83' title="bbox 2259 3710 3811 3781">
     <span class='ocr_line' id='line_1_83' title="bbox 2259 3710 3811 3781; baseline 0.001 -18"><span class='ocrx_word' id='word_1_775' title='bbox 2259 3710 2454 3779; x_wconf 79' lang='lat' dir='ltr'><strong>quibus</strong></span> <span class='ocrx_word' id='word_1_776' title='bbox 2478 3711 2730 3781; x_wconf 83' lang='lat' dir='ltr'><strong>gustavit,</strong></span> <span class='ocrx_word' id='word_1_777' title='bbox 2761 3710 2812 3767; x_wconf 88' lang='lat' dir='ltr'><strong>id</strong></span> <span class='ocrx_word' id='word_1_778' title='bbox 2836 3719 2919 3766; x_wconf 90' lang='lat' dir='ltr'><strong>est</strong></span> <span class='ocrx_word' id='word_1_779' title='bbox 2941 3725 3037 3781; x_wconf 90' lang='lat' dir='ltr'><strong>pro</strong></span> <span class='ocrx_word' id='word_1_780' title='bbox 3056 3712 3264 3779; x_wconf 88' lang='lat' dir='ltr'><strong>electis,</strong></span> <span class='ocrx_word' id='word_1_781' title='bbox 3294 3714 3360 3766; x_wconf 87' lang='lat' dir='ltr'><strong>ad</strong></span> <span class='ocrx_word' id='word_1_782' title='bbox 3383 3714 3559 3769; x_wconf 86' lang='lat' dir='ltr'><strong>vitam</strong></span> <span class='ocrx_word' id='word_1_783' title='bbox 3591 3725 3811 3771; x_wconf 70' lang='lat' dir='ltr'><strong>aeternam</strong></span> 
     </span>
    </p>
   </div>
   <div class='ocr_carea' id='block_1_84' title="bbox 2260 3802 3811 3875">
    <p class='ocr_par' dir='ltr' id='par_1_84' title="bbox 2260 3802 3811 3875">
     <span class='ocr_line' id='line_1_84' title="bbox 2260 3802 3811 3875; baseline 0.001 -18"><span class='ocrx_word' id='word_1_784' title='bbox 2260 3803 2681 3874; x_wconf 68' lang='lat' dir='ltr'><strong>praedestinatis.</strong></span> <span class='ocrx_word' id='word_1_785' title='bbox 2712 3804 2782 3858; x_wconf 86' lang='lat' dir='ltr'><strong>At</strong></span> <span class='ocrx_word' id='word_1_786' title='bbox 2803 3817 2933 3859; x_wconf 89' lang='lat' dir='ltr'><strong>vero</strong></span> <span class='ocrx_word' id='word_1_787' title='bbox 2960 3802 3177 3874; x_wconf 88' lang='lat' dir='ltr'><strong>quidam</strong></span> <span class='ocrx_word' id='word_1_788' title='bbox 3212 3805 3285 3859; x_wconf 86' lang='lat' dir='ltr'><strong>ita</strong></span> <span class='ocrx_word' id='word_1_789' title='bbox 3326 3807 3663 3875; x_wconf 83' lang='lat' dir='ltr'><strong>generaliter</strong></span> <span class='ocrx_word' id='word_1_790' title='bbox 3702 3806 3811 3859; x_wconf 54' lang='lat' dir='ltr'><strong>seei.</strong></span> 
     </span>
    </p>
   </div>
   <div class='ocr_carea' id='block_1_85' title="bbox 2253 3893 3812 3964">
    <p class='ocr_par' dir='ltr' id='par_1_85' title="bbox 2253 3893 3812 3964">
     <span class='ocr_line' id='line_1_85' title="bbox 2253 3893 3812 3964; baseline 0 -17"><span class='ocrx_word' id='word_1_791' title='bbox 2253 3893 2424 3964; x_wconf 91' lang='lat' dir='ltr'><strong>piunt,</strong></span> <span class='ocrx_word' id='word_1_792' title='bbox 2469 3903 2524 3949; x_wconf 91' lang='lat' dir='ltr'><strong>ut</strong></span> <span class='ocrx_word' id='word_1_793' title='bbox 2566 3895 2795 3961; x_wconf 88' lang='lat' dir='ltr'><strong>dicatur,</strong></span> <span class='ocrx_word' id='word_1_794' title='bbox 2843 3907 2940 3964; x_wconf 91' lang='lat' dir='ltr'><strong>pro</strong></span> <span class='ocrx_word' id='word_1_795' title='bbox 3006 3895 3259 3950; x_wconf 91' lang='lat' dir='ltr'><strong>omnibus</strong></span> <span class='ocrx_word' id='word_1_796' title='bbox 3300 3904 3552 3951; x_wconf 87' lang='lat' dir='ltr'><strong>mortuus</strong></span> <span class='ocrx_word' id='word_1_797' title='bbox 3578 3908 3690 3961; x_wconf 88' lang='lat' dir='ltr'><strong>est;</strong></span> <span class='ocrx_word' id='word_1_798' title='bbox 3717 3896 3812 3950; x_wconf 82' lang='lat' dir='ltr'><strong>licet</strong></span> 
     </span>
    </p>
   </div>
   <div class='ocr_carea' id='block_1_86' title="bbox 2253 3990 3811 4063">
    <p class='ocr_par' dir='ltr' id='par_1_86' title="bbox 2253 3990 3811 4063">
     <span class='ocr_line' id='line_1_86' title="bbox 2253 3990 3811 4063; baseline 0.001 -20"><span class='ocrx_word' id='word_1_799' title='bbox 2253 4002 2444 4044; x_wconf 89' lang='lat' dir='ltr'><strong>omnes</strong></span> <span class='ocrx_word' id='word_1_800' title='bbox 2488 4003 2596 4044; x_wconf 91' lang='lat' dir='ltr'><strong>non</strong></span> <span class='ocrx_word' id='word_1_801' title='bbox 2638 3990 2932 4047; x_wconf 85' lang='lat' dir='ltr'><strong>salventur.</strong></span> <span class='ocrx_word' id='word_1_802' title='bbox 2978 3991 3051 4047; x_wconf 84' lang='lat' dir='ltr'><strong>Et</strong></span> <span class='ocrx_word' id='word_1_803' title='bbox 3094 3991 3221 4063; x_wconf 89' lang='lat' dir='ltr'><strong>quid</strong></span> <span class='ocrx_word' id='word_1_804' title='bbox 3258 3993 3304 4047; x_wconf 88' lang='lat' dir='ltr'><strong>si</strong></span> <span class='ocrx_word' id='word_1_805' title='bbox 3354 4006 3554 4047; x_wconf 86' lang='lat' dir='ltr'><strong>omnes</strong></span> <span class='ocrx_word' id='word_1_806' title='bbox 3586 4008 3689 4047; x_wconf 83' lang='lat' dir='ltr'><strong>non</strong></span> <span class='ocrx_word' id='word_1_807' title='bbox 3722 4003 3811 4045; x_wconf 82' lang='lat' dir='ltr'><strong>cte-</strong></span> 
     </span>
    </p>
   </div>
   <div class='ocr_carea' id='block_1_87' title="bbox 2261 4080 3811 4153">
    <p class='ocr_par' dir='ltr' id='par_1_87' title="bbox 2261 4080 3811 4153">
     <span class='ocr_line' id='line_1_87' title="bbox 2261 4080 3811 4153; baseline 0.001 -17"><span class='ocrx_word' id='word_1_808' title='bbox 2261 4080 2432 4136; x_wconf 76' lang='lat' dir='ltr'><strong>dunt?</strong></span> <span class='ocrx_word' id='word_1_809' title='bbox 2462 4082 2549 4137; x_wconf 90' lang='lat' dir='ltr'><strong>ille</strong></span> <span class='ocrx_word' id='word_1_810' title='bbox 2572 4090 2747 4137; x_wconf 89' lang='lat' dir='ltr'><strong>tamen</strong></span> <span class='ocrx_word' id='word_1_811' title='bbox 2775 4083 2917 4153; x_wconf 87' lang='lat' dir='ltr'><strong>quod</strong></span> <span class='ocrx_word' id='word_1_812' title='bbox 2946 4098 3101 4138; x_wconf 90' lang='lat' dir='ltr'><strong>suum</strong></span> <span class='ocrx_word' id='word_1_813' title='bbox 3131 4092 3267 4149; x_wconf 88' lang='lat' dir='ltr'><strong>erat,</strong></span> <span class='ocrx_word' id='word_1_814' title='bbox 3290 4082 3441 4139; x_wconf 79' lang='lat' dir='ltr'><strong>fecit.</strong></span> <span class='ocrx_word' id='word_1_815' title='bbox 3468 4084 3635 4140; x_wconf 84' lang='lat' dir='ltr'><strong>Unde</strong></span> <span class='ocrx_word' id='word_1_816' title='bbox 3661 4086 3811 4139; x_wconf 78' lang='lat' dir='ltr'><strong>beatus</strong></span> 
     </span>
    </p>
   </div>
   <div class='ocr_carea' id='block_1_88' title="bbox 2261 4175 3812 4252">
    <p class='ocr_par' dir='ltr' id='par_1_88' title="bbox 2261 4175 3812 4252">
     <span class='ocr_line' id='line_1_88' title="bbox 2261 4175 3812 4252; baseline 0.002 -21"><span class='ocrx_word' id='word_1_817' title='bbox 2261 4175 2496 4247; x_wconf 87' lang='lat' dir='ltr'><strong>Prosper</strong></span> <span class='ocrx_word' id='word_1_818' title='bbox 2526 4177 2665 4232; x_wconf 89' lang='lat' dir='ltr'><strong>banc</strong></span> <span class='ocrx_word' id='word_1_819' title='bbox 2700 4181 2849 4247; x_wconf 91' lang='lat' dir='ltr'><strong>ponit</strong></span> <span class='ocrx_word' id='word_1_820' title='bbox 2877 4179 3282 4236; x_wconf 89' lang='lat' dir='ltr'><strong>similitudinem</strong></span> <span class='ocrx_word' id='word_1_821' title='bbox 3309 4180 3441 4236; x_wconf 87' lang='lat' dir='ltr'><strong>:Est</strong></span> <span class='ocrx_word' id='word_1_822' title='bbox 3471 4181 3703 4252; x_wconf 85' lang='lat' dir='ltr'><strong>quilibet</strong></span> <span class='ocrx_word' id='word_1_823' title='bbox 3727 4193 3812 4234; x_wconf 58' lang='lat' dir='ltr'><strong>meo</strong></span> 
     </span>
    </p>
   </div>
   <div class='ocr_carea' id='block_1_89' title="bbox 2260 4264 3811 4343">
    <p class='ocr_par' dir='ltr' id='par_1_89' title="bbox 2260 4264 3811 4343">
     <span class='ocr_line' id='line_1_89' title="bbox 2260 4264 3811 4343; baseline 0.005 -20"><span class='ocrx_word' id='word_1_824' title='bbox 2260 4267 2504 4324; x_wconf 91' lang='lat' dir='ltr'><strong>dicorum</strong></span> <span class='ocrx_word' id='word_1_825' title='bbox 2534 4271 2910 4339; x_wconf 87' lang='lat' dir='ltr'><strong>peritissimus,</strong></span> <span class='ocrx_word' id='word_1_826' title='bbox 2941 4271 3032 4341; x_wconf 91' lang='lat' dir='ltr'><strong>qui</strong></span> <span class='ocrx_word' id='word_1_827' title='bbox 3059 4264 3291 4329; x_wconf 72' lang='lat' dir='ltr'><strong>veniens</strong></span> <span class='ocrx_word' id='word_1_828' title='bbox 3334 4273 3387 4328; x_wconf 88' lang='lat' dir='ltr'><strong>in</strong></span> <span class='ocrx_word' id='word_1_829' title='bbox 3418 4275 3699 4331; x_wconf 85' lang='lat' dir='ltr'><strong>civitatem</strong></span> <span class='ocrx_word' id='word_1_830' title='bbox 3738 4287 3811 4343; x_wconf 58' lang='lat' dir='ltr'><strong>pe</strong></span> 
     </span>
    </p>
   </div>
   <div class='ocr_carea' id='block_1_90' title="bbox 2264 4360 3812 4437">
    <p class='ocr_par' dir='ltr' id='par_1_90' title="bbox 2264 4360 3812 4437">
     <span class='ocr_line' id='line_1_90' title="bbox 2264 4360 3812 4437; baseline 0.004 -23"><span class='ocrx_word' id='word_1_831' title='bbox 2264 4360 2531 4429; x_wconf 88' lang='lat' dir='ltr'><strong>pulosam,</strong></span> <span class='ocrx_word' id='word_1_832' title='bbox 2564 4361 2655 4416; x_wconf 86' lang='lat' dir='ltr'><strong>ubi</strong></span> <span class='ocrx_word' id='word_1_833' title='bbox 2692 4362 2843 4416; x_wconf 89' lang='lat' dir='ltr'><strong>multi</strong></span> <span class='ocrx_word' id='word_1_834' title='bbox 2876 4363 3071 4417; x_wconf 72' lang='lat' dir='ltr'><strong>inﬁrmi</strong></span> <span class='ocrx_word' id='word_1_835' title='bbox 3104 4364 3386 4431; x_wconf 86' lang='lat' dir='ltr'><strong>habentur,</strong></span> <span class='ocrx_word' id='word_1_836' title='bbox 3435 4371 3706 4437; x_wconf 79' lang='lat' dir='ltr'><strong>temperat</strong></span> <span class='ocrx_word' id='word_1_837' title='bbox 3743 4378 3812 4433; x_wconf 84' lang='lat' dir='ltr'><strong>po-</strong></span> 
     </span>
    </p>
   </div>
   <div class='ocr_carea' id='block_1_91' title="bbox 2261 4455 3813 4526">
    <p class='ocr_par' dir='ltr' id='par_1_91' title="bbox 2261 4455 3813 4526">
     <span class='ocr_line' id='line_1_91' title="bbox 2261 4455 3813 4526; baseline 0.001 -18"><span class='ocrx_word' id='word_1_838' title='bbox 2261 4455 2463 4510; x_wconf 90' lang='lat' dir='ltr'><strong>tionem</strong></span> <span class='ocrx_word' id='word_1_839' title='bbox 2494 4463 2680 4511; x_wconf 90' lang='lat' dir='ltr'><strong>contra</strong></span> <span class='ocrx_word' id='word_1_840' title='bbox 2702 4456 2881 4510; x_wconf 88' lang='lat' dir='ltr'><strong>omnia</strong></span> <span class='ocrx_word' id='word_1_841' title='bbox 2904 4470 3101 4526; x_wconf 88' lang='lat' dir='ltr'><strong>genera</strong></span> <span class='ocrx_word' id='word_1_842' title='bbox 3132 4455 3534 4523; x_wconf 81' lang='lat' dir='ltr'><strong>inﬁrmitatum,</strong></span> <span class='ocrx_word' id='word_1_843' title='bbox 3570 4466 3632 4514; x_wconf 89' lang='lat' dir='ltr'><strong>et</strong></span> <span class='ocrx_word' id='word_1_844' title='bbox 3654 4462 3813 4513; x_wconf 78' lang='lat' dir='ltr'><strong>conro-</strong></span> 
     </span>
    </p>
   </div>
   <div class='ocr_carea' id='block_1_92' title="bbox 2257 4548 3815 4622">
    <p class='ocr_par' dir='ltr' id='par_1_92' title="bbox 2257 4548 3815 4622">
     <span class='ocr_line' id='line_1_92' title="bbox 2257 4548 3815 4622; baseline 0 -21"><span class='ocrx_word' id='word_1_845' title='bbox 2257 4557 2347 4604; x_wconf 92' lang='lat' dir='ltr'><strong>cat</strong></span> <span class='ocrx_word' id='word_1_846' title='bbox 2377 4563 2585 4613; x_wconf 89' lang='lat' dir='ltr'><strong>omnes,</strong></span> <span class='ocrx_word' id='word_1_847' title='bbox 2610 4549 2798 4604; x_wconf 88' lang='lat' dir='ltr'><strong>dicens</strong></span> <span class='ocrx_word' id='word_1_848' title='bbox 2823 4566 2838 4603; x_wconf 87' lang='lat'><strong>:</strong></span> <span class='ocrx_word' id='word_1_849' title='bbox 2873 4549 3084 4619; x_wconf 82' lang='lat' dir='ltr'><strong>Venite,</strong></span> <span class='ocrx_word' id='word_1_850' title='bbox 3107 4564 3294 4606; x_wconf 89' lang='lat' dir='ltr'><strong>omnes</strong></span> <span class='ocrx_word' id='word_1_851' title='bbox 3323 4550 3529 4621; x_wconf 89' lang='lat' dir='ltr'><strong>populi,</strong></span> <span class='ocrx_word' id='word_1_852' title='bbox 3567 4553 3663 4622; x_wconf 86' lang='lat' dir='ltr'><strong>qui</strong></span> <span class='ocrx_word' id='word_1_853' title='bbox 3688 4548 3815 4605; x_wconf 81' lang='lat' dir='ltr'><strong>variis</strong></span> 
     </span>
    </p>
   </div>
   <div class='ocr_carea' id='block_1_93' title="bbox 2256 4640 3812 4716">
    <p class='ocr_par' dir='ltr' id='par_1_93' title="bbox 2256 4640 3812 4716">
     <span class='ocr_line' id='line_1_93' title="bbox 2256 4640 3812 4716; baseline 0.001 -21"><span class='ocrx_word' id='word_1_854' title='bbox 2256 4640 2658 4697; x_wconf 87' lang='lat' dir='ltr'><strong>inﬁrmitatibus</strong></span> <span class='ocrx_word' id='word_1_855' title='bbox 2686 4642 2959 4709; x_wconf 87' lang='lat' dir='ltr'><strong>laboratis,</strong></span> <span class='ocrx_word' id='word_1_856' title='bbox 3017 4652 3071 4699; x_wconf 89' lang='lat' dir='ltr'><strong>et</strong></span> <span class='ocrx_word' id='word_1_857' title='bbox 3118 4643 3286 4699; x_wconf 89' lang='lat' dir='ltr'><strong>bibite</strong></span> <span class='ocrx_word' id='word_1_858' title='bbox 3330 4658 3400 4699; x_wconf 81' lang='lat' dir='ltr'><strong>ex</strong></span> <span class='ocrx_word' id='word_1_859' title='bbox 3453 4640 3564 4700; x_wconf 84' lang='lat' dir='ltr'><strong>hac</strong></span> <span class='ocrx_word' id='word_1_860' title='bbox 3616 4645 3812 4716; x_wconf 82' lang='lat' dir='ltr'><strong>potione,</strong></span> 
     </span>
    </p>
   </div>
   <div class='ocr_carea' id='block_1_94' title="bbox 2260 4735 3814 4807">
    <p class='ocr_par' dir='ltr' id='par_1_94' title="bbox 2260 4735 3814 4807">
     <span class='ocr_line' id='line_1_94' title="bbox 2260 4735 3814 4807; baseline 0.001 -20"><span class='ocrx_word' id='word_1_861' title='bbox 2260 4748 2423 4803; x_wconf 89' lang='lat' dir='ltr'><strong>quam</strong></span> <span class='ocrx_word' id='word_1_862' title='bbox 2456 4748 2616 4789; x_wconf 88' lang='lat' dir='ltr'><strong>causa</strong></span> <span class='ocrx_word' id='word_1_863' title='bbox 2642 4736 2829 4791; x_wconf 88' lang='lat' dir='ltr'><strong>salutis</strong></span> <span class='ocrx_word' id='word_1_864' title='bbox 2848 4743 3040 4790; x_wconf 73' lang='lat' dir='ltr'><strong>vestrae</strong></span> <span class='ocrx_word' id='word_1_865' title='bbox 3064 4738 3357 4805; x_wconf 71' lang='lat' dir='ltr'><strong>prmparavi</strong></span> <span class='ocrx_word' id='word_1_866' title='bbox 3384 4754 3396 4790; x_wconf 93' lang='lat'><strong>:</strong></span> <span class='ocrx_word' id='word_1_867' title='bbox 3423 4739 3676 4807; x_wconf 89' lang='lat' dir='ltr'><strong>spondeo</strong></span> <span class='ocrx_word' id='word_1_868' title='bbox 3693 4735 3814 4790; x_wconf 80' lang='lat' dir='ltr'><strong>vobis</strong></span> 
     </span>
    </p>
   </div>
   <div class='ocr_carea' id='block_1_95' title="bbox 2257 4825 3813 4897">
    <p class='ocr_par' dir='ltr' id='par_1_95' title="bbox 2257 4825 3813 4897">
     <span class='ocr_line' id='line_1_95' title="bbox 2257 4825 3813 4897; baseline -0.003 -17"><span class='ocrx_word' id='word_1_869' title='bbox 2257 4839 2381 4880; x_wconf 85' lang='lat' dir='ltr'><strong>cum</strong></span> <span class='ocrx_word' id='word_1_870' title='bbox 2409 4825 2761 4882; x_wconf 87' lang='lat' dir='ltr'><strong>obtestatione</strong></span> <span class='ocrx_word' id='word_1_871' title='bbox 2789 4826 2927 4897; x_wconf 91' lang='lat' dir='ltr'><strong>quod</strong></span> <span class='ocrx_word' id='word_1_872' title='bbox 2957 4828 3001 4882; x_wconf 91' lang='lat' dir='ltr'><strong>si</strong></span> <span class='ocrx_word' id='word_1_873' title='bbox 3027 4827 3146 4897; x_wconf 90' lang='lat' dir='ltr'><strong>quis</strong></span> <span class='ocrx_word' id='word_1_874' title='bbox 3172 4827 3363 4882; x_wconf 89' lang='lat' dir='ltr'><strong>biberit</strong></span> <span class='ocrx_word' id='word_1_875' title='bbox 3390 4842 3457 4882; x_wconf 88' lang='lat' dir='ltr'><strong>ex</strong></span> <span class='ocrx_word' id='word_1_876' title='bbox 3483 4842 3551 4882; x_wconf 86' lang='lat' dir='ltr'><strong>ea</strong></span> <span class='ocrx_word' id='word_1_877' title='bbox 3587 4825 3813 4883; x_wconf 78' lang='lat' dir='ltr'><strong>medelam</strong></span> 
     </span>
    </p>
   </div>
   <div class='ocr_carea' id='block_1_96' title="bbox 2259 4914 3812 4987">
    <p class='ocr_par' dir='ltr' id='par_1_96' title="bbox 2259 4914 3812 4987">
     <span class='ocr_line' id='line_1_96' title="bbox 2259 4914 3812 4987; baseline 0.003 -16"><span class='ocrx_word' id='word_1_878' title='bbox 2259 4914 2438 4971; x_wconf 81' lang='lat' dir='ltr'><strong>statim</strong></span> <span class='ocrx_word' id='word_1_879' title='bbox 2469 4917 2722 4987; x_wconf 89' lang='lat' dir='ltr'><strong>consequi</strong></span> <span class='ocrx_word' id='word_1_880' title='bbox 2756 4919 3066 4974; x_wconf 87' lang='lat' dir='ltr'><strong>merebitur.</strong></span> <span class='ocrx_word' id='word_1_881' title='bbox 3095 4919 3194 4984; x_wconf 89' lang='lat' dir='ltr'><strong>Qui</strong></span> <span class='ocrx_word' id='word_1_882' title='bbox 3217 4918 3441 4974; x_wconf 88' lang='lat' dir='ltr'><strong>credunt</strong></span> <span class='ocrx_word' id='word_1_883' title='bbox 3470 4921 3659 4976; x_wconf 81' lang='lat' dir='ltr'><strong>verbis</strong></span> <span class='ocrx_word' id='word_1_884' title='bbox 3686 4920 3812 4975; x_wconf 83' lang='lat' dir='ltr'><strong>illius.</strong></span> 
     </span>
    </p>
   </div>
   <div class='ocr_carea' id='block_1_97' title="bbox 2259 5007 3811 5081">
    <p class='ocr_par' dir='ltr' id='par_1_97' title="bbox 2259 5007 3811 5081">
     <span class='ocr_line' id='line_1_97' title="bbox 2259 5007 3811 5081; baseline 0.003 -19"><span class='ocrx_word' id='word_1_885' title='bbox 2259 5007 2538 5072; x_wconf 87' lang='lat' dir='ltr'><strong>accedunt,</strong></span> <span class='ocrx_word' id='word_1_886' title='bbox 2555 5009 2804 5064; x_wconf 86' lang='lat' dir='ltr'><strong>bibuntet</strong></span> <span class='ocrx_word' id='word_1_887' title='bbox 2826 5022 3109 5077; x_wconf 87' lang='lat' dir='ltr'><strong>sanantur;</strong></span> <span class='ocrx_word' id='word_1_888' title='bbox 3128 5008 3216 5081; x_wconf 90' lang='lat' dir='ltr'><strong>qui</strong></span> <span class='ocrx_word' id='word_1_889' title='bbox 3238 5026 3365 5065; x_wconf 84' lang='lat' dir='ltr'><strong>vero</strong></span> <span class='ocrx_word' id='word_1_890' title='bbox 3388 5012 3811 5067; x_wconf 60' lang='lat' dir='ltr'><strong>rcnuunthibere,</strong></span> 
     </span>
    </p>
   </div>
   <div class='ocr_carea' id='block_1_98' title="bbox 2261 5104 3809 5167">
    <p class='ocr_par' dir='ltr' id='par_1_98' title="bbox 2261 5104 3809 5167">
     <span class='ocr_line' id='line_1_98' title="bbox 2261 5104 3809 5167; baseline -0.001 -13"><span class='ocrx_word' id='word_1_891' title='bbox 2261 5116 2366 5156; x_wconf 88' lang='lat' dir='ltr'><strong>non</strong></span> <span class='ocrx_word' id='word_1_892' title='bbox 2397 5114 2669 5167; x_wconf 88' lang='lat' dir='ltr'><strong>sanantur,</strong></span> <span class='ocrx_word' id='word_1_893' title='bbox 2700 5104 2793 5157; x_wconf 90' lang='lat' dir='ltr'><strong>sed</strong></span> <span class='ocrx_word' id='word_1_894' title='bbox 2826 5104 2877 5157; x_wconf 89' lang='lat' dir='ltr'><strong>in</strong></span> <span class='ocrx_word' id='word_1_895' title='bbox 2925 5119 3019 5158; x_wconf 89' lang='lat' dir='ltr'><strong>sua</strong></span> <span class='ocrx_word' id='word_1_896' title='bbox 3051 5104 3364 5159; x_wconf 89' lang='lat' dir='ltr'><strong>inﬁrmitate</strong></span> <span class='ocrx_word' id='word_1_897' title='bbox 3408 5105 3809 5160; x_wconf 85' lang='lat' dir='ltr'><strong>contabescunt:</strong></span> 
     </span>
    </p>
   </div>
   <div class='ocr_carea' id='block_1_99' title="bbox 2260 5196 3813 5267">
    <p class='ocr_par' dir='ltr' id='par_1_99' title="bbox 2260 5196 3813 5267">
     <span class='ocr_line' id='line_1_99' title="bbox 2260 5196 3813 5267; baseline -0.002 -17"><span class='ocrx_word' id='word_1_898' title='bbox 2260 5197 2527 5264; x_wconf 86' lang='lat' dir='ltr'><strong>Quantum</strong></span> <span class='ocrx_word' id='word_1_899' title='bbox 2560 5210 2687 5267; x_wconf 82' lang='lat' dir='ltr'><strong>ergo</strong></span> <span class='ocrx_word' id='word_1_900' title='bbox 2716 5196 2781 5250; x_wconf 83' lang='lat' dir='ltr'><strong>ad</strong></span> <span class='ocrx_word' id='word_1_901' title='bbox 2827 5196 3020 5251; x_wconf 89' lang='lat' dir='ltr'><strong>medici</strong></span> <span class='ocrx_word' id='word_1_902' title='bbox 3061 5196 3401 5252; x_wconf 88' lang='lat' dir='ltr'><strong>devotionem</strong></span> <span class='ocrx_word' id='word_1_903' title='bbox 3462 5199 3711 5265; x_wconf 88' lang='lat' dir='ltr'><strong>pertinet,</strong></span> <span class='ocrx_word' id='word_1_904' title='bbox 3738 5206 3813 5261; x_wconf 73' lang='lat' dir='ltr'><strong>pro</strong></span> 
     </span>
    </p>
   </div>
   <div class='ocr_carea' id='block_1_100' title="bbox 2259 5285 3813 5357">
    <p class='ocr_par' dir='ltr' id='par_1_100' title="bbox 2259 5285 3813 5357">
     <span class='ocr_line' id='line_1_100' title="bbox 2259 5285 3813 5357; baseline -0.006 -14"><span class='ocrx_word' id='word_1_905' title='bbox 2259 5289 2495 5343; x_wconf 85' lang='lat' dir='ltr'><strong>omnium</strong></span> <span class='ocrx_word' id='word_1_906' title='bbox 2543 5288 2754 5342; x_wconf 91' lang='lat' dir='ltr'><strong>illorum</strong></span> <span class='ocrx_word' id='word_1_907' title='bbox 2801 5289 2972 5342; x_wconf 88' lang='lat' dir='ltr'><strong>salute</strong></span> <span class='ocrx_word' id='word_1_908' title='bbox 3017 5288 3287 5357; x_wconf 90' lang='lat' dir='ltr'><strong>potionem</strong></span> <span class='ocrx_word' id='word_1_909' title='bbox 3328 5290 3670 5357; x_wconf 88' lang='lat' dir='ltr'><strong>temperavit,</strong></span> <span class='ocrx_word' id='word_1_910' title='bbox 3712 5285 3813 5338; x_wconf 85' lang='lat' dir='ltr'><strong>licet</strong></span> 
     </span>
    </p>
   </div>
   <div class='ocr_carea' id='block_1_101' title="bbox 2256 5375 3807 5450">
    <p class='ocr_par' dir='ltr' id='par_1_101' title="bbox 2256 5375 3807 5450">
     <span class='ocr_line' id='line_1_101' title="bbox 2256 5375 3807 5450; baseline -0.005 -15"><span class='ocrx_word' id='word_1_911' title='bbox 2256 5395 2365 5435; x_wconf 87' lang='lat' dir='ltr'><strong>non</strong></span> <span class='ocrx_word' id='word_1_912' title='bbox 2395 5380 2584 5450; x_wconf 90' lang='lat' dir='ltr'><strong>prosit,</strong></span> <span class='ocrx_word' id='word_1_913' title='bbox 2619 5380 2719 5435; x_wconf 84' lang='lat' dir='ltr'><strong>nisi</strong></span> <span class='ocrx_word' id='word_1_914' title='bbox 2746 5379 2829 5434; x_wconf 89' lang='lat' dir='ltr'><strong>bis</strong></span> <span class='ocrx_word' id='word_1_915' title='bbox 2851 5379 2938 5448; x_wconf 89' lang='lat' dir='ltr'><strong>qui</strong></span> <span class='ocrx_word' id='word_1_916' title='bbox 2971 5394 3034 5435; x_wconf 86' lang='lat' dir='ltr'><strong>ex</strong></span> <span class='ocrx_word' id='word_1_917' title='bbox 3062 5394 3124 5435; x_wconf 90' lang='lat' dir='ltr'><strong>ea</strong></span> <span class='ocrx_word' id='word_1_918' title='bbox 3156 5380 3445 5435; x_wconf 90' lang='lat' dir='ltr'><strong>biberunt:</strong></span> <span class='ocrx_word' id='word_1_919' title='bbox 3480 5378 3557 5434; x_wconf 87' lang='lat' dir='ltr'><strong>ita</strong></span> <span class='ocrx_word' id='word_1_920' title='bbox 3582 5380 3637 5435; x_wconf 86' lang='lat' dir='ltr'><strong>ct</strong></span> <span class='ocrx_word' id='word_1_921' title='bbox 3674 5375 3807 5431; x_wconf 85' lang='lat' dir='ltr'><strong>Chri-</strong></span> 
     </span>
    </p>
   </div>
   <div class='ocr_carea' id='block_1_102' title="bbox 2256 5470 3805 5541">
    <p class='ocr_par' dir='ltr' id='par_1_102' title="bbox 2256 5470 3805 5541">
     <span class='ocr_line' id='line_1_102' title="bbox 2256 5470 3805 5541; baseline 0.001 -15"><span class='ocrx_word' id='word_1_922' title='bbox 2256 5479 2393 5537; x_wconf 89' lang='lat' dir='ltr'><strong>stus,</strong></span> <span class='ocrx_word' id='word_1_923' title='bbox 2424 5480 2677 5539; x_wconf 88' lang='lat' dir='ltr'><strong>quantum</strong></span> <span class='ocrx_word' id='word_1_924' title='bbox 2709 5471 2761 5525; x_wconf 92' lang='lat' dir='ltr'><strong>in</strong></span> <span class='ocrx_word' id='word_1_925' title='bbox 2798 5485 2855 5525; x_wconf 91' lang='lat' dir='ltr'><strong>se</strong></span> <span class='ocrx_word' id='word_1_926' title='bbox 2878 5470 2995 5536; x_wconf 84' lang='lat' dir='ltr'><strong>iuit,</strong></span> <span class='ocrx_word' id='word_1_927' title='bbox 3019 5486 3118 5541; x_wconf 91' lang='lat' dir='ltr'><strong>pro</strong></span> <span class='ocrx_word' id='word_1_928' title='bbox 3140 5472 3391 5526; x_wconf 91' lang='lat' dir='ltr'><strong>omnibus</strong></span> <span class='ocrx_word' id='word_1_929' title='bbox 3435 5481 3678 5526; x_wconf 89' lang='lat' dir='ltr'><strong>mortuus</strong></span> <span class='ocrx_word' id='word_1_930' title='bbox 3722 5476 3805 5528; x_wconf 70' lang='lat' dir='ltr'><strong>est.</strong></span> 
     </span>
    </p>
   </div>
   <div class='ocr_carea' id='block_1_103' title="bbox 2253 5559 3807 5640">
    <p class='ocr_par' dir='ltr' id='par_1_103' title="bbox 2253 5559 3807 5640">
     <span class='ocr_line' id='line_1_103' title="bbox 2253 5559 3807 5640; baseline -0.002 -23"><span class='ocrx_word' id='word_1_931' title='bbox 2253 5578 2558 5634; x_wconf 87' lang='lat' dir='ltr'><strong>quanquam</strong></span> <span class='ocrx_word' id='word_1_932' title='bbox 2593 5579 2696 5617; x_wconf 84' lang='lat' dir='ltr'><strong>non</strong></span> <span class='ocrx_word' id='word_1_933' title='bbox 2723 5562 2889 5633; x_wconf 81' lang='lat' dir='ltr'><strong>prosit</strong></span> <span class='ocrx_word' id='word_1_934' title='bbox 2911 5563 3026 5634; x_wconf 85' lang='lat' dir='ltr'><strong>ejus</strong></span> <span class='ocrx_word' id='word_1_935' title='bbox 3058 5564 3256 5633; x_wconf 89' lang='lat' dir='ltr'><strong>passio,</strong></span> <span class='ocrx_word' id='word_1_936' title='bbox 3282 5564 3383 5618; x_wconf 90' lang='lat' dir='ltr'><strong>nisi</strong></span> <span class='ocrx_word' id='word_1_937' title='bbox 3404 5563 3736 5640; x_wconf 85' lang='lat' dir='ltr'><strong>solummodo</strong></span> <span class='ocrx_word' id='word_1_938' title='bbox 3754 5559 3807 5612; x_wconf 88' lang='lat' dir='ltr'><strong>iis</strong></span> 
     </span>
    </p>
   </div>
   <div class='ocr_carea' id='block_1_104' title="bbox 2250 5651 3804 5727">
    <p class='ocr_par' dir='ltr' id='par_1_104' title="bbox 2250 5651 3804 5727">
     <span class='ocr_line' id='line_1_104' title="bbox 2250 5651 3804 5727; baseline -0.004 -17"><span class='ocrx_word' id='word_1_939' title='bbox 2250 5657 2343 5727; x_wconf 83' lang='lat' dir='ltr'><strong>qui</strong></span> <span class='ocrx_word' id='word_1_940' title='bbox 2371 5656 2422 5710; x_wconf 91' lang='lat' dir='ltr'><strong>in</strong></span> <span class='ocrx_word' id='word_1_941' title='bbox 2455 5670 2575 5709; x_wconf 88' lang='lat' dir='ltr'><strong>eum</strong></span> <span class='ocrx_word' id='word_1_942' title='bbox 2608 5656 2832 5711; x_wconf 89' lang='lat' dir='ltr'><strong>credere</strong></span> <span class='ocrx_word' id='word_1_943' title='bbox 2854 5656 3058 5710; x_wconf 88' lang='lat' dir='ltr'><strong>volunt.</strong></span> <span class='ocrx_word' id='word_1_944' title='bbox 3088 5655 3366 5725; x_wconf 88' lang='lat' dir='ltr'><strong>Simuique</strong></span> <span class='ocrx_word' id='word_1_945' title='bbox 3390 5656 3680 5711; x_wconf 89' lang='lat' dir='ltr'><strong>notandum</strong></span> <span class='ocrx_word' id='word_1_946' title='bbox 3704 5651 3804 5721; x_wconf 80' lang='lat' dir='ltr'><strong>quia</strong></span> 
     </span>
    </p>
   </div>
   <div class='ocr_carea' id='block_1_105' title="bbox 2252 5746 3801 5821">
    <p class='ocr_par' dir='ltr' id='par_1_105' title="bbox 2252 5746 3801 5821">
     <span class='ocr_line' id='line_1_105' title="bbox 2252 5746 3801 5821; baseline -0.006 -11"><span class='ocrx_word' id='word_1_947' title='bbox 2252 5768 2359 5810; x_wconf 90' lang='lat' dir='ltr'><strong>non</strong></span> <span class='ocrx_word' id='word_1_948' title='bbox 2384 5751 2519 5808; x_wconf 87' lang='lat' dir='ltr'><strong>dixit</strong></span> <span class='ocrx_word' id='word_1_949' title='bbox 2545 5749 2831 5821; x_wconf 81' lang='lat' dir='ltr'><strong>Apostolus</strong></span> <span class='ocrx_word' id='word_1_950' title='bbox 2863 5768 2874 5803; x_wconf 88' lang='lat'><strong>:</strong></span> <span class='ocrx_word' id='word_1_951' title='bbox 2907 5746 3184 5821; x_wconf 86' lang='lat' dir='ltr'><strong>Subjacuit</strong></span> <span class='ocrx_word' id='word_1_952' title='bbox 3231 5748 3409 5819; x_wconf 89' lang='lat' dir='ltr'><strong>morti,</strong></span> <span class='ocrx_word' id='word_1_953' title='bbox 3441 5746 3538 5808; x_wconf 83' lang='lat' dir='ltr'><strong>sed</strong></span> <span class='ocrx_word' id='word_1_954' title='bbox 3565 5746 3763 5819; x_wconf 82' lang='lat' dir='ltr'><strong>proprie</strong></span> <span class='ocrx_word' id='word_1_955' title='bbox 3789 5757 3801 5795; x_wconf 90' lang='lat'><strong>:</strong></span> 
     </span>
    </p>
   </div>
  </div>
