3982 6352
181 382 277 443 ται

1024 382 1091 438 ΙΝ
1132 380 1513 437 EPISTOLAM
1552 381 1644 435 AD
1676 380 2014 439 ΙΙΕυΜεοδ
2052 383 2564 445 (ΞΟΜΗΕΝΤΑΒΙΑ.

3317 392 3422 450 702

174 501 426 559 Gustavit
456 505 703 567 mortem,
734 513 829 569 per
853 497 993 568 quod
1028 498 1368 552 velocitatem
1396 496 1747 551 resurrectio-
1775 498 1826 557 Α
1857 496 2024 573 Filius
2046 502 2260 568 quando
2295 504 2555 573 apostolis
2576 506 2812 563 reversis
2842 507 2911 564 de
2941 508 3320 578 prtedicatione
3345 514 3426 567 ἀί..

178 595 266 649 nis
292 593 458 647 voluit
503 590 993 647 ostendere:brevi
1026 589 1221 644 etenim
1282 596 1520 656 tempore
1575 595 1749 642 morte

184 687 356 741 teneri
389 684 595 751 potuit,
629 687 685 736 et
725 696 787 735 ea
812 680 1017 735 devicta
1048 679 1329 733 confestim
1370 679 1541 732 victor
1569 690 1785 732 resur-'

176 773 338 828 rexit.
387 769 603 825 Decebat
629 770 764 823 enim
802 785 918 823 eum
962 776 1167 836 propter
1204 782 1353 835 quem
1385 768 1555 820 omnia
1584 774 1629 819 et
1661 781 1750 833 per

174 882 328 936 quem
355 865 547 930 omnia,
585 864 670 930 qui
699 864 885 916 multo:
926 861 1061 929 ﬁlios
1084 862 1137 913 in
1174 860 1391 929 gloriam
1436 859 1744 921 adduxerat,

173 965 442 1012 auctorem
484 955 664 1009 salutis
702 968 878 1007 eorum
911 966 1261 1006 consummare
1302 967 1392 1018 per
1439 951 1749 1020 passionem.

180 1049 407 1105 Dicebat
436 1046 653 1118 (inquit)
679 1060 798 1101 eum
824 1054 1092 1100 auctorem
1128 1044 1330 1098 scilicet
1353 1051 1406 1096 et
1432 1042 1621 1095 salutis
1659 1056 1749 1096 eo-

180 1155 303 1194 rum
338 1154 430 1207 per
460 1138 761 1207 passionem
808 1150 1203 1198 consummare,
1260 1134 1310 1189 id
1364 1142 1447 1189 est
1490 1133 1754 1202 perﬁcere

176 1231 423 1285 omnium
450 1230 674 1285 salutem
716 1242 811 1296 per
835 1228 1133 1297 passionem
1163 1224 1397 1290 Christi,
1428 1226 1515 1295 qui
1546 1231 1630 1279 est
1658 1239 1754 1279 au-

178 1334 302 1379 ctor
328 1323 565 1377 omnium
592 1320 778 1375 salutis
806 1319 1161 1387 credentium,
1185 1327 1240 1373 et
1274 1318 1364 1386 qui
1393 1326 1519 1372 ante
1550 1317 1754 1386 passio-

182 1430 310 1471 nem
332 1430 482 1471 suam
516 1415 715 1469 multos
741 1412 879 1467 ﬁlios
906 1413 1186 1480 adoptivos
1222 1411 1525 1465 adduxerat
1552 1411 1605 1463 in
1636 1409 1756 1477 glo-

178 1508 318 1562 riam
351 1506 493 1571 ﬁdei,
522 1506 635 1575 spei
682 1513 737 1561 et
764 1505 1077 1569 charitatis;
1112 1502 1201 1569 qui
1228 1508 1429 1555 certam
1470 1515 1621 1568 spem
1654 1500 1755 1555 ha-

182 1598 383 1653 bebant
404 1598 590 1668 gaudia
613 1596 798 1666 patriae
818 1595 1078 1659 cmlestis,
1108 1602 1163 1648 et
1184 1592 1548 1648 haereditatem
1574 1592 1757 1647 aeterni

182 1683 329 1752 regis
367 1698 425 1737 se
458 1695 615 1751 posse
661 1681 974 1750 percipere:
1006 1680 1090 1735 vel
1129 1687 1277 1734 certe
1330 1693 1424 1747 per
1451 1679 1754 1746 passionem

184 1773 414 1828 decebat
440 1788 561 1828 eum
592 1770 849 1841 perﬁcere
876 1770 1053 1825 omnia
1104 1785 1223 1840 qua:
1253 1769 1320 1824 de
1352 1769 1442 1823 illo
1473 1769 1761 1836 pradicata

1854 590 1964 643 xit:
1987 590 2260 648 Conﬁteor
2287 596 2403 664 tibi,
2437 596 2595 653 Pater
2626 598 2848 655 Domine
2887 602 3012 657 cteli
3051 611 3107 659 et
3155 611 3335 670 terras,
3369 605 3421 660 id

1853 690 1954 746 est,
1985 683 2140 737 laudo
2170 696 2241 751 te,
2292 697 2347 742 et
2387 690 2664 758 gloriﬁco:
2689 688 2811 761 quia
2862 695 3186 751 abscondisti
3239 698 3351 751 haec
3387 710 3419 750 a

1854 774 2193 842 sapientibus
2224 786 2277 832 et
2301 781 2669 847 prudentibus,
2694 792 2747 839 et
2778 787 3028 841 revelasti
3070 803 3129 842 ea
3162 788 3418 856 parvulis.

1859 863 1976 932 ipse
2003 880 2214 936 quoque
2240 869 2295 923 in
2318 872 2494 926 medio
2516 874 2768 929 Ecclesia:
2798 877 2972 932 laudat
2998 879 3163 934 Deum
3188 880 3420 943 Patrem,

1859 956 1984 1012 dum
2015 958 2199 1013 ﬁdeles
2227 961 2421 1031 quique
2451 965 2568 1032 ejus
2600 969 2843 1033 passione
2872 969 3153 1037 redempti,
3198 970 3422 1040 ejusque

1863 1050 2176 1119 baptismate
2202 1054 2385 1120 abluti,
2417 1058 2711 1114 indefessas
2739 1062 2921 1118 laudes
2950 1064 3058 1119 Deo
3099 1063 3241 1119 Patri
3284 1066 3424 1119 refe—

1864 1150 1987 1195 runt
2027 1143 2187 1198 corde
2230 1154 2281 1199 et
2337 1160 2517 1213 opere.
2553 1149 2645 1203 liis
2674 1160 2850 1207 antem
2898 1155 3068 1209 tribus
3112 1157 3281 1210 modis
3306 1158 3421 1211 lau-

1855 1232 2059 1288 dandus
2107 1242 2189 1289 est
2221 1237 2379 1293 Deus.
2428 1238 2493 1290 Et
2523 1241 2740 1296 iterum:
2768 1242 2879 1313 Ego
2909 1262 2997 1299 ero
3027 1248 3187 1313 ﬁdens
3216 1249 3267 1299 in
3295 1264 3424 1301 eum.

1858 1322 1969 1376 lioc
2000 1332 2098 1390 cst,
2126 1325 2178 1378 in
2209 1324 2372 1380 Deum
2405 1326 2638 1383 Patrem.
2677 1332 2785 1385 Vox
2820 1344 2899 1387 est
2924 1335 3039 1389 Filii
3089 1336 3181 1389 Dei
3230 1338 3431 1391 debeo

1860 1414 2017 1471 Patre
2040 1416 2384 1473 humanitatis
2424 1418 2729 1489 loquentis:
2762 1437 2883 1478 nam
2914 1424 3073 1480 homo
3098 1436 3376 1495 susceptus
3400 1442 3427 1479 a

1861 1505 2028 1560 verbo
2052 1514 2214 1560 totam
2228 1508 2603 1565 conﬁdentiam
2630 1526 2780 1567 suant
2812 1514 2865 1567 in
2897 1515 3064 1569 Deum
3096 1517 3306 1571 Patrem
3339 1532 3432 1585 pos

1862 1599 2017 1654 sitam
2050 1601 2277 1656 habebat
2303 1618 2315 1653 :
2340 1604 2483 1658 unde
2502 1603 2742 1659 dicebat:
2770 1606 2946 1675 Pater,
2972 1609 3209 1677 gioriﬁca
3238 1624 3431 1662 nomen

1867 1701 2033 1745 tuum.
2058 1692 2121 1746 Et
2145 1707 2240 1760 pro
2268 1693 2513 1750 ﬁdelibus
2532 1697 2645 1751 suis
2661 1697 2988 1767 supplicans,
3008 1699 3220 1755 aiebat:
3254 1700 3430 1767 Pater,

1871 1784 1993 1837 volo
2025 1792 2081 1837 ut
2108 1785 2194 1838 ubi
2222 1799 2322 1854 ego
2353 1800 2489 1850 sum,
2525 1795 2578 1840 et
2610 1786 2694 1840 isti
2720 1788 2827 1841 sint
2850 1802 3079 1845 mecum.
3104 1790 3249 1857 Quos
3274 1791 3434 1844 etiam

186 1874 367 1919 erant.
397 1864 551 1920 Unde
580 1864 694 1933 ipse
724 1862 857 1918 dixit
877 1862 1116 1931 pendens
1163 1863 1216 1916 in
1264 1874 1422 1916 cruce
1454 1878 1467 1914 :
1497 1859 1763 1914 Consum-

1876 1874 2163 1930 exhortans
2195 1885 2251 1930 ut
2275 1875 2654 1931 conﬁdentiam
2685 1878 2961 1945 haberent,
2986 1881 3276 1951 pmcepit:
3304 1881 3438 1936 Con-

190 1965 521 2011 matum-est.
550 1955 778 2023 Propter
806 1969 964 2024 quem
993 1954 1192 2019 omnia,
1221 1952 1274 2008 id
1294 1959 1379 2008 est
1400 1967 1494 2021 per
1528 1960 1757 2007 mortem

191 2046 311 2116 ejus
361 2054 656 2101 restaurata
704 2052 831 2101 sunt
858 2045 1037 2100 omnia
1086 2046 1324 2100 caelestia
1350 2054 1404 2099 et
1435 2047 1709 2099 terrestria
1745 2059 1760 2098 :

193 2141 357 2194 homo
386 2139 589 2195 scilicet
616 2137 924 2208 redemptus
951 2146 1005 2193 et
1033 2152 1287 2193 numerus
1308 2136 1615 2207 angelorum
1647 2133 1759 2189 red-

194 2231 513 2302 integratus.
550 2230 651 2286 Per
677 2245 835 2299 quem
881 2229 1059 2284 omnia
1092 2229 1375 2294 :subaudi,
1421 2230 1552 2281 facta
1582 2234 1709 2279 sunt
1737 2240 1753 2278 :

186 2323 344 2394 juxta
386 2324 528 2392 quod
573 2323 806 2379 Joannes
843 2321 1215 2377 dicit:0mnia
1254 2335 1352 2390 per
1399 2319 1572 2387 ipsum
1625 2317 1764 2370 facta

192 2423 340 2471 sunt.
370 2415 532 2471 Vides
559 2415 825 2485 quomodo
850 2421 933 2468 est
972 2414 1025 2468 in
1068 2413 1249 2469 medio
1290 2418 1553 2475 nostrum,
1585 2409 1766 2463 nobis-

193 2525 299 2581 que
321 2507 673 2577 conjunctus:
706 2506 821 2575 ipse
851 2504 1081 2568 ﬁlius,et
1101 2518 1196 2557 nos
1219 2503 1349 2557 ﬁlii:
1381 2502 1469 2555 ille
1496 2501 1763 2576 proprius,

196 2614 297 2660 nos
328 2597 565 2673 adoptivi
595 2620 607 2657 :
636 2596 729 2657 sed
764 2596 851 2657 ille
882 2601 1075 2668 salvat,
1102 2605 1268 2655 etuas
1293 2593 1580 2677 salvamur.
1606 2596 1767 2651 Vides

197 2696 466 2770 quomodo
487 2709 584 2751 nos
608 2694 880 2765 conjungit
905 2702 961 2749 et
980 2693 1263 2757 discernit;
1299 2706 1421 2746 nam
1452 2705 1574 2745 cum
1598 2689 1724 2745 dicit
1753 2706 1768 2742 :

198 2789 393 2846 Multos
436 2787 577 2842 ﬁlios
618 2786 914 2841 adduxerat
954 2785 1009 2839 in
1060 2782 1305 2853 gloriam,
1338 2782 1423 2836 hic
1467 2780 1764 2849 conjunxit.

198 2879 333 2936 Cum
380 2888 507 2935 vero
558 2876 703 2932 addit
727 2892 742 2931 :
771 2878 1057 2931 Auctorem
1087 2874 1275 2928 salutis
1300 2886 1484 2927 eorum
1507 2911 1521 2935 ,
1551 2870 1637 2925 hic
1661 2870 1770 2925 dis-

201 2972 392 3026 cernit.
420 2969 522 3037 Qui
569 2969 704 3023 enim
730 2967 1041 3035 sanctiﬁcat,
1072 2972 1119 3019 et
1160 2967 1247 3035 qui
1275 2965 1683 3033 sanctiﬁcantur,
1710 2979 1774 3017 ea:

201 3080 305 3120 uno
336 3077 525 3117 omnes.
555 3060 683 3129 Quis
711 3068 794 3115 est
821 3059 911 3128 qui
950 3057 1289 3113 sanctiﬁcat?
1317 3056 1558 3112 Christus
1594 3072 1689 3125 per
1712 3055 1773 3109 ﬁ-

205 3160 326 3214 dem
377 3154 638 3225 passionis
689 3166 821 3219 suas,
864 3160 918 3205 et
947 3165 1041 3219 per
1060 3150 1259 3204 donum
1288 3150 1640 3219 baptismatis.
1673 3148 1774 3215 Qui

1868 1967 2033 2034 ﬁdite,
2058 1982 2158 2037 ego
2184 1970 2283 2024 vici
2318 1970 2593 2024 mundum.
2628 1971 2692 2023 Et
2712 1972 2928 2027 iterum:
2957 1972 3088 2028 Ecce
3114 1992 3204 2045 ego
3232 1977 3438 2044 etpueri

1869 2062 1987 2125 mei,
2019 2075 2145 2129 quos
2170 2061 2294 2114 mihi
2326 2061 2463 2114 dedit
2494 2059 2652 2115 Deus.
2681 2060 2806 2117 limo
2834 2063 2938 2118 duo
2966 2067 3269 2120 testimonia
3297 2082 3439 2121 sum-

1872 2161 1957 2221 pta
1991 2159 2116 2206 sunt
2158 2168 2222 2207 ex
2274 2154 2490 2208 oraculo
2542 2154 2692 2209 isaia:
2740 2159 3013 2226 prophetae
3068 2156 3330 2226 loquentis
3385 2160 3439 2213 in

1872 2260 2097 2315 persona
2124 2247 2237 2300 Filii
2270 2247 2387 2302 Dei.
2418 2248 2455 2303 ii
2482 2256 2659 2304 autem
2692 2258 2811 2304 sunt
2839 2252 3007 2307 sancti
3034 2251 3279 2307 videlicet
3309 2266 3439 2322 apo-

1866 2337 2013 2401 stoli,
2045 2337 2234 2406 quibus
2264 2338 2521 2394 Dominus
2548 2340 2620 2393 ait
2652 2355 2665 2393 :
2700 2340 2882 2407 Pueri,
2925 2344 3165 2411 nunquid
3196 2345 3443 2413 pulmen-

1871 2427 2061 2480 tarium
2097 2427 2354 2483 habetis?
2407 2429 2507 2496 Qui
2536 2430 2670 2486 bene
2701 2431 2849 2501 pueri
2890 2439 3171 2500 vocantur,
3227 2443 3443 2503 propter

1872 2521 2232 2583 innocentiam
2258 2530 2311 2583 et
2338 2520 2708 2595 humiiitatem,
2760 2524 2827 2585 de
2865 2525 3059 2601 quibus
3097 2528 3208 2603 ipsa
3236 2525 3443 2586 Veritas

1870 2618 2036 2673 dicit:
2069 2619 2240 2676 Sinite
2272 2621 2519 2688 parvulos
2550 2623 2732 2677 venire
2782 2623 2847 2676 ad
2897 2636 3006 2689 me,
3039 2622 3218 2677 talium
3241 2632 3323 2678 est
3351 2638 3438 2677 re—

1869 2722 2033 2782 gnum
2064 2712 2342 2766 caelorum.
2395 2712 2529 2779 Quia
2579 2730 2700 2785 ergo
2753 2714 2899 2783 pueri
2945 2714 3442 2768 communicaverunt

1874 2806 2014 2859 carni
2040 2814 2085 2858 et
2108 2806 2363 2875 sanguini,
2394 2815 2438 2859 et
2464 2807 2572 2876 ipse
2614 2806 2845 2861 similiter
2872 2808 3196 2878 participavit
3233 2808 3443 2861 eisdem.

1879 2888 1990 2952 Hoc
2022 2896 2090 2951 de
2119 2898 2378 2968 apostolis
2416 2897 2768 2968 omnibusque
2817 2898 3063 2955 ﬁdelibus
3106 2899 3305 2954 dictum
3342 2906 3445 2964 est,

1877 2989 2016 3060 quod
2063 3004 2158 3059 per
2205 2989 2306 3044 hoc
2352 2989 2544 3045 fratres
2591 2989 2803 3047 fuerunt
2834 2991 3063 3057 Domini,
3112 2992 3234 3063 quia
3264 3006 3447 3047 verum

1879 3094 2073 3149 corpus
2101 3087 2156 3134 et
2183 3080 2501 3149 sanguinem
2528 3081 2734 3149 habuit,
2765 3083 2903 3137 sicut
2934 3082 3009 3137 illi
3044 3081 3361 3138 habuerunt.
3392 3082 3449 3137 in

1881 3186 1985 3240 quo
2013 3170 2132 3224 loco
2183 3171 2527 3226 confunditur
2556 3171 2838 3226 manifeste
2884 3186 3005 3226 cum
3051 3173 3162 3226 suis
3190 3172 3449 3237 Marcion,

205 3258 331 3306 sunt
353 3247 441 3318 qui
466 3242 903 3302 sanctiﬁcantur?
924 3240 1122 3296 Omnes
1146 3243 1235 3310 qui
1259 3239 1506 3304 credunt,
1534 3239 1625 3309 qui
1652 3253 1777 3293 san-

1881 3260 1969 3330 qui
1998 3273 2157 3314 ausus
2202 3259 2489 3315 estdicere
2530 3260 2814 3315 Dominum
2855 3270 3095 3316 nostrum
3129 3276 3311 3317 verum
3333 3274 3452 3315 cor-

207 3340 509 3396 ctiﬁcantur
538 3337 641 3393 ﬁde
669 3335 931 3407 passionis
978 3333 1177 3388 Christi
1206 3342 1259 3388 et
1283 3334 1463 3403 gratia
1501 3331 1772 3399 baptismi.

204 3432 313 3491 Sed
360 3431 449 3502 qui
492 3429 791 3484 sanctificat
817 3427 1086 3490 Christus,
1118 3433 1173 3481 et
1215 3440 1313 3479 nos
1352 3425 1441 3494 qui
1472 3423 1779 3478 sanctiﬁcav

210 3540 351 3589 mur,
384 3539 452 3578 ex
483 3536 590 3577 uno
618 3521 730 3575 Deo
769 3520 925 3575 Patre
966 3532 1174 3586 sumus,
1207 3517 1325 3586 quia
1358 3517 1424 3570 ab
1476 3515 1569 3570 illo
1600 3515 1777 3569 omnia

207 3616 466 3686 originem
505 3622 1025 3682 acceperuntzunus
1083 3619 1164 3667 est
1203 3612 1344 3666 enim
1396 3609 1553 3675 Deus,
1592 3624 1622 3663 a
1675 3622 1780 3677 quo

210 3709 409 3764 omnia.
444 3706 547 3763 Sed
578 3706 731 3761 aliter
758 3706 867 3771 ille,
896 3706 1052 3759 aliter
1078 3717 1195 3758 nos.
1228 3704 1320 3758 ille
1342 3702 1495 3773 quasi
1527 3701 1779 3772 proprius

209 3800 374 3854 Filius
402 3806 577 3868 potest
606 3797 941 3853 sanctiﬁcare
963 3813 978 3860 ;
1001 3811 1097 3852 nos
1127 3811 1255 3851 vero
1277 3796 1427 3866 quasi
1452 3794 1687 3865 adoptivi
1711 3793 1778 3849 ab

211 3891 303 3946 illo
346 3889 1031 3945 sanctiﬁeamurzattamen
1078 3904 1239 3943 unum
1280 3888 1536 3945 habemus
1567 3888 1779 3944 Patrem

210 3985 262 4038 in
288 3984 457 4039 caelis.
482 3983 578 4039 ille
600 3984 891 4052 proprium,
912 3999 1007 4037 nos
1028 3983 1356 4052 adoptivum.
1392 3983 1607 4054 Propter
1626 4000 1781 4047 quam

212 4089 436 4128 causam.
476 4073 735 4139 Subaudi,
767 4074 889 4143 quia
916 4083 969 4128 et
1004 4074 1139 4143 ipse,
1187 4084 1240 4127 et
1287 4089 1384 4129 nos
1436 4089 1499 4128 ex
1533 4090 1639 4127 uno
1669 4075 1779 4130 Deo

215 4166 373 4221 Patre
401 4179 608 4233 sumus,
649 4166 773 4220 licet
803 4164 1054 4220 discrcte.
1086 4163 1206 4218 Non
1237 4164 1568 4233 confunditur
1599 4168 1781 4233 fratres

215 4275 393 4314 uocare
412 4275 517 4313 eos.
549 4257 649 4324 Qui
672 4266 791 4312 sunt
822 4257 912 4311 ﬁlii
943 4256 1200 4326 adoptivi.
1237 4253 1423 4309 Direns
1462 4270 1481 4309 :
1518 4254 1782 4309 Nuntiabo

214 4368 393 4407 nomen
418 4361 561 4406 tuum
590 4350 830 4420 fratribus
858 4350 1000 4403 meis.
1030 4347 1144 4402 Non
1171 4348 1438 4401 erubescit
1467 4346 1661 4400 fratres
1684 4361 1780 4401 eos

211 4456 428 4507 vocare,
462 4442 752 4496 ostendens
787 4453 891 4492 non
925 4454 1045 4493 esse
1098 4439 1340 4492 eamdem
1386 4439 1780 4493 fraternitatem

216 4546 410 4590 nostra:
438 4532 781 4585 humanitatis
808 4546 822 4583 :
848 4530 941 4584 sed
970 4528 1024 4582 in
1052 4529 1416 4584 misericordia
1447 4529 1561 4597 ejus
1588 4528 1774 4597 multa,

215 4635 271 4680 et
292 4624 591 4679 humilitate
621 4625 867 4691 maxima,
917 4623 1006 4693 qui
1058 4637 1157 4677 nos
1204 4623 1395 4679 fratres
1454 4624 1633 4695 elegit.
1670 4624 1782 4680 Hoc

220 4733 433 4788 quoque
461 4716 771 4787 prephetieo
795 4716 1024 4772 afﬁrmat
1052 4718 1379 4787 testimonio,
1411 4733 1477 4774 ne
1508 4720 1660 4790 quasi
1687 4736 1783 4774 no-

214 4826 337 4866 vum
380 4818 671 4879 putaretur,
702 4818 753 4865 et
777 4824 883 4864 non
916 4810 1136 4864 multum
1168 4820 1293 4865 ante
1320 4810 1627 4878 praedictum
1660 4829 1673 4864 :
1708 4812 1784 4867 ait

215 4904 356 4959 enim
387 4920 399 4955 :
430 4901 692 4957 Nuntiabo
721 4908 914 4955 nomen
935 4909 1080 4956 tuum
1115 4901 1364 4957 fratribus
1395 4903 1560 4959 meis:
1592 4904 1641 4958 id
1667 4912 1769 4972 est,

220 5009 422 5050 sacram
457 4993 757 5063 passionem
782 5003 833 5049 et
860 4993 1144 5063 gloriosam
1178 4994 1621 5050 resurrectionem
1653 5012 1779 5065 pro-

220 5086 376 5141 mittit
404 5100 465 5140 se
486 5085 705 5154 gloriam
736 5084 1031 5139 divinitatis
1045 5092 1369 5154 paternm,et
1397 5100 1586 5139 nomen
1618 5085 1780 5141 etiam

220 5180 366 5244 ejus,
410 5191 513 5244 quo
554 5184 704 5243 pater
754 5173 1051 5241 dicebatur,
1084 5174 1436 5242 vulgaturum.
1494 5174 1778 5243 Nuntiabo,

220 5270 383 5324 dicit:
422 5269 471 5323 id
502 5277 604 5334 est,
637 5268 839 5323 narrari
867 5267 1053 5322 faciam
1084 5281 1111 5319 a
1145 5266 1578 5336 praedicatoribus
1624 5268 1777 5332 meis,

221 5370 276 5415 ut
307 5360 433 5413 mihi
495 5360 764 5426 credatis;
823 5374 947 5413 nam
995 5373 1279 5427 resurgens
1323 5372 1352 5411 a
1383 5358 1604 5413 mortuis
1651 5358 1783 5414 dicit

220 5452 528 5507 mulieribus
554 5468 565 5506 :
592 5450 665 5507 ite
684 5459 739 5507 et
761 5451 998 5505 nuntiate
1026 5450 1279 5504 fratribus
1303 5451 1453 5504 meis.
1498 5449 1563 5503 Et
1587 5450 1649 5503 ad
1676 5450 1783 5504 Ma-

222 5547 352 5600 riam
386 5564 400 5598 :
441 5544 584 5599 Vade
612 5546 675 5598 ad
704 5542 896 5599 fratres
926 5558 1097 5597 meos.
1131 5543 1346 5597 Fratres
1391 5551 1564 5597 antem
1598 5543 1783 5598 dicun-

221 5649 323 5701 tnr,
352 5647 406 5692 et
438 5638 524 5708 qui
555 5636 798 5705 diligunt,
834 5645 887 5690 et
913 5638 1000 5704 qui
1030 5635 1338 5705 diliguntur.
1368 5634 1573 5702 Adjccit
1606 5650 1730 5688 vero
1756 5652 1769 5688 :

222 5728 284 5782 In
338 5729 502 5783 medio
548 5728 790 5781 Ecclesiw
820 5727 1039 5780 laudabo
1065 5737 1128 5780 te.
1197 5726 1254 5781 In
1297 5725 1473 5781 medio
1508 5726 1783 5794 Ecclesiae,

221 5822 322 5877 hoc
343 5821 497 5878 estin
522 5831 663 5879 coetu
688 5820 942 5877 ﬁdelium.
972 5819 1227 5878 Laudavit
1263 5819 1542 5876 Dominum
1564 5818 1782 5876 Patrem

1872 3367 1972 3423 pus
2011 3365 2117 3406 non
2163 3350 2438 3416 habuisse,
2469 3366 2590 3406 cum
2621 3351 2915 3420 Apostolus
2946 3352 3110 3418 dicat,
3142 3352 3262 3421 quia
3291 3366 3447 3406 assu-

1877 3443 2071 3499 mendo
2103 3457 2320 3497 carnem
2350 3442 2616 3513 particeps
2644 3443 3110 3498 exstititillorum:
3142 3443 3281 3499 sicut
3306 3445 3448 3499 enim

1874 3534 1949 3591 illi
1974 3533 2122 3604 pueri
2150 3542 2203 3589 et
2235 3548 2331 3588 nos
2358 3547 2521 3589 carne
2544 3543 2596 3588 et
2624 3533 2885 3603 sanguine
2910 3524 3241 3600 censtamus,
3286 3536 3358 3590 ita
3399 3543 3454 3589 et

1874 3626 2119 3682 Christus
2157 3626 2492 3696 participavit
2521 3628 2667 3681 carni
2695 3635 2749 3681 et
2776 3625 3017 3696 sanguini
3053 3627 3214 3683 homo
3247 3627 3449 3682 factus:

1883 3729 1935 3775 et
1960 3722 2098 3774 sicut
2143 3718 2559 3775 communicavit
2611 3718 2862 3773 Christus
2891 3730 3091 3774 nostra:
3143 3719 3453 3775 substantiae

1882 3825 1979 3881 per
2005 3810 2423 3879 assumptionem
2457 3809 2707 3875 hominis,
2729 3812 2806 3864 sic
2836 3821 2887 3865 et
2908 3824 3005 3864 nos
3026 3810 3306 3879 participes
3336 3810 3452 3879 ejus

1883 3919 2067 3959 sumus
2091 3918 2186 3973 per
2211 3903 2634 3971 assumptionem
2666 3903 2907 3971 corporis
2932 3910 2986 3957 et
3022 3902 3294 3971 sanguinis
3316 3902 3454 3971 ejus.

1884 3995 2061 4061 Quare
2089 4001 2266 4048 autem
2297 3994 2776 4048 communicaverit
2800 3992 3048 4048 Christus
3069 3994 3229 4047 carni.
3253 4001 3307 4048 et
3334 4006 3456 4047 san-

1888 4088 2055 4159 guini,
2088 4087 2141 4139 iu
2171 4087 2517 4155 sequentibus
2537 4086 2861 4152 manifestat,
2884 4100 3003 4140 cum
3036 4086 3238 4141 subdit:
3268 4084 3337 4139 Ut
3369 4102 3457 4157 per

1884 4185 2095 4229 mortem
2145 4179 2421 4230 destrueret
2453 4192 2563 4229 eum
2591 4178 2677 4243 qui
2705 4176 2918 4229 habebat
2943 4177 3117 4229 mortis
3161 4177 3454 4245 imperium,

1880 4268 1935 4321 id
1961 4278 2031 4319 est
2065 4258 2324 4320 diabolum
2348 4284 2366 4331 ;
2395 4275 2441 4319 et
2457 4266 2692 4319 liberaret
2722 4282 2803 4317 eos
2827 4268 2909 4332 qui
2939 4267 3120 4316 timore
3149 4267 3323 4317 mortis
3370 4282 3458 4333 per

1884 4366 2042 4410 totam
2063 4359 2217 4408 vitam
2244 4355 2448 4408 obnoxii
2468 4364 2612 4407 erant
2635 4354 2883 4406 servituti.
2913 4351 3236 4406 Admirabiie
3259 4352 3344 4405 hic
3367 4353 3459 4407 dc-

1885 4453 2147 4499 monstrat
2201 4444 2511 4512 Apostolus,
2565 4442 2855 4497 ostendens
2898 4441 3169 4497 diabolum
3216 4457 3309 4511 per
3349 4441 3450 4497 hoc

1889 4535 2153 4589 devictum
2186 4551 2215 4589 a
2242 4534 2478 4604 Christo,
2513 4549 2610 4605 per
2638 4534 2777 4604 quod
2809 4542 3125 4604 potestatem
3158 4534 3211 4589 in
3253 4534 3454 4590 mundo

1892 4626 2107 4681 tenebat
2133 4644 2145 4681 :
2176 4642 2345 4692 arma,
2380 4641 2497 4696 qua:
2519 4626 2733 4681 fuerunt
2767 4626 2842 4681 illi
2872 4624 3137 4696 quondam
3167 4625 3327 4681 fortia
3358 4624 3453 4681 ad-

1891 4735 2107 4774 versum
2131 4718 2434 4775 mundum:
2468 4720 2567 4774 hoc
2610 4725 2693 4773 est
2735 4732 2900 4784 mors,
2935 4730 3030 4787 per
3058 4731 3173 4772 eam
3210 4717 3455 4773 Christus

1891 4811 2037 4865 illum
2062 4810 2504 4879 percussitzsicut
2532 4808 2722 4875 David,
2757 4809 3029 4864 abstracto
3059 4806 3235 4879 gladio
3260 4807 3449 4876 Golia,

1888 4901 1942 4955 in
1970 4914 2035 4954 eo
2063 4908 2217 4969 caput
2241 4900 2383 4955 illius
2412 4899 2721 4970 amputavit,
2754 4900 2807 4954 in
2850 4913 2955 4969 quo
2988 4899 3253 4968 quondam
3287 4900 3457 4954 victor

1886 4990 1979 5044 ille
2018 4989 2229 5045 solebat
2267 4990 2403 5045 ﬁeri.
2454 4991 2587 5057 Quia
2640 5006 2764 5060 ergo
2816 4989 3059 5045 diabolus
3088 5004 3182 5060 per
3225 5000 3454 5045 mortem

1889 5083 2126 5138 hominis
2178 5083 2229 5137 in
2261 5082 2460 5137 mundo
2501 5083 2851 5153 principatum
2893 5093 3326 5153 prtesumpscrat,
3365 5099 3457 5152 per

1892 5182 2118 5228 mortem
2141 5173 2343 5227 Christi
2370 5176 2715 5243 temporalem
2744 5175 3078 5229 vincebatur.
3118 5176 3453 5245 Quapropter

1891 5265 2231 5335 partleipavit
2260 5265 2505 5320 Christus
2532 5266 2677 5321 carni
2718 5275 2769 5320 et
2800 5267 3063 5335 sanguini,
3101 5275 3159 5320 ut
3199 5266 3333 5320 mori
3362 5280 3457 5336 po-

1892 5358 2082 5411 tuisset
2126 5356 2191 5410 ad
2236 5366 2485 5427 tempus;
2536 5358 2718 5428 sicque
2773 5359 2898 5412 dum
2950 5370 3190 5415 mortuus
3223 5366 3323 5425 est,
3356 5358 3456 5429 qui

1893 5454 2171 5516 peccatum
2204 5459 2309 5500 non
2343 5445 2563 5511 fecerat,
2596 5446 2857 5502 destruxit
2890 5445 3157 5501 diabolum
3206 5458 3259 5502 et
3306 5460 3453 5501 mor-

1888 5547 2036 5601 ιειιης
2070 5537 2189 5605 quia
2238 5551 2451 5606 semper
2496 5546 2736 5591 mortuus
2784 5546 2865 5591 est
2910 5547 3149 5607 peccato,
3184 5537 3305 5592 dum
3347 5553 3455 5595 non

1892 5630 2123 5695 peccavit
2152 5671 2165 5694 ,
2191 5627 2463 5683 destructo
2489 5638 2665 5683 autem
2695 5627 2893 5683 diaboli
2920 5630 3144 5702 imperio
3165 5672 3179 5697 ,
3208 5628 3458 5690 liberavit

1890 5722 2093 5777 electos
2116 5736 2265 5789 suos,
2302 5722 2391 5791 qui
2451 5721 2643 5777 timore
2694 5722 2882 5777 mortis
2936 5737 3033 5792 per
3078 5735 3242 5781 totam
3290 5728 3451 5784 vitam

1892 5829 2064 5883 suam,
2099 5828 2198 5887 qua
2238 5814 2487 5873 vivebant
2512 5815 2564 5872 in
2611 5815 2712 5874 hoc
2737 5816 2961 5889 mundo,
2990 5819 3227 5893 obnoxii,
3264 5822 3318 5879 id
3378 5831 3460 5881 est
