3996 6496
550 411 656 469 705

1648 402 1948 462 PRIMASII
1987 403 2438 462 ADRUMETANI
2475 402 2683 462 EPlSC.

3729 401 3842 458 704

557 526 725 585 debiti
755 532 812 582 et
824 524 1066 582 obstricti
1087 528 1240 579 erant
1269 520 1514 576 servituti
1543 521 1730 575 mortis
1746 530 1798 574 et
1818 520 2037 600 diaboli.
2069 521 2126 576 ln
2157 524 2210 583 Α
2236 521 2382 587 fecit,
2403 521 2652 590 quoniam
2677 520 2885 588 aperuit
2914 520 3065 575 nobis
3089 520 3303 588 januam
3325 521 3514 591 patria
3534 520 3830 590 celestis,

560 622 664 676 hoc
690 619 836 674 enim
859 616 1118 672 timebant
1145 621 1390 676 mortem,
1425 611 1546 682 quia
1570 613 1710 667 servi
1735 621 1889 666 erant
1915 614 2123 680 mortis,

561 711 691 768 dum
718 721 906 764 omnes
928 705 1081 762 morti
1104 703 1470 772 subjacebant.
1487 701 1760 772 Nusquam
1773 703 1904 756 enim
1916 704 2125 772 angelos

560 799 916 872 apprehendit,
932 797 1018 852 sed
1029 811 1195 850 semen
1210 792 1426 848 Abralue
1440 792 1792 864 apprehendit.
1811 792 1960 860 Quod
1973 807 2127 862 supe-

562 893 675 948 rius
702 891 931 954 dixerat,
950 901 1142 958 pueros
1167 887 1591 942 communicasse
1611 888 1759 942 carni
1783 894 1836 941 et
1853 887 2120 956 sanguini,

561 995 611 1036 et
633 981 771 1052 quod
797 979 1040 1034 Christus
1056 976 1455 1047 participaverit
1474 977 1546 1044 ei,
1570 976 1878 1046 exsequitur
1894 976 2124 1044 amplius

563 1072 703 1126 hunc
727 1082 962 1134 sensum,
985 1067 1176 1122 volens
1192 1067 1476 1121 ostendere
1495 1065 1638 1120 unde
1661 1065 1998 1134 participaret
2020 1065 2123 1129 eis,

555 1170 609 1216 et
630 1160 758 1214 dicit
789 1176 800 1210 :
830 1156 1118 1228 Nusquam,
1154 1156 1206 1210 id
1259 1165 1340 1212 est
1370 1156 1517 1211 nullo
1546 1157 1685 1219 loco,
1711 1169 1884 1224 neque
1931 1155 1985 1208 in
2012 1168 2125 1210 cm-

555 1252 629 1317 lo,
659 1263 829 1319 neque
855 1248 907 1304 iu
957 1257 1098 1304 terra
1127 1247 1418 1318 angelicam
1459 1255 1755 1301 creaturam
1797 1246 2118 1314 assumpsit;

555 1341 646 1396 sed
668 1355 861 1411 corpus
893 1340 1182 1394 humanum
1207 1339 1274 1393 de
1315 1339 1520 1393 semine
1551 1337 1779 1392 Abrahae
1807 1338 2118 1406 assumpsit.

557 1432 758 1499 Quibus
788 1431 966 1485 verbis
993 1430 1136 1484 favet
1163 1429 1268 1484 illis
1289 1428 1611 1483 blandiendo
1638 1445 1650 1479 :
1685 1441 1817 1497 quos
1838 1427 1977 1482 enim
2007 1427 2128 1482 illo-

556 1543 672 1581 rum
717 1524 1041 1593 assumpsit?
1091 1523 1224 1589 Quia
1275 1536 1403 1592 ergo
1451 1520 1610 1574 homo
1659 1519 1966 1574 retinendus
2011 1525 2127 1574 erat

555 1625 727 1673 morte
767 1616 884 1670 Filii
923 1614 1039 1680 Dei,
1087 1613 1286 1667 idcirco
1317 1611 1610 1680 angelicam
1639 1619 1880 1664 naturam
1905 1623 2012 1663 non
2041 1622 2126 1664 as-

555 1709 797 1777 sumpsit,
821 1721 936 1776 qua:
954 1714 1178 1759 mortem
1204 1719 1307 1758 non
1331 1713 1502 1772 potest
1526 1703 1631 1772 pati
1657 1721 1670 1768 ;
1698 1701 1791 1756 sed
1817 1701 2122 1768 humanam,

557 1799 608 1852 in
641 1813 744 1868 qua
779 1797 914 1852 mori
943 1795 1236 1866 potuisset,
1277 1809 1378 1850 nec
1405 1802 1487 1849 est
1516 1795 1717 1864 angelis
1761 1802 1902 1846 tanta
1933 1793 2126 1847 collata

2236 615 2326 669 ubi
2352 615 2512 669 modo
2541 613 2795 678 consistit,
2823 613 3166 682 interpellans
3205 627 3302 682 pro
3325 614 3479 670 nobis
3511 613 3698 669 Deum
3731 613 3837 670 Pa-

2231 714 2388 760 trem.
2415 704 2484 758 In
2511 721 2568 759 eo
2590 705 2722 758 enim
2751 705 2802 758 in
2831 719 2929 774 quo
2969 721 3148 774 passus
3187 715 3263 758 est
3303 706 3433 776 ipse,
3477 713 3528 759 et
3561 712 3835 774 tentatus,

2227 807 2404 867 potens
2426 805 2497 850 est
2538 806 2583 849 et
2611 797 2684 850 eis
2706 796 2794 864 qui
2821 804 3074 848 tentantur
3104 795 3370 850 auxiliari.
3405 795 3463 851 In
3492 809 3597 863 eo,
3625 795 3836 865 inquit,

2227 885 2280 940 id
2310 895 2396 940 est
2423 885 2660 940 homine.
2696 883 2810 952 Quo
2833 888 2939 956 ipse
2970 896 3191 941 tentatus
3219 896 3316 943 est.
3358 886 3466 942 Sed
3513 902 3629 942 non
3668 903 3834 957 supe-

2232 987 2385 1033 ratus
2416 987 2470 1032 et
2491 992 2678 1047 passus
2721 993 2749 1031 a
2779 979 3035 1033 ministris
3060 979 3201 1035 illius
3230 999 3242 1033 :
3275 989 3466 1052 potens
3485 989 3576 1035 est
3610 980 3832 1035 vinctos

2233 1068 2480 1132 liberare,
2526 1076 2860 1136 tentatosque
2922 1070 3177 1138 adjuvare
3220 1085 3288 1126 ne
3332 1072 3645 1134 vincantur,
3703 1071 3828 1140 quia

2231 1161 2547 1214 tentationes
2605 1173 2713 1213 non
2759 1159 2929 1212 solum
2978 1161 3114 1214 sicut
3158 1161 3298 1215 Deus
3348 1163 3661 1230 cognovit,
3715 1160 3812 1215 sed

2230 1250 2388 1304 etiam
2421 1248 2729 1303 sicutbomo
2751 1250 3119 1318 experimento
3137 1252 3396 1319 probavit.
3426 1255 3504 1306 Ac
3532 1262 3826 1318 propterea

2232 1353 2338 1393 non
2366 1339 2536 1393 solum
2567 1354 2664 1409 per
2687 1339 2788 1394 hoc
2815 1340 2954 1408 quod
2986 1341 3123 1395 Deus
3147 1352 3248 1408 est,
3275 1351 3447 1410 potest
3474 1342 3641 1396 nobis
3669 1344 3826 1397 mise-

2235 1431 2362 1498 reri,
2397 1431 2490 1486 sed
2520 1433 2736 1501 insuper
2765 1447 2858 1501 per
2883 1431 2984 1486 hoc
3021 1433 3159 1501 quod
3209 1433 3366 1488 homo
3413 1442 3517 1498 est,
3566 1435 3823 1502 quoniam

2235 1522 2472 1592 ejusdem
2517 1525 2793 1591 potestatis
2820 1532 2902 1577 est
2927 1523 3084 1578 homo
3113 1532 3414 1593 assumptus
3451 1539 3479 1578 a
3510 1525 3711 1588 verbo,
3734 1540 3824 1578 cu-

2231 1613 2318 1682 jus
2350 1620 2545 1667 eratet
2575 1613 2716 1668 idem
2746 1614 2929 1669 verbo.

2304 1703 2430 1757 CAP.
2474 1717 2547 1756 ιιι.
2594 1703 2766 1769 Unde,
2826 1708 3004 1772 fratres
3049 1705 3243 1769 sancti;
3286 1705 3574 1758 vocationis
3616 1704 3820 1760 (infestis

2234 1797 2519 1866 participes,
2554 1797 2866 1849 considerate
2888 1796 3183 1866 Apostolum
3213 1806 3260 1850 et
3303 1798 3618 1866 Ponti/icent
3654 1800 3818 1867 confe-

554 1888 800 1957 dignitas.
825 1896 882 1941 ut
903 1886 954 1941 in
985 1901 1085 1940 una
1116 1900 1342 1955 persona
1365 1899 1550 1940 eorum
1588 1892 1792 1939 natura!
1835 1883 2000 1937 Filius
2031 1884 2123 1938 ι)θί
2163 1913 2213 1974 Β
2238 1890 2390 1943 sionis
2414 1898 2598 1942 nostra:
2635 1889 2832 1954 Jesum,
2874 1889 2962 1958 qui
3005 1889 3170 1957 ﬁdelis
3193 1898 3267 1944 est
3289 1891 3332 1944 ei
3363 1892 3452 1957 qui
3475 1891 3603 1960 fecit
3639 1892 3815 1956 illam,

554 1981 991 2051 conjungeretur;
1019 1992 1176 2048 quam
1207 1977 1517 2048 dignitatem
1549 1985 1603 2032 et
1634 1977 1894 2031 honorem
1941 1975 2133 2030 huma-

555 2087 638 2127 na:
671 2080 871 2125 natura:
893 2069 1071 2124 divina
1099 2068 1264 2137 gratia
1291 2067 1605 2134 contribuit,
1633 2078 1691 2120 ut
1722 2067 1859 2122 Deus
1883 2076 1937 2121 et
1970 2066 2132 2122 homo

565 2177 665 2216 una
715 2170 858 2218 esset
912 2174 1158 2230 persona.
1211 2160 1276 2213 Et
1324 2174 1489 2228 quare
1537 2157 2129 2228 dixitzApprehendit,

554 2253 695 2325 quod
726 2253 956 2322 pertinet
978 2251 1044 2305 ad
1067 2251 1397 2319 fugientem?
1419 2249 1552 2316 Quia
1577 2263 1673 2305 nos
1694 2250 1844 2319 quasi
1875 2249 2134 2304 receden-

559 2357 634 2400 tes
662 2360 692 2399 a
722 2360 802 2409 se,
852 2353 906 2398 et
936 2343 1091 2412 longe
1144 2341 1408 2410 fugientes
1460 2342 1730 2396 insecutus
1759 2341 2130 2410 apprehendit.

561 2435 707 2490 Unde
755 2432 927 2486 debuit
975 2447 1062 2500 per
1091 2432 1264 2484 omnia
1303 2431 1580 2484 assimilari
1608 2431 1874 2501 fratribus.
1908 2430 2011 2486 Pro
2037 2430 2136 2488 hac

560 2521 772 2594 (inquit)
801 2521 1006 2575 ratione
1036 2534 1138 2588 qua
1169 2535 1274 2575 non
1302 2520 1594 2588 assumpsit
1629 2520 1923 2588 angelicam
1967 2529 2128 2575 natuo

557 2629 696 2678 ram,
720 2613 811 2668 sed
863 2613 1143 2668 humanam
1184 2612 1251 2666 de
1292 2613 1496 2668 semine
1527 2613 1774 2678 Abrahae,
1821 2613 2005 2668 debuit
2035 2629 2131 2684 per

557 2705 732 2759 omnia
763 2702 1013 2758 fratribus
1036 2702 1338 2757 assimilari.
1385 2703 1522 2771 Quid
1549 2713 1652 2770 est,
1691 2703 1794 2758 Per
1819 2703 2032 2758 omnia?
2074 2703 2127 2759 id

555 2805 656 2862 est,
685 2795 937 2851 educatus
963 2797 1146 2862 crevit,
1177 2796 1384 2865 esuriit,
1415 2811 1602 2866 passus
1631 2804 1731 2864 est,
1765 2810 1825 2852 ac
1857 2805 2126 2853 mortuus:

555 2905 647 2959 per
667 2889 844 2944 omnia
873 2890 975 2944 ista
1000 2888 1192 2944 similis
1231 2897 1314 2944 est
1343 2889 1622 2956 fratribus,
1666 2889 1791 2958 quia
1819 2889 2130 2946 conditione

555 2982 775 3052 subjecti
807 2990 950 3037 sunt.
1001 2981 1107 3037 Sed
1156 2982 1384 3037 fortasse
1429 2983 1620 3052 quaerit
1667 2983 1901 3052 aliquis:
1951 2984 2129 3050 Quare

557 3078 716 3132 homo
738 3077 806 3132 sit
833 3084 1108 3145 reparatus
1139 3073 1316 3142 potius
1344 3087 1500 3142 quam
1547 3077 1768 3143 angelus
1800 3059 2002 3142 lapsus.
2028 3061 2129 3130 cui

552 3154 980 3241 respondendum
1005 3177 1106 3235 est,
1139 3167 1405 3222 hominem
1430 3181 1536 3222 non
1568 3176 1769 3222 tantum
1811 3168 2122 3238 deliquisse,

2236 1982 2364 2033 sicut
2387 1991 2432 2034 et
2456 1979 2661 2050 Moyses
2689 1986 2743 2033 in
2765 1981 2900 2033 omni
2933 1982 3084 2034 domo
3111 1981 3272 2034 illius.
3307 1981 3522 2035 Fratres
3552 1996 3650 2036 eos
3680 1996 3800 2035 voca

2235 2079 2343 2124 tam
2373 2085 2534 2125 carne
2557 2084 2716 2139 quam
2747 2071 2960 2140 spiritu,
3007 2072 3094 2140 qui
3117 2086 3180 2125 ex
3211 2071 3402 2126 eodem
3426 2087 3632 2141 genere
3657 2083 3816 2139 erant,

2241 2162 2590 2228 eamdemque
2613 2161 2770 2216 fidem
2801 2161 3063 2216 habebant
3089 2179 3102 2215 :
3135 2171 3366 2227 sanctos,
3391 2164 3481 2232 qui
3506 2147 3817 2217 sanctificati

2244 2252 2462 2306 fuerant
2509 2250 2611 2305 fide
2657 2251 2915 2320 passionis
2941 2250 3138 2306 Christi
3188 2261 3242 2306 et
3293 2268 3430 2322 aqua
3459 2253 3814 2323 baptismatis,

2237 2343 2359 2410 quia
2383 2342 2664 2410 participes
2705 2351 2858 2397 erant
2879 2342 3112 2398 cmlestis
3142 2344 3460 2411 vocationis,
3493 2346 3604 2400 hoc
3630 2353 3712 2400 est
3733 2360 3817 2414 pa-

2238 2434 2354 2486 triae
2393 2433 2647 2499 caelestis,
2690 2434 2755 2486 ad
2787 2448 2942 2503 quam
2969 2449 3158 2489 omnes
3193 2437 3424 2502 vocavit,
3458 2436 3688 2493 dicens:
3725 2437 3816 2492 Ye-

2233 2523 2344 2578 nite
2370 2523 2435 2576 ad
2462 2538 2570 2588 me,
2599 2538 2783 2580 omnes
2823 2525 2912 2593 qui
2941 2525 3198 2580 laboratis
3239 2535 3294 2581 et
3337 2529 3545 2582 onerati
3582 2528 3733 2593 estis,
3771 2537 3817 2582 et

2232 2629 2330 2683 ego
2357 2614 2589 2670 reﬁciam
2617 2630 2731 2671 vos.
2774 2616 3144 2685 Considerate,
3189 2619 3380 2689 inquit,
3412 2620 3737 2687 Apostolum
3765 2629 3810 2673 et

2232 2705 2541 2760 Pontificem
2582 2706 2700 2762 fidei
2760 2716 2957 2762 nostrae
3011 2708 3212 2764 Jesum.
3267 2711 3560 2781 Apostolus
3616 2713 3810 2775 Grece,

2239 2797 2426 2852 Latine
2457 2798 2650 2853 dicitur
2691 2799 2913 2865 missus;
2960 2807 3014 2854 et
3053 2799 3310 2856 Dominus
3351 2800 3509 2857 Jesus
3555 2802 3815 2870 apostolus

2237 2889 2353 2956 fuit,
2378 2889 2497 2957 quia
2521 2887 2686 2957 gratis
2707 2902 2736 2942 a
2761 2889 2868 2942 Deo
2905 2889 3062 2944 Patre
3086 2891 3281 2945 missus
3303 2900 3405 2957 est,
3433 2891 3570 2947 sicut
3597 2893 3708 2960 ipse
3749 2900 3814 2946 te-

2235 2986 2423 3043 statur,
2448 2977 2628 3032 dicens
2655 2995 2668 3031 :
2695 2978 2806 3032 Non
2837 2993 2954 3033 sum
2978 2980 3170 3034 missus
3193 2981 3297 3034 nisi
3336 2982 3403 3036 ad
3427 2996 3551 3036 oves
3570 2981 3815 3051 perditas

2237 3071 2430 3125 domus
2452 3071 2638 3126 Israel.
2669 3071 2774 3125 Et:
2804 3072 3116 3127 Sicutmisit
3143 3088 3229 3127 me
3261 3073 3437 3140 Pater,
3468 3083 3518 3129 et
3534 3088 3634 3143 ego
3656 3075 3815 3129 mitto

2235 3176 2351 3217 vos.
2383 3162 2532 3217 Unde
2568 3163 2813 3232 egregius
2857 3163 3175 3232 praedicator
3203 3165 3309 3219 alio
3340 3165 3458 3220 loco
3487 3166 3616 3220 dicit
3642 3183 3657 3220 :
3681 3166 3814 3220 Misit

551 3274 706 3330 quam
736 3260 1003 3314 diabolum
1030 3275 1044 3312 :
1073 3257 1162 3312 ille
1201 3257 1366 3324 enim,
1393 3256 1607 3312 diabolo
1637 3257 1913 3328 suadente,
1941 3273 2128 3328 pecca-
2157 3285 2204 3351 ο
2236 3253 2377 3310 Deus
2399 3253 2589 3308 Filium
2612 3270 2768 3309 suum
2794 3255 2986 3309 factum
3010 3271 3074 3310 ex
3101 3256 3346 3311 muliere.
3373 3256 3620 3311 Pontifex
3643 3268 3808 3310 autem

553 3352 656 3415 vit;
683 3350 922 3406 diabolus
952 3365 1102 3416 vero,
1138 3348 1283 3404 nullo
1315 3349 1592 3415 suadente,
1620 3351 1714 3405 sed
1742 3351 2121 3422 superbiendo,

551 3443 772 3498 corruit.
803 3443 972 3497 Homo
999 3455 1228 3511 quoque,
1255 3441 1375 3510 quia
1400 3455 1595 3510 corpus
1617 3441 1870 3508 habebat,
1897 3443 2124 3499 mandu-

549 3547 672 3588 care
699 3532 1001 3604 indigebat;
1026 3531 1270 3587 diabolus
1290 3547 1438 3598 vero,
1463 3532 1585 3602 quia
1609 3532 1827 3602 spiritus
1848 3541 1951 3600 est,
1980 3541 2124 3590 totus

550 3625 923 3680 inexcusabilis
966 3632 1070 3678 est.
1110 3623 1230 3677 Fuit
1270 3630 1322 3678 et
1365 3624 1520 3678 tertia
1563 3637 1723 3678 causa
1772 3642 1783 3676 :
1834 3624 2119 3693 videlicet,

553 3715 710 3769 homo
732 3714 954 3766 necdum
983 3720 1206 3766 venerat
1255 3712 1320 3764 ad
1370 3713 1544 3767 locum
1591 3755 1605 3780 ,
1663 3713 1748 3767 ubi
1797 3714 2124 3770 aeternaliter

552 3821 672 3860 cum
714 3806 822 3858 Deo
867 3813 1184 3873 regnaturus
1235 3811 1372 3867 erat,
1420 3803 1513 3858 sed
1540 3803 1593 3857 in
1633 3804 1879 3872 paradiso
1909 3813 2126 3862 terreno

553 3898 876 3960 morabatur,
905 3896 970 3949 de
993 3909 1100 3964 quo
1118 3894 1516 3949 transferendus
1538 3895 1720 3948 eratin
1737 3895 1954 3963 caelum,
1978 3911 2127 3951 com-

552 3987 693 4055 pleto
742 4000 962 4039 numero
1006 3985 1329 4048 electorum;
1382 3983 1624 4037 diabolus
1667 3993 1843 4038 autem
1893 3985 1945 4039 in
1988 3987 2128 4040 cmlo

546 4077 656 4146 jam
679 4085 793 4130 erat
815 4076 1124 4130 collocatus.
1154 4071 1221 4127 Ut
1245 4073 1527 4126 misericors
1554 4075 1716 4141 ﬁeret,
1742 4083 1788 4127 et
1809 4075 1978 4143 ﬁdelis
2000 4093 2129 4146 pon-

549 4171 671 4239 tifex
700 4169 766 4221 att
809 4167 989 4231 Deum,
1021 4175 1065 4219 et
1092 4174 1143 4218 ut
1174 4165 1471 4235 prapitiaret
1516 4166 1701 4219 delicta
1745 4169 1940 4238 pepuli.
1974 4168 2126 4224 Mise-

549 4263 718 4316 l’lCUl‘S
741 4261 932 4316 dicitur
953 4275 982 4312 a
1007 4259 1202 4312 misero
1226 4256 1410 4321 corde,
1435 4256 1683 4312 videlicet
1707 4259 1790 4326 qui
1817 4258 2123 4313 misericor-

549 4355 687 4409 diam
717 4353 965 4418 sustinet,
995 4359 1049 4405 et
1070 4349 1341 4420 cognoscit
1373 4365 1467 4415 per
1495 4351 1919 4419 experimentum
1962 4351 2125 4408 mise-

546 4447 670 4504 reri.
697 4447 873 4514 Itaque
904 4461 1004 4498 non
1040 4443 1136 4497 fuit
1164 4443 1263 4496 alia
1286 4457 1467 4508 causa,
1495 4443 1640 4498 illum
1691 4457 1784 4512 per
1805 4443 1984 4498 omnia
2011 4443 2122 4496 fra-

553 4541 718 4591 tzihns
751 4537 1052 4602 assimilari,
1083 4536 1184 4589 nisi
1238 4543 1293 4589 ut
1340 4537 1762 4592 misericordiam
1808 4538 1963 4592 nobis
1992 4551 2128 4605 prae-

2235 3345 2583 3401 confessionis
2609 3355 2802 3400 nostrae
2845 3355 2946 3410 est,
2988 3348 3112 3415 quia
3152 3347 3550 3401 cnnfessionem
3582 3347 3702 3400 ﬁdei
3733 3363 3810 3400 no-

2227 3447 2352 3492 stra:
2381 3437 2664 3507 praetendit
2693 3450 2816 3492 ante
2839 3439 3000 3492 Deum
3031 3439 3261 3506 Patrem,
3293 3441 3389 3506 Qui
3416 3439 3597 3494 fidelis
3635 3451 3716 3495 est
3739 3440 3808 3493 ei-

2227 3529 2350 3584 dem
2387 3531 2494 3584 Deo
2529 3531 2691 3598 Patri,
2724 3532 2812 3600 qui
2863 3528 2991 3584 fecit
3019 3530 3194 3596 illum;
3232 3531 3379 3600 juxta
3415 3533 3561 3599 quod
3595 3531 3808 3584 alibidi-

2227 3622 2403 3678 citur:
2434 3622 2540 3686 Qui
2570 3622 2739 3676 factus
2783 3629 2868 3678 est
2895 3623 2943 3677 ei
2975 3637 3038 3677 ex
3069 3624 3273 3678 semine
3313 3622 3480 3677 David
3527 3622 3807 3678 secundum

2227 3725 2463 3766 carnem.
2494 3712 2610 3766 Non
2637 3721 2838 3766 tantum
2881 3728 3060 3768 autem
3101 3713 3169 3768 de
3210 3714 3560 3767 humanitatis
3592 3714 3807 3767 essentia

2228 3800 2447 3865 dictum,
2480 3805 2654 3870 inqua
2697 3805 2809 3870 ipse
2858 3803 3029 3858 fidelis
3075 3803 3190 3871 fuit,
3239 3804 3346 3858 Deo
3389 3804 3531 3858 Patri
3564 3805 3807 3859 obediens

2231 3909 2396 3960 usque
2413 3894 2477 3946 ad
2496 3905 2743 3951 mortem.
2769 3895 2954 3950 Nonne
2973 3897 3140 3952 fidelis
3157 3909 3275 3952 erat
3296 3899 3403 3952 Deo
3426 3898 3600 3967 Patri,
3614 3898 3809 3968 quando

2229 3984 2407 4037 omnia
2438 4000 2555 4054 qua:
2601 3987 2812 4053 agebat,
2857 4003 2960 4040 non
3003 4003 3110 4040 sua:
3160 3989 3341 4058 gloriae
3384 3990 3686 4058 reputabat,
3727 3987 3808 4042 sed

2230 4073 2637 4130 Patris?dicens
2664 4094 2674 4128 :
2704 4077 2857 4131 Pater
2882 4078 2933 4130 in
2958 4094 3042 4132 me
3065 4095 3306 4146 manens,
3334 4079 3452 4148 ipse
3485 4081 3614 4136 facit
3634 4095 3804 4149 opera.

2231 4167 2380 4220 Sicut
2403 4175 2458 4219 et
2487 4167 2717 4236 Moyses,
2744 4170 2934 4237 inquit,
2962 4171 3130 4225 tidelis
3161 4178 3300 4236 erat,
3334 4173 3414 4226 vel
3444 4173 3565 4236 fuit,
3592 4174 3644 4225 in
3673 4171 3804 4224 omni

2230 4258 2388 4312 domo
2410 4259 2544 4324 ejus.
2577 4259 2798 4312 Domum
2834 4263 2924 4315 Dei
2968 4263 3073 4325 hic,
3107 4266 3356 4331 populum
3403 4265 3498 4319 Dei
3545 4265 3797 4318 debemus

2231 4349 2527 4417 intelligere
2573 4351 2777 4417 plchem
2831 4353 3036 4407 SCillCCl
3074 4352 3437 4418 lsraeliticam,
3487 4357 3572 4408 cui
3618 4355 3808 4424 Moyses

2234 4443 2550 4510 praepositus
2575 4450 2662 4496 est
2701 4458 2728 4496 a
2757 4443 2888 4512 Deo,
2913 4444 2979 4498 de
3018 4460 3123 4513 qua
3145 4445 3303 4499 domo
3327 4445 3456 4498 dicit
3494 4446 3698 4500 lsitias:
3731 4447 3808 4499 \‘i-

2234 4547 2332 4586 nea
2358 4533 2612 4597 Sabaoth,
2657 4535 2845 4590 domus
2874 4547 2952 4591 es:
2978 4536 3160 4592 Israel.
3186 4540 3250 4591 Et
3272 4538 3461 4591 iterum
3509 4538 3804 4593 hortando:

555 4638 718 4680 staret
745 4641 840 4678 nos
873 4627 1204 4690 redimendo,
1236 4637 1288 4679 ct
1331 4627 1482 4681 ﬁeret
1534 4629 1725 4692 fidelis,
1769 4643 2050 4698 verusque,
2075 4638 2129 4684 et
2150 4615 2204 4677 D
2230 4620 2430 4675 Domus
2456 4623 2641 4690 Jacob,
2672 4626 2851 4679 venite
2878 4625 3211 4680 ambulemus
3249 4627 3302 4680 in
3335 4626 3536 4682 lumine
3585 4628 3807 4681 Domini.

555 4727 741 4786 potens
771 4714 1026 4783 pontifex,
1052 4716 1214 4768 Deum
1256 4717 1463 4769 Patrem
1489 4717 1878 4785 interpellando
1906 4733 2001 4784 pro
2029 4735 2126 4773 no-

552 4811 650 4871 bis,
696 4806 993 4874 nostrisqne
1023 4805 1334 4873 propiti-iret
1367 4809 1619 4873 peccatis.
1658 4807 1780 4860 ΙΙωο
1810 4817 1986 4862 autem
2021 4808 2123 4862 hu-

546 4899 630 4967 jus
654 4893 1388 4963 miscrandacdispensationis
1409 4909 1568 4949 causa
1601 4896 1695 4950 fuit
1725 4914 1736 4949 :
1767 4897 1898 4952 vidit
1922 4900 2119 4968 quippe

550 4993 836 5046 humanum
865 5002 1029 5056 genus
1055 4985 1210 5039 morti
1250 4984 1537 5051 intentum,
1564 4997 1904 5057 peccatorum
1931 4992 2121 5045 vincu-

548 5077 615 5133 lis
660 5079 900 5148 ligatnm,
943 5087 998 5133 et
1043 5080 1293 5132 misertus
1325 5087 1404 5132 est
1428 5077 1566 5147 ejus,
1596 5079 1729 5132 sicut
1760 5079 1930 5135 fidelis
1957 5082 2124 5148 ponti-

548 5173 655 5240 fex,
699 5170 1046 5226 reconcilians
1103 5183 1200 5223 nos
1252 5169 1364 5223 Deo
1409 5169 1573 5235 Patri,
1640 5179 1692 5224 et
1729 5172 2125 5228 reconciliando

547 5279 797 5336 purgans.
846 5263 1198 5318 Ministerium
1222 5263 1418 5316 etenim
1448 5263 1744 5318 sacerdotis
1763 5273 1921 5332 atque
1944 5267 2124 5332 ponti-

546 5354 661 5411 ficis
684 5366 789 5422 est,
816 5354 1025 5410 fidelem
1049 5367 1188 5417 esse,
1235 5361 1293 5407 ut
1317 5352 1486 5422 possit
1505 5367 1599 5408 eos
1625 5369 1850 5423 quorum
1874 5355 2124 5409 sacerdos

548 5457 630 5502 est
652 5447 880 5501 liberare
919 5461 946 5498 a
1005 5443 1261 5514 peccatis.
1320 5443 1566 5500 Pontifex
1620 5445 1834 5512 dicitur,
1879 5459 1944 5499 eo
1984 5444 2123 5512 quod

547 5547 784 5608 pontem.
809 5537 960 5592 idest
1014 5538 1154 5592 viam
1199 5537 1436 5607 praebeat
1476 5536 1590 5592 suis
1638 5535 1985 5606 sequentibus
2025 5551 2122 5589 suo

546 5629 687 5684 bono
711 5629 977 5698 exemplo.
1025 5630 1102 5685 ita
1134 5638 1188 5686 et
1233 5629 1490 5686 Dominus
1521 5637 1738 5698 pontem
1786 5628 1913 5683 fecit
1945 5629 2117 5692 nobis,

547 5721 602 5778 id
621 5723 847 5778 estvita:
875 5724 1013 5779 viam
1043 5724 1293 5791 ostendit,
1330 5724 1452 5778 dum
1478 5724 1679 5778 diceret
1709 5739 1724 5776 :
1757 5723 1957 5777 Discite
1979 5739 2005 5777 a
2036 5739 2118 5779 me

547 5816 670 5887 quia
697 5815 840 5874 mitis
858 5830 976 5874 sum
1001 5815 1284 5876 ethumilis
1307 5815 1494 5874 corde.
1523 5816 1747 5874 Pontem
1775 5817 1935 5873 etiam
1965 5815 2116 5871 nobis

2227 4713 2283 4766 ln
2307 4728 2410 4782 qua
2439 4714 2597 4768 domo
2638 4716 2845 4785 Moyses
2885 4717 3056 4771 fidelis
3110 4716 3233 4782 fuit,
3274 4717 3326 4770 id
3373 4725 3458 4771 est
3497 4718 3728 4772 devotus
3765 4726 3812 4772 et

2227 4804 2380 4859 bona:
2403 4806 2714 4872 voluntatis,
2744 4807 2991 4862 deferens
3019 4822 3082 4862 ea
3124 4824 3240 4878 quae
3264 4809 3370 4874 _Dei
3400 4817 3580 4875 erant,
3611 4811 3811 4877 sibique

2226 4911 2330 4950 non
2381 4910 2642 4967 usurpans
2689 4898 2909 4966 gloriam
2963 4898 3077 4953 Dei.
3135 4899 3409 4968 Ampliaris
3463 4899 3606 4952 enim
3639 4901 3812 4971 gloria

2224 4987 2318 5042 iste
2342 5003 2449 5057 prce
2495 4987 2675 5058 Moyse
2701 4991 2883 5059 dignus
2907 4988 3112 5042 habitus
3141 4999 3213 5043 est
3245 5006 3264 5043 :
3291 5001 3481 5059 quanto
3508 4993 3814 5059 ampliorem

2227 5081 2467 5133 honorent
2507 5078 2651 5132 habet
2692 5078 2961 5143 Dominus,
3003 5081 3088 5147 qui
3117 5080 3378 5149 fabricavit
3406 5081 3571 5134 illam.
3608 5082 3722 5136 Hoc
3767 5083 3813 5135 in

2225 5171 2342 5226 loco
2370 5181 2549 5227 autem
2572 5176 2675 5226 erit
2699 5172 2974 5242 hypallage
2997 5172 3049 5226 in
3078 5188 3260 5238 sensu,
3283 5181 3374 5226 aut
3401 5173 3532 5226 satis
3561 5189 3813 5227 DCt‘eSSa'

2226 5261 2300 5314 ria
2323 5262 2644 5329 subauditio,
2672 5271 2998 5331 supponetur
3034 5263 3134 5316 hoc
3157 5261 3313 5316 modo
3340 5279 3354 5314 :
3387 5261 3559 5315 Tanto
3593 5263 3815 5330 majoris

2224 5351 2409 5422 gloria:
2457 5353 2702 5407 Christus
2753 5368 2862 5422 pra:
2909 5353 3092 5424 Moyse
3151 5355 3340 5423 dignus
3402 5353 3658 5406 inventus
3699 5364 3810 5417 est;

2224 5455 2422 5516 quanto
2451 5451 2706 5517 majorem
2748 5447 2908 5502 habet
2932 5448 3187 5502 honorem
3216 5464 3230 5512 ;
3260 5446 3513 5510 subaudi,
3547 5447 3814 5500 Dominus

2224 5539 2434 5602 domus,
2458 5539 2546 5607 qui
2583 5538 2860 5592 fabricavit
2886 5540 3130 5592 eamdem
3161 5539 3398 5592 domum.
3438 5537 3564 5592 Sive
3591 5555 3604 5589 :
3641 5537 3815 5589 Tanto

2223 5629 2440 5696 majoris
2465 5629 2648 5698 gloria:
2686 5627 2930 5683 Christus
2963 5645 3068 5698 prm
3115 5631 3294 5699 Moyse
3325 5629 3517 5698 dignus
3556 5629 3818 5683 inventus

2220 5729 2323 5787 est,
2364 5729 2562 5791 quanto
2608 5723 2862 5789 majorem
2919 5723 3174 5777 honorem
3227 5723 3385 5776 habet
3435 5720 3738 5774 fabricator
3786 5733 3817 5773 δ

2219 5818 2400 5886 domo,
2427 5833 2582 5888 quam
2611 5818 2725 5889 ipse
2758 5817 3050 5874 fabricavit.
3076 5817 3372 5886 Retlditque
3395 5829 3618 5871 causam
3643 5826 3820 5886 quare
