3982 6352
114 339 236 395 705

968 341 1034 395 li\
1077 338 1457 398 EPISTOLAM
1495 337 1586 396 AD
1625 337 1966 400 llEBRIEOS
2002 341 2524 429 COMMENTARIA:

3191 346 3194 349 ·
3270 335 3378 408 ros

115 456 352 526 majoris
378 454 560 524 gloriae
592 454 664 510 sit
711 454 987 521 Dominus,
1020 471 1178 525 quam
1210 457 1400 510 domus
1430 457 1497 510 ab
1521 470 1586 510 eo
1625 454 1704 509 fa-
1731 459 1782 516 Α
1808 457 2074 524 quomodo
2101 471 2195 511 eos
2219 457 2432 512 clausos
2460 439 2521 510 in
2553 451 2731 510 medio
2762 448 2908 509 tanta
2934 441 3208 509 exercitus
3246 454 3383 507 mul-

115 549 355 604 bricata.
397 546 573 601 Omnis
624 564 835 617 namque
883 549 1060 601 domus
1103 549 1384 616 fabricatur
1403 547 1464 599 ab
1494 547 1706 615 aliquo:

115 643 220 708 qui
245 650 411 694 autem
448 640 618 693 omnia
646 641 853 704 creavit,
883 641 1016 694 Deus
1039 648 1128 694 est.
1162 640 1257 694 llic
1296 640 1547 694 factorem
1579 655 1607 692 a
1630 639 1708 692 fa-

116 743 281 788 ctura
306 733 578 801 discernit,
606 732 878 802 utriusque
892 733 1078 787 domus
1101 741 1370 787 auctorem
1398 734 1559 788 Deum
1583 748 1704 790 esse

114 823 358 894 intelligi
384 825 592 890 volens,
621 833 677 880 et
720 826 897 896 populi
940 826 1204 880 videlicet.
1240 823 1306 878 Et
1347 824 1548 895 Moyses
1590 827 1706 893 qui-

117 915 246 967 dem
272 915 436 982 ﬁdelis
459 922 586 969 erat.
611 914 723 968 lloc
750 922 854 982 est,
884 915 1102 969 devotus
1133 925 1186 966 et
1215 915 1367 968 bona:
1391 915 1703 970 voluntatis.

115 1004 198 1060 In
221 1016 325 1060 tota
351 1006 499 1060 domo
531 1008 638 1069 eius
671 1044 686 1071 ,
727 1013 967 1075 tanquam
1008 1007 1248 1075 famulus,
1277 1005 1328 1057 in
1366 1005 1706 1058 testimonium

111 1113 325 1150 eorum.
349 1095 578 1150 Subaudi
608 1095 908 1152 verborum.
941 1097 1068 1161 Quae
1106 1097 1319 1150 dicenda
1353 1104 1516 1148 erant.
1557 1095 1703 1150 Clari-

112 1196 236 1241 stus
256 1196 422 1240 autem
443 1195 682 1254 tanquam
702 1185 862 1253 ﬁlius,
895 1187 948 1240 in
986 1186 1135 1238 doma
1160 1202 1268 1238 sua.
1303 1184 1534 1249 Habitat,
1560 1187 1706 1240 ordi-

114 1292 264 1332 nans
294 1287 346 1332 et
367 1278 655 1346 disponens
682 1277 848 1331 illam.
890 1277 1093 1343 Quanta
1121 1277 1417 1332 diﬁ'erentia
1445 1288 1524 1332 est
1564 1279 1705 1334 inter

117 1369 405 1437 famulum,
439 1384 593 1436 quem
641 1369 1018 1437 paterfamilias
1047 1369 1306 1438 praeponit
1350 1369 1530 1423 domui
1567 1384 1700 1434 sum,

116 1460 366 1512 ctlilium
394 1474 551 1528 quem
597 1459 847 1528 relinquit
894 1458 1182 1520 haeredem,
1231 1468 1373 1512 tanta
1402 1457 1701 1513 diﬁerentia

115 1561 182 1603 et
210 1551 461 1604 distantia
489 1552 626 1605 inter
649 1551 865 1620 Moysen
891 1557 946 1605 et
973 1549 1265 1604 Christum.
1295 1549 1503 1620 Moyses
1526 1559 1705 1605 autem

122 1643 308 1696 ﬁdelis
330 1653 384 1698 et
422 1643 646 1697 devotus
679 1642 904 1697 famulus
942 1643 1040 1696 fuit
1070 1643 1120 1696 in
1157 1643 1316 1697 domo
1345 1643 1438 1698 Dei
1464 1643 1706 1712 omnipo-

1809 545 2036 602 titudine
2078 546 2453 618 Egyptiorum
2500 544 2776 616 eripuerit,
2824 543 2894 600 de
2922 540 3173 614 periculis
3217 540 3379 596 etiam

1808 636 2113 704 ﬂuviorum,
2141 637 2315 695 fontes
2360 640 2427 695 de
2471 648 2620 708 petra
2662 638 2780 694 sine
2817 635 3024 692 delectu
3068 633 3382 699 donaverit;

1808 742 2002 782 manna
2023 729 2285 794 tribuerit,
2319 731 2528 800 aliaque
2557 728 2965 784 innumerabilia
2998 726 3256 782 beneﬁcia
3299 723 3382 781 eis

1807 819 2138 885 contulerit,
2193 820 2418 877 necdum
2481 820 2866 886 crediderunt,
2915 818 3263 888 desperantes
3314 817 3383 872 de

1805 908 1919 978 ejus
1945 910 2204 979 potentia,
2235 925 2334 965 nec
2366 911 2555 965 horum
2579 910 2776 981 aliquid
2813 909 3068 964 remorati
3109 919 3262 973 sunt;
3289 907 3386 963 sed

1805 1000 1999 1054 timore
2018 999 2344 1069 desperabili
2386 1000 2656 1069 perterriti
2688 1000 3072 1056 murmurando
3093 999 3343 1054 dixerunt
3369 1014 3386 1054 :

1809 1087 2019 1144 Utinam
2061 1104 2166 1144 non
2212 1088 2514 1144 introducat
2559 1105 2657 1144 nos
2705 1090 2962 1145 Dominus
2989 1088 3042 1144 in
3075 1098 3269 1144 terram
3310 1087 3376 1142 il-

1809 1179 1956 1233 lam!
2010 1187 2338 1234 revertamur
2363 1180 2415 1234 in
2458 1179 2768 1250 Egyptum.
2819 1180 2959 1235 Deus
3005 1180 3164 1250 igitur
3195 1181 3383 1244 iratus,

1809 1270 1950 1338 quod
1995 1270 2071 1324 sic
2117 1270 2224 1324 cito
2265 1271 2414 1325 obliti
2459 1271 2672 1325 luerunt
2701 1286 2923 1337 operum
2949 1284 3012 1324 ac
3059 1271 3382 1325 mirabilium

1809 1358 2163 1427 ejus,juravit
2189 1359 2328 1430 quod
2353 1376 2457 1415 non
2505 1369 2650 1416 esset
2672 1362 2934 1413 intratura
2976 1360 3252 1428 generatio
3296 1360 3386 1414 illa

1807 1450 1863 1506 in
1894 1451 2130 1518 requiem
2162 1461 2214 1504 et
2238 1451 2461 1517 patriam
2486 1450 2610 1504 olim
2641 1449 2880 1519 patribus
2912 1451 3251 1515 promissam,
3283 1451 3388 1504 sic-

1807 1557 1911 1611 que
1941 1542 2029 1596 illa
2057 1551 2310 1597 sexcenta
2365 1541 2528 1595 millia
2560 1556 2679 1610 qua:
2707 1553 2922 1610 egressa
2966 1547 3092 1594 sunt
3131 1540 3199 1594 de
3225 1539 3388 1610 Egy-

1809 1640 1900 1701 pto
1929 1633 2225 1700 perierunt,
2261 1639 2454 1701 praeter
2478 1633 2845 1685 tantummodo
2869 1631 3094 1699 Caleph,
3135 1632 3389 1686 videlicet

120 1735 315 1800 tentis,
344 1735 443 1789 hoc
477 1743 558 1790 est
609 1735 663 1790 in
692 1735 846 1804 plebe
890 1735 1204 1800 Israelitica,
1250 1736 1301 1789 in
1345 1736 1706 1790 testimonium
1737 1742 1786 1805 Β
1813 1721 1975 1776 ﬁlium
2005 1721 2288 1791 Jephonae.
2317 1729 2372 1776 et
2398 1720 2559 1777 Iosue
2584 1721 2749 1775 ﬁlium
2771 1720 3033 1791 Numqui
3073 1722 3390 1777 seditionem

116 1839 316 1878 eorum
344 1826 628 1880 verborum
649 1839 767 1894 quae
799 1839 893 1894 per
918 1825 1063 1880 illum
1091 1824 1315 1881 dicenda
1343 1835 1495 1880 erant
1520 1826 1584 1880 ad
1617 1841 1708 1896 po.

121 1916 340 1984 pulum,
369 1917 619 1986 quoniam
668 1917 817 1970 tesﬁs
841 1925 957 1970 erat
984 1915 1268 1971 verborum
1312 1917 1404 1970 Dei
1444 1917 1509 1970 ad
1542 1932 1709 1986 popu-

119 2008 267 2075 lum,
296 2010 595 2078 iterumque
619 2009 796 2078 populi
819 2008 884 2063 ad
918 2007 1106 2064 Deum.
1132 2008 1374 2064 Christus
1392 2024 1518 2064 vero
1544 2009 1710 2065 libere

119 2099 348 2154 ordinat
394 2099 607 2155 domum
645 2115 825 2166 suam,
867 2111 1115 2169 tanquam
1163 2100 1302 2155 ﬁlius
1343 2101 1708 2157 haereditatem

121 2200 433 2259 paternam,
479 2191 546 2246 de
596 2206 697 2259 qua
748 2190 906 2246 modo
951 2192 1222 2261 subjungit
1258 2193 1572 2261 Apostolus,
1627 2193 1711 2248 di-

119 2292 264 2334 cens
293 2296 305 2330 :
342 2279 470 2343 Qua:
494 2282 676 2334 domus
713 2297 888 2334 sumus
926 2297 1038 2348 nos,
1067 2282 1110 2334 si
1138 2281 1382 2348 ﬁduciam
1409 2291 1455 2334 et
1489 2282 1708 2353 gloriam

120 2367 241 2438 spei
262 2383 419 2436 usque
440 2369 507 2421 ad
545 2370 698 2436 ﬁnem
725 2370 932 2436 ﬁrmam
968 2372 1294 2424 retineamus.
1329 2371 1580 2425 llortatur
1609 2373 1708 2428 ite-

121 2471 252 2513 rum
281 2457 562 2527 Apostolus
589 2459 840 2514 Hebraeos
884 2459 1091 2514 fortiter
1116 2470 1258 2516 stare
1305 2461 1356 2515 in
1389 2460 1492 2516 lide
1517 2470 1572 2517 et
1591 2477 1711 2531 per-

127 2563 385 2606 severare
409 2551 462 2605 in
497 2550 638 2606 bono
667 2566 850 2621 opere,
879 2553 1106 2622 jungens
1137 2568 1196 2608 se
1221 2567 1369 2608 more
1394 2554 1553 2610 solito
1578 2557 1704 2612 illis.

129 2641 357 2706 Domus,
386 2641 577 2711 inquit,
607 2643 696 2698 Dei
721 2659 926 2709 sumus,
959 2645 1003 2697 si
1034 2644 1302 2710 ﬁduciam,
1337 2645 1387 2698 id
1431 2655 1514 2700 est
1546 2645 1708 2704 ﬁdem

125 2744 360 2802 rectam,
385 2744 439 2792 et
475 2736 695 2807 gloriam
725 2736 840 2807 spei
870 2745 1065 2794 nostra:
1094 2737 1300 2794 ﬁrmam
1336 2739 1712 2798 retinuerimus

128 2841 308 2896 usque
353 2827 418 2881 ad
450 2828 610 2882 ﬁnem
643 2831 829 2882 mortis
873 2838 1090 2896 nostrai,
1143 2831 1227 2885 vel
1270 2845 1436 2900 usque
1465 2833 1531 2887 ad
1569 2832 1710 2889 diem

124 2916 343 2986 judicii.
368 2918 548 2974 Gloria
576 2919 917 2988 spei‘nostrae
952 2929 1053 2987 est,
1087 2935 1187 2990 qua
1220 2922 1510 2992 gloriamur
1534 2939 1632 2980 nos
1658 2927 1709 2981 in

1815 1815 1994 1883 populi
2043 1827 2394 1881 compescere
2442 1813 2540 1868 nisi
2599 1822 2743 1878 sunt,
2787 1814 2990 1868 creduli
3050 1813 3392 1884 promissioni

1814 1903 2047 1960 Domini.
2077 1904 2375 1960 Notandum
2404 1914 2603 1969 autem,
2637 1914 2744 1960 tres
2791 1905 3002 1974 requies
3042 1907 3110 1961 ab
3138 1907 3394 1976 Apostolo

1817 1995 1872 2049 in
1903 1995 2004 2051 hac
2053 1995 2280 2064 epistola
2329 1995 2763 2061 commemorari,
2804 2010 2964 2050 unam
3012 1998 3240 2064 sabbati,
3289 2014 3394 2069 quo

1816 2086 2081 2153 requievit
2107 2085 2248 2141 Deus
2287 2086 2355 2140 ab
2381 2086 2634 2154 operibus
2664 2086 2795 2154 suis,
2840 2086 3129 2142 secundam
3163 2088 3395 2143 Palaesti-

1817 2198 1964 2249 nam,
1997 2186 2050 2238 in
2076 2199 2236 2253 quam
2264 2184 2491 2254 ingressi
2537 2185 2813 2253 Israelita},
2863 2187 3154 2254 requieturi
3192 2199 3343 2244 erant
3367 2205 3396 2245 a

1818 2275 2036 2329 miseria
2063 2283 2118 2328 et
2154 2275 2427 2331 laboribus
2481 2277 2691 2339 multis;
2745 2278 2957 2331 tertiam
3005 2292 3233 2348 quoque,
3278 2295 3397 2348 qua:

1816 2377 1947 2420 vera
1976 2373 2058 2419 est
2077 2366 2310 2433 requies,
2326 2380 2548 2434 regnum
2565 2365 2818 2421 videlicet
2839 2367 3120 2432 calorum,
3146 2370 3210 2422 ad
3235 2384 3394 2437 quam

1818 2471 1952 2527 quos
1999 2457 2278 2524 pervenire
2316 2458 2616 2528 contigerit,
2663 2457 2970 2527 planissime
3007 2459 3342 2528 requiescent
3367 2476 3394 2514 a

1816 2545 2087 2604 laboribus
2119 2556 2174 2604 et
2215 2548 2470 2605 aerumnis
2495 2547 2654 2619 hujus
2683 2548 2886 2617 szeculi,
2913 2548 2981 2606 de
3002 2563 3106 2622 qua
3137 2549 3224 2607 hic
3246 2551 3392 2622 Apo-

1815 2641 1984 2697 stolus
1999 2641 2364 2712 prophetando
2385 2641 2695 2712 spiritaliter
2712 2642 2964 2712 loquitur,
2990 2643 3176 2700 dicens
3199 2661 3214 2698 :
3248 2645 3392 2711 Qua-

1819 2740 2057 2801 propter,
2093 2733 2339 2798 subaudi,
2369 2734 2489 2803 quia
2518 2733 2708 2789 domus
2744 2735 2839 2790 Dei
2885 2750 3094 2804 sumus,
3143 2737 3190 2791 si
3235 2737 3392 2792 ﬁdem

1818 2834 2022 2879 reetam
2066 2831 2122 2879 et
2148 2824 2372 2893 gloriam
2405 2825 2518 2894 spei
2559 2825 2766 2880 ﬁrmam
2797 2825 3199 2894 retinuerimus,
3231 2828 3397 2883 nolite

1822 2915 2091 2971 obdurare
2134 2915 2298 2971 corda
2341 2923 2544 2984 vestra,
2585 2932 2654 2971 ne
2683 2916 2876 2972 similia
2907 2917 3179 2986 patiamini
3217 2919 3395 2990 qualia

129 3022 230 3075 spe
265 3008 374 3076 jam
401 3023 520 3064 esse
549 3009 687 3064 ﬁlios
717 3011 831 3074 Dei,
867 3019 920 3065 et
944 3012 1212 3080 quomodo
1237 3022 1479 3070 tenemus
1508 3015 1562 3071 in
1590 3031 1706 3086 spe,

1819 3007 2188 3076 progenitores
2218 3007 2383 3062 vestri
2426 3008 2566 3077 passi
2613 3017 2759 3071 sunt,
2813 3008 3000 3077 privati
3042 3010 3226 3080 requie
3269 3026 3395 3080 prn-

130 3101 402 3158 credimus
431 3117 530 3157 nos
559 3117 897 3172 possessuros
921 3119 1040 3159 esse
1065 3107 1116 3158 in
1146 3121 1220 3160 re.
1254 3107 1394 3162 Bona
1417 3109 1559 3163 enim
1587 3125 1709 3180 quae

1819 3097 1998 3153 missa.
2031 3097 2287 3153 Hortatur
2329 3099 2618 3168 Apostolus
2662 3099 2919 3155 Hebraeos
2973 3101 3056 3155 his
3087 3101 3287 3168 verbis,
3339 3111 3397 3155 ut

130 3191 293 3246 nobis
323 3193 582 3260 promissa
608 3203 751 3262 sunt,
798 3194 850 3248 in
876 3193 974 3249 hac
1002 3196 1198 3264 pcenali
1246 3199 1350 3250 vita
1394 3198 1592 3254 habere
1618 3215 1712 3256 ne-

129 3296 402 3352 quaquam
421 3297 724 3353 possumus,
752 3283 1098 3353 quamobrem
1131 3284 1390 3341 habentes
1434 3287 1593 3343 ﬁdem
1624 3304 1708 3346 re-

133 3381 306 3440 ctam,
347 3389 495 3442 spcm
524 3383 727 3430 certam
755 3383 1058 3443 spectemus
1083 3376 1346 3442 patienter
1369 3381 1585 3446 prmmia
1615 3395 1708 3436 no-

133 3465 223 3518 bis
251 3481 280 3520 a
311 3465 532 3520 Domino
562 3468 847 3534 promissa.
882 3468 1136 3538 Sequitur
1161 3487 1173 3522 :
1224 3472 1551 3540 Quapropter
1575 3476 1709 3530 sicut

135 3559 262 3612 dicit
291 3557 515 3628 Spiritus
541 3569 764 3614 sanctus.
816 3559 984 3614 Hodie
1012 3563 1056 3614 si
1083 3577 1247 3614 vocem
1273 3565 1383 3629 eius
1423 3565 1706 3632 audieritis,

135 3651 298 3705 nolite
321 3652 570 3705 obdurare
600 3653 754 3705 corda
787 3662 953 3707 vostra
981 3670 1000 3707 :
1046 3664 1097 3707 et
1123 3665 1336 3723 Cil‘lt‘l‘a,
1388 3672 1554 3726 usque
1584 3675 1596 3710 :
1651 3659 1712 3714 Si

135 3742 420 3795 introibant
451 3743 502 3794 in
546 3742 766 3810 requiem
815 3760 996 3797 meam.
1043 3744 1118 3799 De
1152 3760 1246 3813 spe
1289 3747 1444 3815 paulo
1471 3749 1720 3817 superius

140 3829 352 3885 locutus
369 3829 539 3885 fuerat
559 3831 744 3885 beatus
759 3836 1062 3901 Apostolus,
1081 3837 1217 3904 quod
1241 3845 1483 3905 oporteat
1501 3853 1720 3908 sperare

141 3937 204 3976 ea
238 3934 354 3987 quae
383 3920 552 3976 futura
585 3931 728 3988 sunt,
759 3932 813 3978 et
838 3925 1030 3980 deinde
1056 3929 1415 3984 testimonium
1448 3931 1719 4000 propheti-

140 4025 266 4065 cum
294 4012 391 4067 sub
434 4015 856 4082 comparatione,
887 4017 1152 4084 quomodo
1197 4019 1274 4072 illi
1322 4021 1596 4088 perierunt
1626 4023 1720 4091 qui

140 4103 572 4171 desperaverunt
598 4104 664 4158 de
691 4106 924 4173 potentia
953 4108 1333 4176 omnipotentis
1362 4109 1483 4176 Dei,
1519 4118 1575 4166 et
1597 4111 1723 4181 quid

143 4205 559 4263 promeruerunt
587 4198 742 4267 pauci
781 4198 867 4267 qui
899 4200 1000 4254 sub
1027 4214 1122 4270 spe
1150 4211 1297 4256 certa
1319 4202 1598 4270 promissis
1628 4204 1721 4259 Dei

140 4288 487 4344 crediderunt
519 4290 680 4360 :quia
705 4305 832 4360 ergo
870 4292 1094 4348 obscure
1133 4292 1344 4348 locutus
1382 4301 1469 4348 est
1496 4297 1720 4361 Aposto-

139 4379 246 4440 lus,
300 4393 518 4435 necesse
568 4389 651 4434 est
694 4382 938 4450 replicari
983 4383 1262 4438 historiam
1289 4383 1500 4438 Veteris
1540 4384 1724 4436 Testa-

140 4469 332 4529 menti,
375 4477 432 4522 ut
475 4469 808 4524 manifestior
840 4472 930 4523 ﬁat
973 4475 1162 4528 oratio.
1216 4474 1448 4527 Eductus
1501 4475 1722 4540 populus

139 4556 468 4611 lsraeliticus
494 4557 562 4613 de
587 4556 899 4627 Egyptiaca
931 4564 1187 4617 servitute
1217 4564 1268 4616 in
1293 4563 1461 4632 signis
1485 4572 1539 4620 et
1563 4563 1723 4617 mira-

145 4647 346 4700 bilibus
376 4646 606 4716 Domini,
637 4664 759 4704 cum
794 4647 1015 4702 multam
1039 4649 1177 4705 viam
1209 4651 1476 4710 desertam
1516 4669 1726 4725 peram-

145 4742 443 4806 bulassent,
476 4742 611 4811 pasti
631 4758 660 4798 a
683 4741 910 4800 Domino
936 4759 1155 4817 manna,
1185 4762 1320 4817 aqua
1350 4747 1418 4804 de
1449 4758 1598 4818 petra
1625 4763 1721 4818 po-

151 4830 287 4895 tati,
326 4831 546 4902 ejusque
589 4837 920 4904 protectione
959 4837 1132 4903 tutati,
1181 4839 1460 4894 consilium
1491 4841 1726 4895 inierunt

152 4938 343 4979 omnes
381 4928 590 4982 mittere
616 4928 682 4982 de
710 4929 934 4998 singulis
981 4931 1222 4986 tribubus
1247 4933 1514 5002 principes
1545 4935 1728 5000 explo-

153 5029 383 5082 ratores,
433 5017 524 5086 qui
565 5017 822 5074 deberent
869 5021 1133 5088 speculari
1181 5033 1337 5091 atque
1386 5025 1730 5080 considerare

157 5116 351 5160 tetram
397 5107 497 5162 sibi
524 5123 552 5161 a
613 5108 838 5164 Domino
885 5125 1219 5167 concessam.
1265 5114 1362 5180 Qui
1413 5129 1507 5182 per
1545 5127 1731 5185 gentes

155 5199 514 5255 lustraverunt
562 5211 790 5267 terram,
821 5205 1126 5274 reversique
1168 5215 1295 5259 sunt
1337 5217 1454 5274 post
1495 5209 1723 5275 Spatium

159 5288 501 5358 quadraginta
543 5290 752 5346 dierum
801 5293 867 5347 ad
918 5294 1332 5362 multitudinem,
1363 5299 1729 5354 renuntiantes

161 5389 355 5432 terram
398 5380 797 5447 lertilissiniam,
833 5399 1252 5454 magnorumque
1298 5385 1564 5442 fructuum
1607 5403 1730 5456 pro-

159 5473 488 5539 creatricem,
523 5474 616 5530 sed
642 5476 836 5534 liabce
865 5478 1024 5532 urbes
1067 5478 1525 5548 inexpugnabiles,
1553 5480 1728 5535 viros-

159 5575 262 5630 que
286 5563 603 5620 t'orlissimos
628 5581 747 5622 esse
777 5565 830 5620 in
869 5579 951 5633 ea,
999 5577 1187 5636 utpote
1226 5569 1294 5624 de
1353 5570 1520 5636 stirpe
1560 5569 1726 5637 Enac,

163 5649 214 5706 id
238 5661 318 5707 est
358 5655 647 5724 gigantum.
680 5657 930 5712 Israelita:
972 5674 1099 5714 vero
1128 5661 1318 5729 ingrati
1366 5669 1418 5716 et
1446 5660 1728 5728 inscnsati,

165 5755 295 5812 quos
316 5746 592 5816 oportebat
615 5756 878 5806 tantorum
909 5751 1005 5809 Dei
1029 5753 1404 5811 beneﬁciorum
1437 5755 1730 5825 reminisci,

1813 3207 1918 3247 non
1965 3199 2149 3246 essent
2186 3191 2429 3246 inﬁdeles
2458 3197 2513 3246 et
2559 3190 2842 3255 increduli,
2876 3199 2929 3245 et
2977 3191 3262 3259 perderent
3305 3209 3392 3246 re-

1811 3281 1989 3351 quiem
2011 3291 2265 3336 aeternam
2296 3280 2394 3335 sibi
2426 3295 2454 3334 a
2480 3279 2704 3334 Domino
2729 3282 3070 3350 promissam,
3101 3283 3240 3339 sicut
3272 3299 3393 3353 per-

1813 3372 2062 3427 diderunt
2091 3379 2269 3441 patres
2292 3386 2476 3426 eorum
2508 3371 2743 3441 requiem
2768 3373 3148 3440 temporalem.
3185 3373 3384 3440 Nolite,

1815 3463 2005 3534 inquit,
2037 3465 2290 3518 obdurare
2318 3465 2475 3518 corda
2501 3475 2686 3530 vestra,
2713 3464 2844 3518 sicut
2869 3465 3269 3522 obduraverunt
3299 3483 3390 3536 pa-

1818 3562 1927 3609 tres
1971 3555 2153 3610 vestri.
2195 3553 2261 3608 In
2299 3555 2696 3610 exacerbatione.
2743 3554 2799 3609 ld
2846 3564 2950 3625 est,
2982 3558 3387 3622 amaricatione,

1819 3648 2032 3717 quando
2060 3663 2147 3703 me
2180 3648 2243 3702 ad
2278 3649 2689 3703 amaritudinem
2721 3659 3171 3719 provocaverunt.
3207 3651 3398 3706 Secun-

1823 3740 1944 3792 dum
1968 3741 2102 3794 diem
2135 3740 2423 3794 tentationis
2447 3748 2624 3795 eorum
2653 3741 2705 3794 in
2735 3741 2948 3808 deserto,
2977 3742 3063 3795 ubi
3083 3751 3398 3797 tentaverunt

1824 3848 1903 3885 me
1949 3841 2116 3902 patres
2161 3833 2332 3886 vestri.
2381 3833 2557 3887 Multis
2587 3832 2760 3886 modis
2785 3875 2797 3898 ,
2831 3834 3070 3889 dicentes
3103 3853 3116 3888 :
3150 3834 3397 3903 Nunquid

1823 3926 2015 3995 poterit
2044 3925 2183 3980 Deus
2211 3940 2395 3993 parare
2436 3939 2676 3982 mensam
2709 3926 2759 3980 in
2801 3925 3059 3983 deserto?
3108 3926 3175 3982 Et
3210 3947 3221 3981 :
3254 3928 3398 3983 Nun-

1831 4017 1960 4087 quid
1989 4017 2185 4085 poterit
2215 4032 2310 4072 nos
2341 4018 2682 4074 introducere
2709 4018 2762 4073 in
2797 4027 2992 4074 terram
3016 4020 3254 4089 patribus
3281 4037 3401 4089 pro-

1826 4107 2078 4161 missam?
2132 4107 2284 4173 Quod
2332 4117 2510 4163 autem
2553 4109 2727 4163 dicit:
2775 4109 2965 4176 Hodie,
3014 4126 3120 4165 non
3171 4114 3403 4182 loquitur

1831 4199 2108 4253 Psalmista
2133 4197 2200 4252 ad
2223 4199 2343 4254 illos
2364 4200 2453 4268 qui
2475 4200 2668 4253 mortui
2691 4208 2815 4256 sunt
2845 4201 2898 4255 in
2929 4200 3141 4255 deserto
3163 4217 3402 4256 murum-

1825 4289 1994 4342 rando
2016 4299 2202 4344 contra
2224 4289 2411 4356 Deum,
2430 4299 2484 4345 et
2500 4291 2757 4345 increduli
2779 4291 3078 4355 existendo,
3104 4292 3196 4348 sed
3229 4295 3401 4360 potius

1825 4377 1892 4430 ad
1923 4378 2040 4432 illos
2062 4381 2148 4447 qui
2169 4379 2448 4436 dominica:
2479 4380 2871 4447 prmdicationis
2900 4390 3136 4450 tempore
3167 4384 3405 4456 fuerunt,

1826 4468 2314 4537 apostoli-rumque,
2338 4479 2392 4526 et
2413 4485 2582 4536 usque
2601 4471 2665 4525 ad
2693 4471 2849 4527 ﬁnem
2874 4473 3228 4531 saeculil’uturi
3256 4489 3400 4534 sunt.

1830 4559 2020 4624 llodie,
2051 4559 2239 4627 inquit,
2264 4561 2311 4614 id
2335 4573 2416 4616 est
2450 4563 2500 4616 in
2525 4562 2612 4617 die
2634 4562 2760 4617 Novi
2784 4563 3132 4633 Testamenti,
3159 4569 3237 4623 vel
3261 4571 3404 4625 omni

1827 4658 2087 4719 tempore,
2113 4652 2342 4719 quandiu
2366 4652 2557 4706 dicitur
2579 4652 2755 4719 hodie,
2775 4655 2936 4710 nolite
2956 4655 3222 4716 obdurare
3241 4661 3402 4716 corda

1826 4751 2033 4808 vestra;
2065 4741 2218 4797 hodie
2245 4758 2471 4814 namque
2506 4758 2599 4811 pro
2621 4747 2945 4816 sempiterno
2973 4749 3208 4818 ponitur,
3232 4750 3402 4805 donec

1829 4831 2054 4888 mundus
2089 4843 2141 4888 et
2171 4833 2276 4888 vita
2328 4850 2561 4904 prtesens
2589 4846 2786 4891 manet.
2820 4836 3070 4907 Sequitur
3102 4857 3114 4892 :
3153 4839 3404 4894 Probare-

1829 4939 1944 4980 runt
1975 4937 2018 4981 et
2048 4927 2278 4981 viderunt
2299 4945 2449 4995 Opera
2482 4945 2609 4982 mea.
2637 4926 2996 4999 Quadraginta
3057 4931 3226 4984 annis.
3255 4931 3404 4998 Quod

1833 5021 1987 5075 dicit:
2014 5021 2550 5091 Probaveruntopcra
2579 5031 2632 5077 et
2653 5022 2913 5077 mirabilia
2941 5036 3079 5086 mea,
3109 5037 3213 5076 non
3235 5031 3316 5077 e~t
3335 5023 3407 5076 ita

1834 5113 2254 5184 intelligendum,
2286 5124 2339 5169 ut
2359 5115 2594 5170 dicatur:
2633 5115 3011 5186 probaverunt,
3048 5114 3099 5170 id
3129 5125 3211 5170 est
3239 5114 3410 5184 elege-

1835 5216 2125 5261 runtcausa
2143 5207 2428 5275 gratiarum
2443 5206 2732 5270 actionum,
2748 5207 2838 5262 sed
2852 5206 3027 5277 potius
3039 5205 3280 5277 probatio
3297 5207 3410 5259 lucc

1830 5297 1896 5351 ad
1917 5296 2274 5352 curiositatem
2293 5305 2375 5352 est
2395 5297 2672 5354 referenda
2688 5308 2739 5354 et
2757 5298 3121 5354 tentationem.
3146 5298 3409 5353 Prohave-

1832 5397 1976 5454 runt,
2003 5387 2192 5458 inquit,
2216 5403 2376 5459 opera
2391 5405 2534 5445 mea:
2555 5389 2657 5446 hoc
2677 5399 2780 5456 est,
2802 5390 3124 5445 curiositatis
3140 5403 3300 5444 causa
3321 5404 3410 5445 exc

1831 5482 2125 5550 qui-ierunt
2153 5492 2442 5548 tentantes,
2483 5494 2786 5539 utrumnam
2825 5485 3163 5554 omnipotens
3206 5500 3405 5539 essem.

1834 5575 1938 5630 Sed
1969 5576 2093 5644 quid
2126 5575 2318 5630 factum
2358 5577 2476 5632 est?
2519 5576 2776 5631 Viderunt
2805 5576 2894 5632 illa
2937 5591 3032 5644 per
3059 5576 3407 5646 quadraginta

1837 5682 2024 5735 annos,
2055 5677 2103 5721 et
2149 5677 2553 5735 permanserunt
2591 5665 2801 5738 ingrati.
2845 5664 3188 5737 Potestun
3236 5667 3403 5723 dicit:

1837 5755 2194 5826 Quadraginta
2211 5759 2366 5815 annis
2382 5767 2434 5814 et
2449 5759 2514 5813 ad
2533 5757 2806 5828 sequentia
2817 5757 3084 5830 conjungi.
3111 5756 3410 5836 Quadrageg
