3982 6352
587 343 683 398 707

1708 334 2002 398 PRIMASII
2042 341 2080 397 Δ
2093 339 2486 400 DRUMETANI
2525 337 2738 398 EPISC.
3768 339 3837 390 ττῖ
3863 343 3872 374 i

585 458 760 512 uarius
788 461 967 511 autem
997 467 1244 510 numerus
1286 451 1540 523 mysticus
1568 452 1618 508 in
1649 453 1825 508 divina
1871 454 2147 526 Scriptura
2175 445 2357 519 A'mei
2383 469 2570 521 carne,
2610 453 2804 510 fratres
2838 453 2998 510 etiam
3033 453 3156 523 fide,
3191 454 3472 522 videte,id
3503 462 3599 511 est
3641 464 3868 518 cavete.

585 548 825 604 habetur.
858 545 1215 618 Quadraginta
1246 545 1430 601 diebus
1459 545 1712 602 Dominus
1739 547 1794 601 in
1822 547 2034 603 deserto
2059 547 2147 619 je-

585 638 803 707 junavit,
831 644 889 692 ut
918 635 1265 705 triumpharet
1288 634 1356 690 de
1393 635 1486 690 illo
1509 650 1604 705 per
1625 651 1782 706 quem
1811 637 1887 691 illi
1917 637 2147 707 quadra-

584 733 726 804 ginta
754 729 907 786 annis
929 738 1388 784 murmuraverunt
1412 729 1466 782 in
1486 725 1702 784 deserto
1727 738 1911 784 contra
1941 729 2104 785 Deum
2134 747 2146 782 :

583 821 1033 891 consummatique
1069 830 1167 876 tot.
1197 822 1239 875 A
1270 819 1438 889 gloria
1467 820 1700 875 victoria:
1737 820 1792 876 in
1824 822 2068 890 passione
2097 831 2151 877 et

583 917 969 973 resurrectione
993 913 1346 984 quadraginta
1381 912 1567 968 diebus
1594 912 1690 967 fuit
1708 927 1828 968 cum
1855 913 2146 982 discipulis,

580 1019 861 1080 antequam
900 1009 1158 1064 scelerum
1202 1006 1532 1061 altitudinem
1590 1013 1909 1074 penetraret.
1958 1006 2148 1060 Primis

579 1117 701 1172 ergo
727 1100 1074 1171 quadraginta
1101 1099 1287 1155 diebus
1317 1099 1663 1155 tentationem
1695 1098 1851 1168 hujus
1896 1098 2147 1177 peregri-

579 1193 808 1248 nationis
849 1193 1114 1259 ostendit,
1157 1190 1538 1262 posterioribus
1577 1189 1921 1261 quadraginta
1961 1191 2148 1246 diebus

578 1285 1018 1349 consolationem,
1041 1297 1141 1353 qua
1167 1280 1474 1338 consolandi
1502 1291 1627 1336 sunt
1649 1282 1700 1337 in
1729 1283 1892 1351 patria
1919 1300 1932 1335 :
1955 1299 2147 1352 corpus

577 1378 716 1432 enim
746 1375 883 1446 ejus,
915 1375 965 1430 id
995 1383 1077 1430 est
1107 1374 1367 1437 Ecclesia,
1399 1389 1619 1430 necesse
1647 1383 1729 1430 est
1751 1385 1806 1429 ut
1833 1376 2147 1437 tentationes

578 1468 807 1542 patiatur
852 1467 908 1520 in
940 1465 1187 1537 praesenti
1232 1465 1427 1519 saeculo
1452 1506 1466 1530 ,
1509 1473 1566 1518 ut
1596 1466 1930 1533 posmtodum
1962 1482 2149 1537 perve-

579 1559 690 1612 nire
721 1557 885 1626 possit
922 1557 986 1610 ad
1031 1556 1219 1623 gaudia
1254 1556 1438 1624 patrias
1480 1557 1712 1611 coalestis
1743 1575 1755 1611 :
1789 1566 1965 1613 tamen
1996 1569 2050 1614 et
2094 1561 2146 1614 in

580 1649 826 1718 praesenti
865 1661 969 1702 non
1007 1647 1156 1702 deest
1188 1648 1277 1702 ille
1305 1648 1632 1715 consolator,
1664 1650 1752 1719 qui
1796 1650 1930 1705 dixit
1961 1669 1974 1706 :
2009 1653 2147 1708 Ecce

579 1756 678 1810 ego
702 1740 973 1794 vobiscum
1002 1754 1118 1793 sum
1145 1739 1391 1808 omnibus
1413 1737 1600 1793 diebus
1626 1755 1790 1810 usque
1811 1742 1875 1796 ad
1898 1757 2146 1798 consum-

2251 561 2566 617 summaque
2591 545 2866 618 diligentia
2903 548 3183 614 attendite,
3215 564 3283 604 ne
3313 549 3456 604 forte
3482 548 3554 602 sit
3582 547 3648 602 in
3681 546 3870 614 aliqua

2252 649 2486 693 vestrum
2518 639 2760 694 voluntas
2784 654 2891 695 non
2927 640 3090 707 bona,
3121 650 3178 698 et
3212 654 3306 697 cor
3348 642 3555 696 malum
3603 640 3869 695 incredu-

2250 729 2416 785 litatis
2453 729 2760 786 discedendi
2800 746 2831 784 a
2873 731 2985 788 Deo
3014 733 3158 799 vivo,
3189 733 3327 789 sicut
3356 733 3458 788 fuit
3490 734 3546 788 in
3599 732 3740 796 illis,
3777 735 3860 802 qui

2251 827 2564 874 erraverunt
2603 819 2656 874 in
2705 819 2920 876 deserto
2965 822 3242 878 adoranda
3288 822 3451 891 idola,
3503 834 3562 879 et
3618 825 3860 892 pel-eatis

2252 908 2391 964 sicut
2441 910 2516 966 illi
2565 911 2858 981 perierunt.
2922 912 3028 969 Sed
3086 915 3426 969 exhortamiui
3508 915 3856 984 νοσηιειὲρεω

2250 1019 2342 1070 per
2387 1005 2614 1074 singulos
2655 1005 2760 1059 dies
2782 1049 2798 1074 ,
2843 1005 3004 1060 donec
3031 1007 3184 1062 hodie
3211 1008 3625 1078 cognominatur
3657 1015 3720 1059 ut
3763 1023 3856 1060 non

2251 1094 2528 1150 obduretur
2570 1100 2684 1167 quis
2731 1113 2793 1152 ea:
2825 1099 2963 1154 vobis
3007 1099 3218 1169 fallacia
3266 1102 3485 1172 peccati.
3541 1100 3702 1169 Quia
3758 1101 3849 1154 illis

2249 1183 2446 1241 Judaeis
2477 1188 2763 1256 scribebat,
2792 1189 2881 1260 qui
2908 1189 3017 1259 jam
3049 1191 3411 1257 crediderant,
3449 1199 3512 1247 et
3542 1193 3712 1247 inter
3728 1207 3848 1260 quos

2250 1278 2384 1332 tales
2413 1286 2588 1344 erant,
2619 1280 2708 1349 qui
2735 1281 2870 1336 alios
2895 1282 2951 1336 iu
2979 1280 3101 1350 ﬁde,
3135 1297 3251 1352 spe,
3289 1282 3561 1353 bonisque
3592 1282 3844 1351 operibus

2249 1369 2519 1425 exhortari
2570 1381 2837 1440 poterant,
2876 1373 2998 1430 ideo
3033 1374 3212 1432 taliter
3240 1377 3482 1446 loquitur
3515 1392 3530 1430 :
3572 1376 3841 1431 Exhorta-

2251 1459 2408 1526 mini,
2459 1459 2723 1529 inquiens,
2757 1476 2852 1518 vos
2903 1463 3161 1530 invicem,
3204 1473 3258 1520 et
3299 1467 3565 1536 corrigite
3615 1477 3838 1521 voset-

2249 1554 2395 1622 ipsos
2427 1568 2523 1622 per
2544 1553 2782 1623 singulos
2811 1555 2948 1621 dies,
2982 1555 3157 1613 donec
3203 1557 3363 1613 hodie
3391 1561 3835 1628 cognominatur,

2250 1645 2302 1700 id
2334 1652 2417 1698 est
2436 1646 2578 1700 omni
2609 1656 2850 1716 tempore
2893 1648 3174 1717 praesentis
3203 1647 3344 1716 vitae,
3389 1650 3443 1702 in
3474 1664 3591 1718 quo
3617 1663 3709 1705 est
3733 1665 3837 1720 spa-

2253 1737 2378 1790 tium
2412 1736 2744 1805 paenitendi:
2793 1738 2839 1792 si
2887 1739 3165 1810 quisquam
3213 1741 3543 1811 peccaverit,
3595 1756 3716 1796 non
3757 1743 3834 1796 de-

583 1831 870 1886 mationem
898 1829 1095 1886 steculi.
1125 1829 1376 1900 Sequitur
1408 1848 1420 1882 :
1453 1829 1673 1899 Propter
1706 1833 1862 1902 quod.
1895 1835 2150 1908 Subaudi,
2182 1833 2230 1894 B
2255 1837 2430 1897 speret
2453 1828 2518 1883 de
2547 1831 2702 1883 venia
2727 1829 2958 1900 quandiu
2993 1831 3158 1896 ViVil;
3189 1845 3286 1886 nec
3306 1831 3626 1888 obdurelur
3653 1833 3835 1902 aliqua

579 1922 700 1994 quia
736 1931 1073 1976 tentaverunt
1114 1935 1217 1986 me,
1263 1935 1528 1990 causaque
1574 1920 1898 1977 curiositatis
1927 1925 2153 1992 quadra-

576 2015 716 2083 ginta
746 2015 898 2067 annis
925 2027 1084 2082 opera
1111 2026 1228 2066 mea
1261 2011 1630 2079 probaverunt.
1669 2012 1908 2078 Ull'ensus
1948 2015 2026 2083 fui
2069 2033 2154 2086 ge-

575 2105 828 2160 nerationi
851 2104 982 2158 huic.
1025 2104 1148 2159 Plus
1181 2111 1263 2158 est
1292 2102 1396 2158 dici
1419 2104 1700 2167 offensura,
1723 2104 1839 2159 sive
1864 2105 2149 2172 infensum,

577 2213 733 2267 quam
779 2197 970 2251 iratum
1002 2213 1016 2251 :
1047 2196 1296 2264 quoniam
1349 2194 1435 2263 qui
1490 2195 1758 2261 irascitur,
1791 2195 1944 2251 facile
1978 2205 2153 2266 potest

573 2291 641 2346 ab
660 2291 735 2345 ira
762 2288 1001 2344 revocari
1031 2306 1045 2341 :
1078 2287 1167 2356 qui
1189 2301 1314 2341 vero
1339 2287 1596 2351 infensus,
1632 2288 1745 2342 sive
1770 2287 2025 2356 offensus,
2060 2297 2152 2344 aut

574 2383 681 2447 vix,
715 2392 805 2436 aut
834 2381 979 2434 nullo
1008 2380 1166 2434 modo
1194 2386 1368 2448 potest
1410 2377 1631 2448 placari.
1683 2379 1756 2434 lla
1807 2380 2145 2450 omnipotens

578 2475 716 2530 Deus
755 2473 1008 2541 offensus,
1061 2471 1113 2526 id
1140 2479 1223 2527 est
1266 2471 1417 2526 valde
1447 2479 1500 2527 et
1529 2469 1935 2540 implacabiliter
1987 2474 2150 2528 iratus

578 2569 676 2624 fuit
706 2569 806 2622 illis
830 2565 1098 2622 sexcentis
1130 2566 1387 2634 millibus,
1413 2565 1502 2636 qui
1535 2566 1807 2635 perierunt
1841 2565 1893 2619 in
1915 2564 2149 2619 deserto.

579 2660 646 2714 Et
675 2660 801 2715 dixi.
830 2659 911 2715 Ad
949 2659 1186 2731 Moysen,
1219 2669 1264 2713 et
1295 2658 1493 2726 Aaron,
1538 2658 1619 2712 vel
1663 2660 1824 2714 etiam
1867 2657 1930 2711 ad
1967 2656 2148 2713 Josue.

577 2751 789 2822 Semper
827 2753 880 2806 hi
937 2760 1108 2807 errant
1149 2750 1319 2804 corde.
1352 2749 1528 2805 Multis
1561 2749 1730 2805 modis
1759 2749 2032 2821 castigavit
2059 2763 2152 2804 eos

575 2843 908 2912 omnipotens
931 2843 1097 2909 Deus;
1129 2841 1220 2898 sed
1244 2841 1319 2896 illi
1340 2855 1550 2910 semper
1565 2841 1727 2896 corde
1753 2849 2085 2907 erraverunt,
2123 2855 2152 2894 a

577 2936 660 2991 via
705 2937 945 2991 veritatis
1000 2943 1054 2990 et
1119 2934 1454 2990 rectitudinis
1502 2934 1803 2997 deviantcs;
1854 2933 2155 3004 quicunque

577 3029 718 3083 enim
753 3027 1007 3082 voluntati
1054 3025 1148 3082 Dei
1172 3041 1278 3082 non
1322 3025 1669 3090 obseeundat,
1704 3033 1901 3079 errata
1933 3027 2152 3080 rectitu-

574 3119 698 3175 dine
720 3119 958 3188 justitite.
992 3116 1102 3190 Ipsi
1150 3133 1263 3172 vero
1311 3134 1411 3172 non
1451 3127 1788 3188 cognoverunt
1841 3118 1948 3170 vias
1993 3133 2149 3172 meas.
2183 3154 2228 3217 C

574 3210 688 3267 Non
714 3219 1079 3282 cognoverunt
1120 3209 1269 3277 dicit,
1320 3210 1419 3264 hoc
1465 3220 1548 3266 est
1577 3225 1683 3300 no'n
1725 3211 2152 3281 approbaverunt

573 3320 679 3368 me,
712 3319 811 3358 nec
840 3304 1113 3374 elegerunt
1141 3303 1381 3358 actiones
1409 3317 1558 3358 meas
1595 3311 1649 3357 et
1691 3312 1952 3373 ριηςιτοίιριιι
2007 3320 2144 3358 mea.

576 3394 692 3459 Vel,
720 3395 837 3451 Non
877 3403 1259 3465 cognoverunt,
1292 3395 1414 3464 quia
1437 3393 1718 3449 noluerunt
1746 3395 1919 3450 adhuc
1950 3411 2150 3468 cogno-

573 3502 746 3553 scere,
784 3495 843 3543 ut
881 3493 936 3542 et
959 3497 1203 3544 tenerent
1227 3496 1281 3542 et
1319 3487 1670 3542 observarent
1696 3487 1800 3541 illa.
1840 3487 2031 3552 Quibus
2061 3491 2150 3558 ju-

572 3580 680 3634 ravi
702 3581 756 3634 in
782 3581 861 3634 ira
893 3596 1025 3645 mea,
1047 3580 1088 3633 si
1110 3578 1389 3632 introibant
1415 3579 1468 3630 in
1503 3579 1726 3647 requiem
1755 3594 1936 3633 meam.
1966 3580 2027 3633 Si
2054 3580 2151 3632 ali-

573 3669 786 3739 quando
814 3671 1028 3738 ponitur
1065 3683 1160 3738 pro
1191 3667 1562 3734 affirmatione,
1606 3669 1888 3738 aliquando
1929 3683 2025 3738 pro
2054 3669 2150 3724 du-

573 3760 850 3825 bitatione,
883 3760 1166 3829 aliquando
1198 3773 1291 3828 pro
1315 3759 1691 3828 abnegatione,
1724 3770 1781 3812 ut
1819 3761 1873 3814 in
1903 3762 2150 3828 praesenti

574 3853 694 3908 loco
708 3867 802 3922 pro
821 3868 945 3920 non,
967 3852 1082 3906 etin
1113 3851 1318 3920 psalmo
1335 3851 1544 3907 dicente
1562 3852 1845 3922 prepheta:
1869 3851 1923 3907 Si
1944 3852 2149 3908 reddidi

575 3945 990 4000 retribuentibus
1029 3944 1158 3999 mihi
1198 3946 1333 3999 mala
1363 3962 1377 4000 :
1407 3945 1458 3999 id
1488 3953 1590 4014 est,
1619 3960 1722 3999 non
1754 3943 1979 3999 reddidi.
2007 3945 2150 4000 Ordo

573 4037 855 4093 verborum
895 4047 1022 4092 est:
1069 4036 1182 4093 Non
1225 4037 1519 4094 introibunt
1563 4039 1617 4092 in
1666 4039 1902 4108 requiem
1945 4054 2140 4103 meam,

573 4127 711 4184 sicut
739 4127 910 4199 juravi
953 4129 1005 4184 in
1033 4128 1110 4184 ira
1151 4144 1288 4185 mea.
1336 4129 1413 4184 Ira
1459 4129 1601 4185 enim
1639 4131 1728 4185 Dei
1753 4132 1980 4186 vindicta
2012 4133 2148 4190 illius

570 4227 689 4277 est:
715 4219 857 4291 loqui
899 4220 1037 4276 enim
1070 4219 1164 4276 Dei
1199 4236 1444 4292 magnum
1481 4229 1565 4276 est
1586 4240 1596 4273 :
1621 4221 1801 4292 jurare
1834 4239 1962 4278 vero
1991 4225 2147 4278 nimis

567 4312 936 4382 metuendum,
967 4329 1089 4369 cum
1117 4315 1260 4370 enim
1292 4317 1466 4370 omnis
1497 4329 1672 4370 sermo
1699 4316 1841 4371 illius
1875 4333 1970 4386 pro
2001 4318 2147 4387 jura-

569 4416 750 4460 mento
779 4405 946 4476 accipi
973 4405 1184 4472 debeat,
1214 4407 1466 4478 quoniam
1498 4423 1655 4462 verus
1681 4419 1782 4472 est,
1818 4409 2016 4463 diCialll‘
2045 4409 2141 4462 ali-

2258 1930 2491 1974 vestrum
2524 1920 2731 1976 fallacia
2769 1923 2994 1990 peccati,
3034 1921 3088 1977 id
3131 1932 3214 1978 est
3258 1923 3676 1992 desperatione,
3710 1923 3835 1978 deci—

2260 2013 2441 2082 piente
2488 2025 2704 2082 peccato
2750 2014 3092 2082 inﬁdelitatis,
3146 2016 3294 2085 quasi
3336 2031 3433 2084 per
3463 2016 3833 2086 pmnitentian

2261 2117 2367 2159 non
2431 2105 2601 2174 possit
2667 2107 2960 2175 promereri
3043 2105 3453 2175 indulgentiam.
3539 2106 3644 2162 llle
3707 2107 3832 2161 enim

2259 2196 2348 2265 qui
2411 2197 2636 2252 salutem
2691 2197 2925 2267 perfecte
2976 2211 3084 2253 non
3135 2198 3344 2265 credit,
3400 2198 3550 2254 solet
3608 2199 3832 2268 plasm-

2255 2304 2359 2357 qne
2401 2289 2457 2344 in
2495 2290 2928 2360 desperationem
2976 2305 3132 2347 ruere
3169 2309 3182 2357 ;
3234 2291 3530 2361 redditque
3581 2306 3829 2358 musta,

2255 2395 2419 2450 quare
2448 2396 2604 2436 nemo
2629 2381 2818 2437 debeat
2844 2381 3130 2452 desperare
3149 2383 3216 2438 de
3245 2383 3398 2438 venia
3427 2383 3628 2439 dicens
3662 2401 3678 2437 :
3711 2382 3833 2436 Per-

2257 2475 2431 2543 ticipes
2457 2474 2590 2527 enim
2617 2473 2806 2528 Christi
2836 2474 3000 2541 e/fccti
3035 2490 3228 2528 sumus.
3275 2474 3411 2540 Quid
3441 2483 3532 2531 est
3562 2474 3831 2544 participes

2256 2564 2454 2621 Christi
2484 2566 2654 2623 effecti
2679 2568 2908 2623 sumus?
2932 2566 3144 2623 Christo
3173 2568 3560 2640 participamur
3584 2578 3642 2624 et
3667 2568 3831 2638 jungi-

2259 2673 2395 2724 mur,
2430 2666 2612 2728 utpote
2639 2673 2802 2714 unum
2831 2669 2886 2714 et
2939 2658 2991 2714 in
3039 2659 3130 2714 illo
3175 2660 3464 2715 existentes
3510 2677 3526 2713 :
3575 2660 3829 2730 siquidem

2259 2747 2362 2802 hoc
2390 2749 2772 2818 participamur
2798 2749 2896 2818 illi,
2928 2749 3050 2820 quia
3100 2749 3216 2818 ipse
3257 2760 3416 2820 caput
3458 2760 3747 2817 nostrum,
3787 2760 3834 2804 et

2257 2853 2354 2893 nos
2380 2839 2618 2895 membra
2648 2839 2789 2895 illius
2813 2881 2827 2906 ,
2876 2840 3182 2896 coheredes
3220 2849 3274 2896 et
3316 2841 3736 2910 concorporales
3765 2841 3832 2895 illi

2258 2930 2546 2983 secundum
2597 2929 2888 2998 spiritalem
2935 2930 3243 2998 hominem,
3288 2933 3369 3000 qui
3401 2939 3614 2985 creatus
3659 2934 3838 2985 estin

2257 3019 2397 3088 ipso.
2429 3020 2484 3075 in
2511 3035 2576 3075 eo
2599 3020 2760 3076 etiam
2793 3021 3198 3092 participamur,
3230 3022 3340 3092 quia
3366 3036 3561 3090 corpus
3585 3030 3644 3076 et
3683 3035 3837 3077 san-

2257 3109 2468 3178 guinem
2517 3109 2637 3179 ejus
2683 3110 2943 3167 sumimus
2991 3113 3057 3166 ad
3108 3112 3520 3182 redemptionem
3565 3122 3830 3177 nostrain,

2258 3207 2584 3269 quapropter
2625 3215 2729 3255 non
2761 3210 2846 3257 est
2872 3201 3284 3272 desperandum.
3319 3201 3378 3258 Si
3421 3211 3589 3258 nmen
3636 3203 3830 3256 iniriam

2256 3291 2544 3344 substantiw
2579 3293 2690 3363 ejus
2739 3308 2896 3356 usque
2931 3293 3000 3346 ad
3048 3295 3198 3362 ﬁnem
3243 3294 3450 3362 ﬁrmum
3506 3294 3822 3359 retineamus,

2258 3384 2379 3436 dum
2407 3384 2592 3437 dicitur
2623 3399 2640 3439 :
2667 3383 2822 3439 hodie
2844 3386 2889 3439 si
2914 3401 3080 3440 vocem
3108 3390 3218 3456 eius
3243 3387 3536 3452 audieritis,
3570 3388 3729 3441 nolite
3750 3393 3823 3440 ob-

2258 3475 2446 3527 durare
2491 3474 2648 3528 corda
2687 3486 2866 3530 ucstra.
2898 3476 3092 3532 Contra
3130 3478 3292 3532 Deum
3316 3493 3414 3547 per
3443 3479 3816 3534 infidelitatem.

2262 3568 2700 3631 Quemadmodum
2736 3569 2788 3623 in
2814 3570 2906 3624 illa
2939 3571 3334 3626 exacerbatione.
3363 3571 3643 3635 Subaudi,
3676 3572 3819 3626 obdu-

2258 3670 2510 3714 raverunt
2551 3670 2726 3729 patres
2755 3662 2918 3717 vestri
2949 3663 3106 3717 corda
3135 3678 3250 3717 sua.
3283 3663 3501 3718 Initium
3533 3665 3819 3719 substantia!

2258 3751 2383 3806 dicit
2411 3753 2570 3806 ﬁdem
2605 3752 2837 3820 Christi,
2871 3770 2963 3824 per
3013 3771 3169 3824 quam
3200 3756 3552 3812 subsistimus
3592 3767 3647 3814 et
3675 3756 3820 3812 renati

2255 3857 2458 3905 sumus,
2483 3847 2602 3914 quia
2634 3848 2747 3914 ipse
2763 3855 2843 3900 est
2872 3845 3268 3902 fundamentum
3291 3849 3540 3903 omnium
3562 3848 3818 3904 virtutu.

2258 3935 2324 3988 Et
2366 3937 2502 3990 bene
2546 3937 2894 3993 substantiam
2915 3954 3032 3994 eam
3074 3949 3247 4005 vocat,
3291 3943 3414 4010 quia
3459 3943 3607 3998 sicut
3652 3958 3820 4012 corpus

2256 4028 2430 4081 anima
2452 4028 2696 4082 subsistit
2740 4038 2795 4084 et
2823 4031 3135 4099 vivifieatur,
3159 4033 3231 4086 ita
3259 4033 3436 4098 anima
3468 4033 3583 4088 ﬁde
3605 4034 3821 4088 subsistit

2251 4117 2305 4171 in
2338 4119 2467 4184 Deo,
2501 4127 2553 4174 et
2583 4120 2706 4174 vivit
2738 4120 2835 4176 hac
2864 4121 2985 4188 ﬁde,
3017 4125 3132 4179 sine
3159 4140 3259 4193 qua
3291 4124 3423 4178 nihil
3453 4134 3568 4191 est,
3599 4125 3736 4180 unde
3753 4125 3820 4177 di-

2251 4211 2386 4265 citur
2431 4227 2528 4280 per
2559 4214 2871 4282 prOphetam
2925 4231 2936 4266 :
2978 4214 3160 4270 Justus
3197 4225 3373 4270 autem
3426 4231 3592 4272 meus
3631 4232 3695 4273 ex
3737 4217 3822 4270 fide

2251 4301 2395 4355 vivit.
2443 4303 2507 4356 Et
2545 4303 2687 4358 idem
2721 4306 2964 4375 egregius
2996 4307 3349 4376 prmdicator:
3395 4308 3535 4364 Sine
3587 4310 3691 4365 ﬁde
3736 4311 3821 4362 itn-

2249 4397 2500 4464 possibile
2547 4405 2627 4453 est
2669 4399 2878 4468 placere
2917 4400 3046 4455 Deo.
3082 4402 3386 4457 Substantia
3416 4411 3608 4457 autem
3647 4401 3820 4458 Chriin

572 4496 988 4566 quandojurare
1018 4496 1081 4550 ad
1115 4497 1533 4568 exaggerandam
1560 4499 1666 4551 vim
1697 4500 1796 4562 rei,
1828 4507 1880 4552 et
1902 4507 1956 4551 nt
1981 4508 2147 4554 terro-
2175 4487 2228 4547 D
2252 4491 2549 4559 appellatur
2595 4491 2748 4559 ﬁdeS,
2782 4491 2864 4546 vel
2896 4493 3018 4562 quia
3064 4493 3130 4548 ab
3179 4493 3268 4548 illo
3296 4493 3485 4559 datur.
3543 4496 3633 4551 vel
3676 4506 3821 4558 certe.

569 4602 684 4641 rem
717 4586 939 4641 incutiat
976 4589 1324 4644 auditoribus.
1369 4589 1456 4646 Sic
1484 4589 1679 4644 dicitur
1719 4600 1773 4644 et
1799 4590 1954 4643 irasci
1997 4605 2147 4644 more

570 4683 824 4749 humano,
873 4697 993 4736 cum
1024 4698 1238 4752 semper
1287 4683 1401 4752 ipse
1445 4682 1583 4736 idem
1625 4692 1856 4748 maneat,
1889 4691 2146 4752 quatenus

569 4773 694 4828 dum
723 4774 968 4828 audimus
988 4773 1136 4828 illum
1158 4775 1372 4844 iratum,
1399 4784 1700 4828 metuamus
1721 4787 1962 4842 peccare.
1994 4773 2146 4840 Quod

566 4875 743 4930 autem
794 4866 965 4922 dixit:
1013 4868 1126 4922 Non
1159 4869 1429 4923 intrabunt
1455 4868 1505 4922 in
1547 4867 1782 4938 requiem
1831 4883 2025 4934 meam,
2057 4869 2144 4924 hic

566 4959 704 5015 sicut
743 4973 901 5029 supra
940 4960 1139 5014 dictum
1169 4970 1272 5028 est,
1305 4960 1566 5030 geminam
1619 4960 1854 5031 regulam
1885 4960 2142 5015 debemus

565 5052 889 5121 intelligere,
920 5066 1080 5106 unam
1119 5050 1326 5106 scilicet
1356 5060 1584 5105 terrenae
1619 5050 1986 5120 promissionis
2016 5067 2141 5122 pro-

565 5145 780 5199 missam
809 5145 1061 5212 Abrahte,
1091 5158 1248 5212 quam
1285 5141 1358 5196 illi
1405 5142 1748 5212 perdiderunt
1779 5153 1991 5214 propter
2021 5144 2139 5198 inli-

564 5235 832 5290 delitatetn
881 5248 1051 5297 suam,
1105 5233 1324 5288 alteram
1376 5248 1503 5289 vero
1545 5235 1705 5288 vitam
1739 5243 2011 5300 a-ternam,
2072 5235 2138 5289 de

562 5311 667 5396 qua
707 5325 996 5398 Apostolus
1025 5324 1337 5395 spiritaliter
1367 5325 1620 5395 loquitur,
1653 5325 1705 5378 in
1735 5340 1890 5394 quant
1929 5340 2032 5378 non
2062 5325 2138 5376 in-

564 5420 780 5475 trabunt
805 5417 974 5473 Judaei
1005 5417 1056 5470 in
1089 5415 1407 5469 inﬁdelitate
1449 5423 1746 5468 manentes.
1803 5413 1998 5480 Videte,
2031 5413 2139 5482 fra-

561 5517 682 5576 tres,
714 5525 778 5563 ne
799 5512 931 5580 forte
954 5508 1018 5561 sit
1047 5507 1100 5560 in
1129 5507 1298 5578 aliqua
1327 5515 1544 5560 vestrum
1571 5520 1659 5558 cor
1689 5503 1880 5557 malum
1906 5505 2137 5556 incredu-

563 5595 718 5658 litatis
748 5599 1036 5656 discedendi
1053 5616 1084 5652 a
1105 5597 1361 5666 Deo_vivo.
1390 5597 1642 5651 Hortatur
1669 5598 1856 5650 iterum
1886 5609 1980 5650 eos
1998 5598 2138 5662 Apo-

561 5691 728 5750 stolus
759 5691 1100 5756 blandiendo,
1135 5704 1331 5745 vocans
1359 5703 1451 5744 eos
1475 5688 1690 5754 fratres,
1717 5696 1771 5742 et
1799 5687 1932 5741 dans
1960 5687 2134 5741 consi-

560 5781 710 5849 lium,
743 5779 1010 5853 quomodo
1041 5781 1243 5836 intrare
1274 5778 1480 5850 possint
1518 5779 1572 5835 in
1608 5779 1870 5849 requiem.
1917 5777 2139 5835 Fratres

2251 4582 2373 4651 quia
2401 4582 2512 4650 ipse
2536 4598 2627 4650 per
2656 4598 2771 4637 eam
2802 4583 3002 4637 habitat
3031 4583 3083 4638 in
3114 4584 3360 4639 cordibus
3393 4584 3670 4651 ﬁdelium,
3696 4586 3822 4653 juxta

2253 4674 2391 4744 quod
2425 4676 2560 4730 idem
2591 4678 2858 4746 apostolus
2889 4678 3021 4733 alias
3044 4680 3191 4746 dicit,
3221 4680 3458 4750 optando
3496 4681 3554 4734 in
3591 4681 3823 4735 interiere

2255 4766 2468 4822 homine
2516 4767 2756 4823 habitare
2801 4769 3070 4824 Christum
3127 4785 3222 4839 per
3268 4770 3424 4824 ﬁdem
3477 4771 3538 4825 in
3591 4771 3826 4826 cordibus

2245 4861 2456 4914 vestris.
2487 4860 2634 4915 Tunc
2660 4877 2786 4932 ergo
2806 4862 3064 4917 veraciter
3085 4863 3282 4918 Christi
3309 4863 3613 4933 participes
3636 4876 3825 4925 sumus,

2244 4952 2286 5005 si
2336 4951 2491 5005 fidem
2537 4954 2654 5022 ejus
2699 4968 2866 5023 usque
2910 4953 2975 5009 ad
3025 4939 3187 5010 finem
3229 4955 3416 5010 mortis
3459 4964 3715 5020 nostra,
3759 4953 3828 5007 vel

2245 5057 2410 5112 usque
2439 5043 2505 5098 ad
2555 5044 2693 5099 diem
2739 5046 2921 5115 judicii
2974 5046 3178 5102 ﬁrmam
3221 5047 3652 5118 retinuerimus,
3697 5046 3829 5103 oumi

2242 5135 2488 5192 videlicet
2533 5145 2802 5207 tempore,
2843 5139 3075 5208 quanditt
3106 5140 3297 5195 dicitur
3336 5156 3431 5210 per
3458 5143 3826 5212 praphetam:

2242 5225 2413 5280 Hodie
2441 5229 2484 5281 si
2513 5241 2696 5283 vocem
2721 5228 2837 5296 ejus
2860 5228 3157 5296 audieritis,
3182 5227 3344 5284 nolite
3366 5229 3652 5286 obdurare
3677 5230 3830 5285 corda

2240 5327 2433 5373 vestra.
2464 5320 2679 5387 Quidam
2698 5322 2828 5374 enim
2849 5322 3107 5375 audientes
3127 5321 3561 5376 exacerbaverunt
3579 5339 3603 5388 ;
3625 5323 3717 5376 sed
3738 5336 3831 5372 non

2242 5429 2412 5466 omnes
2443 5415 2528 5482 qui
2556 5415 2768 5483 profecti
2797 5423 2911 5466 sunt
2937 5416 2998 5466 ab
3029 5412 3260 5486 [Egypto
3288 5432 3376 5482 per
3407 5413 3658 5484 Moysen.
3693 5414 3831 5468 Illius

2245 5503 2477 5558 historiae
2508 5507 2665 5558 tacite
2695 5506 3018 5560 mentionem
3048 5505 3190 5570 facit,
3221 5505 3434 5575 quando
3469 5507 3716 5561 reversis
3743 5520 3833 5559 ex-

2242 5596 2593 5664 ploratoribus
2640 5597 2890 5651 dixerunt
2938 5597 3316 5652 murmurando
3372 5613 3386 5650 :
3441 5595 3673 5652 Utinam
3731 5612 3832 5650 non

2241 5689 2540 5743 introducat
2561 5704 2656 5742 nns
2674 5689 2925 5745 Dominus
2951 5691 3000 5744 in
3031 5697 3226 5744 terram
3256 5690 3419 5744 illam.
3448 5689 3625 5746 Josue
3653 5698 3834 5743 autem

2241 5787 2295 5835 et
2321 5779 2518 5849 Caloph
2559 5780 2982 5850 gloriﬁcaverunt
3012 5781 3200 5852 Deum,
3229 5782 3469 5839 dicentes
3498 5783 3568 5838 ad
3612 5796 3832 5839 omnem
