  <div class='ocr_page' id='page_1' title='image "/cluster/home/n/w/nwhite01/storage/ocr_20150623/68/hvd.32044015469331/360.png"; bbox 0 0 3982 6352; ppageno 0'>
   <div class='ocr_carea' id='block_1_1' title="bbox 144 303 260 358">
    <p class='ocr_par' dir='ltr' id='par_1_1' title="bbox 144 303 260 358">
     <span class='ocr_line' id='line_1_1' title="bbox 144 303 260 358; baseline 0 0"><span class='ocrx_word' id='word_1_1' title='bbox 144 303 260 358; x_wconf 81' lang='grc'><strong>’109</strong></span> 
     </span>
    </p>
   </div>
   <div class='ocr_carea' id='block_1_2' title="bbox 1008 286 2572 363">
    <p class='ocr_par' dir='ltr' id='par_1_2' title="bbox 1008 286 2572 363">
     <span class='ocr_line' id='line_1_2' title="bbox 1008 286 2572 363; baseline 0 -1"><span class='ocrx_word' id='word_1_2' title='bbox 1008 301 1075 362; x_wconf 80' lang='lat' dir='ltr'><strong>IN</strong></span> <span class='ocrx_word' id='word_1_3' title='bbox 1114 301 1501 363; x_wconf 72' lang='lat' dir='ltr'><strong>EPISTOLAH</strong></span> <span class='ocrx_word' id='word_1_4' title='bbox 1540 304 1631 363; x_wconf 68' lang='lat' dir='ltr'><strong>an</strong></span> <span class='ocrx_word' id='word_1_5' title='bbox 1670 298 2014 363; x_wconf 61' lang='lat' dir='ltr'><strong>nmmos</strong></span> <span class='ocrx_word' id='word_1_6' title='bbox 2051 286 2572 362; x_wconf 71' lang='lat' dir='ltr'><strong>COMMENTARIA.</strong></span> 
     </span>
    </p>
   </div>
   <div class='ocr_carea' id='block_1_3' title="bbox 3317 308 3420 365">
    <p class='ocr_par' dir='ltr' id='par_1_3' title="bbox 3317 308 3420 365">
     <span class='ocr_line' id='line_1_3' title="bbox 3317 308 3420 365; baseline 0.019 -2"><span class='ocrx_word' id='word_1_7' title='bbox 3317 308 3420 365; x_wconf 84' lang='lat' dir='ltr'><strong>7l0</strong></span> 
     </span>
    </p>
   </div>
   <div class='ocr_carea' id='block_1_4' title="bbox 152 411 3424 491">
    <p class='ocr_par' dir='ltr' id='par_1_4' title="bbox 152 411 3424 491">
     <span class='ocr_line' id='line_1_4' title="bbox 152 411 3424 491; baseline 0.002 -22"><span class='ocrx_word' id='word_1_8' title='bbox 152 411 559 479; x_wconf 79' lang='lat' dir='ltr'><strong>multitudinem</strong></span> <span class='ocrx_word' id='word_1_9' title='bbox 592 430 607 468; x_wconf 90' lang='lat'><strong>:</strong></span> <span class='ocrx_word' id='word_1_10' title='bbox 634 416 832 481; x_wconf 82' lang='lat' dir='ltr'><strong>Potens</strong></span> <span class='ocrx_word' id='word_1_11' title='bbox 858 423 940 477; x_wconf 87' lang='lat' dir='ltr'><strong>est</strong></span> <span class='ocrx_word' id='word_1_12' title='bbox 983 415 1243 473; x_wconf 82' lang='lat' dir='ltr'><strong>Dominus</strong></span> <span class='ocrx_word' id='word_1_13' title='bbox 1270 417 1323 472; x_wconf 86' lang='lat' dir='ltr'><strong>in</strong></span> <span class='ocrx_word' id='word_1_14' title='bbox 1355 416 1481 473; x_wconf 88' lang='lat' dir='ltr'><strong>tide.</strong></span> <span class='ocrx_word' id='word_1_15' title='bbox 1514 416 1745 487; x_wconf 80' lang='lat' dir='ltr'><strong>ideoque</strong></span> <span class='ocrx_word' id='word_1_16' title='bbox 1767 420 1820 481; x_wconf 68' lang='grc' dir='ltr'>Α</span> <span class='ocrx_word' id='word_1_17' title='bbox 1846 422 1900 469; x_wconf 89' lang='grc' dir='ltr'><strong>ει</strong></span> <span class='ocrx_word' id='word_1_18' title='bbox 1927 414 2001 481; x_wconf 87' lang='lat' dir='ltr'><strong>hi,</strong></span> <span class='ocrx_word' id='word_1_19' title='bbox 2029 416 2085 471; x_wconf 86' lang='lat' dir='ltr'><strong>id</strong></span> <span class='ocrx_word' id='word_1_20' title='bbox 2103 424 2188 477; x_wconf 81' lang='lat' dir='ltr'><strong>est</strong></span> <span class='ocrx_word' id='word_1_21' title='bbox 2214 428 2465 476; x_wconf 73' lang='lat' dir='ltr'><strong>sexcenta</strong></span> <span class='ocrx_word' id='word_1_22' title='bbox 2491 417 2679 488; x_wconf 84' lang='lat' dir='ltr'><strong>millia,</strong></span> <span class='ocrx_word' id='word_1_23' title='bbox 2705 418 2897 491; x_wconf 85' lang='lat' dir='ltr'><strong>quibus</strong></span> <span class='ocrx_word' id='word_1_24' title='bbox 2922 418 3189 491; x_wconf 75' lang='lat' dir='ltr'><strong>prioribus</strong></span> <span class='ocrx_word' id='word_1_25' title='bbox 3214 437 3424 479; x_wconf 78' lang='lat' dir='ltr'><strong>annuu-</strong></span> 
     </span>
    </p>
   </div>
   <div class='ocr_carea' id='block_1_5' title="bbox 150 507 1736 581">
    <p class='ocr_par' dir='ltr' id='par_1_5' title="bbox 150 507 1736 581">
     <span class='ocr_line' id='line_1_5' title="bbox 150 507 1736 581; baseline 0.004 -19"><span class='ocrx_word' id='word_1_26' title='bbox 150 507 291 567; x_wconf 87' lang='lat' dir='ltr'><strong>niltil</strong></span> <span class='ocrx_word' id='word_1_27' title='bbox 334 507 415 569; x_wconf 78' lang='lat' dir='ltr'><strong>eis</strong></span> <span class='ocrx_word' id='word_1_28' title='bbox 464 507 661 581; x_wconf 60' lang='lat' dir='ltr'><strong>proluit</strong></span> <span class='ocrx_word' id='word_1_29' title='bbox 699 508 843 578; x_wconf 79' lang='lat' dir='ltr'><strong>quod</strong></span> <span class='ocrx_word' id='word_1_30' title='bbox 886 509 1207 578; x_wconf 80' lang='lat' dir='ltr'><strong>audierunt,</strong></span> <span class='ocrx_word' id='word_1_31' title='bbox 1238 508 1491 580; x_wconf 83' lang='lat' dir='ltr'><strong>quoniam</strong></span> <span class='ocrx_word' id='word_1_32' title='bbox 1534 509 1589 567; x_wconf 88' lang='lat' dir='ltr'><strong>in</strong></span> <span class='ocrx_word' id='word_1_33' title='bbox 1616 523 1736 569; x_wconf 86' lang='lat' dir='ltr'><strong>eam</strong></span> 
     </span>
    </p>
   </div>
   <div class='ocr_carea' id='block_1_6' title="bbox 151 597 852 661">
    <p class='ocr_par' dir='ltr' id='par_1_6' title="bbox 151 597 852 661">
     <span class='ocr_line' id='line_1_6' title="bbox 151 597 852 661; baseline 0.013 -9"><span class='ocrx_word' id='word_1_34' title='bbox 151 597 361 657; x_wconf 83' lang='lat' dir='ltr'><strong>intrare</strong></span> <span class='ocrx_word' id='word_1_35' title='bbox 384 611 493 659; x_wconf 63' lang='lat' dir='ltr'><strong>ROB</strong></span> <span class='ocrx_word' id='word_1_36' title='bbox 520 607 852 661; x_wconf 71' lang='grc' dir='ltr'>ιηεηιεειωι-</span> 
     </span>
    </p>
   </div>
   <div class='ocr_carea' id='block_1_7' title="bbox 204 692 1732 755">
    <p class='ocr_par' dir='ltr' id='par_1_7' title="bbox 204 692 1732 755">
     <span class='ocr_line' id='line_1_7' title="bbox 204 692 1732 755; baseline 0 -6"><span class='ocrx_word' id='word_1_37' title='bbox 204 692 1732 755; x_wconf 65' lang='grc' dir='ltr'><strong>ὨΑΡσῙνοοοοοοοροοοοοοοοοοοοιοι</strong></span> 
     </span>
    </p>
   </div>
   <div class='ocr_carea' id='block_1_8' title="bbox 158 819 1735 952">
    <p class='ocr_par' dir='ltr' id='par_1_8' title="bbox 158 819 1735 952">
     <span class='ocr_line' id='line_1_8' title="bbox 158 819 1735 952; baseline 0.004 -21"><span class='ocrx_word' id='word_1_38' title='bbox 158 824 175 839; x_wconf 44' lang='grc'><strong><em>⁸</em></strong></span> <span class='ocrx_word' id='word_1_39' title='bbox 385 819 501 935; x_wconf 62' lang='lat' dir='ltr'><strong>basi:</strong></span> <span class='ocrx_word' id='word_1_40' title='bbox 525 819 1467 950; x_wconf 49' lang='lat' dir='ltr'><strong>.eiboriaiionis.subjungens</strong></span> <span class='ocrx_word' id='word_1_41' title='bbox 1508 882 1735 952; x_wconf 77' lang='lat' dir='ltr'><strong>Aposto-</strong></span> 
     </span>
    </p>
   </div>
   <div class='ocr_carea' id='block_1_9' title="bbox 155 968 1739 1045">
    <p class='ocr_par' dir='ltr' id='par_1_9' title="bbox 155 968 1739 1045">
     <span class='ocr_line' id='line_1_9' title="bbox 155 968 1739 1045; baseline 0.004 -23"><span class='ocrx_word' id='word_1_42' title='bbox 155 968 263 1035; x_wconf 85' lang='lat' dir='ltr'><strong>lus,</strong></span> <span class='ocrx_word' id='word_1_43' title='bbox 292 979 348 1025; x_wconf 86' lang='lat' dir='ltr'><strong>et</strong></span> <span class='ocrx_word' id='word_1_44' title='bbox 373 968 559 1026; x_wconf 80' lang='lat' dir='ltr'><strong>dicens</strong></span> <span class='ocrx_word' id='word_1_45' title='bbox 588 986 607 1025; x_wconf 72' lang='grc' dir='ltr'><strong>ε</strong></span> <span class='ocrx_word' id='word_1_46' title='bbox 637 969 988 1040; x_wconf 71' lang='lat' dir='ltr'><strong>[ingredimur</strong></span> <span class='ocrx_word' id='word_1_47' title='bbox 1008 972 1144 1026; x_wconf 88' lang='lat' dir='ltr'><strong>enim</strong></span> <span class='ocrx_word' id='word_1_48' title='bbox 1166 973 1222 1027; x_wconf 78' lang='lat' dir='ltr'><strong>in</strong></span> <span class='ocrx_word' id='word_1_49' title='bbox 1247 974 1469 1042; x_wconf 81' lang='lat' dir='ltr'><strong>requiem</strong></span> <span class='ocrx_word' id='word_1_50' title='bbox 1492 976 1627 1045; x_wconf 75' lang='lat' dir='ltr'><strong>ejus,</strong></span> <span class='ocrx_word' id='word_1_51' title='bbox 1647 975 1739 1044; x_wconf 81' lang='lat' dir='ltr'><strong>qui</strong></span> 
     </span>
    </p>
   </div>
   <div class='ocr_carea' id='block_1_10' title="bbox 64 1060 1739 1135">
    <p class='ocr_par' dir='ltr' id='par_1_10' title="bbox 64 1060 1739 1135">
     <span class='ocr_line' id='line_1_10' title="bbox 64 1060 1739 1135; baseline 0.004 -24"><span class='ocrx_word' id='word_1_52' title='bbox 64 1090 77 1103; x_wconf 93' lang='lat'><strong>-</strong></span> <span class='ocrx_word' id='word_1_53' title='bbox 153 1060 505 1125; x_wconf 80' lang='lat' dir='ltr'><strong>credidimus,</strong></span> <span class='ocrx_word' id='word_1_54' title='bbox 532 1063 958 1129; x_wconf 75' lang='lat' dir='ltr'><strong>qumdmodum</strong></span> <span class='ocrx_word' id='word_1_55' title='bbox 986 1062 1119 1118; x_wconf 62' lang='lat' dir='ltr'><strong>dicit</strong></span> <span class='ocrx_word' id='word_1_56' title='bbox 1150 1078 1168 1117; x_wconf 90' lang='lat'><strong><em>:</em></strong></span> <span class='ocrx_word' id='word_1_57' title='bbox 1196 1061 1343 1121; x_wconf 77' lang='lat' dir='ltr'><strong>Sicut</strong></span> <span class='ocrx_word' id='word_1_58' title='bbox 1371 1065 1547 1135; x_wconf 77' lang='lat' dir='ltr'><strong>jurari</strong></span> <span class='ocrx_word' id='word_1_59' title='bbox 1574 1065 1629 1119; x_wconf 88' lang='lat' dir='ltr'><strong>in</strong></span> <span class='ocrx_word' id='word_1_60' title='bbox 1658 1066 1739 1118; x_wconf 86' lang='lat' dir='ltr'><strong>ira</strong></span> 
     </span>
    </p>
   </div>
   <div class='ocr_carea' id='block_1_11' title="bbox 155 1153 1738 1225">
    <p class='ocr_par' dir='ltr' id='par_1_11' title="bbox 155 1153 1738 1225">
     <span class='ocr_line' id='line_1_11' title="bbox 155 1153 1738 1225; baseline 0.004 -19"><span class='ocrx_word' id='word_1_61' title='bbox 155 1169 273 1208; x_wconf 72' lang='lat' dir='ltr'><strong>mea</strong></span> <span class='ocrx_word' id='word_1_62' title='bbox 310 1154 353 1208; x_wconf 93' lang='lat' dir='ltr'><strong>si</strong></span> <span class='ocrx_word' id='word_1_63' title='bbox 396 1153 676 1209; x_wconf 74' lang='lat' dir='ltr'><strong>introibant</strong></span> <span class='ocrx_word' id='word_1_64' title='bbox 722 1156 775 1210; x_wconf 85' lang='lat' dir='ltr'><strong>in</strong></span> <span class='ocrx_word' id='word_1_65' title='bbox 820 1156 1041 1225; x_wconf 79' lang='lat' dir='ltr'><strong>requiem</strong></span> <span class='ocrx_word' id='word_1_66' title='bbox 1080 1171 1263 1211; x_wconf 70' lang='lat' dir='ltr'><strong>&quot;team.</strong></span> <span class='ocrx_word' id='word_1_67' title='bbox 1303 1155 1409 1211; x_wconf 85' lang='lat' dir='ltr'><strong>isto</strong></span> <span class='ocrx_word' id='word_1_68' title='bbox 1440 1157 1492 1212; x_wconf 85' lang='lat' dir='ltr'><strong>in</strong></span> <span class='ocrx_word' id='word_1_69' title='bbox 1522 1157 1642 1213; x_wconf 85' lang='lat' dir='ltr'><strong>loco</strong></span> <span class='ocrx_word' id='word_1_70' title='bbox 1669 1157 1738 1213; x_wconf 76' lang='lat' dir='ltr'><strong>ad</strong></span> 
     </span>
    </p>
   </div>
   <div class='ocr_carea' id='block_1_12' title="bbox 153 1244 1741 1319">
    <p class='ocr_par' dir='ltr' id='par_1_12' title="bbox 153 1244 1741 1319">
     <span class='ocr_line' id='line_1_12' title="bbox 153 1244 1741 1319; baseline 0.003 -21"><span class='ocrx_word' id='word_1_71' title='bbox 153 1244 565 1312; x_wconf 84' lang='lat' dir='ltr'><strong>completionem</strong></span> <span class='ocrx_word' id='word_1_72' title='bbox 590 1259 779 1301; x_wconf 87' lang='lat' dir='ltr'><strong>sensus</strong></span> <span class='ocrx_word' id='word_1_73' title='bbox 801 1261 1021 1302; x_wconf 79' lang='lat' dir='ltr'><strong>necesse</strong></span> <span class='ocrx_word' id='word_1_74' title='bbox 1041 1255 1125 1305; x_wconf 85' lang='lat' dir='ltr'><strong>est</strong></span> <span class='ocrx_word' id='word_1_75' title='bbox 1147 1246 1381 1317; x_wconf 83' lang='lat' dir='ltr'><strong>adjicere</strong></span> <span class='ocrx_word' id='word_1_76' title='bbox 1408 1248 1632 1319; x_wconf 76' lang='lat' dir='ltr'><strong>aliquid.</strong></span> <span class='ocrx_word' id='word_1_77' title='bbox 1656 1250 1741 1303; x_wconf 85' lang='lat' dir='ltr'><strong>in-</strong></span> 
     </span>
    </p>
   </div>
   <div class='ocr_carea' id='block_1_13' title="bbox 151 1335 1734 1411">
    <p class='ocr_par' dir='ltr' id='par_1_13' title="bbox 151 1335 1734 1411">
     <span class='ocr_line' id='line_1_13' title="bbox 151 1335 1734 1411; baseline 0.006 -22"><span class='ocrx_word' id='word_1_78' title='bbox 151 1335 482 1406; x_wconf 67' lang='lat' dir='ltr'><strong>grediantur,</strong></span> <span class='ocrx_word' id='word_1_79' title='bbox 513 1337 705 1408; x_wconf 80' lang='lat' dir='ltr'><strong>inquit,</strong></span> <span class='ocrx_word' id='word_1_80' title='bbox 739 1338 791 1393; x_wconf 90' lang='lat' dir='ltr'><strong>in</strong></span> <span class='ocrx_word' id='word_1_81' title='bbox 822 1340 1060 1410; x_wconf 78' lang='lat' dir='ltr'><strong>requiem</strong></span> <span class='ocrx_word' id='word_1_82' title='bbox 1092 1343 1278 1411; x_wconf 65' lang='lat' dir='ltr'><strong>patriae</strong></span> <span class='ocrx_word' id='word_1_83' title='bbox 1304 1343 1540 1399; x_wconf 68' lang='lat' dir='ltr'><strong>caelestis</strong></span> <span class='ocrx_word' id='word_1_84' title='bbox 1562 1358 1595 1398; x_wconf 87' lang='lat' dir='ltr'><strong>a</strong></span> <span class='ocrx_word' id='word_1_85' title='bbox 1620 1342 1734 1399; x_wconf 87' lang='lat' dir='ltr'><strong>Deo</strong></span> 
     </span>
    </p>
   </div>
   <div class='ocr_carea' id='block_1_14' title="bbox 153 1426 1736 1497">
    <p class='ocr_par' dir='ltr' id='par_1_14' title="bbox 153 1426 1736 1497">
     <span class='ocr_line' id='line_1_14' title="bbox 153 1426 1736 1497; baseline 0.005 -16"><span class='ocrx_word' id='word_1_86' title='bbox 153 1426 315 1483; x_wconf 69' lang='lat' dir='ltr'><strong>neiis</strong></span> <span class='ocrx_word' id='word_1_87' title='bbox 334 1428 677 1497; x_wconf 72' lang='lat' dir='ltr'><strong>promissam,</strong></span> <span class='ocrx_word' id='word_1_88' title='bbox 708 1444 776 1485; x_wconf 88' lang='lat' dir='ltr'><strong>ne</strong></span> <span class='ocrx_word' id='word_1_89' title='bbox 805 1429 940 1486; x_wconf 70' lang='lat' dir='ltr'><strong>forte</strong></span> <span class='ocrx_word' id='word_1_90' title='bbox 966 1431 1175 1486; x_wconf 90' lang='lat' dir='ltr'><strong>dicatur</strong></span> <span class='ocrx_word' id='word_1_91' title='bbox 1201 1432 1377 1497; x_wconf 89' lang='lat' dir='ltr'><strong>nobis,</strong></span> <span class='ocrx_word' id='word_1_92' title='bbox 1407 1433 1450 1486; x_wconf 90' lang='lat' dir='ltr'><strong>si</strong></span> <span class='ocrx_word' id='word_1_93' title='bbox 1478 1432 1736 1495; x_wconf 73' lang='lat' dir='ltr'><strong>fuerimus</strong></span> 
     </span>
    </p>
   </div>
   <div class='ocr_carea' id='block_1_15' title="bbox 153 1516 1734 1592">
    <p class='ocr_par' dir='ltr' id='par_1_15' title="bbox 153 1516 1734 1592">
     <span class='ocr_line' id='line_1_15' title="bbox 153 1516 1734 1592; baseline 0.008 -23"><span class='ocrx_word' id='word_1_94' title='bbox 153 1516 459 1585; x_wconf 73' lang='lat' dir='ltr'><strong>increduli,</strong></span> <span class='ocrx_word' id='word_1_95' title='bbox 500 1520 948 1587; x_wconf 73' lang='lat' dir='ltr'><strong>quemadmodum</strong></span> <span class='ocrx_word' id='word_1_96' title='bbox 980 1522 1085 1577; x_wconf 87' lang='lat' dir='ltr'><strong>illis</strong></span> <span class='ocrx_word' id='word_1_97' title='bbox 1111 1522 1201 1592; x_wconf 90' lang='lat' dir='ltr'><strong>qui</strong></span> <span class='ocrx_word' id='word_1_98' title='bbox 1227 1538 1335 1578; x_wconf 84' lang='lat' dir='ltr'><strong>non</strong></span> <span class='ocrx_word' id='word_1_99' title='bbox 1363 1524 1688 1581; x_wconf 83' lang='lat' dir='ltr'><strong>introierunt</strong></span> <span class='ocrx_word' id='word_1_100' title='bbox 1718 1542 1734 1581; x_wconf 89' lang='lat'><strong>:</strong></span> 
     </span>
    </p>
   </div>
   <div class='ocr_carea' id='block_1_16' title="bbox 152 1605 1733 1684">
    <p class='ocr_par' dir='ltr' id='par_1_16' title="bbox 152 1605 1733 1684">
     <span class='ocr_line' id='line_1_16' title="bbox 152 1605 1733 1684; baseline 0.006 -21"><span class='ocrx_word' id='word_1_101' title='bbox 152 1605 217 1663; x_wconf 88' lang='lat' dir='ltr'><strong>Si</strong></span> <span class='ocrx_word' id='word_1_102' title='bbox 235 1608 550 1673; x_wconf 75' lang='lat' dir='ltr'><strong>introibant,</strong></span> <span class='ocrx_word' id='word_1_103' title='bbox 567 1610 619 1665; x_wconf 89' lang='lat' dir='ltr'><strong>id</strong></span> <span class='ocrx_word' id='word_1_104' title='bbox 638 1620 741 1677; x_wconf 84' lang='lat' dir='ltr'><strong>est,</strong></span> <span class='ocrx_word' id='word_1_105' title='bbox 762 1627 866 1667; x_wconf 89' lang='lat' dir='ltr'><strong>non</strong></span> <span class='ocrx_word' id='word_1_106' title='bbox 890 1612 1182 1668; x_wconf 81' lang='lat' dir='ltr'><strong>iutroibunt</strong></span> <span class='ocrx_word' id='word_1_107' title='bbox 1201 1613 1253 1667; x_wconf 90' lang='lat' dir='ltr'><strong>in</strong></span> <span class='ocrx_word' id='word_1_108' title='bbox 1280 1616 1517 1684; x_wconf 83' lang='lat' dir='ltr'><strong>requiem</strong></span> <span class='ocrx_word' id='word_1_109' title='bbox 1538 1629 1733 1671; x_wconf 83' lang='lat' dir='ltr'><strong>meam.</strong></span> 
     </span>
    </p>
   </div>
   <div class='ocr_carea' id='block_1_17' title="bbox 151 1699 1735 1778">
    <p class='ocr_par' dir='ltr' id='par_1_17' title="bbox 151 1699 1735 1778">
     <span class='ocr_line' id='line_1_17' title="bbox 151 1699 1735 1778; baseline 0.006 -24"><span class='ocrx_word' id='word_1_110' title='bbox 151 1699 361 1768; x_wconf 78' lang='lat' dir='ltr'><strong>Quibus</strong></span> <span class='ocrx_word' id='word_1_111' title='bbox 407 1702 584 1758; x_wconf 88' lang='lat' dir='ltr'><strong>verbis</strong></span> <span class='ocrx_word' id='word_1_112' title='bbox 632 1703 875 1759; x_wconf 81' lang='lat' dir='ltr'><strong>hortatur</strong></span> <span class='ocrx_word' id='word_1_113' title='bbox 920 1719 1109 1761; x_wconf 86' lang='lat' dir='ltr'><strong>omnes</strong></span> <span class='ocrx_word' id='word_1_114' title='bbox 1155 1707 1358 1762; x_wconf 89' lang='lat' dir='ltr'><strong>intrare</strong></span> <span class='ocrx_word' id='word_1_115' title='bbox 1398 1708 1452 1763; x_wconf 90' lang='lat' dir='ltr'><strong>in</strong></span> <span class='ocrx_word' id='word_1_116' title='bbox 1496 1709 1735 1778; x_wconf 78' lang='lat' dir='ltr'><strong>requiem</strong></span> 
     </span>
    </p>
   </div>
   <div class='ocr_carea' id='block_1_18' title="bbox 1844 505 3420 580">
    <p class='ocr_par' dir='ltr' id='par_1_18' title="bbox 1844 505 3420 580">
     <span class='ocr_line' id='line_1_18' title="bbox 1844 505 3420 580; baseline 0.01 -23"><span class='ocrx_word' id='word_1_117' title='bbox 1844 505 2028 562; x_wconf 84' lang='lat' dir='ltr'><strong>tiatum</strong></span> <span class='ocrx_word' id='word_1_118' title='bbox 2056 516 2171 578; x_wconf 90' lang='lat' dir='ltr'><strong>est,</strong></span> <span class='ocrx_word' id='word_1_119' title='bbox 2207 524 2315 564; x_wconf 92' lang='lat' dir='ltr'><strong>non</strong></span> <span class='ocrx_word' id='word_1_120' title='bbox 2362 511 2695 569; x_wconf 85' lang='lat' dir='ltr'><strong>intraverunt</strong></span> <span class='ocrx_word' id='word_1_121' title='bbox 2736 512 2789 568; x_wconf 91' lang='lat' dir='ltr'><strong>in</strong></span> <span class='ocrx_word' id='word_1_122' title='bbox 2839 527 2980 580; x_wconf 73' lang='lat' dir='ltr'><strong>eam,</strong></span> <span class='ocrx_word' id='word_1_123' title='bbox 3023 516 3119 571; x_wconf 88' lang='lat' dir='ltr'><strong>sed</strong></span> <span class='ocrx_word' id='word_1_124' title='bbox 3160 516 3420 575; x_wconf 73' lang='lat' dir='ltr'><strong>cadavera</strong></span> 
     </span>
    </p>
   </div>
   <div class='ocr_carea' id='block_1_19' title="bbox 1841 602 3422 665">
    <p class='ocr_par' dir='ltr' id='par_1_19' title="bbox 1841 602 3422 665">
     <span class='ocr_line' id='line_1_19' title="bbox 1841 602 3422 665; baseline 0.009 -14"><span class='ocrx_word' id='word_1_125' title='bbox 1841 610 2026 659; x_wconf 81' lang='lat' dir='ltr'><strong>eorum</strong></span> <span class='ocrx_word' id='word_1_126' title='bbox 2052 607 2316 665; x_wconf 79' lang='lat' dir='ltr'><strong>prostrata</strong></span> <span class='ocrx_word' id='word_1_127' title='bbox 2339 610 2466 659; x_wconf 83' lang='lat' dir='ltr'><strong>sunt</strong></span> <span class='ocrx_word' id='word_1_128' title='bbox 2489 602 2545 657; x_wconf 86' lang='lat' dir='ltr'><strong>in</strong></span> <span class='ocrx_word' id='word_1_129' title='bbox 2564 604 2796 659; x_wconf 84' lang='lat' dir='ltr'><strong>deserto.</strong></span> <span class='ocrx_word' id='word_1_130' title='bbox 2822 604 2850 661; x_wconf 86' lang='lat' dir='ltr'><strong>l</strong></span> <span class='ocrx_word' id='word_1_131' title='bbox 2856 614 3018 661; x_wconf 81' lang='lat' dir='ltr'><strong>terum</strong></span> <span class='ocrx_word' id='word_1_132' title='bbox 3036 607 3270 665; x_wconf 76' lang='lat' dir='ltr'><strong>terminat</strong></span> <span class='ocrx_word' id='word_1_133' title='bbox 3289 609 3422 665; x_wconf 80' lang='lat' dir='ltr'><strong>diem</strong></span> 
     </span>
    </p>
   </div>
   <div class='ocr_carea' id='block_1_20' title="bbox 1840 688 3425 769">
    <p class='ocr_par' dir='ltr' id='par_1_20' title="bbox 1840 688 3425 769">
     <span class='ocr_line' id='line_1_20' title="bbox 1840 688 3425 769; baseline 0.009 -29"><span class='ocrx_word' id='word_1_134' title='bbox 1840 688 2104 757; x_wconf 68' lang='lat' dir='ltr'><strong>quemdam</strong></span> <span class='ocrx_word' id='word_1_135' title='bbox 2131 690 2281 746; x_wconf 78' lang='lat' dir='ltr'><strong>hodie</strong></span> <span class='ocrx_word' id='word_1_136' title='bbox 2303 692 2359 748; x_wconf 82' lang='lat' dir='ltr'><strong>in</strong></span> <span class='ocrx_word' id='word_1_137' title='bbox 2385 691 2554 749; x_wconf 78' lang='lat' dir='ltr'><strong>Dauid</strong></span> <span class='ocrx_word' id='word_1_138' title='bbox 2578 694 2794 751; x_wconf 81' lang='lat' dir='ltr'><strong>dicendo</strong></span> <span class='ocrx_word' id='word_1_139' title='bbox 2822 711 2840 750; x_wconf 88' lang='lat'><strong><em>:</em></strong></span> <span class='ocrx_word' id='word_1_140' title='bbox 2869 706 2983 767; x_wconf 80' lang='lat' dir='ltr'><strong>post</strong></span> <span class='ocrx_word' id='word_1_141' title='bbox 3009 706 3202 759; x_wconf 76' lang='lat' dir='ltr'><strong>tantum</strong></span> <span class='ocrx_word' id='word_1_142' title='bbox 3232 708 3425 769; x_wconf 83' lang='lat' dir='ltr'><strong>tempo-</strong></span> 
     </span>
    </p>
   </div>
   <div class='ocr_carea' id='block_1_21' title="bbox 1841 780 3426 863">
    <p class='ocr_par' dir='ltr' id='par_1_21' title="bbox 1841 780 3426 863">
     <span class='ocr_line' id='line_1_21' title="bbox 1841 780 3426 863; baseline 0.011 -32"><span class='ocrx_word' id='word_1_143' title='bbox 1841 780 1935 845; x_wconf 87' lang='lat' dir='ltr'><strong>ris,</strong></span> <span class='ocrx_word' id='word_1_144' title='bbox 1967 781 2097 836; x_wconf 80' lang='lat' dir='ltr'><strong>sicut</strong></span> <span class='ocrx_word' id='word_1_145' title='bbox 2133 797 2295 852; x_wconf 77' lang='lat' dir='ltr'><strong>supra</strong></span> <span class='ocrx_word' id='word_1_146' title='bbox 2333 783 2530 843; x_wconf 75' lang='lat' dir='ltr'><strong>dictum</strong></span> <span class='ocrx_word' id='word_1_147' title='bbox 2563 794 2637 842; x_wconf 86' lang='lat' dir='ltr'><strong>est</strong></span> <span class='ocrx_word' id='word_1_148' title='bbox 2666 788 2864 844; x_wconf 60' lang='lat' dir='ltr'><strong>{hodie</strong></span> <span class='ocrx_word' id='word_1_149' title='bbox 2890 790 2936 843; x_wconf 90' lang='lat' dir='ltr'><strong>si</strong></span> <span class='ocrx_word' id='word_1_150' title='bbox 2979 792 3148 847; x_wconf 71' lang='lat' dir='ltr'><strong>uocent</strong></span> <span class='ocrx_word' id='word_1_151' title='bbox 3193 794 3308 863; x_wconf 83' lang='lat' dir='ltr'><strong>ejus</strong></span> <span class='ocrx_word' id='word_1_152' title='bbox 3330 808 3426 849; x_wconf 80' lang='lat' dir='ltr'><strong>cu-</strong></span> 
     </span>
    </p>
   </div>
   <div class='ocr_carea' id='block_1_22' title="bbox 1842 870 3421 945">
    <p class='ocr_par' dir='ltr' id='par_1_22' title="bbox 1842 870 3421 945">
     <span class='ocr_line' id='line_1_22' title="bbox 1842 870 3421 945; baseline 0.013 -22"><span class='ocrx_word' id='word_1_153' title='bbox 1842 870 2037 927; x_wconf 75' lang='lat' dir='ltr'><strong>dieritis</strong></span> <span class='ocrx_word' id='word_1_154' title='bbox 2054 911 2073 939; x_wconf 95' lang='lat'><strong>,</strong></span> <span class='ocrx_word' id='word_1_155' title='bbox 2103 874 2262 931; x_wconf 78' lang='lat' dir='ltr'><strong>nolite</strong></span> <span class='ocrx_word' id='word_1_156' title='bbox 2287 875 2543 935; x_wconf 79' lang='lat' dir='ltr'><strong>obdurare</strong></span> <span class='ocrx_word' id='word_1_157' title='bbox 2567 880 2728 934; x_wconf 78' lang='lat' dir='ltr'><strong>corda</strong></span> <span class='ocrx_word' id='word_1_158' title='bbox 2753 890 2938 937; x_wconf 77' lang='lat' dir='ltr'><strong>uestra.</strong></span> <span class='ocrx_word' id='word_1_159' title='bbox 2968 882 3113 939; x_wconf 85' lang='lat' dir='ltr'><strong>Ordo</strong></span> <span class='ocrx_word' id='word_1_160' title='bbox 3139 884 3421 945; x_wconf 77' lang='lat' dir='ltr'><strong>verborum</strong></span> 
     </span>
    </p>
   </div>
   <div class='ocr_carea' id='block_1_23' title="bbox 1840 970 3421 1043">
    <p class='ocr_par' dir='ltr' id='par_1_23' title="bbox 1840 970 3421 1043">
     <span class='ocr_line' id='line_1_23' title="bbox 1840 970 3421 1043; baseline 0.009 -25"><span class='ocrx_word' id='word_1_161' title='bbox 1840 970 1946 1029; x_wconf 89' lang='lat' dir='ltr'><strong>est,</strong></span> <span class='ocrx_word' id='word_1_162' title='bbox 1975 972 2096 1032; x_wconf 88' lang='lat' dir='ltr'><strong>post</strong></span> <span class='ocrx_word' id='word_1_163' title='bbox 2119 973 2327 1023; x_wconf 82' lang='lat' dir='ltr'><strong>tantum</strong></span> <span class='ocrx_word' id='word_1_164' title='bbox 2359 971 2638 1038; x_wconf 88' lang='lat' dir='ltr'><strong>temporis,</strong></span> <span class='ocrx_word' id='word_1_165' title='bbox 2662 973 2803 1041; x_wconf 85' lang='lat' dir='ltr'><strong>quod</strong></span> <span class='ocrx_word' id='word_1_166' title='bbox 2824 972 2904 1029; x_wconf 89' lang='lat' dir='ltr'><strong>illi</strong></span> <span class='ocrx_word' id='word_1_167' title='bbox 2930 987 3421 1043; x_wconf 79' lang='lat' dir='ltr'><strong>murmuraverunt,</strong></span> 
     </span>
    </p>
   </div>
   <div class='ocr_carea' id='block_1_24' title="bbox 1839 1057 3430 1131">
    <p class='ocr_par' dir='ltr' id='par_1_24' title="bbox 1839 1057 3430 1131">
     <span class='ocr_line' id='line_1_24' title="bbox 1839 1057 3430 1131; baseline 0.008 -20"><span class='ocrx_word' id='word_1_168' title='bbox 1839 1064 1895 1112; x_wconf 92' lang='lat' dir='ltr'><strong>et</strong></span> <span class='ocrx_word' id='word_1_169' title='bbox 1919 1057 2117 1117; x_wconf 84' lang='lat' dir='ltr'><strong>mortui</strong></span> <span class='ocrx_word' id='word_1_170' title='bbox 2146 1067 2270 1114; x_wconf 88' lang='lat' dir='ltr'><strong>sunt</strong></span> <span class='ocrx_word' id='word_1_171' title='bbox 2295 1059 2350 1114; x_wconf 88' lang='lat' dir='ltr'><strong>in</strong></span> <span class='ocrx_word' id='word_1_172' title='bbox 2376 1059 2629 1129; x_wconf 83' lang='lat' dir='ltr'><strong>deserto,</strong></span> <span class='ocrx_word' id='word_1_173' title='bbox 2660 1064 2938 1131; x_wconf 77' lang='lat' dir='ltr'><strong>terminat,</strong></span> <span class='ocrx_word' id='word_1_174' title='bbox 2970 1066 3074 1123; x_wconf 85' lang='lat' dir='ltr'><strong>hoe</strong></span> <span class='ocrx_word' id='word_1_175' title='bbox 3102 1075 3205 1131; x_wconf 89' lang='lat' dir='ltr'><strong>est,</strong></span> <span class='ocrx_word' id='word_1_176' title='bbox 3236 1069 3430 1124; x_wconf 84' lang='lat' dir='ltr'><strong>statuit</strong></span> 
     </span>
    </p>
   </div>
   <div class='ocr_carea' id='block_1_25' title="bbox 1841 1148 3426 1232">
    <p class='ocr_par' dir='ltr' id='par_1_25' title="bbox 1841 1148 3426 1232">
     <span class='ocr_line' id='line_1_25' title="bbox 1841 1148 3426 1232; baseline 0.01 -29"><span class='ocrx_word' id='word_1_177' title='bbox 1841 1156 1896 1204; x_wconf 90' lang='lat' dir='ltr'><strong>et</strong></span> <span class='ocrx_word' id='word_1_178' title='bbox 1924 1148 2112 1207; x_wconf 79' lang='lat' dir='ltr'><strong>deﬁnit</strong></span> <span class='ocrx_word' id='word_1_179' title='bbox 2148 1151 2382 1221; x_wconf 83' lang='lat' dir='ltr'><strong>Spiritus</strong></span> <span class='ocrx_word' id='word_1_180' title='bbox 2432 1164 2649 1212; x_wconf 85' lang='lat' dir='ltr'><strong>sanctus</strong></span> <span class='ocrx_word' id='word_1_181' title='bbox 2694 1158 2884 1214; x_wconf 83' lang='lat' dir='ltr'><strong>iterum</strong></span> <span class='ocrx_word' id='word_1_182' title='bbox 2932 1161 3214 1230; x_wconf 81' lang='lat' dir='ltr'><strong>quemdam</strong></span> <span class='ocrx_word' id='word_1_183' title='bbox 3256 1162 3426 1232; x_wconf 83' lang='lat' dir='ltr'><strong>diem,</strong></span> 
     </span>
    </p>
   </div>
   <div class='ocr_carea' id='block_1_26' title="bbox 1842 1241 3424 1323">
    <p class='ocr_par' dir='ltr' id='par_1_26' title="bbox 1842 1241 3424 1323">
     <span class='ocr_line' id='line_1_26' title="bbox 1842 1241 3424 1323; baseline 0.008 -28"><span class='ocrx_word' id='word_1_184' title='bbox 1842 1246 2054 1321; x_wconf 87' lang='lat' dir='ltr'><strong>tempus</strong></span> <span class='ocrx_word' id='word_1_185' title='bbox 2073 1241 2324 1301; x_wconf 79' lang='lat' dir='ltr'><strong>videlicet</strong></span> <span class='ocrx_word' id='word_1_186' title='bbox 2344 1244 2475 1301; x_wconf 87' lang='lat' dir='ltr'><strong>Novi</strong></span> <span class='ocrx_word' id='word_1_187' title='bbox 2498 1246 2824 1305; x_wconf 83' lang='lat' dir='ltr'><strong>Testamenti</strong></span> <span class='ocrx_word' id='word_1_188' title='bbox 2848 1250 3076 1309; x_wconf 77' lang='lat' dir='ltr'><strong>dicendo</strong></span> <span class='ocrx_word' id='word_1_189' title='bbox 3102 1267 3198 1321; x_wconf 84' lang='lat' dir='ltr'><strong>per</strong></span> <span class='ocrx_word' id='word_1_190' title='bbox 3217 1252 3385 1308; x_wconf 81' lang='lat' dir='ltr'><strong>David</strong></span> <span class='ocrx_word' id='word_1_191' title='bbox 3406 1297 3424 1323; x_wconf 92' lang='lat'><strong>,</strong></span> 
     </span>
    </p>
   </div>
   <div class='ocr_carea' id='block_1_27' title="bbox 1843 1330 3432 1413">
    <p class='ocr_par' dir='ltr' id='par_1_27' title="bbox 1843 1330 3432 1413">
     <span class='ocr_line' id='line_1_27' title="bbox 1843 1330 3432 1413; baseline 0.009 -27"><span class='ocrx_word' id='word_1_192' title='bbox 1843 1330 2047 1398; x_wconf 89' lang='lat' dir='ltr'><strong>Hodie,</strong></span> <span class='ocrx_word' id='word_1_193' title='bbox 2072 1343 2179 1390; x_wconf 85' lang='lat' dir='ltr'><strong>etc.</strong></span> <span class='ocrx_word' id='word_1_194' title='bbox 2214 1335 2313 1392; x_wconf 92' lang='lat' dir='ltr'><strong>Ubi</strong></span> <span class='ocrx_word' id='word_1_195' title='bbox 2344 1339 2631 1407; x_wconf 79' lang='lat' dir='ltr'><strong>Apostolus</strong></span> <span class='ocrx_word' id='word_1_196' title='bbox 2665 1356 2732 1395; x_wconf 87' lang='lat' dir='ltr'><strong>ex</strong></span> <span class='ocrx_word' id='word_1_197' title='bbox 2771 1356 3000 1410; x_wconf 84' lang='lat' dir='ltr'><strong>persona</strong></span> <span class='ocrx_word' id='word_1_198' title='bbox 3036 1344 3309 1413; x_wconf 77' lang='lat' dir='ltr'><strong>prophetae</strong></span> <span class='ocrx_word' id='word_1_199' title='bbox 3348 1345 3432 1400; x_wconf 70' lang='lat' dir='ltr'><strong>lo~</strong></span> 
     </span>
    </p>
   </div>
   <div class='ocr_carea' id='block_1_28' title="bbox 1841 1423 3429 1504">
    <p class='ocr_par' dir='ltr' id='par_1_28' title="bbox 1841 1423 3429 1504">
     <span class='ocr_line' id='line_1_28' title="bbox 1841 1423 3429 1504; baseline 0.011 -28"><span class='ocrx_word' id='word_1_200' title='bbox 1841 1423 2057 1491; x_wconf 87' lang='lat' dir='ltr'><strong>quitur:</strong></span> <span class='ocrx_word' id='word_1_201' title='bbox 2089 1423 2261 1482; x_wconf 84' lang='lat' dir='ltr'><strong>Hodie</strong></span> <span class='ocrx_word' id='word_1_202' title='bbox 2289 1426 2336 1482; x_wconf 91' lang='lat' dir='ltr'><strong>si</strong></span> <span class='ocrx_word' id='word_1_203' title='bbox 2367 1443 2555 1485; x_wconf 88' lang='lat' dir='ltr'><strong>vocem</strong></span> <span class='ocrx_word' id='word_1_204' title='bbox 2583 1432 2700 1501; x_wconf 88' lang='lat' dir='ltr'><strong>ejus</strong></span> <span class='ocrx_word' id='word_1_205' title='bbox 2726 1432 3001 1489; x_wconf 86' lang='lat' dir='ltr'><strong>audieritis</strong></span> <span class='ocrx_word' id='word_1_206' title='bbox 3037 1451 3051 1487; x_wconf 86' lang='lat'><strong>:</strong></span> <span class='ocrx_word' id='word_1_207' title='bbox 3079 1435 3233 1504; x_wconf 84' lang='lat' dir='ltr'><strong>quasi</strong></span> <span class='ocrx_word' id='word_1_208' title='bbox 3281 1436 3429 1493; x_wconf 81' lang='lat' dir='ltr'><strong>diee-</strong></span> 
     </span>
    </p>
   </div>
   <div class='ocr_carea' id='block_1_29' title="bbox 1840 1515 3429 1598">
    <p class='ocr_par' dir='ltr' id='par_1_29' title="bbox 1840 1515 3429 1598">
     <span class='ocr_line' id='line_1_29' title="bbox 1840 1515 3429 1598; baseline 0.01 -29"><span class='ocrx_word' id='word_1_209' title='bbox 1840 1523 1924 1570; x_wconf 92' lang='lat' dir='ltr'><strong>ret</strong></span> <span class='ocrx_word' id='word_1_210' title='bbox 1943 1515 2064 1572; x_wconf 88' lang='lat' dir='ltr'><strong>aliis</strong></span> <span class='ocrx_word' id='word_1_211' title='bbox 2085 1517 2297 1574; x_wconf 85' lang='lat' dir='ltr'><strong>verbis:</strong></span> <span class='ocrx_word' id='word_1_212' title='bbox 2323 1519 2367 1574; x_wconf 88' lang='grc' dir='ltr'>Ο</span> <span class='ocrx_word' id='word_1_213' title='bbox 2394 1520 2583 1589; x_wconf 62' lang='lat' dir='ltr'><strong>Judai,</strong></span> <span class='ocrx_word' id='word_1_214' title='bbox 2615 1524 2865 1581; x_wconf 78' lang='lat' dir='ltr'><strong>concives</strong></span> <span class='ocrx_word' id='word_1_215' title='bbox 2895 1526 3023 1594; x_wconf 89' lang='lat' dir='ltr'><strong>mei,</strong></span> <span class='ocrx_word' id='word_1_216' title='bbox 3047 1528 3211 1589; x_wconf 71' lang='lat' dir='ltr'><strong>nolite</strong></span> <span class='ocrx_word' id='word_1_217' title='bbox 3240 1538 3429 1598; x_wconf 87' lang='lat' dir='ltr'><strong>putare</strong></span> 
     </span>
    </p>
   </div>
   <div class='ocr_carea' id='block_1_30' title="bbox 1841 1606 3430 1691">
    <p class='ocr_par' dir='ltr' id='par_1_30' title="bbox 1841 1606 3430 1691">
     <span class='ocr_line' id='line_1_30' title="bbox 1841 1606 3430 1691; baseline 0.011 -32"><span class='ocrx_word' id='word_1_218' title='bbox 1841 1606 1982 1675; x_wconf 88' lang='lat' dir='ltr'><strong>quod</strong></span> <span class='ocrx_word' id='word_1_219' title='bbox 2013 1608 2152 1662; x_wconf 82' lang='lat' dir='ltr'><strong>istud</strong></span> <span class='ocrx_word' id='word_1_220' title='bbox 2182 1610 2326 1679; x_wconf 89' lang='lat' dir='ltr'><strong>quod</strong></span> <span class='ocrx_word' id='word_1_221' title='bbox 2365 1609 2535 1667; x_wconf 65' lang='lat' dir='ltr'><strong>David</strong></span> <span class='ocrx_word' id='word_1_222' title='bbox 2579 1613 2716 1670; x_wconf 84' lang='lat' dir='ltr'><strong>dixit</strong></span> <span class='ocrx_word' id='word_1_223' title='bbox 2746 1632 2762 1669; x_wconf 90' lang='lat'><strong>:</strong></span> <span class='ocrx_word' id='word_1_224' title='bbox 2794 1616 2965 1673; x_wconf 80' lang='lat' dir='ltr'><strong>Hodie</strong></span> <span class='ocrx_word' id='word_1_225' title='bbox 2985 1618 3033 1673; x_wconf 88' lang='lat' dir='ltr'><strong>si</strong></span> <span class='ocrx_word' id='word_1_226' title='bbox 3080 1632 3269 1675; x_wconf 85' lang='lat' dir='ltr'><strong>vocem</strong></span> <span class='ocrx_word' id='word_1_227' title='bbox 3309 1620 3430 1691; x_wconf 88' lang='lat' dir='ltr'><strong>ejus</strong></span> 
     </span>
    </p>
   </div>
   <div class='ocr_carea' id='block_1_31' title="bbox 1842 1697 3429 1777">
    <p class='ocr_par' dir='ltr' id='par_1_31' title="bbox 1842 1697 3429 1777">
     <span class='ocr_line' id='line_1_31' title="bbox 1842 1697 3429 1777; baseline 0.01 -27"><span class='ocrx_word' id='word_1_228' title='bbox 1842 1697 2121 1753; x_wconf 87' lang='lat' dir='ltr'><strong>audieritis</strong></span> <span class='ocrx_word' id='word_1_229' title='bbox 2149 1739 2164 1767; x_wconf 90' lang='lat'><strong>,</strong></span> <span class='ocrx_word' id='word_1_230' title='bbox 2216 1701 2382 1757; x_wconf 86' lang='lat' dir='ltr'><strong>nolite</strong></span> <span class='ocrx_word' id='word_1_231' title='bbox 2426 1702 2695 1762; x_wconf 86' lang='lat' dir='ltr'><strong>obdurare</strong></span> <span class='ocrx_word' id='word_1_232' title='bbox 2744 1709 2909 1763; x_wconf 86' lang='lat' dir='ltr'><strong>corda</strong></span> <span class='ocrx_word' id='word_1_233' title='bbox 2948 1717 3157 1777; x_wconf 82' lang='lat' dir='ltr'><strong>vestra,</strong></span> <span class='ocrx_word' id='word_1_234' title='bbox 3184 1711 3252 1764; x_wconf 86' lang='lat' dir='ltr'><strong>ad</strong></span> <span class='ocrx_word' id='word_1_235' title='bbox 3298 1709 3429 1766; x_wconf 83' lang='lat' dir='ltr'><strong>illud</strong></span> 
     </span>
    </p>
   </div>
   <div class='ocr_carea' id='block_1_32' title="bbox 153 1788 3431 1873">
    <p class='ocr_par' dir='ltr' id='par_1_32' title="bbox 153 1788 3431 1873">
     <span class='ocr_line' id='line_1_32' title="bbox 153 1788 3431 1873; baseline 0.006 -27"><span class='ocrx_word' id='word_1_236' title='bbox 153 1792 390 1861; x_wconf 81' lang='lat' dir='ltr'><strong>Domini,</strong></span> <span class='ocrx_word' id='word_1_237' title='bbox 415 1808 483 1851; x_wconf 82' lang='lat' dir='ltr'><strong>ac</strong></span> <span class='ocrx_word' id='word_1_238' title='bbox 507 1795 643 1853; x_wconf 85' lang='lat' dir='ltr'><strong>forte</strong></span> <span class='ocrx_word' id='word_1_239' title='bbox 672 1796 740 1852; x_wconf 90' lang='lat' dir='ltr'><strong>ob</strong></span> <span class='ocrx_word' id='word_1_240' title='bbox 762 1796 1127 1857; x_wconf 83' lang='lat' dir='ltr'><strong>inﬁdelitatem</strong></span> <span class='ocrx_word' id='word_1_241' title='bbox 1154 1800 1310 1855; x_wconf 86' lang='lat' dir='ltr'><strong>nobis</strong></span> <span class='ocrx_word' id='word_1_242' title='bbox 1337 1800 1565 1871; x_wconf 82' lang='lat' dir='ltr'><strong>dicatur,</strong></span> <span class='ocrx_word' id='word_1_243' title='bbox 1594 1802 1735 1873; x_wconf 91' lang='lat' dir='ltr'><strong>quod</strong></span> <span class='ocrx_word' id='word_1_244' title='bbox 1765 1790 1813 1851; x_wconf 86' lang='grc' dir='ltr'><strong>Β</strong></span> <span class='ocrx_word' id='word_1_245' title='bbox 1842 1788 2135 1856; x_wconf 65' lang='lat' dir='ltr'><strong>pertineat.</strong></span> <span class='ocrx_word' id='word_1_246' title='bbox 2163 1790 2303 1859; x_wconf 76' lang='lat' dir='ltr'><strong>quod</strong></span> <span class='ocrx_word' id='word_1_247' title='bbox 2331 1791 2412 1847; x_wconf 75' lang='lat' dir='ltr'><strong>illi</strong></span> <span class='ocrx_word' id='word_1_248' title='bbox 2440 1806 2913 1852; x_wconf 71' lang='lat' dir='ltr'><strong>murmuraverunt</strong></span> <span class='ocrx_word' id='word_1_249' title='bbox 2958 1801 3014 1854; x_wconf 86' lang='lat' dir='ltr'><strong>in</strong></span> <span class='ocrx_word' id='word_1_250' title='bbox 3062 1800 3314 1865; x_wconf 74' lang='lat' dir='ltr'><strong>deserto.</strong></span> <span class='ocrx_word' id='word_1_251' title='bbox 3341 1799 3431 1855; x_wconf 76' lang='lat' dir='ltr'><strong>vel</strong></span> 
     </span>
    </p>
   </div>
   <div class='ocr_carea' id='block_1_33' title="bbox 151 1885 1734 1963">
    <p class='ocr_par' dir='ltr' id='par_1_33' title="bbox 151 1885 1734 1963">
     <span class='ocr_line' id='line_1_33' title="bbox 151 1885 1734 1963; baseline 0.006 -23"><span class='ocrx_word' id='word_1_252' title='bbox 151 1885 265 1941; x_wconf 87' lang='lat' dir='ltr'><strong>illis</strong></span> <span class='ocrx_word' id='word_1_253' title='bbox 293 1886 491 1943; x_wconf 89' lang='lat' dir='ltr'><strong>dictum</strong></span> <span class='ocrx_word' id='word_1_254' title='bbox 520 1898 632 1953; x_wconf 86' lang='lat' dir='ltr'><strong>est;</strong></span> <span class='ocrx_word' id='word_1_255' title='bbox 671 1904 793 1943; x_wconf 88' lang='lat' dir='ltr'><strong>nam</strong></span> <span class='ocrx_word' id='word_1_256' title='bbox 824 1890 964 1945; x_wconf 79' lang='lat' dir='ltr'><strong>sicut</strong></span> <span class='ocrx_word' id='word_1_257' title='bbox 992 1901 1195 1946; x_wconf 88' lang='lat' dir='ltr'><strong>certum</strong></span> <span class='ocrx_word' id='word_1_258' title='bbox 1223 1898 1339 1961; x_wconf 87' lang='lat' dir='ltr'><strong>est,</strong></span> <span class='ocrx_word' id='word_1_259' title='bbox 1368 1894 1509 1963; x_wconf 89' lang='lat' dir='ltr'><strong>quod</strong></span> <span class='ocrx_word' id='word_1_260' title='bbox 1555 1894 1734 1950; x_wconf 85' lang='lat' dir='ltr'><strong>incre-</strong></span> 
     </span>
    </p>
   </div>
   <div class='ocr_carea' id='block_1_34' title="bbox 154 1974 1738 2052">
    <p class='ocr_par' dir='ltr' id='par_1_34' title="bbox 154 1974 1738 2052">
     <span class='ocr_line' id='line_1_34' title="bbox 154 1974 1738 2052; baseline 0.008 -23"><span class='ocrx_word' id='word_1_261' title='bbox 154 1974 272 2030; x_wconf 82' lang='lat' dir='ltr'><strong>duli</strong></span> <span class='ocrx_word' id='word_1_262' title='bbox 302 1992 408 2033; x_wconf 86' lang='lat' dir='ltr'><strong>non</strong></span> <span class='ocrx_word' id='word_1_263' title='bbox 457 1978 789 2043; x_wconf 86' lang='lat' dir='ltr'><strong>introibunt,</strong></span> <span class='ocrx_word' id='word_1_264' title='bbox 834 1980 915 2035; x_wconf 89' lang='lat' dir='ltr'><strong>sic</strong></span> <span class='ocrx_word' id='word_1_265' title='bbox 953 1990 1157 2035; x_wconf 88' lang='lat' dir='ltr'><strong>certum</strong></span> <span class='ocrx_word' id='word_1_266' title='bbox 1197 1982 1466 2052; x_wconf 79' lang='lat' dir='ltr'><strong>ﬁxumque</strong></span> <span class='ocrx_word' id='word_1_267' title='bbox 1512 1985 1738 2041; x_wconf 84' lang='lat' dir='ltr'><strong>habetur</strong></span> 
     </span>
    </p>
   </div>
   <div class='ocr_carea' id='block_1_35' title="bbox 151 2065 1733 2143">
    <p class='ocr_par' dir='ltr' id='par_1_35' title="bbox 151 2065 1733 2143">
     <span class='ocr_line' id='line_1_35' title="bbox 151 2065 1733 2143; baseline 0.008 -24"><span class='ocrx_word' id='word_1_268' title='bbox 151 2065 302 2135; x_wconf 86' lang='lat' dir='ltr'><strong>quod</strong></span> <span class='ocrx_word' id='word_1_269' title='bbox 327 2068 606 2124; x_wconf 77' lang='lat' dir='ltr'><strong>credentes</strong></span> <span class='ocrx_word' id='word_1_270' title='bbox 633 2068 949 2125; x_wconf 79' lang='lat' dir='ltr'><strong>intrbibunt.</strong></span> <span class='ocrx_word' id='word_1_271' title='bbox 977 2069 1045 2124; x_wconf 87' lang='lat' dir='ltr'><strong>Et</strong></span> <span class='ocrx_word' id='word_1_272' title='bbox 1073 2072 1277 2143; x_wconf 86' lang='lat' dir='ltr'><strong>quidem</strong></span> <span class='ocrx_word' id='word_1_273' title='bbox 1306 2074 1539 2143; x_wconf 83' lang='lat' dir='ltr'><strong>operibus</strong></span> <span class='ocrx_word' id='word_1_274' title='bbox 1566 2076 1630 2130; x_wconf 92' lang='lat' dir='ltr'><strong>ab</strong></span> <span class='ocrx_word' id='word_1_275' title='bbox 1659 2078 1733 2131; x_wconf 85' lang='lat' dir='ltr'><strong>in-</strong></span> 
     </span>
    </p>
   </div>
   <div class='ocr_carea' id='block_1_36' title="bbox 153 2159 1737 2239">
    <p class='ocr_par' dir='ltr' id='par_1_36' title="bbox 153 2159 1737 2239">
     <span class='ocr_line' id='line_1_36' title="bbox 153 2159 1737 2239; baseline 0.008 -27"><span class='ocrx_word' id='word_1_276' title='bbox 153 2159 423 2214; x_wconf 75' lang='lat' dir='ltr'><strong>stitutione</strong></span> <span class='ocrx_word' id='word_1_277' title='bbox 450 2162 625 2215; x_wconf 71' lang='lat' dir='ltr'><strong>mundi</strong></span> <span class='ocrx_word' id='word_1_278' title='bbox 652 2163 904 2233; x_wconf 73' lang='lat' dir='ltr'><strong>perfectis.</strong></span> <span class='ocrx_word' id='word_1_279' title='bbox 937 2164 991 2219; x_wconf 90' lang='lat' dir='ltr'><strong>Id</strong></span> <span class='ocrx_word' id='word_1_280' title='bbox 1021 2174 1103 2220; x_wconf 87' lang='lat' dir='ltr'><strong>est</strong></span> <span class='ocrx_word' id='word_1_281' title='bbox 1123 2210 1137 2233; x_wconf 91' lang='lat'><strong>,</strong></span> <span class='ocrx_word' id='word_1_282' title='bbox 1180 2177 1372 2221; x_wconf 87' lang='lat' dir='ltr'><strong>ornatu</strong></span> <span class='ocrx_word' id='word_1_283' title='bbox 1403 2168 1585 2223; x_wconf 91' lang='lat' dir='ltr'><strong>mundi</strong></span> <span class='ocrx_word' id='word_1_284' title='bbox 1615 2184 1737 2239; x_wconf 84' lang='lat' dir='ltr'><strong>pcr-</strong></span> 
     </span>
    </p>
   </div>
   <div class='ocr_carea' id='block_1_37' title="bbox 155 2252 1734 2332">
    <p class='ocr_par' dir='ltr' id='par_1_37' title="bbox 155 2252 1734 2332">
     <span class='ocr_line' id='line_1_37' title="bbox 155 2252 1734 2332; baseline 0.006 -27"><span class='ocrx_word' id='word_1_285' title='bbox 155 2252 320 2309; x_wconf 86' lang='lat' dir='ltr'><strong>fecto.</strong></span> <span class='ocrx_word' id='word_1_286' title='bbox 350 2254 495 2308; x_wconf 69' lang='lat' dir='ltr'><strong>Dixit</strong></span> <span class='ocrx_word' id='word_1_287' title='bbox 536 2258 671 2310; x_wconf 84' lang='lat' dir='ltr'><strong>enim</strong></span> <span class='ocrx_word' id='word_1_288' title='bbox 708 2258 763 2311; x_wconf 88' lang='lat' dir='ltr'><strong>in</strong></span> <span class='ocrx_word' id='word_1_289' title='bbox 789 2261 1009 2327; x_wconf 78' lang='lat' dir='ltr'><strong>quodam</strong></span> <span class='ocrx_word' id='word_1_290' title='bbox 1037 2259 1149 2313; x_wconf 88' lang='lat' dir='ltr'><strong>loco</strong></span> <span class='ocrx_word' id='word_1_291' title='bbox 1177 2260 1241 2313; x_wconf 85' lang='lat' dir='ltr'><strong>de</strong></span> <span class='ocrx_word' id='word_1_292' title='bbox 1268 2262 1350 2315; x_wconf 83' lang='lat' dir='ltr'><strong>die</strong></span> <span class='ocrx_word' id='word_1_293' title='bbox 1372 2262 1589 2332; x_wconf 82' lang='lat' dir='ltr'><strong>septima</strong></span> <span class='ocrx_word' id='word_1_294' title='bbox 1613 2263 1687 2315; x_wconf 87' lang='lat' dir='ltr'><strong>sic</strong></span> <span class='ocrx_word' id='word_1_295' title='bbox 1715 2277 1734 2315; x_wconf 72' lang='grc' dir='ltr'><em>ι</em></span> 
     </span>
    </p>
   </div>
   <div class='ocr_carea' id='block_1_38' title="bbox 154 2341 1731 2422">
    <p class='ocr_par' dir='ltr' id='par_1_38' title="bbox 154 2341 1731 2422">
     <span class='ocr_line' id='line_1_38' title="bbox 154 2341 1731 2422; baseline 0.006 -25"><span class='ocrx_word' id='word_1_296' title='bbox 154 2341 225 2397; x_wconf 83' lang='grc' dir='ltr'>Ει</span> <span class='ocrx_word' id='word_1_297' title='bbox 254 2346 493 2413; x_wconf 70' lang='lat' dir='ltr'><strong>requievit</strong></span> <span class='ocrx_word' id='word_1_298' title='bbox 519 2347 656 2403; x_wconf 85' lang='lat' dir='ltr'><strong>Deus</strong></span> <span class='ocrx_word' id='word_1_299' title='bbox 678 2349 762 2403; x_wconf 87' lang='lat' dir='ltr'><strong>die</strong></span> <span class='ocrx_word' id='word_1_300' title='bbox 783 2352 999 2420; x_wconf 82' lang='lat' dir='ltr'><strong>septima</strong></span> <span class='ocrx_word' id='word_1_301' title='bbox 1022 2352 1085 2404; x_wconf 88' lang='lat' dir='ltr'><strong>ab</strong></span> <span class='ocrx_word' id='word_1_302' title='bbox 1106 2352 1337 2406; x_wconf 82' lang='lat' dir='ltr'><strong>omnibus</strong></span> <span class='ocrx_word' id='word_1_303' title='bbox 1356 2355 1589 2422; x_wconf 76' lang='lat' dir='ltr'><strong>operibus</strong></span> <span class='ocrx_word' id='word_1_304' title='bbox 1606 2356 1731 2408; x_wconf 87' lang='lat' dir='ltr'><strong>suis.</strong></span> 
     </span>
    </p>
   </div>
   <div class='ocr_carea' id='block_1_39' title="bbox 154 2433 1736 2514">
    <p class='ocr_par' dir='ltr' id='par_1_39' title="bbox 154 2433 1736 2514">
     <span class='ocr_line' id='line_1_39' title="bbox 154 2433 1736 2514; baseline 0.007 -24"><span class='ocrx_word' id='word_1_305' title='bbox 154 2433 216 2490; x_wconf 81' lang='lat' dir='ltr'><strong>In</strong></span> <span class='ocrx_word' id='word_1_306' title='bbox 247 2434 442 2492; x_wconf 82' lang='lat' dir='ltr'><strong>Genesi</strong></span> <span class='ocrx_word' id='word_1_307' title='bbox 471 2438 607 2493; x_wconf 76' lang='lat' dir='ltr'><strong>dixit</strong></span> <span class='ocrx_word' id='word_1_308' title='bbox 634 2440 772 2495; x_wconf 83' lang='lat' dir='ltr'><strong>Deus</strong></span> <span class='ocrx_word' id='word_1_309' title='bbox 818 2456 916 2510; x_wconf 85' lang='lat' dir='ltr'><strong>per</strong></span> <span class='ocrx_word' id='word_1_310' title='bbox 960 2441 1178 2514; x_wconf 73' lang='lat' dir='ltr'><strong>Moysen</strong></span> <span class='ocrx_word' id='word_1_311' title='bbox 1231 2444 1392 2499; x_wconf 85' lang='lat' dir='ltr'><strong>istud.</strong></span> <span class='ocrx_word' id='word_1_312' title='bbox 1436 2444 1527 2500; x_wconf 89' lang='lat' dir='ltr'><strong>His</strong></span> <span class='ocrx_word' id='word_1_313' title='bbox 1559 2446 1736 2501; x_wconf 81' lang='lat' dir='ltr'><strong>verbis</strong></span> 
     </span>
    </p>
   </div>
   <div class='ocr_carea' id='block_1_40' title="bbox 156 2530 1737 2608">
    <p class='ocr_par' dir='ltr' id='par_1_40' title="bbox 156 2530 1737 2608">
     <span class='ocr_line' id='line_1_40' title="bbox 156 2530 1737 2608; baseline 0.006 -22"><span class='ocrx_word' id='word_1_314' title='bbox 156 2530 277 2586; x_wconf 90' lang='lat' dir='ltr'><strong>vult</strong></span> <span class='ocrx_word' id='word_1_315' title='bbox 319 2531 607 2600; x_wconf 78' lang='lat' dir='ltr'><strong>Apostolus</strong></span> <span class='ocrx_word' id='word_1_316' title='bbox 652 2533 938 2590; x_wconf 79' lang='lat' dir='ltr'><strong>ostendere</strong></span> <span class='ocrx_word' id='word_1_317' title='bbox 993 2535 1149 2591; x_wconf 87' lang='lat' dir='ltr'><strong>aliam</strong></span> <span class='ocrx_word' id='word_1_318' title='bbox 1201 2550 1323 2593; x_wconf 83' lang='lat' dir='ltr'><strong>esse</strong></span> <span class='ocrx_word' id='word_1_319' title='bbox 1371 2538 1608 2608; x_wconf 86' lang='lat' dir='ltr'><strong>requiem</strong></span> <span class='ocrx_word' id='word_1_320' title='bbox 1666 2539 1737 2595; x_wconf 90' lang='lat' dir='ltr'><strong>ad</strong></span> 
     </span>
    </p>
   </div>
   <div class='ocr_carea' id='block_1_41' title="bbox 154 2626 1735 2701">
    <p class='ocr_par' dir='ltr' id='par_1_41' title="bbox 154 2626 1735 2701">
     <span class='ocr_line' id='line_1_41' title="bbox 154 2626 1735 2701; baseline 0.009 -23"><span class='ocrx_word' id='word_1_321' title='bbox 154 2640 319 2696; x_wconf 87' lang='lat' dir='ltr'><strong>quam</strong></span> <span class='ocrx_word' id='word_1_322' title='bbox 345 2626 517 2682; x_wconf 77' lang='lat' dir='ltr'><strong>vocati</strong></span> <span class='ocrx_word' id='word_1_323' title='bbox 541 2640 728 2684; x_wconf 84' lang='lat' dir='ltr'><strong>sumus</strong></span> <span class='ocrx_word' id='word_1_324' title='bbox 754 2644 913 2699; x_wconf 86' lang='lat' dir='ltr'><strong>quam</strong></span> <span class='ocrx_word' id='word_1_325' title='bbox 939 2629 1113 2687; x_wconf 89' lang='lat' dir='ltr'><strong>fuerat</strong></span> <span class='ocrx_word' id='word_1_326' title='bbox 1139 2633 1228 2687; x_wconf 88' lang='lat' dir='ltr'><strong>illa</strong></span> <span class='ocrx_word' id='word_1_327' title='bbox 1257 2633 1309 2689; x_wconf 89' lang='lat' dir='ltr'><strong>in</strong></span> <span class='ocrx_word' id='word_1_328' title='bbox 1339 2632 1640 2701; x_wconf 65' lang='lat' dir='ltr'><strong>Palaestina,</strong></span> <span class='ocrx_word' id='word_1_329' title='bbox 1668 2636 1735 2692; x_wconf 88' lang='lat' dir='ltr'><strong>ad</strong></span> 
     </span>
    </p>
   </div>
   <div class='ocr_carea' id='block_1_42' title="bbox 151 2715 1738 2786">
    <p class='ocr_par' dir='ltr' id='par_1_42' title="bbox 151 2715 1738 2786">
     <span class='ocr_line' id='line_1_42' title="bbox 151 2715 1738 2786; baseline 0.009 -17"><span class='ocrx_word' id='word_1_330' title='bbox 151 2729 323 2786; x_wconf 87' lang='lat' dir='ltr'><strong>quam</strong></span> <span class='ocrx_word' id='word_1_331' title='bbox 351 2715 521 2773; x_wconf 70' lang='lat' dir='ltr'><strong>Judaei</strong></span> <span class='ocrx_word' id='word_1_332' title='bbox 548 2717 721 2773; x_wconf 88' lang='lat' dir='ltr'><strong>vocati</strong></span> <span class='ocrx_word' id='word_1_333' title='bbox 759 2729 900 2775; x_wconf 91' lang='lat' dir='ltr'><strong>sunt.</strong></span> <span class='ocrx_word' id='word_1_334' title='bbox 932 2723 1048 2777; x_wconf 83' lang='lat' dir='ltr'><strong>Non</strong></span> <span class='ocrx_word' id='word_1_335' title='bbox 1076 2722 1207 2778; x_wconf 88' lang='lat' dir='ltr'><strong>dicit</strong></span> <span class='ocrx_word' id='word_1_336' title='bbox 1239 2739 1337 2779; x_wconf 90' lang='lat' dir='ltr'><strong>nos</strong></span> <span class='ocrx_word' id='word_1_337' title='bbox 1362 2722 1653 2782; x_wconf 86' lang='lat' dir='ltr'><strong>intraturos</strong></span> <span class='ocrx_word' id='word_1_338' title='bbox 1682 2728 1738 2782; x_wconf 89' lang='lat' dir='ltr'><strong>in</strong></span> 
     </span>
    </p>
   </div>
   <div class='ocr_carea' id='block_1_43' title="bbox 154 2807 1739 2881">
    <p class='ocr_par' dir='ltr' id='par_1_43' title="bbox 154 2807 1739 2881">
     <span class='ocr_line' id='line_1_43' title="bbox 154 2807 1739 2881; baseline 0.009 -20"><span class='ocrx_word' id='word_1_339' title='bbox 154 2807 309 2863; x_wconf 83' lang='lat' dir='ltr'><strong>illam</strong></span> <span class='ocrx_word' id='word_1_340' title='bbox 337 2822 460 2879; x_wconf 63' lang='lat' dir='ltr'><strong>qua</strong></span> <span class='ocrx_word' id='word_1_341' title='bbox 486 2808 586 2864; x_wconf 69' lang='lat' dir='ltr'><strong>fuit</strong></span> <span class='ocrx_word' id='word_1_342' title='bbox 625 2810 680 2865; x_wconf 90' lang='lat' dir='ltr'><strong>in</strong></span> <span class='ocrx_word' id='word_1_343' title='bbox 708 2809 987 2867; x_wconf 73' lang='lat' dir='ltr'><strong>Palaestina</strong></span> <span class='ocrx_word' id='word_1_344' title='bbox 1009 2853 1025 2881; x_wconf 96' lang='lat'><strong>,</strong></span> <span class='ocrx_word' id='word_1_345' title='bbox 1056 2815 1151 2870; x_wconf 88' lang='lat' dir='ltr'><strong>sed</strong></span> <span class='ocrx_word' id='word_1_346' title='bbox 1193 2818 1425 2871; x_wconf 84' lang='lat' dir='ltr'><strong>ostendit</strong></span> <span class='ocrx_word' id='word_1_347' title='bbox 1472 2818 1590 2872; x_wconf 88' lang='lat' dir='ltr'><strong>illos</strong></span> <span class='ocrx_word' id='word_1_348' title='bbox 1631 2833 1739 2875; x_wconf 89' lang='lat' dir='ltr'><strong>non</strong></span> 
     </span>
    </p>
   </div>
   <div class='ocr_carea' id='block_1_44' title="bbox 154 2896 1741 2972">
    <p class='ocr_par' dir='ltr' id='par_1_44' title="bbox 154 2896 1741 2972">
     <span class='ocr_line' id='line_1_44' title="bbox 154 2896 1741 2972; baseline 0.009 -20"><span class='ocrx_word' id='word_1_349' title='bbox 154 2896 388 2955; x_wconf 79' lang='lat' dir='ltr'><strong>intrasse</strong></span> <span class='ocrx_word' id='word_1_350' title='bbox 414 2908 630 2971; x_wconf 80' lang='lat' dir='ltr'><strong>propter</strong></span> <span class='ocrx_word' id='word_1_351' title='bbox 650 2901 899 2957; x_wconf 87' lang='lat' dir='ltr'><strong>duritiam</strong></span> <span class='ocrx_word' id='word_1_352' title='bbox 925 2905 1102 2960; x_wconf 90' lang='lat' dir='ltr'><strong>cordis</strong></span> <span class='ocrx_word' id='word_1_353' title='bbox 1128 2906 1231 2972; x_wconf 89' lang='lat' dir='ltr'><strong>sui,</strong></span> <span class='ocrx_word' id='word_1_354' title='bbox 1266 2923 1365 2963; x_wconf 88' lang='lat' dir='ltr'><strong>nec</strong></span> <span class='ocrx_word' id='word_1_355' title='bbox 1395 2910 1454 2964; x_wconf 83' lang='lat' dir='ltr'><strong>in</strong></span> <span class='ocrx_word' id='word_1_356' title='bbox 1502 2909 1741 2967; x_wconf 67' lang='lat' dir='ltr'><strong>Palaesti-</strong></span> 
     </span>
    </p>
   </div>
   <div class='ocr_carea' id='block_1_45' title="bbox 157 2991 1737 3072">
    <p class='ocr_par' dir='ltr' id='par_1_45' title="bbox 157 2991 1737 3072">
     <span class='ocr_line' id='line_1_45' title="bbox 157 2991 1737 3072; baseline 0.011 -31"><span class='ocrx_word' id='word_1_357' title='bbox 157 3003 308 3056; x_wconf 88' lang='lat' dir='ltr'><strong>nam,</strong></span> <span class='ocrx_word' id='word_1_358' title='bbox 338 3004 438 3045; x_wconf 86' lang='lat' dir='ltr'><strong>nec</strong></span> <span class='ocrx_word' id='word_1_359' title='bbox 464 2991 517 3047; x_wconf 92' lang='lat' dir='ltr'><strong>in</strong></span> <span class='ocrx_word' id='word_1_360' title='bbox 542 2992 780 3062; x_wconf 87' lang='lat' dir='ltr'><strong>requiem</strong></span> <span class='ocrx_word' id='word_1_361' title='bbox 818 2994 1094 3052; x_wconf 72' lang='lat' dir='ltr'><strong>cmlestem</strong></span> <span class='ocrx_word' id='word_1_362' title='bbox 1121 3040 1135 3065; x_wconf 96' lang='lat'><strong>,</strong></span> <span class='ocrx_word' id='word_1_363' title='bbox 1165 2998 1294 3054; x_wconf 92' lang='lat' dir='ltr'><strong>dicit</strong></span> <span class='ocrx_word' id='word_1_364' title='bbox 1321 3015 1449 3070; x_wconf 87' lang='lat' dir='ltr'><strong>ergo</strong></span> <span class='ocrx_word' id='word_1_365' title='bbox 1476 3001 1543 3058; x_wconf 90' lang='lat' dir='ltr'><strong>de</strong></span> <span class='ocrx_word' id='word_1_366' title='bbox 1570 3003 1737 3072; x_wconf 90' lang='lat' dir='ltr'><strong>prima</strong></span> 
     </span>
    </p>
   </div>
   <div class='ocr_carea' id='block_1_46' title="bbox 155 3082 1732 3162">
    <p class='ocr_par' dir='ltr' id='par_1_46' title="bbox 155 3082 1732 3162">
     <span class='ocr_line' id='line_1_46' title="bbox 155 3082 1732 3162; baseline 0.011 -28"><span class='ocrx_word' id='word_1_367' title='bbox 155 3082 340 3151; x_wconf 87' lang='lat' dir='ltr'><strong>requie</strong></span> <span class='ocrx_word' id='word_1_368' title='bbox 372 3083 451 3138; x_wconf 88' lang='lat' dir='ltr'><strong>sic</strong></span> <span class='ocrx_word' id='word_1_369' title='bbox 478 3100 493 3137; x_wconf 89' lang='lat'><strong>:</strong></span> <span class='ocrx_word' id='word_1_370' title='bbox 523 3084 803 3155; x_wconf 81' lang='lat' dir='ltr'><strong>Requievit</strong></span> <span class='ocrx_word' id='word_1_371' title='bbox 832 3088 1088 3146; x_wconf 87' lang='lat' dir='ltr'><strong>Dominus</strong></span> <span class='ocrx_word' id='word_1_372' title='bbox 1122 3091 1210 3147; x_wconf 89' lang='lat' dir='ltr'><strong>die</strong></span> <span class='ocrx_word' id='word_1_373' title='bbox 1240 3093 1464 3162; x_wconf 82' lang='lat' dir='ltr'><strong>septima</strong></span> <span class='ocrx_word' id='word_1_374' title='bbox 1497 3097 1564 3152; x_wconf 90' lang='lat' dir='ltr'><strong>ab</strong></span> <span class='ocrx_word' id='word_1_375' title='bbox 1611 3112 1732 3151; x_wconf 92' lang='lat' dir='ltr'><strong>om-</strong></span> 
     </span>
    </p>
   </div>
   <div class='ocr_carea' id='block_1_47' title="bbox 1837 1878 3433 1960">
    <p class='ocr_par' dir='ltr' id='par_1_47' title="bbox 1837 1878 3433 1960">
     <span class='ocr_line' id='line_1_47' title="bbox 1837 1878 3433 1960; baseline 0.009 -27"><span class='ocrx_word' id='word_1_376' title='bbox 1837 1878 1981 1948; x_wconf 92' lang='lat' dir='ltr'><strong>quod</strong></span> <span class='ocrx_word' id='word_1_377' title='bbox 2006 1894 2167 1936; x_wconf 83' lang='lat' dir='ltr'><strong>causa</strong></span> <span class='ocrx_word' id='word_1_378' title='bbox 2195 1881 2382 1938; x_wconf 88' lang='lat' dir='ltr'><strong>salutis</strong></span> <span class='ocrx_word' id='word_1_379' title='bbox 2418 1883 2632 1940; x_wconf 78' lang='lat' dir='ltr'><strong>illorum</strong></span> <span class='ocrx_word' id='word_1_380' title='bbox 2675 1885 2917 1955; x_wconf 87' lang='lat' dir='ltr'><strong>dixerit,</strong></span> <span class='ocrx_word' id='word_1_381' title='bbox 2953 1889 3049 1960; x_wconf 89' lang='lat' dir='ltr'><strong>qui</strong></span> <span class='ocrx_word' id='word_1_382' title='bbox 3086 1892 3193 1958; x_wconf 69' lang='lat' dir='ltr'><strong>iam</strong></span> <span class='ocrx_word' id='word_1_383' title='bbox 3225 1890 3433 1946; x_wconf 83' lang='lat' dir='ltr'><strong>mortui</strong></span> 
     </span>
    </p>
   </div>
   <div class='ocr_carea' id='block_1_48' title="bbox 1844 1970 3424 2047">
    <p class='ocr_par' dir='ltr' id='par_1_48' title="bbox 1844 1970 3424 2047">
     <span class='ocr_line' id='line_1_48' title="bbox 1844 1970 3424 2047; baseline 0.009 -26"><span class='ocrx_word' id='word_1_384' title='bbox 1844 1976 2016 2036; x_wconf 86' lang='lat' dir='ltr'><strong>erant,</strong></span> <span class='ocrx_word' id='word_1_385' title='bbox 2047 1970 2296 2040; x_wconf 82' lang='lat' dir='ltr'><strong>quoniam</strong></span> <span class='ocrx_word' id='word_1_386' title='bbox 2322 1971 2389 2027; x_wconf 86' lang='lat' dir='ltr'><strong>ad</strong></span> <span class='ocrx_word' id='word_1_387' title='bbox 2412 1973 2558 2029; x_wconf 85' lang='lat' dir='ltr'><strong>aliud</strong></span> <span class='ocrx_word' id='word_1_388' title='bbox 2588 1982 2797 2045; x_wconf 87' lang='lat' dir='ltr'><strong>tempus</strong></span> <span class='ocrx_word' id='word_1_389' title='bbox 2820 1983 3069 2047; x_wconf 89' lang='lat' dir='ltr'><strong>pertinet,</strong></span> <span class='ocrx_word' id='word_1_390' title='bbox 3090 1981 3336 2038; x_wconf 87' lang='lat' dir='ltr'><strong>videlicet</strong></span> <span class='ocrx_word' id='word_1_391' title='bbox 3354 1981 3424 2036; x_wconf 85' lang='lat' dir='ltr'><strong>ad</strong></span> 
     </span>
    </p>
   </div>
   <div class='ocr_carea' id='block_1_49' title="bbox 1845 2061 3430 2132">
    <p class='ocr_par' dir='ltr' id='par_1_49' title="bbox 1845 2061 3430 2132">
     <span class='ocr_line' id='line_1_49' title="bbox 1845 2061 3430 2132; baseline 0.01 -20"><span class='ocrx_word' id='word_1_392' title='bbox 1845 2066 2055 2128; x_wconf 85' lang='lat' dir='ltr'><strong>tempus</strong></span> <span class='ocrx_word' id='word_1_393' title='bbox 2083 2062 2207 2117; x_wconf 89' lang='lat' dir='ltr'><strong>novi</strong></span> <span class='ocrx_word' id='word_1_394' title='bbox 2237 2061 2587 2132; x_wconf 79' lang='lat' dir='ltr'><strong>Testamenti,</strong></span> <span class='ocrx_word' id='word_1_395' title='bbox 2632 2082 2664 2122; x_wconf 89' lang='lat' dir='ltr'><strong>a</strong></span> <span class='ocrx_word' id='word_1_396' title='bbox 2689 2068 2777 2124; x_wconf 90' lang='lat' dir='ltr'><strong>die</strong></span> <span class='ocrx_word' id='word_1_397' title='bbox 2818 2070 2962 2125; x_wconf 90' lang='lat' dir='ltr'><strong>enim</strong></span> <span class='ocrx_word' id='word_1_398' title='bbox 2994 2074 3430 2128; x_wconf 77' lang='lat' dir='ltr'><strong>murmurationis</strong></span> 
     </span>
    </p>
   </div>
   <div class='ocr_carea' id='block_1_50' title="bbox 1848 2151 3429 2234">
    <p class='ocr_par' dir='ltr' id='par_1_50' title="bbox 1848 2151 3429 2234">
     <span class='ocr_line' id='line_1_50' title="bbox 1848 2151 3429 2234; baseline 0.012 -31"><span class='ocrx_word' id='word_1_399' title='bbox 1848 2162 2035 2205; x_wconf 85' lang='lat' dir='ltr'><strong>eorum</strong></span> <span class='ocrx_word' id='word_1_400' title='bbox 2066 2151 2120 2206; x_wconf 87' lang='lat' dir='ltr'><strong>in</strong></span> <span class='ocrx_word' id='word_1_401' title='bbox 2148 2152 2362 2210; x_wconf 85' lang='lat' dir='ltr'><strong>deserto</strong></span> <span class='ocrx_word' id='word_1_402' title='bbox 2389 2156 2614 2215; x_wconf 85' lang='lat' dir='ltr'><strong>multum</strong></span> <span class='ocrx_word' id='word_1_403' title='bbox 2656 2167 2867 2230; x_wconf 86' lang='lat' dir='ltr'><strong>tempus</strong></span> <span class='ocrx_word' id='word_1_404' title='bbox 2895 2170 2979 2216; x_wconf 89' lang='lat' dir='ltr'><strong>est</strong></span> <span class='ocrx_word' id='word_1_405' title='bbox 3027 2178 3194 2234; x_wconf 89' lang='lat' dir='ltr'><strong>usque</strong></span> <span class='ocrx_word' id='word_1_406' title='bbox 3222 2165 3288 2219; x_wconf 91' lang='lat' dir='ltr'><strong>ad</strong></span> <span class='ocrx_word' id='word_1_407' title='bbox 3320 2166 3429 2221; x_wconf 87' lang='lat' dir='ltr'><strong>Da-</strong></span> 
     </span>
    </p>
   </div>
   <div class='ocr_carea' id='block_1_51' title="bbox 1842 2239 3426 2325">
    <p class='ocr_par' dir='ltr' id='par_1_51' title="bbox 1842 2239 3426 2325">
     <span class='ocr_line' id='line_1_51' title="bbox 1842 2239 3426 2325; baseline 0.014 -34"><span class='ocrx_word' id='word_1_408' title='bbox 1842 2239 1928 2294; x_wconf 90' lang='lat' dir='ltr'><strong>vid</strong></span> <span class='ocrx_word' id='word_1_409' title='bbox 1970 2250 2024 2295; x_wconf 89' lang='lat' dir='ltr'><strong>et</strong></span> <span class='ocrx_word' id='word_1_410' title='bbox 2055 2256 2223 2311; x_wconf 89' lang='lat' dir='ltr'><strong>usque</strong></span> <span class='ocrx_word' id='word_1_411' title='bbox 2260 2245 2326 2300; x_wconf 89' lang='lat' dir='ltr'><strong>ad</strong></span> <span class='ocrx_word' id='word_1_412' title='bbox 2363 2261 2499 2314; x_wconf 90' lang='lat' dir='ltr'><strong>nos,</strong></span> <span class='ocrx_word' id='word_1_413' title='bbox 2529 2249 2722 2317; x_wconf 90' lang='lat' dir='ltr'><strong>quibus</strong></span> <span class='ocrx_word' id='word_1_414' title='bbox 2760 2252 2923 2307; x_wconf 85' lang='lat' dir='ltr'><strong>David</strong></span> <span class='ocrx_word' id='word_1_415' title='bbox 2956 2254 3055 2307; x_wconf 78' lang='lat' dir='ltr'><strong>iSta</strong></span> <span class='ocrx_word' id='word_1_416' title='bbox 3085 2254 3426 2325; x_wconf 84' lang='lat' dir='ltr'><strong>loquebatur,</strong></span> 
     </span>
    </p>
   </div>
   <div class='ocr_carea' id='block_1_52' title="bbox 1844 2328 3431 2413">
    <p class='ocr_par' dir='ltr' id='par_1_52' title="bbox 1844 2328 3431 2413">
     <span class='ocr_line' id='line_1_52' title="bbox 1844 2328 3431 2413; baseline 0.013 -31"><span class='ocrx_word' id='word_1_417' title='bbox 1844 2328 2114 2401; x_wconf 86' lang='lat' dir='ltr'><strong>simulque</strong></span> <span class='ocrx_word' id='word_1_418' title='bbox 2139 2335 2587 2393; x_wconf 86' lang='lat' dir='ltr'><strong>considerandum</strong></span> <span class='ocrx_word' id='word_1_419' title='bbox 2631 2340 2773 2396; x_wconf 86' lang='lat' dir='ltr'><strong>diem</strong></span> <span class='ocrx_word' id='word_1_420' title='bbox 2832 2356 2928 2411; x_wconf 87' lang='lat' dir='ltr'><strong>pro</strong></span> <span class='ocrx_word' id='word_1_421' title='bbox 2973 2350 3214 2413; x_wconf 83' lang='lat' dir='ltr'><strong>tempore</strong></span> <span class='ocrx_word' id='word_1_422' title='bbox 3254 2347 3431 2402; x_wconf 85' lang='lat' dir='ltr'><strong>domi-</strong></span> 
     </span>
    </p>
   </div>
   <div class='ocr_carea' id='block_1_53' title="bbox 1844 2418 3433 2504">
    <p class='ocr_par' dir='ltr' id='par_1_53' title="bbox 1844 2418 3433 2504">
     <span class='ocr_line' id='line_1_53' title="bbox 1844 2418 3433 2504; baseline 0.013 -32"><span class='ocrx_word' id='word_1_423' title='bbox 1844 2418 1949 2477; x_wconf 89' lang='lat' dir='ltr'><strong>nici</strong></span> <span class='ocrx_word' id='word_1_424' title='bbox 1971 2421 2253 2491; x_wconf 79' lang='lat' dir='ltr'><strong>adventus,</strong></span> <span class='ocrx_word' id='word_1_425' title='bbox 2306 2427 2537 2497; x_wconf 75' lang='lat' dir='ltr'><strong>novique</strong></span> <span class='ocrx_word' id='word_1_426' title='bbox 2563 2428 2895 2487; x_wconf 84' lang='lat' dir='ltr'><strong>Testamenti</strong></span> <span class='ocrx_word' id='word_1_427' title='bbox 2938 2435 3332 2504; x_wconf 86' lang='lat' dir='ltr'><strong>accipiendum.</strong></span> <span class='ocrx_word' id='word_1_428' title='bbox 3363 2436 3433 2491; x_wconf 87' lang='lat' dir='ltr'><strong>Et</strong></span> 
     </span>
    </p>
   </div>
   <div class='ocr_carea' id='block_1_54' title="bbox 1846 2512 3434 2595">
    <p class='ocr_par' dir='ltr' id='par_1_54' title="bbox 1846 2512 3434 2595">
     <span class='ocr_line' id='line_1_54' title="bbox 1846 2512 3434 2595; baseline 0.012 -30"><span class='ocrx_word' id='word_1_429' title='bbox 1846 2512 1984 2580; x_wconf 86' lang='lat' dir='ltr'><strong>quod</strong></span> <span class='ocrx_word' id='word_1_430' title='bbox 2015 2513 2147 2571; x_wconf 87' lang='lat' dir='ltr'><strong>dixit</strong></span> <span class='ocrx_word' id='word_1_431' title='bbox 2177 2533 2192 2569; x_wconf 89' lang='lat'><strong>:</strong></span> <span class='ocrx_word' id='word_1_432' title='bbox 2224 2515 2281 2571; x_wconf 86' lang='lat' dir='ltr'><strong>in</strong></span> <span class='ocrx_word' id='word_1_433' title='bbox 2314 2517 2501 2587; x_wconf 85' lang='lat' dir='ltr'><strong>David,</strong></span> <span class='ocrx_word' id='word_1_434' title='bbox 2535 2520 2642 2576; x_wconf 83' lang='lat' dir='ltr'><strong>talo</strong></span> <span class='ocrx_word' id='word_1_435' title='bbox 2672 2530 2776 2589; x_wconf 84' lang='lat' dir='ltr'><strong>est,</strong></span> <span class='ocrx_word' id='word_1_436' title='bbox 2804 2524 2957 2593; x_wconf 86' lang='lat' dir='ltr'><strong>quasi</strong></span> <span class='ocrx_word' id='word_1_437' title='bbox 2980 2540 3076 2595; x_wconf 89' lang='lat' dir='ltr'><strong>per</strong></span> <span class='ocrx_word' id='word_1_438' title='bbox 3100 2526 3288 2593; x_wconf 80' lang='lat' dir='ltr'><strong>David,</strong></span> <span class='ocrx_word' id='word_1_439' title='bbox 3317 2544 3434 2584; x_wconf 78' lang='lat' dir='ltr'><strong>mu-</strong></span> 
     </span>
    </p>
   </div>
   <div class='ocr_carea' id='block_1_55' title="bbox 1848 2609 3433 2677">
    <p class='ocr_par' dir='ltr' id='par_1_55' title="bbox 1848 2609 3433 2677">
     <span class='ocr_line' id='line_1_55' title="bbox 1848 2609 3433 2677; baseline 0.012 -18"><span class='ocrx_word' id='word_1_440' title='bbox 1848 2612 1967 2661; x_wconf 84' lang='lat' dir='ltr'><strong>tans</strong></span> <span class='ocrx_word' id='word_1_441' title='bbox 1990 2609 2419 2676; x_wconf 63' lang='lat' dir='ltr'><strong>praepositionem</strong></span> <span class='ocrx_word' id='word_1_442' title='bbox 2452 2628 2605 2669; x_wconf 90' lang='lat' dir='ltr'><strong>more</strong></span> <span class='ocrx_word' id='word_1_443' title='bbox 2630 2615 2812 2671; x_wconf 85' lang='lat' dir='ltr'><strong>solito.</strong></span> <span class='ocrx_word' id='word_1_444' title='bbox 2842 2616 3025 2674; x_wconf 86' lang='lat' dir='ltr'><strong>Potest</strong></span> <span class='ocrx_word' id='word_1_445' title='bbox 3066 2629 3123 2675; x_wconf 92' lang='lat' dir='ltr'><strong>et</strong></span> <span class='ocrx_word' id='word_1_446' title='bbox 3169 2621 3241 2677; x_wconf 84' lang='lat' dir='ltr'><strong>ita</strong></span> <span class='ocrx_word' id='word_1_447' title='bbox 3271 2622 3433 2677; x_wconf 85' lang='lat' dir='ltr'><strong>intel—</strong></span> 
     </span>
    </p>
   </div>
   <div class='ocr_carea' id='block_1_56' title="bbox 1845 2696 3429 2779">
    <p class='ocr_par' dir='ltr' id='par_1_56' title="bbox 1845 2696 3429 2779">
     <span class='ocr_line' id='line_1_56' title="bbox 1845 2696 3429 2779; baseline 0.012 -29"><span class='ocrx_word' id='word_1_448' title='bbox 1845 2696 1957 2767; x_wconf 84' lang='lat' dir='ltr'><strong>ligi,</strong></span> <span class='ocrx_word' id='word_1_449' title='bbox 1982 2702 2126 2770; x_wconf 89' lang='lat' dir='ltr'><strong>quod</strong></span> <span class='ocrx_word' id='word_1_450' title='bbox 2153 2702 2288 2759; x_wconf 88' lang='lat' dir='ltr'><strong>dixit</strong></span> <span class='ocrx_word' id='word_1_451' title='bbox 2326 2719 2343 2758; x_wconf 89' lang='lat'><strong>:</strong></span> <span class='ocrx_word' id='word_1_452' title='bbox 2374 2704 2655 2760; x_wconf 82' lang='lat' dir='ltr'><strong>Terminat</strong></span> <span class='ocrx_word' id='word_1_453' title='bbox 2676 2708 2959 2776; x_wconf 82' lang='lat' dir='ltr'><strong>quamdam</strong></span> <span class='ocrx_word' id='word_1_454' title='bbox 2987 2710 3131 2767; x_wconf 88' lang='lat' dir='ltr'><strong>diem</strong></span> <span class='ocrx_word' id='word_1_455' title='bbox 3149 2752 3165 2777; x_wconf 95' lang='lat'><strong>,</strong></span> <span class='ocrx_word' id='word_1_456' title='bbox 3194 2712 3297 2767; x_wconf 83' lang='lat' dir='ltr'><strong>hoc</strong></span> <span class='ocrx_word' id='word_1_457' title='bbox 3322 2720 3429 2779; x_wconf 90' lang='lat' dir='ltr'><strong>est,</strong></span> 
     </span>
    </p>
   </div>
   <div class='ocr_carea' id='block_1_57' title="bbox 1844 2793 3430 2875">
    <p class='ocr_par' dir='ltr' id='par_1_57' title="bbox 1844 2793 3430 2875">
     <span class='ocr_line' id='line_1_57' title="bbox 1844 2793 3430 2875; baseline 0.008 -29"><span class='ocrx_word' id='word_1_458' title='bbox 1844 2793 2131 2850; x_wconf 75' lang='lat' dir='ltr'><strong>terminum</strong></span> <span class='ocrx_word' id='word_1_459' title='bbox 2157 2804 2215 2851; x_wconf 90' lang='lat' dir='ltr'><strong>et</strong></span> <span class='ocrx_word' id='word_1_460' title='bbox 2245 2796 2405 2852; x_wconf 87' lang='lat' dir='ltr'><strong>tinem</strong></span> <span class='ocrx_word' id='word_1_461' title='bbox 2435 2797 2587 2867; x_wconf 87' lang='lat' dir='ltr'><strong>ponit</strong></span> <span class='ocrx_word' id='word_1_462' title='bbox 2630 2797 2864 2869; x_wconf 88' lang='lat' dir='ltr'><strong>Spiritus</strong></span> <span class='ocrx_word' id='word_1_463' title='bbox 2910 2810 3131 2859; x_wconf 87' lang='lat' dir='ltr'><strong>sanctus</strong></span> <span class='ocrx_word' id='word_1_464' title='bbox 3172 2804 3430 2875; x_wconf 78' lang='lat' dir='ltr'><strong>praeteriti</strong></span> 
     </span>
    </p>
   </div>
   <div class='ocr_carea' id='block_1_58' title="bbox 1847 2886 3431 2963">
    <p class='ocr_par' dir='ltr' id='par_1_58' title="bbox 1847 2886 3431 2963">
     <span class='ocr_line' id='line_1_58' title="bbox 1847 2886 3431 2963; baseline 0.009 -25"><span class='ocrx_word' id='word_1_465' title='bbox 1847 2886 2134 2955; x_wconf 84' lang='lat' dir='ltr'><strong>temporis,</strong></span> <span class='ocrx_word' id='word_1_466' title='bbox 2162 2887 2305 2957; x_wconf 90' lang='lat' dir='ltr'><strong>quod</strong></span> <span class='ocrx_word' id='word_1_467' title='bbox 2352 2888 2449 2942; x_wconf 85' lang='lat' dir='ltr'><strong>iuit</strong></span> <span class='ocrx_word' id='word_1_468' title='bbox 2489 2903 2519 2943; x_wconf 90' lang='lat' dir='ltr'><strong>a</strong></span> <span class='ocrx_word' id='word_1_469' title='bbox 2556 2889 2644 2944; x_wconf 87' lang='lat' dir='ltr'><strong>die</strong></span> <span class='ocrx_word' id='word_1_470' title='bbox 2669 2893 3107 2950; x_wconf 89' lang='lat' dir='ltr'><strong>murmurationis</strong></span> <span class='ocrx_word' id='word_1_471' title='bbox 3129 2908 3313 2953; x_wconf 89' lang='lat' dir='ltr'><strong>eorum</strong></span> <span class='ocrx_word' id='word_1_472' title='bbox 3331 2937 3347 2963; x_wconf 92' lang='lat'><strong>,</strong></span> <span class='ocrx_word' id='word_1_473' title='bbox 3375 2905 3431 2953; x_wconf 82' lang='lat' dir='ltr'><strong>et</strong></span> 
     </span>
    </p>
   </div>
   <div class='ocr_carea' id='block_1_59' title="bbox 1842 2974 3423 3055">
    <p class='ocr_par' dir='ltr' id='par_1_59' title="bbox 1842 2974 3423 3055">
     <span class='ocr_line' id='line_1_59' title="bbox 1842 2974 3423 3055; baseline 0.009 -25"><span class='ocrx_word' id='word_1_474' title='bbox 1842 2974 1935 3031; x_wconf 86' lang='lat' dir='ltr'><strong>dat</strong></span> <span class='ocrx_word' id='word_1_475' title='bbox 1954 2976 2162 3033; x_wconf 88' lang='lat' dir='ltr'><strong>initium</strong></span> <span class='ocrx_word' id='word_1_476' title='bbox 2188 2978 2343 3035; x_wconf 82' lang='lat' dir='ltr'><strong>alteri</strong></span> <span class='ocrx_word' id='word_1_477' title='bbox 2373 2981 2622 3049; x_wconf 89' lang='lat' dir='ltr'><strong>tempori,</strong></span> <span class='ocrx_word' id='word_1_478' title='bbox 2643 2981 2872 3039; x_wconf 84' lang='lat' dir='ltr'><strong>dicendo</strong></span> <span class='ocrx_word' id='word_1_479' title='bbox 2895 2997 2992 3053; x_wconf 86' lang='lat' dir='ltr'><strong>per</strong></span> <span class='ocrx_word' id='word_1_480' title='bbox 3012 2985 3203 3052; x_wconf 85' lang='lat' dir='ltr'><strong>David,</strong></span> <span class='ocrx_word' id='word_1_481' title='bbox 3233 2987 3423 3055; x_wconf 85' lang='lat' dir='ltr'><strong>Hodie,</strong></span> 
     </span>
    </p>
   </div>
   <div class='ocr_carea' id='block_1_60' title="bbox 1838 3069 3423 3149">
    <p class='ocr_par' dir='ltr' id='par_1_60' title="bbox 1838 3069 3423 3149">
     <span class='ocr_line' id='line_1_60' title="bbox 1838 3069 3423 3149; baseline 0.007 -26"><span class='ocrx_word' id='word_1_482' title='bbox 1838 3069 2081 3137; x_wconf 85' lang='lat' dir='ltr'><strong>sequitur</strong></span> <span class='ocrx_word' id='word_1_483' title='bbox 2109 3087 2122 3123; x_wconf 92' lang='lat'><strong>:</strong></span> <span class='ocrx_word' id='word_1_484' title='bbox 2157 3069 2301 3125; x_wconf 84' lang='lat' dir='ltr'><strong>Nam</strong></span> <span class='ocrx_word' id='word_1_485' title='bbox 2325 3072 2373 3124; x_wconf 87' lang='lat' dir='ltr'><strong>si</strong></span> <span class='ocrx_word' id='word_1_486' title='bbox 2400 3074 2473 3126; x_wconf 86' lang='lat' dir='ltr'><strong>eis</strong></span> <span class='ocrx_word' id='word_1_487' title='bbox 2495 3071 2671 3128; x_wconf 72' lang='lat' dir='ltr'><strong>Iesus.</strong></span> <span class='ocrx_word' id='word_1_488' title='bbox 2698 3074 2866 3131; x_wconf 82' lang='lat' dir='ltr'><strong>Filius</strong></span> <span class='ocrx_word' id='word_1_489' title='bbox 2906 3076 3070 3144; x_wconf 84' lang='lat' dir='ltr'><strong>Nave,</strong></span> <span class='ocrx_word' id='word_1_490' title='bbox 3104 3078 3296 3133; x_wconf 89' lang='lat' dir='ltr'><strong>ductor</strong></span> <span class='ocrx_word' id='word_1_491' title='bbox 3325 3093 3423 3149; x_wconf 83' lang='lat' dir='ltr'><strong>po-</strong></span> 
     </span>
    </p>
   </div>
   <div class='ocr_carea' id='block_1_61' title="bbox 154 3160 3426 3254">
    <p class='ocr_par' dir='ltr' id='par_1_61' title="bbox 154 3160 3426 3254">
     <span class='ocr_line' id='line_1_61' title="bbox 154 3160 3426 3254; baseline 0.011 -26"><span class='ocrx_word' id='word_1_492' title='bbox 154 3172 315 3230; x_wconf 89' lang='lat' dir='ltr'><strong>nibus</strong></span> <span class='ocrx_word' id='word_1_493' title='bbox 342 3176 594 3244; x_wconf 87' lang='lat' dir='ltr'><strong>operibus</strong></span> <span class='ocrx_word' id='word_1_494' title='bbox 637 3178 766 3233; x_wconf 83' lang='lat' dir='ltr'><strong>suis.</strong></span> <span class='ocrx_word' id='word_1_495' title='bbox 798 3178 1078 3250; x_wconf 84' lang='lat' dir='ltr'><strong>Requievit</strong></span> <span class='ocrx_word' id='word_1_496' title='bbox 1115 3160 1330 3254; x_wconf 83' lang='lat' dir='ltr'><strong>quidem</strong></span> <span class='ocrx_word' id='word_1_497' title='bbox 1359 3201 1388 3240; x_wconf 92' lang='lat' dir='ltr'><strong>a</strong></span> <span class='ocrx_word' id='word_1_498' title='bbox 1434 3188 1738 3246; x_wconf 89' lang='lat' dir='ltr'><strong>conditione</strong></span> <span class='ocrx_word' id='word_1_499' title='bbox 1766 3174 1812 3239; x_wconf 71' lang='grc' dir='ltr'>Ο</span> <span class='ocrx_word' id='word_1_500' title='bbox 1842 3160 1953 3254; x_wconf 53' lang='grc' dir='ltr'><strong>ΨΜ</strong></span> <span class='ocrx_word' id='word_1_501' title='bbox 1978 3160 2637 3254; x_wconf 60' lang='lat' dir='ltr'><strong>&#39;8&#39;“°&quot;l‘°‘-_P&#39;“““““‘</strong></span> <span class='ocrx_word' id='word_1_502' title='bbox 2674 3169 2915 3237; x_wconf 43' lang='lat' dir='ltr'><strong>&quot;quam</strong></span> <span class='ocrx_word' id='word_1_503' title='bbox 2962 3168 3196 3224; x_wconf 49' lang='lat' dir='ltr'><strong>suum“</strong></span> <span class='ocrx_word' id='word_1_504' title='bbox 3226 3185 3426 3227; x_wconf 63' lang='lat' dir='ltr'><strong>&#39;mm&#39;</strong></span> 
     </span>
    </p>
   </div>
   <div class='ocr_carea' id='block_1_62' title="bbox 155 3274 1737 3351">
    <p class='ocr_par' dir='ltr' id='par_1_62' title="bbox 155 3274 1737 3351">
     <span class='ocr_line' id='line_1_62' title="bbox 155 3274 1737 3351; baseline 0.011 -31"><span class='ocrx_word' id='word_1_505' title='bbox 155 3282 418 3323; x_wconf 89' lang='lat' dir='ltr'><strong>novarum</strong></span> <span class='ocrx_word' id='word_1_506' title='bbox 444 3278 807 3337; x_wconf 73' lang='lat' dir='ltr'><strong>creaturarum</strong></span> <span class='ocrx_word' id='word_1_507' title='bbox 830 3312 845 3339; x_wconf 89' lang='lat'><strong>,</strong></span> <span class='ocrx_word' id='word_1_508' title='bbox 871 3274 966 3329; x_wconf 88' lang='lat' dir='ltr'><strong>sed</strong></span> <span class='ocrx_word' id='word_1_509' title='bbox 989 3290 1095 3330; x_wconf 91' lang='lat' dir='ltr'><strong>non</strong></span> <span class='ocrx_word' id='word_1_510' title='bbox 1120 3279 1383 3347; x_wconf 84' lang='lat' dir='ltr'><strong>requievit</strong></span> <span class='ocrx_word' id='word_1_511' title='bbox 1411 3294 1438 3333; x_wconf 88' lang='lat' dir='ltr'><strong>a</strong></span> <span class='ocrx_word' id='word_1_512' title='bbox 1470 3282 1737 3351; x_wconf 85' lang='lat' dir='ltr'><strong>guberna-</strong></span> 
     </span>
    </p>
   </div>
   <div class='ocr_carea' id='block_1_63' title="bbox 154 3357 1733 3440">
    <p class='ocr_par' dir='ltr' id='par_1_63' title="bbox 154 3357 1733 3440">
     <span class='ocr_line' id='line_1_63' title="bbox 154 3357 1733 3440; baseline 0.012 -28"><span class='ocrx_word' id='word_1_513' title='bbox 154 3357 302 3414; x_wconf 88' lang='lat' dir='ltr'><strong>tione</strong></span> <span class='ocrx_word' id='word_1_514' title='bbox 324 3372 510 3415; x_wconf 90' lang='lat' dir='ltr'><strong>eorum</strong></span> <span class='ocrx_word' id='word_1_515' title='bbox 529 3374 645 3430; x_wconf 73' lang='lat' dir='ltr'><strong>quae</strong></span> <span class='ocrx_word' id='word_1_516' title='bbox 676 3360 894 3433; x_wconf 87' lang='lat' dir='ltr'><strong>fecerat,</strong></span> <span class='ocrx_word' id='word_1_517' title='bbox 918 3373 971 3419; x_wconf 89' lang='lat' dir='ltr'><strong>et</strong></span> <span class='ocrx_word' id='word_1_518' title='bbox 992 3372 1051 3421; x_wconf 91' lang='lat' dir='ltr'><strong>ut</strong></span> <span class='ocrx_word' id='word_1_519' title='bbox 1068 3368 1305 3436; x_wconf 88' lang='lat' dir='ltr'><strong>quotidie</strong></span> <span class='ocrx_word' id='word_1_520' title='bbox 1329 3384 1393 3424; x_wconf 89' lang='lat' dir='ltr'><strong>ex</strong></span> <span class='ocrx_word' id='word_1_521' title='bbox 1416 3370 1546 3440; x_wconf 87' lang='lat' dir='ltr'><strong>ipsis</strong></span> <span class='ocrx_word' id='word_1_522' title='bbox 1574 3374 1733 3431; x_wconf 88' lang='lat' dir='ltr'><strong>etiam</strong></span> 
     </span>
    </p>
   </div>
   <div class='ocr_carea' id='block_1_64' title="bbox 155 3453 1736 3532">
    <p class='ocr_par' dir='ltr' id='par_1_64' title="bbox 155 3453 1736 3532">
     <span class='ocr_line' id='line_1_64' title="bbox 155 3453 1736 3532; baseline 0.011 -27"><span class='ocrx_word' id='word_1_523' title='bbox 155 3466 301 3507; x_wconf 81' lang='lat' dir='ltr'><strong>nunc</strong></span> <span class='ocrx_word' id='word_1_524' title='bbox 329 3453 625 3523; x_wconf 89' lang='lat' dir='ltr'><strong>producat,</strong></span> <span class='ocrx_word' id='word_1_525' title='bbox 666 3456 807 3511; x_wconf 89' lang='lat' dir='ltr'><strong>unde</strong></span> <span class='ocrx_word' id='word_1_526' title='bbox 839 3456 1046 3512; x_wconf 87' lang='lat' dir='ltr'><strong>Veritas</strong></span> <span class='ocrx_word' id='word_1_527' title='bbox 1094 3460 1145 3513; x_wconf 92' lang='lat' dir='ltr'><strong>in</strong></span> <span class='ocrx_word' id='word_1_528' title='bbox 1202 3460 1492 3532; x_wconf 80' lang='lat' dir='ltr'><strong>Evangelio</strong></span> <span class='ocrx_word' id='word_1_529' title='bbox 1539 3464 1736 3522; x_wconf 82' lang='lat' dir='ltr'><strong>Judaeis</strong></span> 
     </span>
    </p>
   </div>
   <div class='ocr_carea' id='block_1_65' title="bbox 154 3543 1735 3628">
    <p class='ocr_par' dir='ltr' id='par_1_65' title="bbox 154 3543 1735 3628">
     <span class='ocr_line' id='line_1_65' title="bbox 154 3543 1735 3628; baseline 0.011 -31"><span class='ocrx_word' id='word_1_530' title='bbox 154 3543 324 3598; x_wconf 88' lang='lat' dir='ltr'><strong>dicit:</strong></span> <span class='ocrx_word' id='word_1_531' title='bbox 362 3544 518 3602; x_wconf 88' lang='lat' dir='ltr'><strong>Pater</strong></span> <span class='ocrx_word' id='word_1_532' title='bbox 544 3560 695 3602; x_wconf 88' lang='lat' dir='ltr'><strong>meus</strong></span> <span class='ocrx_word' id='word_1_533' title='bbox 724 3561 891 3618; x_wconf 91' lang='lat' dir='ltr'><strong>usque</strong></span> <span class='ocrx_word' id='word_1_534' title='bbox 919 3550 1079 3605; x_wconf 88' lang='lat' dir='ltr'><strong>modo</strong></span> <span class='ocrx_word' id='word_1_535' title='bbox 1103 3562 1375 3622; x_wconf 88' lang='lat' dir='ltr'><strong>operatur,</strong></span> <span class='ocrx_word' id='word_1_536' title='bbox 1405 3563 1458 3610; x_wconf 90' lang='lat' dir='ltr'><strong>et</strong></span> <span class='ocrx_word' id='word_1_537' title='bbox 1480 3570 1578 3627; x_wconf 82' lang='lat' dir='ltr'><strong>ego</strong></span> <span class='ocrx_word' id='word_1_538' title='bbox 1604 3572 1735 3628; x_wconf 87' lang='lat' dir='ltr'><strong>ope-</strong></span> 
     </span>
    </p>
   </div>
   <div class='ocr_carea' id='block_1_66' title="bbox 156 3637 1736 3708">
    <p class='ocr_par' dir='ltr' id='par_1_66' title="bbox 156 3637 1736 3708">
     <span class='ocr_line' id='line_1_66' title="bbox 156 3637 1736 3708; baseline 0.011 -21"><span class='ocrx_word' id='word_1_539' title='bbox 156 3648 292 3702; x_wconf 87' lang='lat' dir='ltr'><strong>ror,</strong></span> <span class='ocrx_word' id='word_1_540' title='bbox 341 3648 446 3689; x_wconf 88' lang='lat' dir='ltr'><strong>non</strong></span> <span class='ocrx_word' id='word_1_541' title='bbox 491 3638 633 3693; x_wconf 83' lang='lat' dir='ltr'><strong>enim</strong></span> <span class='ocrx_word' id='word_1_542' title='bbox 683 3637 801 3708; x_wconf 89' lang='lat' dir='ltr'><strong>plus</strong></span> <span class='ocrx_word' id='word_1_543' title='bbox 847 3639 946 3695; x_wconf 80' lang='lat' dir='ltr'><strong>fuit</strong></span> <span class='ocrx_word' id='word_1_544' title='bbox 994 3641 1158 3698; x_wconf 91' lang='lat' dir='ltr'><strong>Deum</strong></span> <span class='ocrx_word' id='word_1_545' title='bbox 1189 3646 1444 3701; x_wconf 88' lang='lat' dir='ltr'><strong>mundum</strong></span> <span class='ocrx_word' id='word_1_546' title='bbox 1474 3662 1539 3703; x_wconf 90' lang='lat' dir='ltr'><strong>ex</strong></span> <span class='ocrx_word' id='word_1_547' title='bbox 1570 3650 1736 3708; x_wconf 82' lang='lat' dir='ltr'><strong>niltilo</strong></span> 
     </span>
    </p>
   </div>
   <div class='ocr_carea' id='block_1_67' title="bbox 154 3729 1734 3811">
    <p class='ocr_par' dir='ltr' id='par_1_67' title="bbox 154 3729 1734 3811">
     <span class='ocr_line' id='line_1_67' title="bbox 154 3729 1734 3811; baseline 0.011 -29"><span class='ocrx_word' id='word_1_548' title='bbox 154 3740 363 3792; x_wconf 86' lang='lat' dir='ltr'><strong>creare,</strong></span> <span class='ocrx_word' id='word_1_549' title='bbox 380 3740 537 3797; x_wconf 87' lang='lat' dir='ltr'><strong>quam</strong></span> <span class='ocrx_word' id='word_1_550' title='bbox 561 3729 754 3785; x_wconf 89' lang='lat' dir='ltr'><strong>factum</strong></span> <span class='ocrx_word' id='word_1_551' title='bbox 776 3732 1095 3801; x_wconf 76' lang='lat' dir='ltr'><strong>gubernare.</strong></span> <span class='ocrx_word' id='word_1_552' title='bbox 1114 3736 1391 3793; x_wconf 75' lang='lat' dir='ltr'><strong>Praemisso</strong></span> <span class='ocrx_word' id='word_1_553' title='bbox 1413 3754 1540 3811; x_wconf 84' lang='lat' dir='ltr'><strong>ergo</strong></span> <span class='ocrx_word' id='word_1_554' title='bbox 1564 3744 1734 3811; x_wconf 89' lang='lat' dir='ltr'><strong>prima</strong></span> 
     </span>
    </p>
   </div>
   <div class='ocr_carea' id='block_1_68' title="bbox 157 3820 1734 3905">
    <p class='ocr_par' dir='ltr' id='par_1_68' title="bbox 157 3820 1734 3905">
     <span class='ocr_line' id='line_1_68' title="bbox 157 3820 1734 3905; baseline 0.013 -34"><span class='ocrx_word' id='word_1_555' title='bbox 157 3820 342 3887; x_wconf 87' lang='lat' dir='ltr'><strong>requie</strong></span> <span class='ocrx_word' id='word_1_556' title='bbox 363 3822 604 3890; x_wconf 71' lang='lat' dir='ltr'><strong>septimm</strong></span> <span class='ocrx_word' id='word_1_557' title='bbox 630 3824 756 3890; x_wconf 66' lang='lat' dir='ltr'><strong>(lici,</strong></span> <span class='ocrx_word' id='word_1_558' title='bbox 784 3825 835 3879; x_wconf 90' lang='lat' dir='ltr'><strong>in</strong></span> <span class='ocrx_word' id='word_1_559' title='bbox 858 3842 960 3897; x_wconf 89' lang='lat' dir='ltr'><strong>qua</strong></span> <span class='ocrx_word' id='word_1_560' title='bbox 986 3829 1245 3899; x_wconf 87' lang='lat' dir='ltr'><strong>requievit</strong></span> <span class='ocrx_word' id='word_1_561' title='bbox 1271 3830 1432 3899; x_wconf 89' lang='lat' dir='ltr'><strong>Deus,</strong></span> <span class='ocrx_word' id='word_1_562' title='bbox 1459 3834 1734 3905; x_wconf 79' lang='lat' dir='ltr'><strong>subjunxit</strong></span> 
     </span>
    </p>
   </div>
   <div class='ocr_carea' id='block_1_69' title="bbox 158 3912 1734 3993">
    <p class='ocr_par' dir='ltr' id='par_1_69' title="bbox 158 3912 1734 3993">
     <span class='ocr_line' id='line_1_69' title="bbox 158 3912 1734 3993; baseline 0.016 -30"><span class='ocrx_word' id='word_1_563' title='bbox 158 3912 444 3967; x_wconf 85' lang='lat' dir='ltr'><strong>secundam</strong></span> <span class='ocrx_word' id='word_1_564' title='bbox 468 3955 481 3978; x_wconf 92' lang='lat'><strong>,</strong></span> <span class='ocrx_word' id='word_1_565' title='bbox 515 3930 633 3985; x_wconf 84' lang='lat' dir='ltr'><strong>quae</strong></span> <span class='ocrx_word' id='word_1_566' title='bbox 665 3920 920 3986; x_wconf 87' lang='lat' dir='ltr'><strong>promissa</strong></span> <span class='ocrx_word' id='word_1_567' title='bbox 948 3932 1029 3976; x_wconf 91' lang='lat' dir='ltr'><strong>est</strong></span> <span class='ocrx_word' id='word_1_568' title='bbox 1061 3925 1253 3993; x_wconf 88' lang='lat' dir='ltr'><strong>populo</strong></span> <span class='ocrx_word' id='word_1_569' title='bbox 1280 3926 1370 3981; x_wconf 79' lang='lat' dir='ltr'><strong>Dei</strong></span> <span class='ocrx_word' id='word_1_570' title='bbox 1397 3927 1580 3986; x_wconf 88' lang='lat' dir='ltr'><strong>dicens</strong></span> <span class='ocrx_word' id='word_1_571' title='bbox 1613 3949 1626 3985; x_wconf 93' lang='lat'><strong>:</strong></span> <span class='ocrx_word' id='word_1_572' title='bbox 1660 3932 1734 3989; x_wconf 86' lang='lat' dir='ltr'><strong>De</strong></span> 
     </span>
    </p>
   </div>
   <div class='ocr_carea' id='block_1_70' title="bbox 132 4002 1732 4092">
    <p class='ocr_par' dir='ltr' id='par_1_70' title="bbox 132 4002 1732 4092">
     <span class='ocr_line' id='line_1_70' title="bbox 132 4002 1732 4092; baseline 0.013 -36"><span class='ocrx_word' id='word_1_573' title='bbox 132 4002 247 4056; x_wconf 81' lang='lat' dir='ltr'><strong>’illa</strong></span> <span class='ocrx_word' id='word_1_574' title='bbox 278 4005 487 4073; x_wconf 89' lang='lat' dir='ltr'><strong>quidem</strong></span> <span class='ocrx_word' id='word_1_575' title='bbox 516 4010 744 4077; x_wconf 87' lang='lat' dir='ltr'><strong>quodam</strong></span> <span class='ocrx_word' id='word_1_576' title='bbox 778 4011 893 4065; x_wconf 87' lang='lat' dir='ltr'><strong>loco</strong></span> <span class='ocrx_word' id='word_1_577' title='bbox 932 4012 1003 4067; x_wconf 90' lang='lat' dir='ltr'><strong>ita</strong></span> <span class='ocrx_word' id='word_1_578' title='bbox 1034 4014 1165 4069; x_wconf 78' lang='lat' dir='ltr'><strong>dixit</strong></span> <span class='ocrx_word' id='word_1_579' title='bbox 1193 4016 1333 4072; x_wconf 90' lang='lat' dir='ltr'><strong>Deus</strong></span> <span class='ocrx_word' id='word_1_580' title='bbox 1362 4034 1457 4086; x_wconf 87' lang='lat' dir='ltr'><strong>per</strong></span> <span class='ocrx_word' id='word_1_581' title='bbox 1496 4021 1732 4092; x_wconf 71' lang='lat' dir='ltr'><strong>Moysen.</strong></span> 
     </span>
    </p>
   </div>
   <div class='ocr_carea' id='block_1_71' title="bbox 159 4093 1734 4169">
    <p class='ocr_par' dir='ltr' id='par_1_71' title="bbox 159 4093 1734 4169">
     <span class='ocr_line' id='line_1_71' title="bbox 159 4093 1734 4169; baseline 0.015 -23"><span class='ocrx_word' id='word_1_582' title='bbox 159 4093 230 4148; x_wconf 81' lang='lat' dir='ltr'><strong>Et</strong></span> <span class='ocrx_word' id='word_1_583' title='bbox 255 4095 308 4149; x_wconf 80' lang='lat' dir='ltr'><strong>in</strong></span> <span class='ocrx_word' id='word_1_584' title='bbox 338 4098 451 4152; x_wconf 83' lang='lat' dir='ltr'><strong>isto.</strong></span> <span class='ocrx_word' id='word_1_585' title='bbox 479 4100 804 4158; x_wconf 80' lang='lat' dir='ltr'><strong>Subauditur</strong></span> <span class='ocrx_word' id='word_1_586' title='bbox 832 4103 967 4159; x_wconf 87' lang='lat' dir='ltr'><strong>loco.</strong></span> <span class='ocrx_word' id='word_1_587' title='bbox 1014 4104 1234 4162; x_wconf 84' lang='lat' dir='ltr'><strong>Rursum</strong></span> <span class='ocrx_word' id='word_1_588' title='bbox 1260 4110 1423 4165; x_wconf 84' lang='lat' dir='ltr'><strong>dicit:</strong></span> <span class='ocrx_word' id='word_1_589' title='bbox 1451 4112 1512 4168; x_wconf 88' lang='lat' dir='ltr'><strong>Si</strong></span> <span class='ocrx_word' id='word_1_590' title='bbox 1553 4116 1734 4169; x_wconf 83' lang='lat' dir='ltr'><strong>introi-</strong></span> 
     </span>
    </p>
   </div>
   <div class='ocr_carea' id='block_1_72' title="bbox 161 4185 1736 4275">
    <p class='ocr_par' dir='ltr' id='par_1_72' title="bbox 161 4185 1736 4275">
     <span class='ocr_line' id='line_1_72' title="bbox 161 4185 1736 4275; baseline 0.015 -37"><span class='ocrx_word' id='word_1_591' title='bbox 161 4185 283 4240; x_wconf 84' lang='lat' dir='ltr'><strong>buut</strong></span> <span class='ocrx_word' id='word_1_592' title='bbox 305 4188 357 4241; x_wconf 87' lang='lat' dir='ltr'><strong>in</strong></span> <span class='ocrx_word' id='word_1_593' title='bbox 381 4192 602 4260; x_wconf 86' lang='lat' dir='ltr'><strong>requiem</strong></span> <span class='ocrx_word' id='word_1_594' title='bbox 630 4208 815 4248; x_wconf 82' lang='lat' dir='ltr'><strong>meam.</strong></span> <span class='ocrx_word' id='word_1_595' title='bbox 849 4194 903 4251; x_wconf 89' lang='lat' dir='ltr'><strong>Si</strong></span> <span class='ocrx_word' id='word_1_596' title='bbox 935 4210 1061 4251; x_wconf 86' lang='lat' dir='ltr'><strong>vero</strong></span> <span class='ocrx_word' id='word_1_597' title='bbox 1099 4200 1437 4271; x_wconf 84' lang='lat' dir='ltr'><strong>conj-.tnctio,</strong></span> <span class='ocrx_word' id='word_1_598' title='bbox 1466 4205 1604 4259; x_wconf 89' lang='lat' dir='ltr'><strong>sicut</strong></span> <span class='ocrx_word' id='word_1_599' title='bbox 1626 4206 1736 4275; x_wconf 88' lang='lat' dir='ltr'><strong>jam</strong></span> 
     </span>
    </p>
   </div>
   <div class='ocr_carea' id='block_1_73' title="bbox 160 4280 1740 4362">
    <p class='ocr_par' dir='ltr' id='par_1_73' title="bbox 160 4280 1740 4362">
     <span class='ocr_line' id='line_1_73' title="bbox 160 4280 1740 4362; baseline 0.015 -30"><span class='ocrx_word' id='word_1_600' title='bbox 160 4291 321 4348; x_wconf 84' lang='lat' dir='ltr'><strong>supra</strong></span> <span class='ocrx_word' id='word_1_601' title='bbox 356 4280 556 4337; x_wconf 90' lang='lat' dir='ltr'><strong>dictum</strong></span> <span class='ocrx_word' id='word_1_602' title='bbox 584 4292 700 4352; x_wconf 91' lang='lat' dir='ltr'><strong>est,</strong></span> <span class='ocrx_word' id='word_1_603' title='bbox 728 4300 826 4355; x_wconf 91' lang='lat' dir='ltr'><strong>pro</strong></span> <span class='ocrx_word' id='word_1_604' title='bbox 849 4288 1235 4353; x_wconf 69' lang='lat' dir='ltr'><strong>afﬁrmatione,</strong></span> <span class='ocrx_word' id='word_1_605' title='bbox 1266 4306 1364 4362; x_wconf 91' lang='lat' dir='ltr'><strong>pro</strong></span> <span class='ocrx_word' id='word_1_606' title='bbox 1410 4294 1740 4355; x_wconf 87' lang='lat' dir='ltr'><strong>dubitatione</strong></span> 
     </span>
    </p>
   </div>
   <div class='ocr_carea' id='block_1_74' title="bbox 158 4372 1739 4459">
    <p class='ocr_par' dir='ltr' id='par_1_74' title="bbox 158 4372 1739 4459">
     <span class='ocr_line' id='line_1_74' title="bbox 158 4372 1739 4459; baseline 0.015 -37"><span class='ocrx_word' id='word_1_607' title='bbox 158 4372 243 4423; x_wconf 84' lang='lat' dir='ltr'><strong>vel</strong></span> <span class='ocrx_word' id='word_1_608' title='bbox 274 4385 369 4440; x_wconf 87' lang='lat' dir='ltr'><strong>pro</strong></span> <span class='ocrx_word' id='word_1_609' title='bbox 397 4374 747 4444; x_wconf 87' lang='lat' dir='ltr'><strong>abnegatione</strong></span> <span class='ocrx_word' id='word_1_610' title='bbox 776 4380 943 4445; x_wconf 84' lang='lat' dir='ltr'><strong>accipi</strong></span> <span class='ocrx_word' id='word_1_611' title='bbox 991 4390 1162 4449; x_wconf 90' lang='lat' dir='ltr'><strong>potest</strong></span> <span class='ocrx_word' id='word_1_612' title='bbox 1189 4423 1204 4447; x_wconf 91' lang='lat'><strong>,</strong></span> <span class='ocrx_word' id='word_1_613' title='bbox 1236 4387 1481 4451; x_wconf 90' lang='lat' dir='ltr'><strong>superius</strong></span> <span class='ocrx_word' id='word_1_614' title='bbox 1512 4405 1739 4459; x_wconf 80' lang='lat' dir='ltr'><strong>namque</strong></span> 
     </span>
    </p>
   </div>
   <div class='ocr_carea' id='block_1_75' title="bbox 1846 3250 3428 3323">
    <p class='ocr_par' dir='ltr' id='par_1_75' title="bbox 1846 3250 3428 3323">
     <span class='ocr_line' id='line_1_75' title="bbox 1846 3250 3428 3323; baseline 0.006 -17"><span class='ocrx_word' id='word_1_615' title='bbox 1846 3250 2126 3321; x_wconf 68' lang='lat' dir='ltr'><strong>Nunquam</strong></span> <span class='ocrx_word' id='word_1_616' title='bbox 2153 3253 2218 3307; x_wconf 80' lang='lat' dir='ltr'><strong>de</strong></span> <span class='ocrx_word' id='word_1_617' title='bbox 2238 3252 2348 3307; x_wconf 80' lang='lat' dir='ltr'><strong>alia</strong></span> <span class='ocrx_word' id='word_1_618' title='bbox 2366 3254 2678 3323; x_wconf 78' lang='lat' dir='ltr'><strong>loqueretur.</strong></span> <span class='ocrx_word' id='word_1_619' title='bbox 2706 3255 2894 3311; x_wconf 83' lang='lat' dir='ltr'><strong>David.</strong></span> <span class='ocrx_word' id='word_1_620' title='bbox 2926 3255 3055 3312; x_wconf 88' lang='lat' dir='ltr'><strong>Post</strong></span> <span class='ocrx_word' id='word_1_621' title='bbox 3096 3259 3196 3313; x_wconf 85' lang='lat' dir='ltr'><strong>hac</strong></span> <span class='ocrx_word' id='word_1_622' title='bbox 3235 3261 3335 3313; x_wconf 86' lang='lat' dir='ltr'><strong>die.</strong></span> <span class='ocrx_word' id='word_1_623' title='bbox 3370 3261 3428 3317; x_wconf 78' lang='lat' dir='ltr'><strong>Id</strong></span> 
     </span>
    </p>
   </div>
   <div class='ocr_carea' id='block_1_76' title="bbox 1843 3344 3431 3418">
    <p class='ocr_par' dir='ltr' id='par_1_76' title="bbox 1843 3344 3431 3418">
     <span class='ocr_line' id='line_1_76' title="bbox 1843 3344 3431 3418; baseline 0.004 -17"><span class='ocrx_word' id='word_1_624' title='bbox 1843 3344 2229 3415; x_wconf 26' lang='lat' dir='ltr'><strong>est‘deinceps,</strong></span> <span class='ocrx_word' id='word_1_625' title='bbox 2261 3352 2540 3415; x_wconf 89' lang='lat' dir='ltr'><strong>postquam</strong></span> <span class='ocrx_word' id='word_1_626' title='bbox 2568 3347 2719 3402; x_wconf 87' lang='lat' dir='ltr'><strong>illam</strong></span> <span class='ocrx_word' id='word_1_627' title='bbox 2746 3348 2925 3418; x_wconf 86' lang='lat' dir='ltr'><strong>adepti</strong></span> <span class='ocrx_word' id='word_1_628' title='bbox 2946 3359 3090 3404; x_wconf 88' lang='lat' dir='ltr'><strong>sunt.</strong></span> <span class='ocrx_word' id='word_1_629' title='bbox 3122 3351 3220 3406; x_wconf 85' lang='lat' dir='ltr'><strong>Hic</strong></span> <span class='ocrx_word' id='word_1_630' title='bbox 3245 3363 3431 3407; x_wconf 82' lang='lat' dir='ltr'><strong>osten-</strong></span> 
     </span>
    </p>
   </div>
   <div class='ocr_carea' id='block_1_77' title="bbox 1843 3433 3426 3511">
    <p class='ocr_par' dir='ltr' id='par_1_77' title="bbox 1843 3433 3426 3511">
     <span class='ocr_line' id='line_1_77' title="bbox 1843 3433 3426 3511; baseline 0.004 -21"><span class='ocrx_word' id='word_1_631' title='bbox 1843 3433 1926 3490; x_wconf 75' lang='lat' dir='ltr'><strong>dit</strong></span> <span class='ocrx_word' id='word_1_632' title='bbox 1956 3436 2168 3490; x_wconf 87' lang='lat' dir='ltr'><strong>tertiam</strong></span> <span class='ocrx_word' id='word_1_633' title='bbox 2204 3434 2495 3505; x_wconf 81' lang='lat' dir='ltr'><strong>quamdam</strong></span> <span class='ocrx_word' id='word_1_634' title='bbox 2529 3438 2798 3508; x_wconf 91' lang='lat' dir='ltr'><strong>requiem,</strong></span> <span class='ocrx_word' id='word_1_635' title='bbox 2831 3439 2899 3494; x_wconf 91' lang='lat' dir='ltr'><strong>de</strong></span> <span class='ocrx_word' id='word_1_636' title='bbox 2936 3455 3039 3510; x_wconf 81' lang='lat' dir='ltr'><strong>qua</strong></span> <span class='ocrx_word' id='word_1_637' title='bbox 3079 3440 3241 3497; x_wconf 89' lang='lat' dir='ltr'><strong>David</strong></span> <span class='ocrx_word' id='word_1_638' title='bbox 3272 3443 3426 3511; x_wconf 71' lang='lat' dir='ltr'><strong>dixit,</strong></span> 
     </span>
    </p>
   </div>
   <div class='ocr_carea' id='block_1_78' title="bbox 1842 3526 3429 3606">
    <p class='ocr_par' dir='ltr' id='par_1_78' title="bbox 1842 3526 3429 3606">
     <span class='ocr_line' id='line_1_78' title="bbox 1842 3526 3429 3606; baseline 0.008 -24"><span class='ocrx_word' id='word_1_639' title='bbox 1842 3526 2047 3593; x_wconf 81' lang='lat' dir='ltr'><strong>Hodie,</strong></span> <span class='ocrx_word' id='word_1_640' title='bbox 2100 3534 2230 3592; x_wconf 90' lang='lat' dir='ltr'><strong>etc.,</strong></span> <span class='ocrx_word' id='word_1_641' title='bbox 2285 3542 2393 3583; x_wconf 83' lang='lat' dir='ltr'><strong>non</strong></span> <span class='ocrx_word' id='word_1_642' title='bbox 2434 3530 2579 3585; x_wconf 89' lang='lat' dir='ltr'><strong>illam</strong></span> <span class='ocrx_word' id='word_1_643' title='bbox 2619 3532 2927 3602; x_wconf 84' lang='lat' dir='ltr'><strong>signiﬁcans</strong></span> <span class='ocrx_word' id='word_1_644' title='bbox 2962 3534 3030 3589; x_wconf 91' lang='lat' dir='ltr'><strong>ad</strong></span> <span class='ocrx_word' id='word_1_645' title='bbox 3066 3551 3225 3606; x_wconf 89' lang='lat' dir='ltr'><strong>quam</strong></span> <span class='ocrx_word' id='word_1_646' title='bbox 3270 3538 3429 3595; x_wconf 84' lang='lat' dir='ltr'><strong>Jesus</strong></span> 
     </span>
    </p>
   </div>
   <div class='ocr_carea' id='block_1_79' title="bbox 1840 3619 3423 3700">
    <p class='ocr_par' dir='ltr' id='par_1_79' title="bbox 1840 3619 3423 3700">
     <span class='ocr_line' id='line_1_79' title="bbox 1840 3619 3423 3700; baseline 0.008 -26"><span class='ocrx_word' id='word_1_647' title='bbox 1840 3619 1981 3675; x_wconf 81' lang='lat' dir='ltr'><strong>ﬁlius</strong></span> <span class='ocrx_word' id='word_1_648' title='bbox 2006 3619 2153 3676; x_wconf 87' lang='lat' dir='ltr'><strong>Nave</strong></span> <span class='ocrx_word' id='word_1_649' title='bbox 2184 3622 2437 3691; x_wconf 91' lang='lat' dir='ltr'><strong>populum</strong></span> <span class='ocrx_word' id='word_1_650' title='bbox 2466 3624 2760 3688; x_wconf 79' lang='lat' dir='ltr'><strong>introduxit</strong></span> <span class='ocrx_word' id='word_1_651' title='bbox 2781 3667 2796 3693; x_wconf 94' lang='lat'><strong>,</strong></span> <span class='ocrx_word' id='word_1_652' title='bbox 2827 3627 2923 3683; x_wconf 90' lang='lat' dir='ltr'><strong>sed</strong></span> <span class='ocrx_word' id='word_1_653' title='bbox 2952 3628 3109 3684; x_wconf 85' lang='lat' dir='ltr'><strong>aliam</strong></span> <span class='ocrx_word' id='word_1_654' title='bbox 3140 3632 3423 3700; x_wconf 87' lang='lat' dir='ltr'><strong>quamdam</strong></span> 
     </span>
    </p>
   </div>
   <div class='ocr_carea' id='block_1_80' title="bbox 1838 3712 3424 3796">
    <p class='ocr_par' dir='ltr' id='par_1_80' title="bbox 1838 3712 3424 3796">
     <span class='ocr_line' id='line_1_80' title="bbox 1838 3712 3424 3796; baseline 0.009 -27"><span class='ocrx_word' id='word_1_655' title='bbox 1838 3712 2481 3786; x_wconf 82' lang='lat' dir='ltr'><strong>multoexcellentiorem,</strong></span> <span class='ocrx_word' id='word_1_656' title='bbox 2510 3718 2577 3774; x_wconf 87' lang='lat' dir='ltr'><strong>ad</strong></span> <span class='ocrx_word' id='word_1_657' title='bbox 2596 3735 2756 3790; x_wconf 88' lang='lat' dir='ltr'><strong>quam</strong></span> <span class='ocrx_word' id='word_1_658' title='bbox 2781 3737 2884 3777; x_wconf 93' lang='lat' dir='ltr'><strong>non</strong></span> <span class='ocrx_word' id='word_1_659' title='bbox 2907 3724 3110 3795; x_wconf 86' lang='lat' dir='ltr'><strong>typicus</strong></span> <span class='ocrx_word' id='word_1_660' title='bbox 3124 3723 3300 3796; x_wconf 84' lang='lat' dir='ltr'><strong>Jesus,</strong></span> <span class='ocrx_word' id='word_1_661' title='bbox 3328 3728 3424 3783; x_wconf 87' lang='lat' dir='ltr'><strong>sed</strong></span> 
     </span>
    </p>
   </div>
   <div class='ocr_carea' id='block_1_81' title="bbox 1836 3809 3421 3888">
    <p class='ocr_par' dir='ltr' id='par_1_81' title="bbox 1836 3809 3421 3888">
     <span class='ocr_line' id='line_1_81' title="bbox 1836 3809 3421 3888; baseline 0.008 -25"><span class='ocrx_word' id='word_1_662' title='bbox 1836 3822 1996 3865; x_wconf 88' lang='lat' dir='ltr'><strong>verus</strong></span> <span class='ocrx_word' id='word_1_663' title='bbox 2025 3809 2313 3866; x_wconf 89' lang='lat' dir='ltr'><strong>introducit</strong></span> <span class='ocrx_word' id='word_1_664' title='bbox 2341 3813 2580 3883; x_wconf 90' lang='lat' dir='ltr'><strong>quotidie</strong></span> <span class='ocrx_word' id='word_1_665' title='bbox 2604 3828 2697 3870; x_wconf 88' lang='lat' dir='ltr'><strong>eos</strong></span> <span class='ocrx_word' id='word_1_666' title='bbox 2749 3816 2839 3886; x_wconf 90' lang='lat' dir='ltr'><strong>qui</strong></span> <span class='ocrx_word' id='word_1_667' title='bbox 2869 3825 2993 3872; x_wconf 90' lang='lat' dir='ltr'><strong>sunt</strong></span> <span class='ocrx_word' id='word_1_668' title='bbox 3018 3817 3135 3888; x_wconf 88' lang='lat' dir='ltr'><strong>ejus</strong></span> <span class='ocrx_word' id='word_1_669' title='bbox 3164 3836 3178 3872; x_wconf 92' lang='lat'>:</span> <span class='ocrx_word' id='word_1_670' title='bbox 3205 3820 3250 3874; x_wconf 91' lang='lat' dir='ltr'><strong>si</strong></span> <span class='ocrx_word' id='word_1_671' title='bbox 3280 3819 3421 3875; x_wconf 88' lang='lat' dir='ltr'><strong>enim</strong></span> 
     </span>
    </p>
   </div>
   <div class='ocr_carea' id='block_1_82' title="bbox 1840 3901 3426 3983">
    <p class='ocr_par' dir='ltr' id='par_1_82' title="bbox 1840 3901 3426 3983">
     <span class='ocr_line' id='line_1_82' title="bbox 1840 3901 3426 3983; baseline 0.008 -27"><span class='ocrx_word' id='word_1_672' title='bbox 1840 3901 1995 3957; x_wconf 82' lang='lat' dir='ltr'><strong>Jcsus</strong></span> <span class='ocrx_word' id='word_1_673' title='bbox 2022 3902 2167 3959; x_wconf 88' lang='lat' dir='ltr'><strong>ﬁlius</strong></span> <span class='ocrx_word' id='word_1_674' title='bbox 2188 3903 2337 3960; x_wconf 86' lang='lat' dir='ltr'><strong>Nave</strong></span> <span class='ocrx_word' id='word_1_675' title='bbox 2371 3920 2549 3962; x_wconf 85' lang='lat' dir='ltr'><strong>veram</strong></span> <span class='ocrx_word' id='word_1_676' title='bbox 2594 3909 2931 3977; x_wconf 81' lang='lat' dir='ltr'><strong>praestitisset</strong></span> <span class='ocrx_word' id='word_1_677' title='bbox 2963 3912 3200 3981; x_wconf 88' lang='lat' dir='ltr'><strong>requiem</strong></span> <span class='ocrx_word' id='word_1_678' title='bbox 3229 3912 3426 3983; x_wconf 89' lang='lat' dir='ltr'><strong>populo</strong></span> 
     </span>
    </p>
   </div>
   <div class='ocr_carea' id='block_1_83' title="bbox 1840 3993 3422 4074">
    <p class='ocr_par' dir='ltr' id='par_1_83' title="bbox 1840 3993 3422 4074">
     <span class='ocr_line' id='line_1_83' title="bbox 1840 3993 3422 4074; baseline 0.01 -29"><span class='ocrx_word' id='word_1_679' title='bbox 1840 3993 1992 4061; x_wconf 66' lang='lat' dir='ltr'><strong>cuius</strong></span> <span class='ocrx_word' id='word_1_680' title='bbox 2016 3993 2211 4048; x_wconf 90' lang='lat' dir='ltr'><strong>ductor</strong></span> <span class='ocrx_word' id='word_1_681' title='bbox 2238 3995 2473 4063; x_wconf 82' lang='lat' dir='ltr'><strong>exstitit,</strong></span> <span class='ocrx_word' id='word_1_682' title='bbox 2507 4013 2840 4069; x_wconf 86' lang='lat' dir='ltr'><strong>nequaquam</strong></span> <span class='ocrx_word' id='word_1_683' title='bbox 2871 4001 2938 4055; x_wconf 91' lang='lat' dir='ltr'><strong>de</strong></span> <span class='ocrx_word' id='word_1_684' title='bbox 2983 4002 3085 4057; x_wconf 86' lang='lat' dir='ltr'><strong>alia</strong></span> <span class='ocrx_word' id='word_1_685' title='bbox 3126 4006 3309 4074; x_wconf 88' lang='lat' dir='ltr'><strong>requie</strong></span> <span class='ocrx_word' id='word_1_686' title='bbox 3341 4006 3422 4061; x_wconf 87' lang='lat' dir='ltr'><strong>lo-</strong></span> 
     </span>
    </p>
   </div>
   <div class='ocr_carea' id='block_1_84' title="bbox 1843 4085 3428 4166">
    <p class='ocr_par' dir='ltr' id='par_1_84' title="bbox 1843 4085 3428 4166">
     <span class='ocr_line' id='line_1_84' title="bbox 1843 4085 3428 4166; baseline 0.008 -28"><span class='ocrx_word' id='word_1_687' title='bbox 1843 4092 2097 4153; x_wconf 83' lang='lat' dir='ltr'><strong>queretur</strong></span> <span class='ocrx_word' id='word_1_688' title='bbox 2127 4085 2290 4141; x_wconf 85' lang='lat' dir='ltr'><strong>David</strong></span> <span class='ocrx_word' id='word_1_689' title='bbox 2318 4098 2527 4156; x_wconf 87' lang='lat' dir='ltr'><strong>postea.</strong></span> <span class='ocrx_word' id='word_1_690' title='bbox 2556 4090 2771 4146; x_wconf 89' lang='lat' dir='ltr'><strong>Certum</strong></span> <span class='ocrx_word' id='word_1_691' title='bbox 2810 4100 2893 4148; x_wconf 86' lang='lat' dir='ltr'><strong>est</strong></span> <span class='ocrx_word' id='word_1_692' title='bbox 2933 4107 3063 4163; x_wconf 88' lang='lat' dir='ltr'><strong>ergo</strong></span> <span class='ocrx_word' id='word_1_693' title='bbox 3108 4098 3257 4166; x_wconf 90' lang='lat' dir='ltr'><strong>quasi</strong></span> <span class='ocrx_word' id='word_1_694' title='bbox 3289 4097 3428 4151; x_wconf 86' lang='lat' dir='ltr'><strong>futu-</strong></span> 
     </span>
    </p>
   </div>
   <div class='ocr_carea' id='block_1_85' title="bbox 1841 4180 3426 4256">
    <p class='ocr_par' dir='ltr' id='par_1_85' title="bbox 1841 4180 3426 4256">
     <span class='ocr_line' id='line_1_85' title="bbox 1841 4180 3426 4256; baseline 0.009 -26"><span class='ocrx_word' id='word_1_695' title='bbox 1841 4190 1958 4230; x_wconf 87' lang='lat' dir='ltr'><strong>rum</strong></span> <span class='ocrx_word' id='word_1_696' title='bbox 1984 4188 2070 4232; x_wconf 88' lang='lat' dir='ltr'><strong>est</strong></span> <span class='ocrx_word' id='word_1_697' title='bbox 2096 4180 2353 4248; x_wconf 78' lang='lat' dir='ltr'><strong>quosdam</strong></span> <span class='ocrx_word' id='word_1_698' title='bbox 2398 4184 2642 4250; x_wconf 84' lang='lat' dir='ltr'><strong>accipere</strong></span> <span class='ocrx_word' id='word_1_699' title='bbox 2683 4187 2954 4254; x_wconf 86' lang='lat' dir='ltr'><strong>requiem,</strong></span> <span class='ocrx_word' id='word_1_700' title='bbox 2991 4202 3110 4256; x_wconf 85' lang='lat' dir='ltr'><strong>quae</strong></span> <span class='ocrx_word' id='word_1_701' title='bbox 3158 4204 3249 4255; x_wconf 89' lang='lat' dir='ltr'><strong>per</strong></span> <span class='ocrx_word' id='word_1_702' title='bbox 3280 4190 3426 4244; x_wconf 85' lang='lat' dir='ltr'><strong>illam</strong></span> 
     </span>
    </p>
   </div>
   <div class='ocr_carea' id='block_1_86' title="bbox 1843 4264 3427 4345">
    <p class='ocr_par' dir='ltr' id='par_1_86' title="bbox 1843 4264 3427 4345">
     <span class='ocr_line' id='line_1_86' title="bbox 1843 4264 3427 4345; baseline 0.011 -28"><span class='ocrx_word' id='word_1_703' title='bbox 1843 4264 2143 4335; x_wconf 86' lang='lat' dir='ltr'><strong>signiﬁcata</strong></span> <span class='ocrx_word' id='word_1_704' title='bbox 2173 4278 2275 4335; x_wconf 88' lang='lat' dir='ltr'><strong>est,</strong></span> <span class='ocrx_word' id='word_1_705' title='bbox 2315 4285 2435 4339; x_wconf 72' lang='lat' dir='ltr'><strong>qum</strong></span> <span class='ocrx_word' id='word_1_706' title='bbox 2480 4272 2579 4325; x_wconf 84' lang='lat' dir='ltr'><strong>fuit</strong></span> <span class='ocrx_word' id='word_1_707' title='bbox 2622 4273 2675 4325; x_wconf 90' lang='lat' dir='ltr'><strong>in</strong></span> <span class='ocrx_word' id='word_1_708' title='bbox 2706 4274 3011 4327; x_wconf 72' lang='lat' dir='ltr'><strong>Palaestina.</strong></span> <span class='ocrx_word' id='word_1_709' title='bbox 3054 4274 3255 4345; x_wconf 82' lang='lat' dir='ltr'><strong>Itaque.</strong></span> <span class='ocrx_word' id='word_1_710' title='bbox 3288 4278 3427 4333; x_wconf 78' lang='lat' dir='ltr'><strong>Sub-</strong></span> 
     </span>
    </p>
   </div>
   <div class='ocr_carea' id='block_1_87' title="bbox 1836 4358 3423 4432">
    <p class='ocr_par' dir='ltr' id='par_1_87' title="bbox 1836 4358 3423 4432">
     <span class='ocr_line' id='line_1_87' title="bbox 1836 4358 3423 4432; baseline 0.01 -23"><span class='ocrx_word' id='word_1_711' title='bbox 1836 4358 1979 4420; x_wconf 87' lang='lat' dir='ltr'><strong>audi,</strong></span> <span class='ocrx_word' id='word_1_712' title='bbox 2007 4358 2130 4425; x_wconf 80' lang='lat' dir='ltr'><strong>quia</strong></span> <span class='ocrx_word' id='word_1_713' title='bbox 2159 4358 2314 4413; x_wconf 77' lang='lat' dir='ltr'><strong>Jesus</strong></span> <span class='ocrx_word' id='word_1_714' title='bbox 2344 4360 2483 4415; x_wconf 86' lang='lat' dir='ltr'><strong>ﬁlius</strong></span> <span class='ocrx_word' id='word_1_715' title='bbox 2508 4361 2651 4417; x_wconf 84' lang='lat' dir='ltr'><strong>Nave</strong></span> <span class='ocrx_word' id='word_1_716' title='bbox 2695 4376 2798 4416; x_wconf 92' lang='lat' dir='ltr'><strong>non</strong></span> <span class='ocrx_word' id='word_1_717' title='bbox 2828 4364 3078 4432; x_wconf 86' lang='lat' dir='ltr'><strong>praestitit</strong></span> <span class='ocrx_word' id='word_1_718' title='bbox 3122 4381 3303 4421; x_wconf 88' lang='lat' dir='ltr'><strong>veram</strong></span> <span class='ocrx_word' id='word_1_719' title='bbox 3336 4383 3423 4425; x_wconf 88' lang='lat' dir='ltr'><strong>re-</strong></span> 
     </span>
    </p>
   </div>
   <div class='ocr_carea' id='block_1_88' title="bbox 159 4447 1751 4549">
    <p class='ocr_par' dir='ltr' id='par_1_88' title="bbox 159 4447 1737 4549">
     <span class='ocr_line' id='line_1_88' title="bbox 159 4447 1737 4549; baseline 0.013 -36"><span class='ocrx_word' id='word_1_720' title='bbox 159 4474 260 4530; x_wconf 90' lang='lat' dir='ltr'><strong>pro</strong></span> <span class='ocrx_word' id='word_1_721' title='bbox 287 4465 569 4532; x_wconf 78' lang='lat' dir='ltr'><strong>negatione</strong></span> <span class='ocrx_word' id='word_1_722' title='bbox 602 4466 807 4520; x_wconf 90' lang='lat' dir='ltr'><strong>duobus</strong></span> <span class='ocrx_word' id='word_1_723' title='bbox 845 4468 896 4521; x_wconf 91' lang='lat' dir='ltr'><strong>in</strong></span> <span class='ocrx_word' id='word_1_724' title='bbox 931 4447 1060 4524; x_wconf 82' lang='lat' dir='ltr'><strong>locis</strong></span> <span class='ocrx_word' id='word_1_725' title='bbox 1090 4477 1259 4542; x_wconf 86' lang='lat' dir='ltr'><strong>posita</strong></span> <span class='ocrx_word' id='word_1_726' title='bbox 1291 4484 1369 4529; x_wconf 88' lang='lat' dir='ltr'><strong>est</strong></span> <span class='ocrx_word' id='word_1_727' title='bbox 1393 4517 1405 4541; x_wconf 94' lang='lat'><strong>,</strong></span> <span class='ocrx_word' id='word_1_728' title='bbox 1436 4478 1523 4536; x_wconf 75' lang='lat' dir='ltr'><strong>ulti</strong></span> <span class='ocrx_word' id='word_1_729' title='bbox 1554 4480 1627 4534; x_wconf 88' lang='lat' dir='ltr'><strong>ait</strong></span> <span class='ocrx_word' id='word_1_730' title='bbox 1650 4447 1737 4549; x_wconf 65' lang='lat' dir='ltr'><strong>:iu-</strong></span> 
     </span>
    </p>
   </div>
   <div class='ocr_carea' id='block_1_89' title="bbox 1842 4447 3426 4549">
    <p class='ocr_par' dir='ltr' id='par_1_89' title="bbox 1842 4447 3426 4525">
     <span class='ocr_line' id='line_1_89' title="bbox 1842 4447 3426 4525; baseline 0.011 -25"><span class='ocrx_word' id='word_1_731' title='bbox 1842 4447 2019 4517; x_wconf 88' lang='lat' dir='ltr'><strong>quiem</strong></span> <span class='ocrx_word' id='word_1_732' title='bbox 2053 4451 2267 4519; x_wconf 87' lang='lat' dir='ltr'><strong>populo,</strong></span> <span class='ocrx_word' id='word_1_733' title='bbox 2293 4453 2375 4507; x_wconf 88' lang='lat' dir='ltr'><strong>cui</strong></span> <span class='ocrx_word' id='word_1_734' title='bbox 2407 4462 2657 4521; x_wconf 65' lang='lat' dir='ltr'><strong>prmerat.</strong></span> <span class='ocrx_word' id='word_1_735' title='bbox 2689 4454 3035 4525; x_wconf 80' lang='lat' dir='ltr'><strong>Relinquitur.</strong></span> <span class='ocrx_word' id='word_1_736' title='bbox 3071 4458 3122 4512; x_wconf 88' lang='lat' dir='ltr'><strong>id</strong></span> <span class='ocrx_word' id='word_1_737' title='bbox 3148 4469 3228 4514; x_wconf 89' lang='lat' dir='ltr'><strong>est</strong></span> <span class='ocrx_word' id='word_1_738' title='bbox 3252 4476 3426 4517; x_wconf 83' lang='lat' dir='ltr'><strong>reser-</strong></span> 
     </span>
    </p>
   </div>
   <div class='ocr_carea' id='block_1_90' title="bbox 158 4552 1737 4625">
    <p class='ocr_par' dir='ltr' id='par_1_90' title="bbox 158 4552 1737 4625">
     <span class='ocr_line' id='line_1_90' title="bbox 158 4552 1737 4625; baseline 0.013 -20"><span class='ocrx_word' id='word_1_739' title='bbox 158 4565 311 4607; x_wconf 84' lang='lat' dir='ltr'><strong>rasse</strong></span> <span class='ocrx_word' id='word_1_740' title='bbox 338 4552 502 4607; x_wconf 89' lang='lat' dir='ltr'><strong>Deum</strong></span> <span class='ocrx_word' id='word_1_741' title='bbox 530 4562 746 4623; x_wconf 89' lang='lat' dir='ltr'><strong>propter</strong></span> <span class='ocrx_word' id='word_1_742' title='bbox 775 4556 1196 4617; x_wconf 88' lang='lat' dir='ltr'><strong>incredulitatem</strong></span> <span class='ocrx_word' id='word_1_743' title='bbox 1225 4565 1451 4621; x_wconf 85' lang='lat' dir='ltr'><strong>illorum.</strong></span> <span class='ocrx_word' id='word_1_744' title='bbox 1474 4568 1527 4622; x_wconf 89' lang='lat' dir='ltr'><strong>Si</strong></span> <span class='ocrx_word' id='word_1_745' title='bbox 1554 4569 1737 4625; x_wconf 83' lang='lat' dir='ltr'><strong>introi-</strong></span> 
     </span>
    </p>
   </div>
   <div class='ocr_carea' id='block_1_91' title="bbox 159 4644 1738 4729">
    <p class='ocr_par' dir='ltr' id='par_1_91' title="bbox 159 4644 1738 4729">
     <span class='ocr_line' id='line_1_91' title="bbox 159 4644 1738 4729; baseline 0.014 -32"><span class='ocrx_word' id='word_1_746' title='bbox 159 4644 292 4697; x_wconf 89' lang='lat' dir='ltr'><strong>bunt</strong></span> <span class='ocrx_word' id='word_1_747' title='bbox 320 4646 369 4697; x_wconf 93' lang='lat' dir='ltr'><strong>in</strong></span> <span class='ocrx_word' id='word_1_748' title='bbox 398 4645 633 4713; x_wconf 88' lang='lat' dir='ltr'><strong>requiem</strong></span> <span class='ocrx_word' id='word_1_749' title='bbox 662 4661 832 4702; x_wconf 89' lang='lat' dir='ltr'><strong>meam</strong></span> <span class='ocrx_word' id='word_1_750' title='bbox 852 4690 867 4715; x_wconf 95' lang='lat'><strong>,</strong></span> <span class='ocrx_word' id='word_1_751' title='bbox 897 4651 997 4706; x_wconf 86' lang='lat' dir='ltr'><strong>hoc</strong></span> <span class='ocrx_word' id='word_1_752' title='bbox 1022 4662 1139 4721; x_wconf 88' lang='lat' dir='ltr'><strong>est,</strong></span> <span class='ocrx_word' id='word_1_753' title='bbox 1172 4671 1276 4711; x_wconf 90' lang='lat' dir='ltr'><strong>non</strong></span> <span class='ocrx_word' id='word_1_754' title='bbox 1306 4655 1617 4729; x_wconf 60' lang='lat' dir='ltr'><strong>introibant,</strong></span> <span class='ocrx_word' id='word_1_755' title='bbox 1653 4662 1738 4719; x_wconf 84' lang='lat' dir='ltr'><strong>hic</strong></span> 
     </span>
    </p>
   </div>
   <div class='ocr_carea' id='block_1_92' title="bbox 159 4734 1732 4825">
    <p class='ocr_par' dir='ltr' id='par_1_92' title="bbox 159 4734 1732 4825">
     <span class='ocr_line' id='line_1_92' title="bbox 159 4734 1732 4825; baseline 0.017 -40"><span class='ocrx_word' id='word_1_756' title='bbox 159 4747 289 4787; x_wconf 86' lang='lat' dir='ltr'><strong>vero</strong></span> <span class='ocrx_word' id='word_1_757' title='bbox 317 4747 413 4803; x_wconf 90' lang='lat' dir='ltr'><strong>pro</strong></span> <span class='ocrx_word' id='word_1_758' title='bbox 452 4734 804 4795; x_wconf 85' lang='lat' dir='ltr'><strong>afﬁrmatione</strong></span> <span class='ocrx_word' id='word_1_759' title='bbox 836 4750 1006 4811; x_wconf 91' lang='lat' dir='ltr'><strong>potest</strong></span> <span class='ocrx_word' id='word_1_760' title='bbox 1038 4747 1237 4817; x_wconf 83' lang='lat' dir='ltr'><strong>accipi,</strong></span> <span class='ocrx_word' id='word_1_761' title='bbox 1265 4750 1363 4806; x_wconf 90' lang='lat' dir='ltr'><strong>sub</strong></span> <span class='ocrx_word' id='word_1_762' title='bbox 1402 4751 1507 4807; x_wconf 89' lang='lat' dir='ltr'><strong>alio</strong></span> <span class='ocrx_word' id='word_1_763' title='bbox 1551 4769 1732 4825; x_wconf 85' lang='lat' dir='ltr'><strong>sensu,</strong></span> 
     </span>
    </p>
   </div>
   <div class='ocr_carea' id='block_1_93' title="bbox 167 4828 1732 4921">
    <p class='ocr_par' dir='ltr' id='par_1_93' title="bbox 167 4828 1732 4921">
     <span class='ocr_line' id='line_1_93' title="bbox 167 4828 1732 4921; baseline 0.013 -37"><span class='ocrx_word' id='word_1_764' title='bbox 167 4828 305 4884; x_wconf 77' lang='lat' dir='ltr'><strong>sicut</strong></span> <span class='ocrx_word' id='word_1_765' title='bbox 331 4828 522 4885; x_wconf 77' lang='lat' dir='ltr'><strong>ioann.</strong></span> <span class='ocrx_word' id='word_1_766' title='bbox 549 4832 916 4905; x_wconf 81' lang='lat' dir='ltr'><strong>Chrysostom.</strong></span> <span class='ocrx_word' id='word_1_767' title='bbox 948 4839 1140 4911; x_wconf 90' lang='lat' dir='ltr'><strong>aliique</strong></span> <span class='ocrx_word' id='word_1_768' title='bbox 1165 4842 1411 4902; x_wconf 89' lang='lat' dir='ltr'><strong>doctores</strong></span> <span class='ocrx_word' id='word_1_769' title='bbox 1441 4859 1732 4921; x_wconf 79' lang='lat' dir='ltr'><strong>exponunt,</strong></span> 
     </span>
    </p>
   </div>
   <div class='ocr_carea' id='block_1_94' title="bbox 163 4924 1733 5013">
    <p class='ocr_par' dir='ltr' id='par_1_94' title="bbox 163 4924 1733 5013">
     <span class='ocr_line' id='line_1_94' title="bbox 163 4924 1733 5013; baseline 0.018 -37"><span class='ocrx_word' id='word_1_770' title='bbox 163 4924 310 4995; x_wconf 81' lang='lat' dir='ltr'><strong>quasi</strong></span> <span class='ocrx_word' id='word_1_771' title='bbox 336 4924 569 4982; x_wconf 80' lang='lat' dir='ltr'><strong>diceret:</strong></span> <span class='ocrx_word' id='word_1_772' title='bbox 589 4930 645 4983; x_wconf 82' lang='lat' dir='ltr'><strong>Si</strong></span> <span class='ocrx_word' id='word_1_773' title='bbox 672 4930 961 4989; x_wconf 89' lang='lat' dir='ltr'><strong>introibunt</strong></span> <span class='ocrx_word' id='word_1_774' title='bbox 986 4936 1037 4991; x_wconf 89' lang='lat' dir='ltr'><strong>in</strong></span> <span class='ocrx_word' id='word_1_775' title='bbox 1060 4941 1293 5009; x_wconf 89' lang='lat' dir='ltr'><strong>requiem</strong></span> <span class='ocrx_word' id='word_1_776' title='bbox 1325 4959 1518 5013; x_wconf 85' lang='lat' dir='ltr'><strong>meam,</strong></span> <span class='ocrx_word' id='word_1_777' title='bbox 1548 4948 1733 5005; x_wconf 86' lang='lat' dir='ltr'><strong>subin-</strong></span> 
     </span>
    </p>
   </div>
   <div class='ocr_carea' id='block_1_95' title="bbox 163 5014 1737 5107">
    <p class='ocr_par' dir='ltr' id='par_1_95' title="bbox 163 5014 1737 5107">
     <span class='ocr_line' id='line_1_95' title="bbox 163 5014 1737 5107; baseline 0.018 -40"><span class='ocrx_word' id='word_1_778' title='bbox 163 5014 434 5086; x_wconf 87' lang='lat' dir='ltr'><strong>telligitur,</strong></span> <span class='ocrx_word' id='word_1_779' title='bbox 468 5019 605 5075; x_wconf 87' lang='lat' dir='ltr'><strong>bene</strong></span> <span class='ocrx_word' id='word_1_780' title='bbox 635 5019 925 5090; x_wconf 84' lang='lat' dir='ltr'><strong>habebunt,</strong></span> <span class='ocrx_word' id='word_1_781' title='bbox 957 5037 1011 5081; x_wconf 90' lang='lat' dir='ltr'><strong>et</strong></span> <span class='ocrx_word' id='word_1_782' title='bbox 1040 5025 1140 5083; x_wconf 86' lang='lat' dir='ltr'><strong>hoc</strong></span> <span class='ocrx_word' id='word_1_783' title='bbox 1165 5031 1233 5085; x_wconf 92' lang='lat' dir='ltr'><strong>de</strong></span> <span class='ocrx_word' id='word_1_784' title='bbox 1258 5038 1463 5103; x_wconf 88' lang='lat' dir='ltr'><strong>requie,</strong></span> <span class='ocrx_word' id='word_1_785' title='bbox 1497 5054 1614 5107; x_wconf 76' lang='lat' dir='ltr'><strong>qua:</strong></span> <span class='ocrx_word' id='word_1_786' title='bbox 1642 5041 1737 5096; x_wconf 88' lang='lat' dir='ltr'><strong>iuit</strong></span> 
     </span>
    </p>
   </div>
   <div class='ocr_carea' id='block_1_96' title="bbox 163 5105 1737 5196">
    <p class='ocr_par' dir='ltr' id='par_1_96' title="bbox 163 5105 1737 5196">
     <span class='ocr_line' id='line_1_96' title="bbox 163 5105 1737 5196; baseline 0.018 -38"><span class='ocrx_word' id='word_1_787' title='bbox 163 5106 215 5159; x_wconf 89' lang='lat' dir='ltr'><strong>in</strong></span> <span class='ocrx_word' id='word_1_788' title='bbox 248 5105 525 5163; x_wconf 77' lang='lat' dir='ltr'><strong>Palaestina</strong></span> <span class='ocrx_word' id='word_1_789' title='bbox 554 5112 735 5183; x_wconf 87' lang='lat' dir='ltr'><strong>accipe</strong></span> <span class='ocrx_word' id='word_1_790' title='bbox 767 5134 780 5167; x_wconf 91' lang='lat'>:</span> <span class='ocrx_word' id='word_1_791' title='bbox 816 5113 964 5173; x_wconf 87' lang='lat' dir='ltr'><strong>Unde</strong></span> <span class='ocrx_word' id='word_1_792' title='bbox 1005 5120 1243 5187; x_wconf 88' lang='lat' dir='ltr'><strong>protinus</strong></span> <span class='ocrx_word' id='word_1_793' title='bbox 1267 5125 1450 5182; x_wconf 89' lang='lat' dir='ltr'><strong>addit:</strong></span> <span class='ocrx_word' id='word_1_794' title='bbox 1486 5105 1737 5196; x_wconf 79' lang='lat' dir='ltr'><strong>Quoniam</strong></span> 
     </span>
    </p>
   </div>
   <div class='ocr_carea' id='block_1_97' title="bbox 163 5207 1737 5295">
    <p class='ocr_par' dir='ltr' id='par_1_97' title="bbox 163 5207 1737 5295">
     <span class='ocr_line' id='line_1_97' title="bbox 163 5207 1737 5295; baseline 0.022 -47"><span class='ocrx_word' id='word_1_795' title='bbox 163 5213 278 5267; x_wconf 79' lang='lat' dir='ltr'><strong>ergo</strong></span> <span class='ocrx_word' id='word_1_796' title='bbox 316 5210 541 5270; x_wconf 81' lang='lat' dir='ltr'><strong>superest</strong></span> <span class='ocrx_word' id='word_1_797' title='bbox 580 5207 825 5274; x_wconf 84' lang='lat' dir='ltr'><strong>quosdam</strong></span> <span class='ocrx_word' id='word_1_798' title='bbox 873 5210 1083 5266; x_wconf 85' lang='lat' dir='ltr'><strong>introire</strong></span> <span class='ocrx_word' id='word_1_799' title='bbox 1105 5214 1157 5268; x_wconf 84' lang='lat' dir='ltr'><strong>in</strong></span> <span class='ocrx_word' id='word_1_800' title='bbox 1203 5232 1351 5283; x_wconf 86' lang='lat' dir='ltr'><strong>eam,</strong></span> <span class='ocrx_word' id='word_1_801' title='bbox 1398 5229 1443 5274; x_wconf 85' lang='lat' dir='ltr'><strong>et</strong></span> <span class='ocrx_word' id='word_1_802' title='bbox 1486 5222 1522 5276; x_wconf 87' lang='lat' dir='ltr'><strong>ii</strong></span> <span class='ocrx_word' id='word_1_803' title='bbox 1557 5226 1737 5295; x_wconf 86' lang='lat' dir='ltr'><strong>quibus</strong></span> 
     </span>
    </p>
   </div>
   <div class='ocr_carea' id='block_1_98' title="bbox 166 5296 1738 5395">
    <p class='ocr_par' dir='ltr' id='par_1_98' title="bbox 166 5296 1738 5395">
     <span class='ocr_line' id='line_1_98' title="bbox 166 5296 1738 5395; baseline 0.022 -49"><span class='ocrx_word' id='word_1_804' title='bbox 166 5296 417 5363; x_wconf 83' lang='lat' dir='ltr'><strong>prioribus</strong></span> <span class='ocrx_word' id='word_1_805' title='bbox 446 5306 810 5360; x_wconf 86' lang='lat' dir='ltr'><strong>annuntiatum</strong></span> <span class='ocrx_word' id='word_1_806' title='bbox 839 5316 941 5379; x_wconf 85' lang='lat' dir='ltr'><strong>est,</strong></span> <span class='ocrx_word' id='word_1_807' title='bbox 991 5328 1093 5366; x_wconf 84' lang='lat' dir='ltr'><strong>non</strong></span> <span class='ocrx_word' id='word_1_808' title='bbox 1140 5314 1482 5390; x_wconf 88' lang='lat' dir='ltr'><strong>introierunt,</strong></span> <span class='ocrx_word' id='word_1_809' title='bbox 1529 5338 1738 5395; x_wconf 84' lang='lat' dir='ltr'><strong>propter</strong></span> 
     </span>
    </p>
   </div>
   <div class='ocr_carea' id='block_1_99' title="bbox 165 5391 1741 5476">
    <p class='ocr_par' dir='ltr' id='par_1_99' title="bbox 165 5391 1741 5476">
     <span class='ocr_line' id='line_1_99' title="bbox 165 5391 1741 5476; baseline 0.022 -34"><span class='ocrx_word' id='word_1_810' title='bbox 165 5391 586 5449; x_wconf 82' lang='lat' dir='ltr'><strong>incredulitatem.</strong></span> <span class='ocrx_word' id='word_1_811' title='bbox 639 5398 771 5465; x_wconf 86' lang='lat' dir='ltr'><strong>Quia</strong></span> <span class='ocrx_word' id='word_1_812' title='bbox 822 5402 972 5469; x_wconf 87' lang='lat' dir='ltr'><strong>pauci</strong></span> <span class='ocrx_word' id='word_1_813' title='bbox 1014 5405 1347 5465; x_wconf 87' lang='lat' dir='ltr'><strong>intraverunt</strong></span> <span class='ocrx_word' id='word_1_814' title='bbox 1392 5416 1443 5466; x_wconf 90' lang='lat' dir='ltr'><strong>in</strong></span> <span class='ocrx_word' id='word_1_815' title='bbox 1493 5391 1741 5476; x_wconf 37' lang='lat' dir='ltr'><strong>eam-re-</strong></span> 
     </span>
    </p>
   </div>
   <div class='ocr_carea' id='block_1_100' title="bbox 165 5484 1737 5580">
    <p class='ocr_par' dir='ltr' id='par_1_100' title="bbox 165 5484 1737 5580">
     <span class='ocr_line' id='line_1_100' title="bbox 165 5484 1737 5580; baseline 0.02 -45"><span class='ocrx_word' id='word_1_816' title='bbox 165 5484 337 5551; x_wconf 86' lang='lat' dir='ltr'><strong>quiem</strong></span> <span class='ocrx_word' id='word_1_817' title='bbox 362 5527 376 5550; x_wconf 90' lang='lat'><strong>,</strong></span> <span class='ocrx_word' id='word_1_818' title='bbox 411 5500 529 5555; x_wconf 74' lang='lat' dir='ltr'><strong>qum</strong></span> <span class='ocrx_word' id='word_1_819' title='bbox 557 5486 654 5542; x_wconf 81' lang='lat' dir='ltr'><strong>fuit</strong></span> <span class='ocrx_word' id='word_1_820' title='bbox 682 5490 734 5544; x_wconf 90' lang='lat' dir='ltr'><strong>in</strong></span> <span class='ocrx_word' id='word_1_821' title='bbox 773 5489 1084 5566; x_wconf 68' lang='lat' dir='ltr'><strong>Pala‘stina,</strong></span> <span class='ocrx_word' id='word_1_822' title='bbox 1116 5498 1169 5554; x_wconf 91' lang='lat' dir='ltr'><strong>id</strong></span> <span class='ocrx_word' id='word_1_823' title='bbox 1209 5510 1291 5557; x_wconf 90' lang='lat' dir='ltr'><strong>est</strong></span> <span class='ocrx_word' id='word_1_824' title='bbox 1315 5543 1331 5571; x_wconf 90' lang='lat'><strong>,</strong></span> <span class='ocrx_word' id='word_1_825' title='bbox 1360 5503 1464 5560; x_wconf 88' lang='lat' dir='ltr'><strong>duo</strong></span> <span class='ocrx_word' id='word_1_826' title='bbox 1493 5515 1696 5565; x_wconf 88' lang='lat' dir='ltr'><strong>tantum</strong></span> <span class='ocrx_word' id='word_1_827' title='bbox 1720 5552 1737 5580; x_wconf 91' lang='lat'><strong>,</strong></span> 
     </span>
    </p>
   </div>
   <div class='ocr_carea' id='block_1_101' title="bbox 165 5583 1739 5684">
    <p class='ocr_par' dir='ltr' id='par_1_101' title="bbox 165 5583 1739 5684">
     <span class='ocr_line' id='line_1_101' title="bbox 165 5583 1739 5684; baseline 0.023 -50"><span class='ocrx_word' id='word_1_828' title='bbox 165 5583 361 5654; x_wconf 82' lang='lat' dir='ltr'><strong>Calepli</strong></span> <span class='ocrx_word' id='word_1_829' title='bbox 393 5585 678 5655; x_wconf 13' lang='lat' dir='ltr'><strong>etglosue,</strong></span> <span class='ocrx_word' id='word_1_830' title='bbox 711 5605 776 5648; x_wconf 86' lang='lat' dir='ltr'><strong>ex</strong></span> <span class='ocrx_word' id='word_1_831' title='bbox 819 5597 1064 5653; x_wconf 86' lang='lat' dir='ltr'><strong>omnibus</strong></span> <span class='ocrx_word' id='word_1_832' title='bbox 1110 5600 1216 5657; x_wconf 91' lang='lat' dir='ltr'><strong>illis</strong></span> <span class='ocrx_word' id='word_1_833' title='bbox 1257 5606 1345 5674; x_wconf 91' lang='lat' dir='ltr'><strong>qui</strong></span> <span class='ocrx_word' id='word_1_834' title='bbox 1391 5607 1460 5663; x_wconf 81' lang='lat' dir='ltr'><strong>de</strong></span> <span class='ocrx_word' id='word_1_835' title='bbox 1504 5609 1739 5684; x_wconf 71' lang='lat' dir='ltr'><strong>Aigypto</strong></span> 
     </span>
    </p>
   </div>
   <div class='ocr_carea' id='block_1_102' title="bbox 166 5684 1739 5777">
    <p class='ocr_par' dir='ltr' id='par_1_102' title="bbox 166 5684 1739 5777">
     <span class='ocr_line' id='line_1_102' title="bbox 166 5684 1739 5777; baseline 0.021 -40"><span class='ocrx_word' id='word_1_836' title='bbox 166 5684 437 5756; x_wconf 85' lang='lat' dir='ltr'><strong>exierunt,</strong></span> <span class='ocrx_word' id='word_1_837' title='bbox 475 5690 596 5746; x_wconf 91' lang='lat' dir='ltr'><strong>ideo</strong></span> <span class='ocrx_word' id='word_1_838' title='bbox 640 5690 767 5749; x_wconf 90' lang='lat' dir='ltr'><strong>dicit</strong></span> <span class='ocrx_word' id='word_1_839' title='bbox 798 5710 813 5750; x_wconf 90' lang='lat'><strong>:</strong></span> <span class='ocrx_word' id='word_1_840' title='bbox 845 5696 1107 5767; x_wconf 87' lang='lat' dir='ltr'><strong>Quoniam</strong></span> <span class='ocrx_word' id='word_1_841' title='bbox 1137 5716 1418 5777; x_wconf 88' lang='lat' dir='ltr'><strong>superest,</strong></span> <span class='ocrx_word' id='word_1_842' title='bbox 1461 5710 1542 5767; x_wconf 91' lang='lat' dir='ltr'><strong>vel</strong></span> <span class='ocrx_word' id='word_1_843' title='bbox 1574 5722 1739 5770; x_wconf 89' lang='lat' dir='ltr'><strong>restat</strong></span> 
     </span>
    </p>
   </div>
   <div class='ocr_carea' id='block_1_103' title="bbox 166 5784 1733 5885">
    <p class='ocr_par' dir='ltr' id='par_1_103' title="bbox 166 5784 1733 5885">
     <span class='ocr_line' id='line_1_103' title="bbox 166 5784 1733 5885; baseline 0.02 -43"><span class='ocrx_word' id='word_1_844' title='bbox 166 5784 420 5877; x_wconf 76' lang='lat' dir='ltr'><strong>quosdam</strong></span> <span class='ocrx_word' id='word_1_845' title='bbox 447 5791 669 5857; x_wconf 87' lang='lat' dir='ltr'><strong>introire</strong></span> <span class='ocrx_word' id='word_1_846' title='bbox 693 5794 749 5853; x_wconf 89' lang='lat' dir='ltr'><strong>in</strong></span> <span class='ocrx_word' id='word_1_847' title='bbox 796 5801 1033 5873; x_wconf 73' lang='lat' dir='ltr'><strong>reqnsiem</strong></span> <span class='ocrx_word' id='word_1_848' title='bbox 1079 5814 1237 5865; x_wconf 68' lang='lat' dir='ltr'><strong>terra</strong></span> <span class='ocrx_word' id='word_1_849' title='bbox 1278 5812 1733 5885; x_wconf 84' lang='lat' dir='ltr'><strong>repromissionis,</strong></span> 
     </span>
    </p>
   </div>
   <div class='ocr_carea' id='block_1_104' title="bbox 1846 4542 3428 4621">
    <p class='ocr_par' dir='ltr' id='par_1_104' title="bbox 1846 4542 3428 4621">
     <span class='ocr_line' id='line_1_104' title="bbox 1846 4542 3428 4621; baseline 0.011 -26"><span class='ocrx_word' id='word_1_850' title='bbox 1846 4550 1999 4595; x_wconf 86' lang='lat' dir='ltr'><strong>vatur</strong></span> <span class='ocrx_word' id='word_1_851' title='bbox 2031 4542 2082 4595; x_wconf 90' lang='lat' dir='ltr'><strong>in</strong></span> <span class='ocrx_word' id='word_1_852' title='bbox 2115 4542 2373 4600; x_wconf 87' lang='lat' dir='ltr'><strong>futurum.</strong></span> <span class='ocrx_word' id='word_1_853' title='bbox 2406 4546 2755 4603; x_wconf 85' lang='lat' dir='ltr'><strong>Sabbatismus</strong></span> <span class='ocrx_word' id='word_1_854' title='bbox 2784 4550 2976 4621; x_wconf 88' lang='lat' dir='ltr'><strong>populo</strong></span> <span class='ocrx_word' id='word_1_855' title='bbox 3013 4552 3123 4606; x_wconf 82' lang='lat' dir='ltr'><strong>Dei.</strong></span> <span class='ocrx_word' id='word_1_856' title='bbox 3165 4554 3428 4613; x_wconf 83' lang='lat' dir='ltr'><strong>Credendi</strong></span> 
     </span>
    </p>
   </div>
   <div class='ocr_carea' id='block_1_105' title="bbox 1842 4634 3420 4719">
    <p class='ocr_par' dir='ltr' id='par_1_105' title="bbox 1842 4634 3420 4719">
     <span class='ocr_line' id='line_1_105' title="bbox 1842 4634 3420 4719; baseline 0.011 -30"><span class='ocrx_word' id='word_1_857' title='bbox 1842 4634 2105 4690; x_wconf 84' lang='lat' dir='ltr'><strong>veraciter</strong></span> <span class='ocrx_word' id='word_1_858' title='bbox 2128 4648 2433 4694; x_wconf 84' lang='lat' dir='ltr'><strong>reservatur</strong></span> <span class='ocrx_word' id='word_1_859' title='bbox 2456 4640 2508 4695; x_wconf 91' lang='lat' dir='ltr'><strong>in</strong></span> <span class='ocrx_word' id='word_1_860' title='bbox 2542 4640 2799 4713; x_wconf 86' lang='lat' dir='ltr'><strong>futurum,</strong></span> <span class='ocrx_word' id='word_1_861' title='bbox 2831 4644 2935 4699; x_wconf 88' lang='lat' dir='ltr'><strong>vita</strong></span> <span class='ocrx_word' id='word_1_862' title='bbox 2965 4647 3172 4704; x_wconf 87' lang='lat' dir='ltr'><strong>scilicet</strong></span> <span class='ocrx_word' id='word_1_863' title='bbox 3199 4660 3420 4719; x_wconf 70' lang='lat' dir='ltr'><strong>aeterna,</strong></span> 
     </span>
    </p>
   </div>
   <div class='ocr_carea' id='block_1_106' title="bbox 1844 4730 3423 4807">
    <p class='ocr_par' dir='ltr' id='par_1_106' title="bbox 1844 4730 3423 4807">
     <span class='ocr_line' id='line_1_106' title="bbox 1844 4730 3423 4807; baseline 0.011 -27"><span class='ocrx_word' id='word_1_864' title='bbox 1844 4741 1961 4796; x_wconf 66' lang='lat' dir='ltr'><strong>quae</strong></span> <span class='ocrx_word' id='word_1_865' title='bbox 2010 4730 2270 4797; x_wconf 68' lang='lat' dir='ltr'><strong>prieccllit</strong></span> <span class='ocrx_word' id='word_1_866' title='bbox 2315 4733 2593 4789; x_wconf 89' lang='lat' dir='ltr'><strong>sabbatum</strong></span> <span class='ocrx_word' id='word_1_867' title='bbox 2624 4733 2776 4805; x_wconf 92' lang='lat' dir='ltr'><strong>legis,</strong></span> <span class='ocrx_word' id='word_1_868' title='bbox 2816 4738 3065 4807; x_wconf 84' lang='lat' dir='ltr'><strong>quoniam</strong></span> <span class='ocrx_word' id='word_1_869' title='bbox 3115 4740 3166 4794; x_wconf 89' lang='lat' dir='ltr'><strong>in</strong></span> <span class='ocrx_word' id='word_1_870' title='bbox 3215 4741 3305 4797; x_wconf 91' lang='lat' dir='ltr'><strong>illo</strong></span> <span class='ocrx_word' id='word_1_871' title='bbox 3334 4758 3423 4798; x_wconf 83' lang='lat' dir='ltr'><strong>re-</strong></span> 
     </span>
    </p>
   </div>
   <div class='ocr_carea' id='block_1_107' title="bbox 1844 4817 3425 4893">
    <p class='ocr_par' dir='ltr' id='par_1_107' title="bbox 1844 4817 3425 4893">
     <span class='ocr_line' id='line_1_107' title="bbox 1844 4817 3425 4893; baseline 0.013 -25"><span class='ocrx_word' id='word_1_872' title='bbox 1844 4817 2189 4886; x_wconf 84' lang='lat' dir='ltr'><strong>quiescebant</strong></span> <span class='ocrx_word' id='word_1_873' title='bbox 2238 4829 2441 4877; x_wconf 86' lang='lat' dir='ltr'><strong>tantum</strong></span> <span class='ocrx_word' id='word_1_874' title='bbox 2486 4837 2745 4893; x_wconf 81' lang='lat' dir='ltr'><strong>corpora,</strong></span> <span class='ocrx_word' id='word_1_875' title='bbox 2795 4826 2848 4880; x_wconf 91' lang='lat' dir='ltr'><strong>in</strong></span> <span class='ocrx_word' id='word_1_876' title='bbox 2891 4827 2989 4883; x_wconf 88' lang='lat' dir='ltr'><strong>ista</strong></span> <span class='ocrx_word' id='word_1_877' title='bbox 3032 4837 3206 4884; x_wconf 88' lang='lat' dir='ltr'><strong>autem</strong></span> <span class='ocrx_word' id='word_1_878' title='bbox 3235 4835 3425 4890; x_wconf 71' lang='lat' dir='ltr'><strong>animus</strong></span> 
     </span>
    </p>
   </div>
   <div class='ocr_carea' id='block_1_108' title="bbox 1846 4911 3471 4991">
    <p class='ocr_par' dir='ltr' id='par_1_108' title="bbox 1846 4911 3471 4991">
     <span class='ocr_line' id='line_1_108' title="bbox 1846 4911 3471 4991; baseline 0.011 -30"><span class='ocrx_word' id='word_1_879' title='bbox 1846 4911 2023 4979; x_wconf 87' lang='lat' dir='ltr'><strong>populi</strong></span> <span class='ocrx_word' id='word_1_880' title='bbox 2052 4911 2166 4966; x_wconf 81' lang='lat' dir='ltr'><strong>Dei.</strong></span> <span class='ocrx_word' id='word_1_881' title='bbox 2202 4912 2354 4968; x_wconf 85' lang='lat' dir='ltr'><strong>Unde</strong></span> <span class='ocrx_word' id='word_1_882' title='bbox 2382 4922 2435 4970; x_wconf 90' lang='lat' dir='ltr'><strong>et</strong></span> <span class='ocrx_word' id='word_1_883' title='bbox 2462 4916 2702 4985; x_wconf 88' lang='lat' dir='ltr'><strong>scqnitur</strong></span> <span class='ocrx_word' id='word_1_884' title='bbox 2732 4933 2747 4971; x_wconf 90' lang='lat'><strong>:</strong></span> <span class='ocrx_word' id='word_1_885' title='bbox 2779 4918 2881 4986; x_wconf 85' lang='lat' dir='ltr'><strong>Qui</strong></span> <span class='ocrx_word' id='word_1_886' title='bbox 2908 4920 3040 4975; x_wconf 81' lang='lat' dir='ltr'><strong>enim</strong></span> <span class='ocrx_word' id='word_1_887' title='bbox 3072 4921 3326 4991; x_wconf 84' lang='lat' dir='ltr'><strong>ingressus</strong></span> <span class='ocrx_word' id='word_1_888' title='bbox 3354 4936 3426 4979; x_wconf 76' lang='lat' dir='ltr'><strong>est</strong></span> <span class='ocrx_word' id='word_1_889' title='bbox 3462 4930 3471 4943; x_wconf 95' lang='lat'><em>’</em></span> 
     </span>
    </p>
   </div>
   <div class='ocr_carea' id='block_1_109' title="bbox 1840 4999 3423 5080">
    <p class='ocr_par' dir='ltr' id='par_1_109' title="bbox 1840 4999 3423 5080">
     <span class='ocr_line' id='line_1_109' title="bbox 1840 4999 3423 5080; baseline 0.009 -27"><span class='ocrx_word' id='word_1_890' title='bbox 1840 4999 1896 5053; x_wconf 88' lang='lat' dir='ltr'><strong>in</strong></span> <span class='ocrx_word' id='word_1_891' title='bbox 1924 5001 2142 5068; x_wconf 54' lang='lat' dir='ltr'><strong>requisiit</strong></span> <span class='ocrx_word' id='word_1_892' title='bbox 2172 5004 2307 5072; x_wconf 85' lang='lat' dir='ltr'><strong>ejus.</strong></span> <span class='ocrx_word' id='word_1_893' title='bbox 2342 5004 2435 5059; x_wconf 89' lang='lat' dir='ltr'><strong>Dei</strong></span> <span class='ocrx_word' id='word_1_894' title='bbox 2465 5007 2845 5075; x_wconf 85' lang='lat' dir='ltr'><strong>omnipotentis</strong></span> <span class='ocrx_word' id='word_1_895' title='bbox 2865 5048 2878 5071; x_wconf 92' lang='lat'><strong>,</strong></span> <span class='ocrx_word' id='word_1_896' title='bbox 2910 5010 2999 5080; x_wconf 87' lang='lat' dir='ltr'><strong>qui</strong></span> <span class='ocrx_word' id='word_1_897' title='bbox 3025 5021 3105 5065; x_wconf 90' lang='lat' dir='ltr'><strong>est</strong></span> <span class='ocrx_word' id='word_1_898' title='bbox 3134 5012 3237 5068; x_wconf 81' lang='lat' dir='ltr'><strong>vita</strong></span> <span class='ocrx_word' id='word_1_899' title='bbox 3262 5024 3423 5068; x_wconf 73' lang='lat' dir='ltr'><strong>inter-</strong></span> 
     </span>
    </p>
   </div>
   <div class='ocr_carea' id='block_1_110' title="bbox 1844 5089 3419 5173">
    <p class='ocr_par' dir='ltr' id='par_1_110' title="bbox 1844 5089 3419 5173">
     <span class='ocr_line' id='line_1_110' title="bbox 1844 5089 3419 5173; baseline 0.01 -28"><span class='ocrx_word' id='word_1_900' title='bbox 1844 5106 1931 5145; x_wconf 89' lang='lat' dir='ltr'><strong>na.</strong></span> <span class='ocrx_word' id='word_1_901' title='bbox 1964 5089 2137 5146; x_wconf 86' lang='lat' dir='ltr'><strong>Etiam</strong></span> <span class='ocrx_word' id='word_1_902' title='bbox 2172 5094 2281 5164; x_wconf 86' lang='lat' dir='ltr'><strong>ipse</strong></span> <span class='ocrx_word' id='word_1_903' title='bbox 2315 5096 2555 5165; x_wconf 86' lang='lat' dir='ltr'><strong>requievit</strong></span> <span class='ocrx_word' id='word_1_904' title='bbox 2591 5097 2653 5151; x_wconf 92' lang='lat' dir='ltr'><strong>ab</strong></span> <span class='ocrx_word' id='word_1_905' title='bbox 2692 5099 2927 5171; x_wconf 86' lang='lat' dir='ltr'><strong>operibus</strong></span> <span class='ocrx_word' id='word_1_906' title='bbox 2972 5104 3100 5157; x_wconf 83' lang='lat' dir='ltr'><strong>suis.</strong></span> <span class='ocrx_word' id='word_1_907' title='bbox 3148 5100 3419 5173; x_wconf 85' lang='lat' dir='ltr'><strong>Terrenis,</strong></span> 
     </span>
    </p>
   </div>
   <div class='ocr_carea' id='block_1_111' title="bbox 1846 5181 3425 5263">
    <p class='ocr_par' dir='ltr' id='par_1_111' title="bbox 1846 5181 3425 5263">
     <span class='ocr_line' id='line_1_111' title="bbox 1846 5181 3425 5263; baseline 0.009 -29"><span class='ocrx_word' id='word_1_908' title='bbox 1846 5181 2198 5251; x_wconf 81' lang='lat' dir='ltr'><strong>omnibusque</strong></span> <span class='ocrx_word' id='word_1_909' title='bbox 2226 5183 2517 5240; x_wconf 84' lang='lat' dir='ltr'><strong>laboribus.</strong></span> <span class='ocrx_word' id='word_1_910' title='bbox 2552 5186 2701 5243; x_wconf 83' lang='lat' dir='ltr'><strong>Sicut</strong></span> <span class='ocrx_word' id='word_1_911' title='bbox 2738 5198 2784 5242; x_wconf 82' lang='lat' dir='ltr'><strong>et</strong></span> <span class='ocrx_word' id='word_1_912' title='bbox 2811 5207 2841 5243; x_wconf 92' lang='lat' dir='ltr'><strong>a</strong></span> <span class='ocrx_word' id='word_1_913' title='bbox 2868 5190 2972 5245; x_wconf 84' lang='lat' dir='ltr'><strong>suis</strong></span> <span class='ocrx_word' id='word_1_914' title='bbox 3012 5189 3168 5245; x_wconf 85' lang='lat' dir='ltr'><strong>Deus.</strong></span> <span class='ocrx_word' id='word_1_915' title='bbox 3197 5192 3425 5263; x_wconf 80' lang='lat' dir='ltr'><strong>Requie-</strong></span> 
     </span>
    </p>
   </div>
   <div class='ocr_carea' id='block_1_112' title="bbox 1843 5269 3423 5350">
    <p class='ocr_par' dir='ltr' id='par_1_112' title="bbox 1843 5269 3423 5350">
     <span class='ocr_line' id='line_1_112' title="bbox 1843 5269 3423 5350; baseline 0.009 -26"><span class='ocrx_word' id='word_1_916' title='bbox 1843 5270 1921 5325; x_wconf 90' lang='lat' dir='ltr'><strong>vit</strong></span> <span class='ocrx_word' id='word_1_917' title='bbox 1943 5269 2033 5325; x_wconf 90' lang='lat' dir='ltr'><strong>die</strong></span> <span class='ocrx_word' id='word_1_918' title='bbox 2060 5273 2307 5341; x_wconf 89' lang='lat' dir='ltr'><strong>septima.</strong></span> <span class='ocrx_word' id='word_1_919' title='bbox 2336 5274 2562 5346; x_wconf 78' lang='lat' dir='ltr'><strong>Requies</strong></span> <span class='ocrx_word' id='word_1_920' title='bbox 2605 5278 2696 5333; x_wconf 90' lang='lat' dir='ltr'><strong>Dei</strong></span> <span class='ocrx_word' id='word_1_921' title='bbox 2738 5277 2992 5349; x_wconf 87' lang='lat' dir='ltr'><strong>perfectio</strong></span> <span class='ocrx_word' id='word_1_922' title='bbox 3021 5296 3241 5350; x_wconf 88' lang='lat' dir='ltr'><strong>operum</strong></span> <span class='ocrx_word' id='word_1_923' title='bbox 3284 5284 3423 5339; x_wconf 89' lang='lat' dir='ltr'><strong>illius</strong></span> 
     </span>
    </p>
   </div>
   <div class='ocr_carea' id='block_1_113' title="bbox 1845 5361 3397 5446">
    <p class='ocr_par' dir='ltr' id='par_1_113' title="bbox 1845 5361 3397 5446">
     <span class='ocr_line' id='line_1_113' title="bbox 1845 5361 3397 5446; baseline 0.01 -31"><span class='ocrx_word' id='word_1_924' title='bbox 1845 5361 2189 5432; x_wconf 76' lang='lat' dir='ltr'><strong>intelligenda</strong></span> <span class='ocrx_word' id='word_1_925' title='bbox 2232 5374 2335 5430; x_wconf 88' lang='lat' dir='ltr'><strong>est,</strong></span> <span class='ocrx_word' id='word_1_926' title='bbox 2383 5366 2630 5424; x_wconf 90' lang='lat' dir='ltr'><strong>videlicet</strong></span> <span class='ocrx_word' id='word_1_927' title='bbox 2671 5369 2797 5424; x_wconf 89' lang='lat' dir='ltr'><strong>dum</strong></span> <span class='ocrx_word' id='word_1_928' title='bbox 2837 5380 2985 5426; x_wconf 79' lang='lat' dir='ltr'><strong>sexta</strong></span> <span class='ocrx_word' id='word_1_929' title='bbox 3023 5371 3109 5427; x_wconf 88' lang='lat' dir='ltr'><strong>die</strong></span> <span class='ocrx_word' id='word_1_930' title='bbox 3140 5374 3281 5428; x_wconf 83' lang='lat' dir='ltr'><strong>ﬁnita</strong></span> <span class='ocrx_word' id='word_1_931' title='bbox 3314 5375 3397 5446; x_wconf 90' lang='lat' dir='ltr'><strong>pri</strong></span> 
     </span>
    </p>
   </div>
   <div class='ocr_carea' id='block_1_114' title="bbox 1842 5452 3424 5529">
    <p class='ocr_par' dir='ltr' id='par_1_114' title="bbox 1842 5452 3424 5529">
     <span class='ocr_line' id='line_1_114' title="bbox 1842 5452 3424 5529; baseline 0.011 -24"><span class='ocrx_word' id='word_1_932' title='bbox 1842 5452 2086 5508; x_wconf 89' lang='lat' dir='ltr'><strong>mordiali</strong></span> <span class='ocrx_word' id='word_1_933' title='bbox 2112 5470 2293 5510; x_wconf 87' lang='lat' dir='ltr'><strong>rerum</strong></span> <span class='ocrx_word' id='word_1_934' title='bbox 2317 5459 2609 5527; x_wconf 88' lang='lat' dir='ltr'><strong>creatione,</strong></span> <span class='ocrx_word' id='word_1_935' title='bbox 2638 5460 2689 5515; x_wconf 90' lang='lat' dir='ltr'><strong>in</strong></span> <span class='ocrx_word' id='word_1_936' title='bbox 2716 5461 2943 5529; x_wconf 83' lang='lat' dir='ltr'><strong>septimo</strong></span> <span class='ocrx_word' id='word_1_937' title='bbox 2971 5466 3202 5521; x_wconf 81' lang='lat' dir='ltr'><strong>cessavit</strong></span> <span class='ocrx_word' id='word_1_938' title='bbox 3221 5482 3247 5520; x_wconf 84' lang='lat' dir='ltr'><strong>a</strong></span> <span class='ocrx_word' id='word_1_939' title='bbox 3272 5482 3424 5523; x_wconf 85' lang='lat' dir='ltr'><strong>crea-</strong></span> 
     </span>
    </p>
   </div>
   <div class='ocr_carea' id='block_1_115' title="bbox 1843 5544 3419 5630">
    <p class='ocr_par' dir='ltr' id='par_1_115' title="bbox 1843 5544 3419 5630">
     <span class='ocr_line' id='line_1_115' title="bbox 1843 5544 3419 5630; baseline 0.013 -34"><span class='ocrx_word' id='word_1_940' title='bbox 1843 5544 1989 5601; x_wconf 75' lang='lat' dir='ltr'><strong>tione</strong></span> <span class='ocrx_word' id='word_1_941' title='bbox 2013 5560 2270 5603; x_wconf 89' lang='lat' dir='ltr'><strong>novarum</strong></span> <span class='ocrx_word' id='word_1_942' title='bbox 2316 5557 2660 5619; x_wconf 88' lang='lat' dir='ltr'><strong>naturarum,</strong></span> <span class='ocrx_word' id='word_1_943' title='bbox 2701 5566 2798 5621; x_wconf 91' lang='lat' dir='ltr'><strong>per</strong></span> <span class='ocrx_word' id='word_1_944' title='bbox 2838 5552 2983 5609; x_wconf 89' lang='lat' dir='ltr'><strong>illam</strong></span> <span class='ocrx_word' id='word_1_945' title='bbox 3026 5570 3151 5611; x_wconf 89' lang='lat' dir='ltr'><strong>vero</strong></span> <span class='ocrx_word' id='word_1_946' title='bbox 3184 5561 3419 5630; x_wconf 84' lang='lat' dir='ltr'><strong>requiem</strong></span> 
     </span>
    </p>
   </div>
   <div class='ocr_carea' id='block_1_116' title="bbox 1842 5634 3422 5720">
    <p class='ocr_par' dir='ltr' id='par_1_116' title="bbox 1842 5634 3422 5720">
     <span class='ocr_line' id='line_1_116' title="bbox 1842 5634 3422 5720; baseline 0.011 -29"><span class='ocrx_word' id='word_1_947' title='bbox 1842 5634 1958 5701; x_wconf 85' lang='lat' dir='ltr'><strong>Dei,</strong></span> <span class='ocrx_word' id='word_1_948' title='bbox 1988 5653 2104 5705; x_wconf 67' lang='lat' dir='ltr'><strong>quas</strong></span> <span class='ocrx_word' id='word_1_949' title='bbox 2141 5655 2247 5695; x_wconf 90' lang='lat' dir='ltr'><strong>non</strong></span> <span class='ocrx_word' id='word_1_950' title='bbox 2277 5649 2361 5697; x_wconf 86' lang='lat' dir='ltr'><strong>est</strong></span> <span class='ocrx_word' id='word_1_951' title='bbox 2384 5653 2585 5698; x_wconf 70' lang='lat' dir='ltr'><strong>aeterna</strong></span> <span class='ocrx_word' id='word_1_952' title='bbox 2605 5685 2619 5709; x_wconf 96' lang='lat'><strong>,</strong></span> <span class='ocrx_word' id='word_1_953' title='bbox 2652 5644 2888 5702; x_wconf 89' lang='lat' dir='ltr'><strong>studiose</strong></span> <span class='ocrx_word' id='word_1_954' title='bbox 2917 5660 3173 5717; x_wconf 85' lang='lat' dir='ltr'><strong>provocat</strong></span> <span class='ocrx_word' id='word_1_955' title='bbox 3202 5667 3297 5707; x_wconf 89' lang='lat' dir='ltr'><strong>nos</strong></span> <span class='ocrx_word' id='word_1_956' title='bbox 3316 5695 3330 5720; x_wconf 94' lang='lat'><strong>,</strong></span> <span class='ocrx_word' id='word_1_957' title='bbox 3366 5663 3422 5711; x_wconf 87' lang='lat' dir='ltr'><strong>ut</strong></span> 
     </span>
    </p>
   </div>
   <div class='ocr_carea' id='block_1_117' title="bbox 1840 5728 3421 5811">
    <p class='ocr_par' dir='ltr' id='par_1_117' title="bbox 1840 5728 3421 5811">
     <span class='ocr_line' id='line_1_117' title="bbox 1840 5728 3421 5811; baseline 0.013 -27"><span class='ocrx_word' id='word_1_958' title='bbox 1840 5728 1906 5784; x_wconf 89' lang='lat' dir='ltr'><strong>ad</strong></span> <span class='ocrx_word' id='word_1_959' title='bbox 1928 5732 2164 5801; x_wconf 88' lang='lat' dir='ltr'><strong>requiem</strong></span> <span class='ocrx_word' id='word_1_960' title='bbox 2189 5742 2402 5791; x_wconf 64' lang='lat' dir='ltr'><strong>internae</strong></span> <span class='ocrx_word' id='word_1_961' title='bbox 2426 5736 2769 5795; x_wconf 87' lang='lat' dir='ltr'><strong>beatitudinis</strong></span> <span class='ocrx_word' id='word_1_962' title='bbox 2795 5738 2962 5810; x_wconf 89' lang='lat' dir='ltr'><strong>illam,</strong></span> <span class='ocrx_word' id='word_1_963' title='bbox 2980 5757 3134 5811; x_wconf 85' lang='lat' dir='ltr'><strong>quant</strong></span> <span class='ocrx_word' id='word_1_964' title='bbox 3160 5746 3421 5804; x_wconf 83' lang='lat' dir='ltr'><strong>sabbatis-</strong></span> 
     </span>
    </p>
   </div>
   <div class='ocr_carea' id='block_1_118' title="bbox 1842 5826 3415 5914">
    <p class='ocr_par' dir='ltr' id='par_1_118' title="bbox 1842 5826 3415 5914">
     <span class='ocr_line' id='line_1_118' title="bbox 1842 5826 3415 5914; baseline 0.014 -38"><span class='ocrx_word' id='word_1_965' title='bbox 1842 5836 1987 5879; x_wconf 91' lang='lat' dir='ltr'><strong>mum</strong></span> <span class='ocrx_word' id='word_1_966' title='bbox 2038 5826 2309 5897; x_wconf 86' lang='lat' dir='ltr'><strong>appellat,</strong></span> <span class='ocrx_word' id='word_1_967' title='bbox 2356 5829 2482 5884; x_wconf 86' lang='lat' dir='ltr'><strong>totis</strong></span> <span class='ocrx_word' id='word_1_968' title='bbox 2530 5828 2731 5888; x_wconf 86' lang='lat' dir='ltr'><strong>nisibus</strong></span> <span class='ocrx_word' id='word_1_969' title='bbox 2786 5830 3115 5894; x_wconf 74' lang='lat' dir='ltr'><strong>anhelamus.</strong></span> <span class='ocrx_word' id='word_1_970' title='bbox 3166 5838 3415 5914; x_wconf 83' lang='lat' dir='ltr'><strong>Quisquis</strong></span> 
     </span>
    </p>
   </div>
  </div>
