3982 6352
549 301 648 356 7H

1647 291 1939 349 PBlMASll
1979 285 2420 346 ADRUMETANI
2465 287 2678 344 EPISC.

3717 275 3827 332 712

549 433 678 490 ergo
707 416 846 474 istud
875 415 970 472 Dei
993 414 1266 472 sabbatum
1294 410 1590 478 intraverit,
1617 411 1902 480 requiescit
1927 423 2117 478 perpe-
2145 409 2196 468 Α
2219 407 2368 462 dere.
2391 408 2663 478 Sequitur.
2691 405 2757 461 Et
2779 404 3086 475 pertingens.
3109 399 3256 458 Idem
3285 411 3462 456 sermo
3481 395 3612 453 Dei.
3644 394 3829 465 Usque

552 519 645 567 tuo
681 511 750 566 ab
787 509 930 563 omni
960 508 1140 562 labore
1177 513 1230 560 et
1257 516 1446 572 opere.
1489 503 1626 555 sicut
1659 501 1800 556 Deus
1839 497 2124 569 requiescit

553 617 582 656 a
611 600 882 656 creatione
913 610 1165 652 novarum
1194 609 1391 650 rerum.
1425 591 1744 646 Festinamus
1780 607 1898 661 ergo
1927 589 2124 659 ingredi

555 692 607 744 in
636 691 778 745 illam
806 689 1028 758 requiem
1057 695 1152 741 :ut
1181 699 1241 738 ne
1271 683 1518 753 in'ipsum
1539 684 1653 753 quis
1672 683 1864 736 incidat
1890 681 2126 735 incredu-

555 785 715 838 litatis
744 780 1043 850 exemplum.
1075 776 1255 846 Magna
1311 775 1527 844 quidem
1558 788 1647 828 res
1686 781 1739 828 et
1769 771 2016 826 salutaris
2045 777 2122 824 est

558 873 713 942 ﬁdes,
744 871 990 939 quoniam
1040 867 1156 922 sine
1206 867 1303 919 hac
1348 879 1451 919 non
1500 873 1585 918 est
1628 864 1821 918 salvari
1873 861 2125 929 possibile

556 963 713 1018 alicui
732 1002 746 1027 ,
778 961 914 1016 sicut
941 957 1196 1027 scriptum
1224 966 1305 1012 est
1329 973 1342 1010 :
1368 956 1494 1012 Sine
1524 954 1626 1009 ﬁde
1656 952 1984 1022 impossibile
2012 951 2126 1020 pla-

556 1069 678 1110 cere
706 1054 835 1108 Deo.
879 1051 984 1106 Sed
1028 1050 1094 1105 ad
1137 1049 1362 1103 salutem
1408 1061 1516 1102 non
1560 1045 1759 1102 sufﬁcit
1813 1044 1928 1099 sola
1969 1042 2121 1110 ﬁdes,

557 1143 915 1202 necessarium
961 1149 1043 1197 est
1086 1141 1229 1195 enim
1274 1138 1484 1208 cperari
1516 1153 1610 1206 per
1638 1135 1976 1192 dilectionem
2007 1133 2129 1188 ﬁdei

556 1244 610 1292 et
650 1233 956 1290 conversari
999 1232 1156 1300 digne
1205 1230 1335 1294 Deo,
1387 1228 1506 1298 quia
1548 1227 1679 1282 ﬁdes
1725 1227 1842 1281 sine
1883 1225 2131 1294 operibus

555 1333 761 1380 mortua
795 1331 895 1377 est.
928 1320 1290 1377 Considerans
1328 1317 1551 1387 proinde
1595 1315 1884 1385 Apostolus
1909 1313 2132 1369 ﬁdelita-

558 1424 662 1471 tem
703 1421 972 1484 perpetuae
1017 1412 1162 1475 vitze,
1210 1409 1454 1463 hortatur
1502 1407 1686 1461 dicens
1733 1422 1748 1458 :
1797 1405 2130 1460 Festinemus

560 1509 665 1564 ﬁde
679 1516 847 1572 recta,
861 1504 1168 1574 operatione
1188 1509 1370 1558 sancta
1396 1500 1617 1554 introire
1638 1499 1690 1552 in
1716 1499 1861 1553 illam
1890 1498 2128 1567 requiem

559 1601 745 1672 patrias
771 1595 1003 1654 cmlestis
1031 1594 1183 1649 nobis
1205 1592 1540 1658 promissam,
1573 1605 1642 1645 ne
1670 1588 1862 1659 aliquis
1890 1596 2126 1642 vestrum

2222 498 2289 550 ad
2318 498 2614 553 divisionem
2639 498 2822 551 anima:
2841 511 2904 548 ac
2925 494 3155 564 spiritus,
3180 507 3482 562 compagum
3504 503 3746 559 quoque,
3769 503 3827 538 ac

2222 589 2588 654 medullarum,
2618 597 2664 642 et
2695 589 2945 640 discretor
2983 584 3347 657 cogitationum
3375 590 3423 636 et
3465 581 3827 636 intentionum

2225 679 2416 734 cordis.
2438 675 2632 733 Anima
2661 676 2894 732 vivimus
2916 716 2932 742 ,
2957 674 3152 744 Spiritu
3191 672 3586 729 rationabiliter
3623 670 3823 725 intelli-

2226 774 2420 844 gimus,
2444 773 2550 825 vita
2577 770 2733 826 nobis
2761 769 2988 825 carnalis
3009 782 3128 823 cum
3155 766 3343 824 bestiis
3369 763 3695 820 communis
3725 772 3819 826 est,

2227 860 2368 917 ratio
2397 859 2652 930 spiritalis
2678 873 2797 914 cum
2827 855 3029 928 angelis
3051 896 3066 922 ,
3095 863 3152 910 et
3178 863 3302 910 sunt
3320 854 3568 925 quadarn
3599 862 3821 922 peccata

2225 966 2345 1022 qua:
2375 953 2639 1020 pertinent
2678 947 2964 1016 specialius
3007 945 3074 1000 ad
3113 959 3326 1014 corpus,
3371 952 3432 999 ut
3471 953 3562 999 est
3611 942 3818 1006 odium,

2228 1043 2330 1108 ira,
2355 1042 2534 1108 dolus,
2573 1040 2791 1106 invidia,
2815 1049 3115 1108 ceteraque
3159 1035 3485 1108 hujusmodi,
3531 1051 3670 1106 quae
3717 1035 3822 1088 sine

2232 1144 2352 1192 actu
2381 1135 2620 1204 carporis
2668 1149 2775 1189 non
2819 1139 3093 1196 constant,
3137 1138 3191 1187 et
3235 1130 3355 1200 quia
3396 1144 3602 1199 corpus
3653 1128 3817 1181 anima

2235 1226 2561 1290 viviﬁcatur,
2608 1239 2713 1279 non
2761 1226 3054 1292 incongrue
3103 1236 3196 1291 per
3242 1222 3472 1275 animam
3536 1232 3816 1287 possumus

2234 1314 2531 1384 intelligere
2553 1325 2764 1383 peccata
2788 1312 3110 1383 corporalia,
3143 1326 3238 1381 per
3260 1311 3508 1381 spiritum
3535 1325 3681 1366 vero
3709 1325 3813 1379 pee-

2239 1416 2356 1462 cata
2387 1406 2675 1477 spiritalia,
2703 1420 2820 1475 qua:
2844 1405 2899 1460 in
2924 1415 3132 1460 secreto
3162 1403 3354 1459 mentis
3383 1413 3706 1458 versantur.
3735 1403 3817 1458 lte-

2235 1514 2353 1554 rum
2381 1513 2476 1568 per
2498 1511 2782 1567 compages
2810 1496 3067 1551 deb‘emus
3103 1495 3399 1565 intelligere
3437 1495 3807 1564 cogitationes,

2235 1606 2353 1660 quae
2381 1589 2484 1647 sibi
2514 1589 2742 1645 invicem
2772 1590 3244 1659 compaginantur,
3275 1588 3401 1644 dum
3442 1603 3558 1644 una
3591 1589 3807 1654 ,alteram

560 1691 758 1747 incidat
785 1691 839 1746 in
878 1688 1106 1757 idipsum
1149 1683 1451 1752 exemplum
1511 1679 1896 1738 incredulitatis
1946 1687 2001 1734 et
2039 1678 2133 1733 de—
2161 1673 2210 1734 Β
2235 1681 2596 1750 subsequitur,
2631 1696 2725 1750 per
2751 1679 3014 1735 medullas
3041 1694 3188 1744 vero,
3217 1679 3439 1734 subtiles
3466 1679 3804 1734 intentiones.

559 1774 908 1852 sperationis,
938 1779 991 1834 in
1020 1778 1157 1848 quod
1188 1777 1264 1832 illi
1291 1776 1616 1832 ceciderunt.
1647 1774 2014 1840 Festinemus,
2047 1772 2131 1826 in-

559 1871 697 1943 quit,
721 1870 971 1942 quoniam
1000 1883 1104 1924 non
1127 1867 1322 1923 sufﬁcit
1348 1868 1463 1923 sola
1493 1866 1626 1921 ﬁdes
1652 1908 1666 1932 ,
1697 1863 1793 1920 sed
1821 1863 1981 1918 debet
2008 1860 2130 1916 addi

558 1970 615 2018 et
638 1961 745 2016 vita
769 1960 889 2016 ﬁdei
917 1959 1206 2030 condigna,
1231 1958 1562 2014 sufﬁcienter
1594 1956 1738 2012 enim
1765 1953 2012 2024 exemplo
2043 1967 2134 2021 pa-

557 2061 770 2110 rentum
798 2061 1099 2108 nostrorum
1129 2051 1386 2106 docemur
1407 2091 1421 2116 ,
1449 2063 1516 2104 ne
1545 2047 1599 2103 in
1627 2047 1859 2117 idipsum
1890 2044 2131 2101 inciden-

559 2155 660 2212 tes,
691 2145 743 2200 in
774 2143 914 2215 quod
944 2144 1019 2199 illi
1046 2142 1378 2208 ceciderunt,
1409 2141 1531 2196 talia
1560 2141 1844 2211 patiamur,
1875 2138 2048 2208 qualia
2080 2145 2137 2192 et

556 2236 634 2294 illi
666 2237 808 2308 passi
842 2244 988 2292 sunt.
1037 2234 1190 2290 Vivus
1219 2243 1293 2290 est
1339 2235 1472 2290 enim
1520 2249 1684 2288 sermo
1714 2231 1810 2286 Dei
1859 2239 1904 2285 et
1929 2230 2130 2300 eﬁicax,

555 2341 604 2386 et
632 2332 991 2402 penetrabilior
1023 2331 1159 2385 omni
1186 2329 1359 2400 gladio
1387 2329 1620 2397 ancipiti.
1645 2328 1899 2396 Apostolo
1927 2327 2136 2381 dicente

558 2428 614 2476 et
653 2421 937 2485 hortante,
970 2419 1286 2474 festinemus
1331 2417 1536 2488 ingredi
1583 2417 1638 2472 in
1676 2418 1912 2487 requiem
1950 2416 2136 2486 patrias

558 2512 792 2568 caelestis
818 2511 922 2566 ﬁde
952 2519 1004 2566 et
1026 2510 1338 2581 operatione
1359 2550 1374 2575 ,
1407 2524 1476 2564 ne
1507 2508 1698 2578 aliquis
1729 2518 1969 2563 n05trum
2011 2505 2139 2561 inci-

560 2600 653 2656 dat
698 2601 752 2655 in
792 2600 1019 2670 idipsum
1067 2598 1396 2654 inﬁdelitatis
1426 2598 1765 2666 exemplum,
1811 2597 1862 2650 in
1892 2594 2033 2665 quod
2065 2593 2140 2649 illi

561 2692 887 2756 ceciderunt,
915 2699 970 2747 et
997 2705 1103 2746 non
1135 2689 1351 2746 veniant
1375 2689 1528 2744 nobis
1551 2689 1678 2743 talia
1705 2687 1880 2758 qualia
1909 2686 2012 2741 illis
2041 2700 2137 2740 ve-

561 2791 779 2850 nerunt,
806 2781 896 2852 qui
923 2781 1169 2851 prostrati
1187 2789 1310 2836 sunt
1339 2778 1392 2836 in
1425 2780 1637 2836 deserto
1665 2787 1914 2848 poterant
1940 2776 2016 2833 illi
2046 2777 2136 2832 Ju-

561 2873 663 2930 daei
691 2872 1058 2944 respondere:
1108 2872 1451 2942 Nequaquam
1495 2871 1650 2927 nobis
1695 2869 1820 2923 talia
1865 2869 2132 2932 evenient,

561 2963 684 3036 quia
704 2978 810 3020 non
840 2964 1098 3018 habemus
1127 2965 1412 3032 prephetas
1440 2971 1492 3017 et
1511 2961 1720 3031 judices
1739 3001 1755 3027 ,
1785 2974 1882 3030 per
1907 2973 2134 3028 quorum

562 3072 654 3111 ora
703 3057 855 3112 nobis
899 3056 1147 3126 loquatur
1188 3055 1466 3123 Dominus,
1500 3053 1638 3110 sicut
1686 3052 1762 3108 illi
1816 3053 2142 3118 habuerunt,

563 3147 789 3218 ideoque
826 3147 1084 3218 quidquid
1123 3149 1419 3218 egerimus,
1448 3146 1784 3203 excusabiles
1812 3146 2029 3202 erimus.
2060 3143 2144 3201 Ad

562 3237 678 3294 haec
703 3238 986 3310 Apostolus
1013 3239 1202 3295 volens
1226 3238 1512 3296 ostendere
1538 3239 1784 3294 eumdem
1816 3252 1914 3293 nos
1945 3237 2144 3293 habere

559 3329 791 3400 judicem
813 3345 968 3402 quem
1000 3331 1076 3385 illi
1109 3331 1438 3396 habuerunt,
1463 3331 1553 3398 qui
1581 3331 1702 3386 illos
1730 3338 1946 3400 propter
1973 3329 2144 3385 incre-

562 3422 839 3478 dulitatem
887 3422 1181 3488 damnavit,
1229 3423 1400 3478 dixit:
1433 3422 1550 3477 Non
1595 3430 1678 3478 est
1725 3423 1818 3488 ita,
1867 3421 2020 3476 vivus
2063 3429 2146 3476 est

564 3515 704 3571 enim
728 3529 905 3570 sermo
939 3515 1033 3571 Dei
1074 3524 1129 3570 et
1155 3515 1365 3570 efﬁcax.
1397 3513 1585 3569 Sermo
1613 3512 1707 3568 Dei
1748 3511 1921 3566 Patris
1948 3519 2004 3566 et
2029 3525 2144 3565 ver-

566 3606 688 3661 bum
710 3605 875 3661 Filius
896 3615 998 3672 est,
1013 3606 1102 3674 qui
1127 3604 1486 3674 potentialiter
1506 3602 1768 3660 interfecit
1788 3602 1872 3655 illa
1885 3611 2142 3657 sexcenta

566 3695 729 3750 millia
770 3696 824 3750 in
871 3695 1086 3766 deserto
1115 3695 1185 3748 ob
1229 3709 1380 3749 suam
1430 3693 1821 3756 inﬁdelitatem,
1863 3702 1916 3748 et
1943 3695 2062 3763 quia
2091 3695 2139 3748 ei

568 3786 851 3840 noluerunt
878 3783 1118 3839 credere.
1153 3784 1250 3838 Hic
1278 3791 1362 3838 est
1405 3799 1582 3840 sermo
1609 3785 1699 3854 qui
1730 3798 1998 3853 nunquam
2031 3798 2145 3838 mo-

568 3877 723 3943 ritur,
751 3875 844 3931 sed
875 3889 1088 3944 semper
1118 3875 1258 3930 idem
1286 3883 1489 3942 manet,
1514 3875 1666 3946 juxta
1695 3875 1837 3945 quod
1861 3876 2142 3930 Psalmista

569 3967 735 4022 dicit:
761 3967 842 4022 Tu
873 3975 1050 4023 autem
1091 3967 1230 4022 idem
1262 3967 1378 4037 ipse
1405 3983 1462 4024 es
1485 4009 1500 4034 ,
1544 3978 1599 4022 et
1623 3967 1746 4023 anni
1777 3967 1851 4022 tui
1884 3983 1989 4022 non
2017 3966 2144 4021 deﬁ-

567 4061 726 4115 cient.
753 4060 848 4115 Hic
872 4067 954 4116 est
983 4073 1182 4126 sermo,
1215 4059 1305 4129 qui
1333 4060 1402 4116 de
1429 4060 1605 4129 seipso
1630 4059 1787 4115 dicit:
1814 4059 1870 4115 Si
1894 4058 2011 4128 quis
2031 4072 2146 4113 ser-

568 4167 780 4208 monem
812 4167 987 4209 meum
1033 4150 1345 4217 servaverit,
1394 4161 1620 4207 mortem
1667 4165 1773 4206 non
1816 4150 2048 4220 gustabit
2085 4149 2140 4204 in

566 4255 850 4301 aeternum.
900 4243 957 4300 Si
981 4243 1122 4300 enim
1141 4245 1215 4300 illi
1239 4252 1540 4301 sermOnem
1559 4243 1656 4300 Dei
1675 4251 1979 4299 servassent
1997 4251 2142 4298 recte

567 4336 834 4393 credendo
859 4377 874 4403 ,
904 4345 960 4393 et
986 4336 1123 4392 bene
1160 4336 1420 4405 vivendo,
1453 4339 1696 4394 viverent
1740 4337 2058 4406 temporali,
2090 4343 2144 4392 et

563 4440 761 4484 mterna
793 4428 925 4494 vita,
953 4435 1256 4497 terramque
1282 4428 1717 4498 repromissionis
1746 4427 2026 4484 intrarent.
2055 4427 2143 4482 Si-

567 4517 763 4572 militer
793 4525 847 4571 et
865 4529 994 4583 nos,
1017 4515 1064 4571 si
1093 4519 1484 4572 servaverimus
1509 4532 1808 4574 sermonem
1831 4520 1950 4587 ejus
1967 4561 1982 4586 ,
2006 4517 2147 4572 vive-

568 4620 720 4670 mus,
755 4605 1100 4675 requiemque
1127 4606 1402 4663 coelestem
1443 4608 1779 4664 intrabimus.
1825 4608 1930 4664 lste
1967 4623 2146 4665 sermo

565 4693 662 4750 Dei
696 4696 893 4759 Patris,
931 4695 1019 4765 qui
1046 4709 1258 4766 semper
1285 4698 1414 4752 vivit
1441 4712 1560 4753 cum
1595 4699 1706 4754 Deo
1747 4698 1934 4767 Patre,
1966 4707 2021 4755 et
2049 4717 2145 4770 per

565 4801 722 4857 quem
749 4786 924 4842 omnia
955 4785 1111 4842 Pater
1137 4786 1363 4858 judicat,
1412 4787 1604 4844 efﬁcax
1655 4798 1756 4853 est,
1805 4789 1908 4845 hoc
1935 4799 2038 4857 est,
2071 4791 2138 4846 ad

563 4879 889 4949 operandum
920 4878 1126 4944 facilis,
1158 4880 1281 4950 quia
1333 4879 1448 4935 sine
1493 4879 1810 4937 difﬁcultate
1857 4891 2136 4950 operatur;

563 4969 680 5040 Ipse
701 4968 841 5024 enim
871 4967 1038 5035 dixit,
1082 4977 1137 5025 et
1173 4968 1311 5025 facta
1339 4979 1496 5039 sunt,
1527 4979 1583 5027 et
1609 4971 1787 5027 omnia
1811 4987 2141 5046 quaecunque

563 5059 730 5115 voluit
776 5059 919 5114 fecit.
967 5059 1358 5116 Penetrabilior
1398 5077 1611 5134 quoque
1651 5073 1733 5120 est
1779 5066 1927 5120 omni
1967 5065 2142 5136 gladio

563 5151 804 5220 ancipiti,
836 5151 937 5206 hoc
957 5158 1060 5218 est,
1083 5167 1150 5206 ex
1172 5160 1398 5222 utraque
1425 5163 1574 5222 parte
1597 5165 1773 5224 acuto,
1792 5157 1916 5228 quia
1935 5157 2141 5228 gladius

565 5241 854 5298 materialis
877 5253 1100 5313 utraque
1129 5252 1281 5313 parte
1305 5254 1525 5314 acutus,
1556 5250 1792 5304 membra
1837 5259 2014 5320 potest
2058 5251 2140 5305 di-

562 5333 742 5390 videre
765 5349 793 5388 a
815 5347 1062 5402 corpore,
1084 5340 1139 5389 et
1160 5344 1440 5403 penetrare
1467 5349 1672 5394 secreta
1697 5340 1892 5405 carnis,
1922 5340 2056 5396 adeo
2082 5349 2141 5397 ut

563 5424 791 5479 animam
821 5439 850 5477 a
879 5437 1105 5494 corpore
1135 5424 1291 5481 faciat
1322 5427 1497 5494 exire,
1538 5429 1709 5498 ipsum
1760 5446 1972 5500 quoque
2019 5446 2140 5486 cor-

567 5531 664 5584 pus
705 5515 756 5569 in
804 5523 1032 5571 mortem
1081 5516 1316 5589 redigat,
1358 5517 1452 5574 sed
1499 5527 1674 5574 tamen
1706 5519 1874 5588 ipsam
1907 5521 2136 5576 animam

564 5619 669 5658 non
703 5612 876 5672 potest
917 5605 1155 5662 dividere
1199 5609 1524 5674 minutatim,
1570 5624 1746 5679 neque
1787 5619 1990 5666 secreta
2024 5613 2138 5682 ejus

565 5702 879 5764 penetrare;
921 5696 1065 5753 unde
1108 5697 1367 5755 Dominus
1409 5698 1579 5755 dicit:
1613 5699 1789 5756 Nolite
1833 5701 2019 5759 timere
2050 5721 2141 5760 eos

567 5783 655 5855 qui
682 5784 927 5844 occidunt
951 5800 1166 5859 corpus,
1197 5792 1323 5861 quia
1345 5793 1575 5850 animam
1607 5807 1714 5851 non
1743 5803 1965 5865 possunt
1992 5801 2140 5856 occi-

2240 1775 2306 1829 Et
2334 1774 2434 1828 hoc
2455 1780 2536 1828 est
2559 1772 2700 1842 quod
2730 1770 3024 1841 subjungit.
3057 1769 3330 1826 Discretor
3353 1769 3745 1841 cogitationum
3767 1778 3809 1823 et

2239 1867 2594 1921 intentionum
2623 1863 2821 1919 cordis.
2848 1863 3038 1919 Sermo
3058 1877 3185 1934 ergo
3206 1862 3300 1918 Dei
3329 1861 3507 1917 Patris
3543 1862 3599 1916 in
3625 1870 3804 1916 tantum

2237 1964 2320 2013 est
2349 1954 2542 2010 efﬁcax
2586 1966 2640 2010 et
2671 1953 3053 2025 penetrabilior
3080 1954 3225 2009 omni
3267 1952 3448 2023 gladio
3493 1952 3736 2021 ancipiti,
3763 1962 3806 2005 ut

2235 2050 2506 2105 discernat
2543 2049 2683 2102 inter
2711 2062 2874 2118 opera
2902 2047 3080 2102 carnis
3109 2054 3166 2101 et
3205 2059 3362 2115 opera
3397 2045 3660 2114 spiritus,
3687 2045 3807 2099 inter

2236 2140 2469 2198 carnalia
2512 2147 2727 2210 peccata
2773 2147 2828 2194 et
2876 2139 3155 2210 spiritalia,
3186 2147 3242 2193 et
3283 2138 3423 2194 inter
3457 2137 3803 2208 cogitationes

2241 2235 2410 2291 bonas
2433 2234 2691 2301 malasve,
2709 2242 2764 2288 et
2783 2232 3108 2288 intentiones
3134 2231 3300 2288 bonas
3327 2241 3381 2287 et
3411 2231 3624 2296 malas;
3655 2237 3805 2300 potest

2241 2327 2384 2385 enim
2413 2327 2666 2399 cogitatio
2691 2334 2960 2396 utcunque
2978 2325 3116 2380 bona
3137 2338 3278 2392 esse,
3304 2331 3360 2380 et
3381 2324 3617 2379 intentio
3642 2323 3800 2378 mala:

2241 2419 2390 2477 verbi
2421 2418 2610 2489 gratia,
2653 2424 2714 2472 ut
2754 2416 2854 2471 sub
2894 2415 3294 2486 comparatione
3340 2415 3630 2484 loquamur
3674 2431 3686 2464 :
3729 2411 3808 2466 Est

2244 2511 2486 2581 quaedam
2510 2509 2667 2564 vidua
2697 2507 2850 2576 cujus
2872 2507 3139 2577 possessio
3168 2505 3506 2562 haereditaria
3550 2519 3585 2559 a
3611 2505 3807 2560 fortiore

2247 2601 2547 2666 invaditur;
2581 2600 2840 2657 accedens
2869 2609 3046 2655 autem
3073 2599 3139 2655 ad
3165 2598 3398 2670 judicem
3430 2598 3672 2668 legisque
3699 2596 3809 2650 dos-

2247 2700 2438 2758 torem,
2483 2693 2798 2762 deprecatur
2834 2699 3097 2761 quatenus
3137 2691 3388 2759 suscipiat
3431 2689 3550 2760 ejus
3585 2703 3807 2754 causam

2245 2784 2419 2854 sitque
2447 2787 2495 2840 ei
2521 2784 2572 2838 iu
2606 2783 2860 2838 auxilium
2879 2823 2893 2848 ,
2923 2783 3153 2852 qualiter
3181 2781 3420 2838 obtinere
3450 2781 3620 2851 possit
3651 2779 3811 2835 hare-

2243 2877 2461 2933 ditatem
2510 2876 2609 2931 sibi
2656 2876 2976 2931 abstractam
2999 2917 3016 2943 ,
3056 2872 3366 2945 promittens
3403 2875 3452 2928 ei
3480 2881 3570 2927 aut
3599 2882 3812 2928 centum

2248 2968 2469 3032 solidos,
2495 2976 2584 3022 aut
2612 2967 2772 3023 etiam
2801 2982 2907 3023 non
2930 2965 3194 3022 modicam
3219 2975 3406 3037 partem
3432 2963 3669 3033 ejusdem
3697 2962 3814 3015 hae-

2250 3061 2522 3126 reditalis,
2553 3062 2642 3131 qui
2687 3060 2990 3131 ingrediens
3016 3061 3296 3116 ecclesiam
3317 3058 3406 3113 Dei
3432 3055 3731 3126 prosternit
3760 3068 3815 3109 se

2250 3152 2304 3207 in
2341 3151 2528 3206 faciem
2569 3165 2728 3206 orans
2757 3159 2810 3206 et
2837 3149 3053 3205 dicens:
3089 3149 3230 3204 Deus
3258 3157 3470 3213 aeterne,
3499 3146 3620 3215 quia
3645 3145 3812 3200 omnia

2245 3245 2388 3316 juste
2410 3244 2638 3313 judicas,
2671 3252 2745 3313 et,
2769 3243 2860 3314 qui
2889 3243 3100 3298 dixisti:
3127 3240 3367 3297 Judicate
3396 3238 3615 3309 papulo,
3646 3237 3812 3292 defen-

2250 3337 2360 3392 dite
2396 3335 2632 3403 viduam,
2666 3334 2842 3403 prazbe
2885 3333 3013 3387 mihi
3057 3332 3308 3387 auxilium
3357 3330 3536 3394 hodie,
3570 3335 3809 3397 quatenus

2252 3441 2468 3484 causam
2515 3425 2670 3495 hujus
2696 3425 2870 3480 vidua:
2909 3424 3149 3479 obtinere
3189 3424 3411 3493 possim.
3459 3421 3589 3475 Haec
3625 3419 3807 3484 dicens,

2250 3518 2500 3588 cogitatio
2529 3516 2740 3585 quidem
2773 3525 2828 3570 et
2850 3515 3010 3570 verba
3036 3515 3172 3569 bona
3202 3523 3345 3580 sunt,
3370 3512 3466 3568 sed
3489 3512 3714 3567 intentio
3733 3524 3802 3565 ue-

2249 3624 2430 3679 quam,
2472 3607 2720 3677 quoniam
2767 3607 2868 3660 nisi
2901 3606 2977 3659 illi
3026 3605 3184 3660 vidua
3230 3603 3425 3673 aliquid
3473 3604 3802 3674 promisisset,

2249 3700 2389 3772 quod
2429 3699 2518 3753 illc
2548 3707 2788 3767 speraret
2830 3712 2888 3754 se
2917 3707 3257 3767 accepturum
3277 3738 3291 3762 ,
3321 3711 3664 3766 nequaquam
3699 3709 3804 3750 cau-

2248 3805 2362 3845 sam
2391 3789 2533 3844 illius
2578 3789 2926 3858 suscepisset.
2968 3788 3113 3843 [lane
3149 3787 3497 3843 subtilitatem
3559 3785 3807 3854 cogitatio-

2251 3897 2397 3944 num,
2445 3890 2499 3934 et
2541 3880 2895 3935 intentionum
2948 3880 3121 3933 cordis
3165 3879 3421 3934 discernit
3469 3889 3526 3933 et
3581 3877 3807 3947 dijudicat

2248 3987 2428 4028 sermo
2456 3971 2548 4025 Dci
2572 4011 2587 4036 ,
2618 3970 2964 4025 considerans
2990 3986 3093 4040 quo
3133 3971 3308 4025 animo
3345 3970 3430 4024 vel
3483 3984 3601 4039 quo
3629 3967 3808 4022 deside-

2247 4065 2327 4118 rio
2350 4063 2572 4132 quisque
2601 4063 2801 4117 serviat
2830 4063 2882 4116 in
2911 4061 3092 4129 corde,
3125 4071 3327 4116 tantum
3368 4061 3722 4130 penetrabilis
3742 4067 3808 4112 est

2248 4156 2364 4226 ejus
2383 4157 2624 4220 intuitus,
2647 4165 2702 4209 ut
2721 4156 2896 4209 omnia
2926 4167 3101 4209 nostra
3121 4170 3237 4224 qua:
3253 4153 3479 4225 agimus,
3512 4155 3603 4209 vel
3634 4155 3805 4222 cogita-

2250 4247 2602 4313 mus,certius
2632 4247 2698 4301 ab
2739 4246 2832 4300 illo
2862 4261 3018 4316 quam
3043 4262 3072 4299 a
3099 4245 3392 4314 nobisipsis
3416 4255 3806 4314 cognoscantur.

2249 4337 2399 4393 tilum
2427 4353 2554 4408 ergo
2583 4338 2874 4393 habeamus
2899 4339 2950 4392 in
2976 4338 3340 4393 testimonium
3371 4347 3599 4393 actuum
3627 4348 3809 4393 nostro-

2252 4449 2390 4501 rum,
2424 4431 2912 4503 cogitationumque
2961 4433 3044 4486 vel
3093 4433 3446 4487 intentionum
3493 4442 3806 4490 nostrarum,

2171 4562 2225 4624 Β
2251 4541 2409 4596 quem
2431 4523 2667 4594 judicem
2699 4522 2928 4578 habituri
2955 4539 3138 4578 sumus
3161 4565 3174 4588 ,
3210 4524 3487 4579 timeamus
3531 4523 3657 4592 ejus
3701 4536 3812 4590 pra-

2249 4617 2475 4672 sentiam
2497 4653 2510 4677 ,
2542 4615 2693 4684 cujus
2729 4614 3007 4670 scientiam
3040 4615 3341 4670 nullatenus
3379 4612 3630 4680 effugere
3663 4611 3812 4665 valeto

2246 4722 2386 4772 mus,
2413 4706 2554 4762 unde
2581 4707 2822 4774 sequitur
2847 4723 2858 4759 :
2887 4705 2954 4760 Et
2983 4722 3083 4760 non
3110 4715 3182 4760 est
3209 4705 3318 4760 ulla
3341 4717 3586 4759 creatura
3611 4702 3813 4758 invisibi-

2245 4801 2308 4855 lis
2331 4803 2382 4854 in
2403 4807 2672 4869 conspectu
2697 4801 2836 4868 ejus,
2869 4799 3040 4853 omnia
3068 4808 3235 4853 autem
3255 4798 3391 4852 nuda
3432 4809 3479 4851 et
3503 4807 3694 4864 aperta
3716 4800 3813 4848 sunt

2248 4893 2407 4946 oculis
2430 4893 2558 4962 ejus.
2585 4891 2694 4946 Hoc
2719 4900 2820 4957 est,
2845 4892 3143 4960 praesentia:
3172 4891 3310 4946 illius
3339 4907 3354 4947 :
3384 4889 3679 4956 Quomodo
3705 4901 3814 4955 ergo

2250 4992 2424 5053 potest
2464 4983 2638 5052 aliqua
2680 4997 2766 5038 res
2815 4983 2891 5037 illi
2934 4983 3201 5051 incognita
3240 4995 3382 5047 esse,
3437 4996 3463 5033 a
3493 4996 3613 5049 quo
3655 4979 3814 5035 omnia

2246 5074 2383 5130 facta
2414 5075 2572 5129 sunt?
2599 5073 2704 5128 Nec
2736 5075 2927 5130 mirum
2959 5077 3001 5129 si
3051 5085 3191 5130 totus
3238 5073 3432 5143 ubique
3473 5080 3652 5127 totam
3681 5083 3814 5126 suam

2246 5175 2500 5235 agnoscat
2526 5174 2826 5221 creaturam
2848 5207 2861 5230 ,
2895 5165 3018 5220 hinc
3043 5165 3274 5221 maxime
3300 5164 3492 5220 terruit
3533 5163 3816 5231 Apostolus

2247 5256 2461 5312 Judacos
2504 5257 2688 5311 dicens
2729 5273 2739 5308 :
2789 5254 2976 5310 Omnia
3005 5265 3182 5310 autem
3227 5255 3365 5310 nuda
3394 5263 3450 5308 et
3481 5263 3677 5322 aperta
3710 5259 3818 5306 sunt

2245 5349 2412 5404 oculis
2451 5350 2585 5419 ejus.
2629 5349 2708 5403 Ad
2737 5365 2886 5420 quem
2917 5350 3058 5404 nobis
3096 5365 3278 5404 sermo.
3309 5348 3389 5405 Ad
3429 5363 3595 5419 quem
3639 5349 3813 5402 ﬁlium.

2244 5438 2354 5493 Nisi
2409 5439 2531 5508 quia
2585 5439 2684 5509 ipsi
2743 5439 3000 5495 reddituri
3052 5455 3236 5495 sumus
3292 5443 3549 5497 rationem
3606 5449 3814 5496 actuum

2245 5541 2567 5593 nostrorum,
2617 5531 2881 5600 simulque
2924 5532 3305 5601 cogitationum
3335 5543 3388 5587 et
3438 5533 3815 5587 intentionum.

2247 5619 2500 5675 [labentes
2526 5637 2645 5691 ergo
2674 5622 2964 5690 pontiﬁcem
3003 5639 3274 5692 magnum,
3309 5623 3394 5691 qui
3423 5625 3711 5690 penetravit
3738 5638 3823 5675 τα·

2244 5713 2318 5767 los
2330 5711 2362 5765 .1
2369 5729 2507 5766 esum
2525 5711 2688 5781 ﬁlium
2704 5712 2820 5778 Dei,
2843 5722 3100 5767 teneamus
3112 5714 3217 5782 spei
3230 5723 3414 5769 nostra
3424 5715 3817 5783 confessionem.

2245 5802 2302 5860 ld
2328 5813 2428 5870 est,
2455 5803 2612 5860 ﬁdem
2642 5804 2872 5862 nominis
2896 5805 3034 5876 ejus.
3059 5805 3342 5864 Paululum
3368 5807 3422 5864 ia
3441 5807 3811 5878 superioribus
