3982 6352
179 396 286 470 vis

1036 402 1103 459 IN
1144 400 1525 460 EPISTOLAM
1567 399 1658 458 an
1699 350 2039 460 HEBRAEOS
2078 386 2597 463 COMMENTARIA.

3206 338 3268 349 οι..

3344 408 3450 464 τη

178 512 242 566 tle
266 509 550 569 divinitate
581 513 699 570 Filii
730 514 822 571 Dei
846 514 1147 581 disserens,
1182 515 1317 571 dixit
1355 531 1369 571 ε
1400 513 1591 570 Omnia
1621 515 1761 571 nuda
1788 517 1840 575 Α
1868 523 2044 570 autem
2071 529 2198 571 caro
2227 532 2332 572 non
2371 518 2466 573 fuit
2495 514 2719 589 peccati,
2750 515 2843 575 sed
2874 517 3167 588 munditiae,
3209 529 3264 578 et
3293 535 3399 577 cast
3428 556 3451 567 -

176 617 231 661 et
254 617 437 676 aperta
464 618 588 664 sunt
613 610 782 666 oculis
803 610 939 680 ejus.
996 610 1242 680 Nunquid
1290 618 1469 664 autem
1495 649 1510 674 ,
1540 607 1660 678 quia
1695 608 1764 665 de

176 714 341 754 carne
378 698 635 771 loquitur,
664 712 717 758 et
749 703 817 759 de
875 703 1184 774 pontificatu
1214 702 1450 772 disputat
1491 701 1629 757 illius
1671 702 1762 773 qui

174 792 523 861 semetipsum
569 793 758 850 obtulit
807 796 859 850 in
890 811 981 851 ara
1020 795 1197 853 crucis
1228 810 1388 851 causa
1436 804 1633 851 noetrae
1674 810 1763 851 sa-

173 882 341 940 Iutis?
364 887 476 955 ipse
503 888 645 942 enim
676 889 913 958 pontifex
941 890 1055 945 sive
1078 889 1352 955 sacerdos,
1373 888 1489 959 ipse
1518 898 1572 945 et
1594 889 1765 945 sacri-

173 977 382 1034 ﬁcium.
413 979 651 1037 Pontifex
686 998 917 1055 namque
946 983 1161 1052 dicitur,
1192 998 1259 1039 eo
1282 981 1425 1054 quod
1459 991 1673 1052 pontem
1705 992 1761 1039 et

172 1074 316 1128 viam
350 1076 587 1143 praebeat
612 1076 830 1145 populo,
852 1086 907 1132 et
932 1078 1046 1149 ipse
1076 1076 1337 1132 Dominus
1363 1076 1503 1131 viam
1531 1076 1758 1133 rectitu-

172 1166 315 1222 dinis
350 1168 506 1224 nobis
532 1168 809 1238 exhibuit,
846 1185 941 1242 per
974 1186 1136 1241 quam
1165 1170 1445 1225 ambulare
1474 1168 1757 1236 debemus,

174 1259 362 1316 dicens
409 1277 425 1316 :
473 1262 669 1318 Discite
715 1278 744 1318 a
788 1279 876 1319 me
922 1264 1044 1334 quia
1089 1263 1233 1318 mitis
1279 1277 1397 1317 sum
1437 1273 1492 1318 et
1538 1262 1758 1319 humilis

169 1352 357 1408 corde.
386 1351 453 1407 Et
481 1364 693 1425 pontem
721 1355 787 1409 ad
828 1358 1058 1425 patriam
1102 1355 1379 1412 caelestem
1412 1356 1757 1426 perveniendi

170 1444 426 1514 pusum
450 1445 709 1516 sanguine
733 1448 994 1516 passionis
1016 1460 1129 1501 suae
1154 1461 1274 1501 cum
1302 1459 1435 1516 aqua
1466 1446 1757 1517 baptisma-

170 1535 265 1605 tis,
318 1535 403 1592 vel
446 1540 571 1607 quia
621 1538 735 1607 ipse
776 1539 979 1608 primus
1025 1540 1193 1594 caelos
1239 1539 1558 1608 penetravit.
1618 1538 1759 1611 Ergo

171 1625 390 1698 Moyses
419 1628 610 1683 ductor
636 1629 840 1699 populi,
863 1630 947 1685 cui
977 1631 1239 1701 promissa
1269 1640 1351 1685 est
1376 1631 1588 1701 requies
1616 1640 1757 1688 tran-

174 1718 365 1773 sitoria
410 1735 514 1776 non
556 1721 778 1777 intravit
825 1722 879 1777 in
916 1723 1155 1792 requiem
1188 1722 1384 1793 popqu
1421 1724 1523 1778 sibi
1552 1724 1762 1780 credito

170 1812 513 1878 promissam,
530 1813 670 1869 unde
690 1820 746 1868 et
761 1828 1009 1883 magnum
1032 1814 1336 1885 pontificem
1359 1828 1481 1870 eum
1504 1817 1757 1885 appellat,

172 1902 264 1971 qui
297 1903 458 1959 habet
494 1914 755 1961 aeternum
785 1907 1143 1963 sacerdotium
1167 1948 1182 1975 ,
1206 1922 1420 1979 semper
1445 1909 1662 1978 vivens,
1695 1910 1762 1966 ad

172 1994 627 2064 interpellandum
672 2015 772 2070 pro
820 1996 1004 2068 nobis;
1048 2001 1128 2057 sic
1177 2002 1319 2057 enim
1375 2001 1509 2057 dixit
1557 2003 1625 2059 de
1672 2004 1764 2061 illo

171 2090 395 2158 angelus
419 2091 485 2145 ad
514 2091 732 2149 Mariam
761 2109 777 2151 :
811 2094 909 2151 Hic
943 2096 1047 2151 erit
1078 2111 1340 2166 magnus,
1387 2105 1445 2153 et
1479 2097 1644 2154 Filius
1671 2100 1765 2154 Al-

175 2180 368 2234 tissimi
400 2184 701 2252 vocabitur,
735 2186 1027 2244 ostendens
1070 2187 1219 2243 illum
1244 2204 1364 2246 esse
1392 2188 1583 2245 Filium
1615 2191 1712 2248 Dei
1745 2208 1762 2251 :

172 2271 318 2327 dixit
344 2274 527 2331 Jesum
577 2276 770 2333 Filium
822 2280 944 2346 Dei,
984 2282 1127 2352 quod
1172 2298 1432 2354 nusquam
1474 2284 1542 2340 de
1581 2286 1766 2356 Moyse

168 2362 353 2420 dicere
389 2369 593 2436 voluit,
634 2370 727 2426 sed
779 2373 954 2441 potius
995 2388 1118 2430 eum
1150 2374 1408 2431 famulum
1450 2376 1568 2447 ejus
1604 2377 1760 2435 dixit.

169 2456 426 2527 Sequitur
456 2479 469 2513 :
503 2460 624 2517 Non
647 2465 786 2519 enim
810 2465 1053 2521 habemus
1076 2469 1369 2539 pontiﬁcem
1398 2471 1487 2539 qui
1515 2486 1621 2525 non
1646 2486 1766 2542 pos-

167 2549 239 2604 sit
266 2557 512 2622 eompati.
533 2554 660 2612 Sive
684 2556 995 2616 condolere.
1030 2560 1094 2614 In
1135 2561 1516 2631 inﬁrmitatibus
1552 2566 1761 2621 nostris.

171 2642 288 2700 Hoc
316 2654 399 2703 est
424 2646 637 2717 dicere,
665 2649 778 2706 Non
822 2652 1035 2722 ignorat
1076 2669 1197 2725 quae
1227 2664 1409 2714 nostra
1443 2667 1586 2725 sunt,
1618 2658 1765 2713 venit

169 2734 314 2789 enim
351 2752 445 2806 per
478 2740 617 2794 viam
653 2742 901 2800 humanae
937 2746 1262 2803 conditionis
1303 2763 1399 2818 per
1440 2749 1616 2804 omnia
1647 2750 1763 2807 sine

173 2841 433 2898 peccato,
468 2845 797 2905 quapropter
834 2852 942 2894 non
983 2838 1159 2895 solum
1206 2841 1335 2912 quia
1387 2841 1529 2897 Deus
1573 2851 1677 2909 est,
1709 2852 1764 2899 et

168 2923 355 2978 omnia
382 2927 563 2993 novit,
588 2931 864 3001 cognoscit
910 2932 1274 2989 inﬁrmitatem
1321 2933 1625 3006 fragilitatis
1667 2950 1765 2991 no-

170 3022 299 3070 strae
320 3060 336 3085 ,
367 3026 422 3073 et
445 3029 622 3089 potest
652 3023 927 3091 misereri,
959 3041 1146 3082 verum
1176 3026 1342 3083 etiam
1374 3042 1469 3098 per
1493 3027 1600 3084 hoc
1623 3029 1765 3099 quod

170 3112 438 3180 particeps
460 3111 631 3168 factus
657 3124 743 3170 est
768 3116 1070 3186 fragilitatis
1090 3120 1270 3176 carnis
1293 3119 1497 3190 absque
1521 3131 1764 3190 peccato,

1870 604 2015 671 tatis,
2046 613 2205 676 atque
2236 608 2586 677 innocentiae;
2617 618 2942 681 quapropter
2969 627 3076 668 non
3106 622 3188 669 est
3218 623 3452 671 tettlaltts

1866 697 1919 752 in
1943 711 2104 754 carne
2131 701 2372 769 peccati,
2401 708 2459 757 ut
2486 712 2762 772 peccatum
2786 701 2987 760 faceret
3007 746 3023 771 ,
3057 705 3150 759 sed
3182 706 3233 761 in
3262 706 3453 761 simili-

1867 789 2049 845 tudine
2095 791 2275 847 carnis
2311 794 2537 863 peccati,
2582 802 2642 849 ut
2682 794 2882 865 absque
2932 807 3151 865 peccato
3187 808 3448 852 maneret.

1866 884 2125 939 Adeamus
2152 901 2271 957 ergo
2294 903 2409 941 cum
2439 888 2630 957 ﬁducia
2666 889 2733 944 ad
2758 890 2995 944 thronum
3025 892 3204 964 gratiae
3223 933 3239 959 ,
3269 901 3323 947 ut
3356 894 3447 945 mi~

1867 978 2198 1032 sericordiam
2228 994 2615 1049 consequamur,
2662 992 2709 1036 et
2760 985 2981 1055 gratiam
3032 984 3343 1039 inveniamus
3400 989 3449 1038 in

1869 1068 2064 1123 auxilio
2092 1079 2399 1140 opportuno.
2430 1070 2563 1139 Quia
2589 1072 2892 1142 pontiﬁcem
2922 1074 3182 1130 habemus
3232 1076 3324 1147 qui
3350 1079 3452 1131 scit

1870 1162 2102 1231 compati
2142 1161 2538 1219 infirmitatibus
2575 1166 2802 1231 nostris,
2832 1181 2928 1236 per
2969 1168 3067 1221 hoc
3101 1167 3240 1237 quod
3271 1169 3449 1223 omnia

1868 1251 2061 1309 similia
2088 1254 2360 1323 sustinuit,
2390 1264 2446 1310 et
2482 1265 2659 1325 potest
2705 1257 2978 1328 adjuvare,
3023 1275 3116 1328 per
3163 1262 3265 1315 hoc
3308 1261 3453 1331 quod

1867 1343 2009 1400 Deus
2038 1354 2139 1412 est,
2168 1345 2259 1418 qui
2281 1345 2391 1417 jam
2414 1350 2713 1419 penetravit
2740 1352 2950 1421 propria
2974 1351 3168 1407 virtute
3190 1352 3447 1408 caelorum

1866 1437 2233 1507 altitudinem,
2288 1440 2532 1496 hortatur
2585 1442 2872 1513 Apostolus
2924 1444 3181 1499 accedere
3234 1458 3331 1499 nos
3386 1445 3454 1499 ad

1868 1529 2119 1584 thronum
2151 1530 2266 1599 ejus
2295 1545 2417 1586 cum
2447 1530 2659 1598 ﬁducia,
2692 1541 2747 1588 et
2775 1533 3241 1604 dicitzAdcamus,
3273 1548 3452 1592 mente

1868 1628 1922 1675 et
1949 1620 2438 1690 contemplatione,
2470 1638 2565 1691 per
2594 1623 2749 1680 fidem
2780 1640 2988 1696 quoque
3017 1627 3174 1682 bonis
3199 1629 3454 1695 Oper-ibus

1868 1722 2209 1782 exornatam,
2243 1715 2307 1770 ad
2328 1715 2577 1771 thronum
2594 1718 2802 1787 gratiae,
2823 1718 2923 1775 hoc
2943 1730 3047 1788 est,
3065 1722 3131 1776 ad
3157 1721 3452 1792 ﬁdentFtlii

1869 1806 1984 1874 Dei,
2008 1810 2097 1878 qui
2128 1809 2280 1865 nobis
2307 1810 2460 1866 datus
2481 1828 2510 1865 a
2530 1811 2639 1866 Deo
2661 1811 2817 1868 Patre
2842 1831 2854 1879 ;
2875 1824 2927 1869 et
2952 1818 3039 1886 qui
3075 1817 3227 1873 sedet
3257 1817 3312 1872 in
3340 1817 3453 1888 plc-

1871 1901 2116 1959 nitudine
2146 1912 2385 1973 paternae
2421 1903 2717 1975 majestatis
2738 1947 2754 1971 ,
2787 1907 2951 1976 gratis
2982 1919 3159 1980 potest
3186 1912 3340 1967 nobis
3367 1912 3451 1967 di-

1868 1995 2083 2053 mittere
2122 2005 2338 2067 peccata
2389 2007 2571 2052 nostra
2612 2016 2625 2051 :
2666 2000 2834 2068 gratia
2862 2015 3092 2072 namque
3148 2004 3242 2058 Dei
3290 2003 3458 2059 Filius

1866 2083 2011 2141 illius
2023 2087 2321 2157 appellatur
2342 2089 2495 2145 nobis
2516 2088 2684 2160 gratis
2705 2090 2952 2146 donatus.
2971 2091 3130 2149 Juxta
3148 2096 3290 2166 quod
3316 2098 3457 2154 idem

1864 2180 2138 2249 apostolus
2180 2178 2235 2235 in
2283 2181 2385 2237 hac
2431 2182 2543 2252 ipsa
2583 2181 2820 2252 Epistula
2862 2186 3147 2243 manifeste
3185 2188 3313 2244 dicit
3345 2208 3357 2243 :
3391 2189 3462 2247 Ut

1870 2270 2040 2339 gratia
2071 2270 2162 2326 Dei
2212 2285 2309 2341 pro
2349 2273 2600 2330 omnibus
2640 2285 2881 2343 gustaret
2908 2287 3157 2334 mortem.
3190 2279 3257 2335 Et
3293 2296 3460 2351 quare

1870 2360 2161 2417 debeamus
2181 2363 2441 2419 accedere
2459 2365 2523 2419 ad
2551 2364 2799 2421 thronum
2818 2368 2933 2437 ejus
2962 2368 3065 2425 ﬁde
3081 2379 3136 2426 et
3155 2371 3459 2444 devotione,

1870 2452 2075 2522 subdit,
2107 2454 2356 2525 inquiens
2382 2473 2394 2510 :
2422 2456 2490 2513 Ut
2516 2458 2942 2516 misericordiam
2971 2477 3383 2535 consequamur,
3407 2468 3463 2523 id

1872 2558 1957 2604 est
1991 2549 2361 2607 remissionem
2405 2562 2742 2623 peccatorum
2768 2595 2784 2621 ,
2832 2565 2887 2612 et
2931 2558 3158 2627 gratiam
3197 2559 3463 2618 donorum

1871 2641 2097 2711 Spiritus
2147 2644 2356 2711 sancti,
2404 2646 2517 2702 sive
2564 2646 2990 2718 indulgentiam,
3032 2650 3362 2709 inveniamus
3408 2653 3465 2711 in

1871 2735 2077 2790 auxilio
2111 2745 2441 2807 opportuno,
2473 2738 2524 2793 id
2558 2749 2639 2794 est
2677 2740 2729 2794 in
2768 2742 3017 2811 praesenti
3047 2746 3276 2814 saculo;
3319 2762 3463 2803 nunc

1872 2829 2016 2885 enim
2047 2840 2405 2901 opportunum
2437 2840 2520 2888 est
2547 2842 2756 2904 tempus
2784 2834 2966 2890 auxilii
2995 2844 3051 2892 et
3077 2838 3463 2896 misericordias

1872 2921 2049 2988 illius,
2075 2922 2144 2979 de
2169 2938 2277 2995 quo
2306 2926 2597 2995 Apostolus
2624 2926 2757 2981 alias
2793 2926 2923 2983 dicit
2954 2945 2965 2983 :
2994 2926 3131 2985 Ecce
3158 2947 3299 2986 nunc
3329 2942 3468 2989 tem-

1868 3028 1966 3085 pus
1996 3016 2344 3086 acceptabile,
2391 3033 2518 3074 ecce
2564 3035 2708 3074 nunc
2753 3018 2870 3075 dies
2911 3020 3124 3077 salutis.
3169 3022 3237 3077 Et
3264 3023 3332 3079 de
3358 3039 3466 3096 quo

1867 3104 2158 3175 propheta:
2184 3105 2447 3176 Tempore
2469 3109 2684 3180 (inquit)
2708 3120 2926 3179 accepto
2948 3112 3191 3167 exaudivi
3223 3125 3293 3172 te.
3320 3114 3457 3170 Cum

172 3208 228 3256 ει
274 3204 550 3273 cognoscit
572 3247 588 3273 ν
630 3216 687 3263 ει
734 3208 1013 3280 indulgere
1056 3211 1217 3267 valet.
1282 3211 1437 3267 Mum
1488 3212 1766 3283 ροηιίσοθε
1794 3191 1841 3256 C
1870 3194 2012 3249 enim
2040 3197 2091 3251 in
2121 3198 2366 3264 praesenti
2397 3200 2594 3254 saeculo
2622 3201 3047 3257 misericordiam
3077 3219 3227 3259 suam
3256 3208 3464 3273 prmsti-

170 3292 423 3364 ignorant
451 3312 545 3353 eos
565 3300 656 3369 qui
680 3299 734 3355 in
759 3301 1101 3360 tribulatione
1124 3312 1251 3359 sunt
1267 3307 1569 3373 constituti,
1595 3322 1769 3379 neque

171 3404 294 3459 qua:
320 3390 391 3446 sit
420 3392 691 3449 tribulatio
720 3394 773 3449 in
800 3397 1039 3467 quolibet
1078 3398 1286 3455 sciunt:
1317 3399 1650 3469 impossibile
1686 3410 1770 3457 est

172 3484 493 3542 afllictiones
537 3487 860 3545 afflictarum
912 3506 1072 3547 nosse
1125 3492 1175 3549 ei
1213 3492 1305 3562 qui
1335 3494 1768 3562 experimentum

172 3574 480 3634 afﬂictionis
503 3595 606 3634 non
654 3579 838 3636 habuit
862 3592 918 3639 et
946 3584 1278 3641 sensibiliter
1313 3586 1491 3641 omnia
1524 3601 1632 3643 non
1658 3602 1771 3643 sus.

174 3668 365 3735 tinuit;
416 3670 663 3728 Pontifex
709 3682 889 3730 autem
938 3686 1121 3732 noster
1165 3685 1536 3749 competenter
1583 3682 1767 3737 omnia

172 3763 449 3831 sustinuit,
496 3781 615 3837 quae
663 3767 881 3824 fuerunt
920 3769 1065 3826 illata
1098 3771 1344 3827 humana:
1388 3772 1619 3828 miseria:
1648 3782 1769 3847 post

174 3868 451 3923 peccatum
489 3859 643 3927 primi
678 3860 911 3917 hominis
934 3904 950 3929 ,
989 3871 1045 3919 et
1081 3873 1206 3921 tunc
1234 3863 1488 3922 interiora
1520 3868 1770 3925 velamini

174 3945 242 3998 ad
271 3946 520 4002 thmnum
549 3961 784 4018 paterna:
816 3954 1114 4022 majestatis
1142 3956 1406 4023 ascendit,
1437 3957 1578 4013 unde
1604 3967 1657 4012 et
1685 3972 1772 4014 se-

174 4038 394 4107 quitur:
419 4039 711 4097 Tentatum.
731 4044 990 4111 Subaudi,
1018 4046 1274 4102 habemus
1306 4049 1634 4117 pontificem.
1668 4049 1771 4105 Per

175 4134 370 4188 omnia.
420 4134 789 4192 Tentamcuta.
848 4136 954 4193 Pro
991 4140 1328 4195 similitudine
1367 4143 1537 4196 carnis
1574 4146 1772 4215 peccati

174 4225 365 4296 absque
383 4240 608 4297 peccato.
625 4230 880 4287 Tentatus
905 4232 1245 4290 eStChristus
1269 4234 1449 4292 multis
1476 4237 1650 4293 modis
1676 4253 1773 4309 per

175 4325 354 4377 omnia
371 4335 719 4393 teutamenta,
732 4330 825 4383 sed
850 4344 954 4383 non
969 4340 1046 4385 est
1062 4340 1345 4400 superatus
1363 4331 1767 4400 tentationibus,

176 4413 305 4483 quin
340 4418 511 4482 potius
546 4422 799 4485 probatus
827 4423 996 4476 victor
1025 4423 1249 4477 exstitit.
1283 4423 1641 4479 Tentamenta
1673 4439 1771 4476 au-

1876 3284 1937 3339 tit
1967 3286 2287 3343 dimitteudo
2314 3289 2365 3345 ei
2395 3301 2612 3359 peccata
2630 3330 2647 3358 ,
2677 3302 2732 3347 et
2758 3292 2928 3363 gratia
2955 3292 3219 3349 donorum
3245 3296 3466 3367 spirita-

1876 3378 2006 3434 lium
2057 3380 2278 3450 recipiet
2320 3382 2469 3439 illum
2495 3422 2512 3450 ,
2540 3384 2722 3456 utique
2764 3384 2820 3440 in
2864 3384 3043 3442 futuro
3086 3403 3253 3459 regno
3280 3404 3465 3450 secum

1879 3494 2102 3551 regnare
2131 3481 2412 3552 permittit,
2436 3492 2490 3538 et
2511 3483 2634 3552 quia
2660 3482 2899 3554 pontifex
2920 3494 3105 3542 noster
3132 3497 3236 3556 est,
3264 3487 3462 3547 sedens

1876 3573 1931 3630 in
1966 3576 2160 3631 throno
2189 3577 2373 3647 gloria:
2406 3586 2641 3647 paternae
2663 3623 2678 3647 ,
2704 3580 2885 3635 omnia
2914 3578 3133 3648 tribuit,
3162 3597 3281 3653 quae
3309 3582 3466 3639 nobis

1875 3666 1943 3723 ad
1970 3669 2195 3724 salutem
2218 3666 2405 3725 venire
2427 3669 2791 3725 certissimum
2818 3681 2917 3727 est.
3470 3740 3477 3752 ἱ

1946 3763 2073 3817 ΕΜ).
2101 3776 2158 3818 v.
2198 3760 2378 3817 Omnis
2417 3778 2634 3834 namque
2677 3764 2910 3833 pontifex
2948 3779 3011 3818 ea:
3054 3762 3341 3819 hominibus
3382 3780 3468 3819 as-

1872 3866 2101 3929 sumptus
2122 3875 2215 3930 pro
2240 3856 2524 3914 hominibus
2555 3858 2881 3914 constituitur
2907 3857 2961 3913 in
2982 3858 3044 3913 iis
3066 3874 3180 3931 qua:
3208 3860 3273 3914 (.J
3307 3858 3468 3915 Deum

1875 3952 2147 4023 pertinent,
2192 3960 2248 4007 ut
2292 3952 2477 4019 offerat
2521 3953 2661 4006 dona
2700 3961 2749 4007 et
2798 3953 3053 4018 sacriﬁcia
3096 3968 3192 4020 pro
3224 3956 3466 4022 peccatis.

1879 4045 1982 4113 Qui
2003 4048 2163 4117 possit
2189 4046 2461 4100 condolere
2481 4047 2545 4099 iis
2567 4044 2654 4115 qui
2674 4045 2911 4117 ignorant
2933 4055 2977 4098 et
2995 4054 3167 4100 errant
3190 4061 3211 4101 :
3226 4047 3471 4117 quoniam

1877 4149 1925 4195 et
1952 4140 2063 4210 ipse
2091 4138 2435 4191 circumdatus
2465 4145 2540 4191 est
2574 4136 2897 4205 inﬁrmitate,
2937 4143 2984 4189 et
3016 4147 3280 4207 propterea
3305 4136 3469 4204 debet,

1879 4232 2310 4304 quemadmodum
2338 4239 2383 4285 et
2406 4245 2499 4299 pro
2521 4228 2734 4298 populo,
2752 4229 2824 4282 ita
2852 4227 3003 4281 etiam
3022 4237 3072 4281 et
3086 4243 3179 4297 pro
3199 4229 3471 4297 semetipsa

1878 4323 2064 4392 offerre
2090 4339 2184 4391 pro
2208 4322 2453 4391 peccatis.
2484 4319 2543 4373 ιιι
2572 4319 2656 4374 his
2674 4315 2852 4373 verbis
2877 4316 3121 4385 quaedam
3153 4317 3301 4382 ponit
3328 4315 3471 4383 Apo-

1877 4414 2050 4469 stolus
2076 4414 2381 4467 communia
2408 4409 2625 4465 Christo
2664 4416 2717 4463 et
2760 4404 3125 4475 sacerdotibus
3156 4404 3286 4475 legis
3316 4419 3470 4461 vere-

180 4514 286 4559 tem
316 4506 508 4573 quibus
538 4515 772 4561 tentatus
799 4520 918 4574 est,
951 4512 1065 4566 haec
1091 4512 1335 4579 fuerunt,
1362 4512 1568 4569 esuries
1590 4553 1606 4581 ,
1631 4513 1769 4581 sitis,
1802 4501 1852 4562 Ι)
1879 4505 1954 4560 ris
1987 4521 2003 4559 τ
2034 4518 2158 4558 nam
2206 4503 2348 4574 quod
2393 4503 2498 4569 ait.
2538 4498 2727 4556 omnis
2764 4496 2997 4568 ροηιίΐθκ
3041 4513 3111 4554 ει
3165 4497 3470 4556 “minibus

178 4598 406 4651 teutatio
433 4597 650 4660 diaboli,
683 4601 983 4669 persecutio
1008 4600 1316 4658 Judaeorum
1339 4644 1354 4669 ,
1384 4614 1540 4674 sputa
1562 4645 1578 4673 ,
1606 4622 1768 4662 accu-

176 4686 434 4751 sationes,
468 4688 768 4755 calumnize,
805 4691 1041 4761 repulsio
1069 4708 1099 4747 a
1131 4697 1346 4761 pr0pria
1376 4704 1556 4762 gente,
1583 4695 1650 4751 ad
1681 4695 1767 4752 ul-

179 4779 367 4833 tinium
417 4780 725 4848 cruciﬁxio,
758 4792 812 4838 et
858 4798 1027 4842 mors.
1075 4783 1334 4840 Tentatus
1360 4794 1445 4841 est
1484 4784 1568 4842 his
1595 4787 1770 4845 modis

176 4868 444 4939 siquidem
488 4871 539 4926 in
580 4871 928 4929 similitudine
970 4875 1150 4931 carnis
1175 4877 1380 4946 absque
1402 4887 1646 4947 peccato,
1673 4879 1772 4937 sed

176 4978 296 5016 cum
326 4960 548 5015 veritate
574 4960 819 5018 Christus
839 4980 1019 5020 veram
1046 4981 1261 5022 carnem
1285 4967 1581 5033 habuisset,
1604 4985 1772 5041 quare

175 5054 304 5109 dicit
334 5071 430 5122 pro
450 5054 801 5111 similitudine
830 5056 1007 5110 carnis
1047 5057 1193 5112 illum
1224 5075 1343 5115 esse
1374 5070 1637 5116 tentatum
1661 5063 1684 5116 ῗ
1712 5063 1771 5119 In

177 5153 277 5202 hoc
314 5152 456 5204 enim
486 5150 609 5219 quia
638 5150 797 5206 homo
824 5150 997 5208 factus
1025 5161 1139 5221 est,
1182 5167 1366 5208 veram
1412 5169 1631 5211 carnem
1675 5157 1772 5213 ha-

174 5238 401 5304 buit;in
429 5241 530 5297 hoc
551 5258 713 5309 vero,
742 5245 866 5314 quia
905 5259 1121 5300 carnem
1167 5245 1373 5314 peccati
1414 5261 1520 5303 non
1566 5248 1772 5317 habuit,

174 5332 269 5386 sed
305 5332 506 5403 absque
535 5346 776 5405 peccato,
811 5338 1217 5394 similitudinem
1244 5352 1443 5395 nasum
1468 5342 1646 5396 carnis
1677 5341 1774 5398 ha-

177 5424 291 5479 buit
311 5466 327 5491 ,
358 5442 476 5496 quae
501 5436 585 5482 est
616 5442 742 5484 caro
783 5431 983 5498 peccati
1018 5449 1033 5486 :
1065 5448 1186 5487 nam
1226 5442 1504 5500 peccatum
1540 5449 1647 5490 non
1678 5435 1775 5491 ha-

178 5519 317 5584 buit,
351 5535 451 5575 nec
474 5521 627 5577 dolus
657 5523 902 5579 inventus
934 5533 1017 5581 est
1044 5524 1096 5580 in
1119 5540 1215 5581 ore
1234 5526 1369 5597 ejus.
1395 5526 1547 5595 Quod
1577 5527 1622 5582 si
1652 5542 1775 5596 pec-

179 5625 356 5668 catum
409 5616 606 5671 habere
653 5620 957 5685 potuisset,
1013 5616 1241 5674 haberet
1288 5618 1472 5687 utique
1507 5618 1619 5688 jam
1669 5634 1777 5676 non

178 5707 582 5764 similitudinem
621 5708 799 5764 carnis
832 5709 1060 5779 peccati,
1091 5711 1184 5765 sed
1221 5711 1273 5765 in
1300 5709 1528 5766 veritate
1556 5724 1775 5767 carnem

184 5801 387 5867 peccati
413 5820 428 5850 ι
456 5818 582 5858 caro
610 5802 751 5858 enim
781 5811 962 5859 nostra
987 5817 1112 5861 caro
1134 5806 1341 5876 peccati
1372 5812 1475 5875 est,
1501 5805 1627 5876 quia
1652 5819 1775 5861 cum

184 5898 402 5965 peccato
443 5890 795 5957 concipiatur,
839 5911 962 5952 cum
1013 5906 1238 5967 peccato
1285 5898 1582 5963 nascimur.
1626 5897 1777 5962 Illius

466 6006 732 6076 Panos.
779 6002 1071 6075 LXVIII.

1877 4602 2220 4665 assumptus,
2250 4596 2390 4649 sicut
2419 4592 2628 4657 Aaron,
2667 4600 2720 4647 et
2745 4588 2988 4645 Christus
3030 4604 3123 4657 pro
3163 4588 3470 4646 hominibus

1876 4686 2218 4746 constituitur
2264 4684 2320 4740 in
2367 4685 2452 4739 his
2490 4681 2680 4737 officiis
2705 4696 2825 4752 quae
2862 4678 2937 4735 ad
2982 4679 3149 4736 Deum
3181 4680 3466 4750 pertinent,

1878 4781 2085 4839 orando
2107 4794 2203 4851 pro
2230 4780 2443 4834 illorum
2476 4776 2647 4833 salute
2671 4792 2686 4841 ;
2718 4776 2821 4831 hoc
2840 4788 3126 4830 commune
3145 4780 3231 4828 est
3254 4771 3469 4831 Christo

1878 4882 1934 4932 et
1961 4874 2069 4930 illis
2093 4870 2498 4929 sacerdotibus:
2528 4866 2795 4939 pontiﬁcis
2824 4867 2967 4921 enim
2998 4873 3082 4920 est
3120 4863 3367 4923 ofﬁcium.
3386 4865 3470 4919 in-

1878 4977 1962 5025 ter
2008 4967 2177 5024 Deum
2206 4976 2351 5022 stare
2392 4973 2448 5020 et
2493 4963 2784 5033 populum,
2832 4961 2998 5016 Deum
3039 4959 3316 5029 deprecari
3368 4971 3471 5029 pro

1880 5060 2064 5132 populi
2092 5057 2325 5115 delictis.
2363 5056 2475 5112 Hoc
2502 5054 2772 5123 Christus,
2804 5068 2899 5122 per
2926 5052 3030 5108 hoc
3058 5052 3195 5121 quod
3227 5051 3387 5106 homo
3414 5058 3473 5108 et

1880 5152 2022 5207 Deus
2048 5159 2151 5219 est,
2179 5148 2326 5215 fecit,
2350 5147 2587 5216 seipsum
2610 5145 2842 5202 oﬁ‘erens
2865 5160 2961 5214 pro
2986 5146 3215 5213 peccatis
3247 5143 3467 5211 nostris,

1880 5256 2093 5312 semper
2120 5239 2306 5296 vivens
2344 5239 2409 5293 ad
2442 5236 2890 5307 interpellandum
2930 5236 3096 5291 Deum
3129 5235 3338 5289 Patrem
3370 5248 3471 5305 pro

1880 5336 2055 5392 nobis.
2085 5332 2262 5391 Semel
2293 5331 2506 5402 quidem
2531 5346 2599 5387 ex
2629 5328 2929 5385 hominibus
2955 5336 3257 5396 assumptus
3279 5368 3294 5392 ,
3322 5342 3469 5383 sem.

1880 5444 1978 5501 per
2016 5443 2112 5498 pro
2139 5426 2388 5483 omnibus
2422 5424 2747 5495 interpellat.
2783 5422 2977 5477 lterum
3019 5420 3159 5491 quod
3193 5420 3320 5475 dicit
3352 5436 3368 5477 :
3400 5419 3470 5478 Ut

1881 5520 2071 5577 offerat
2090 5519 2229 5574 dona
2258 5528 2314 5573 et
2338 5516 2600 5574 sacriﬁcia
2631 5530 2728 5585 pro
2759 5514 3007 5584 peccatis.
3034 5529 3101 5569 ex
3135 5521 3285 5582 parte
3314 5526 3471 5568 com.

1880 5627 2044 5669 mune
2063 5619 2175 5679 est,
2201 5617 2258 5667 et
2279 5624 2343 5665 ex
2373 5616 2526 5679 parte
2553 5607 2794 5675 minime,
2827 5613 2986 5673 atque
3008 5605 3268 5660 dissimile
3301 5622 3315 5660 :
3346 5619 3470 5660 nam

1880 5705 1935 5760 in
1961 5705 2099 5772 hoc,
2126 5703 2249 5775 quia
2276 5701 2520 5757 Christus
2551 5698 2871 5754 sacriﬁcium
2913 5697 3107 5752 obtulit
3155 5712 3249 5766 pro
3289 5698 3472 5768 p0puli

1879 5801 2110 5869 delictis,
2132 5799 2276 5872 quod
2317 5808 2373 5856 et
2416 5798 2493 5854 illi
2541 5796 2789 5867 agebant,
2814 5794 3122 5850 communio
3148 5803 3260 5859 est;
3291 5792 3382 5848 sed
3416 5793 3471 5847 in

1881 5893 1985 5959 hoc
2011 5893 2152 5973 quod
2176 5893 2266 5955 ille
2302 5906 2398 5969 pro
2436 5907 2495 5950 sc
2538 5904 2643 5949 non
2685 5887 2910 5959 obtulit,
2941 5887 3077 5942 sicut
3105 5887 3176 5941 illi
3216 5900 3312 5957 pro
3358 5882 3469 5944 suis

3066 5997 3141 6069 23

3468 6081 3503 6091 ..α
