3982 6352
502 434 608 495 7ίῦ

1596 422 1888 483 PRIMASII
1928 418 2376 477 ADRUMETANI
2418 412 2632 475 EPlSC.

3687 417 3802 474 716

505 555 715 611 delictis
745 552 1039 611 oﬁ‘erebant
1078 549 1331 607 sacrtticia
1352 590 1365 614 ,
1397 546 1561 602 boves
1592 543 1825 610 scilicet,
1854 541 2079 604 arietes,
2113 539 2163 600 Λ
2188 537 2398 596 dicente
2425 554 2440 593 ε
2477 539 2572 593 llic
2600 546 2680 594 est
2711 537 2875 594 Filius
2905 552 3054 594 meus
3079 537 3322 594 dilectus.
3345 538 3478 606 Quae
3511 537 3805 608 glorifica-

510 650 685 704 hircos
714 660 765 704 et
792 658 983 704 cmtera
1013 645 1133 699 talia
1163 663 1173 698 :
1198 641 1443 698 Christus
1465 653 1593 694 vero
1610 635 1868 692 rationale
1887 630 2083 688 animal

509 759 609 814 pro
637 742 795 798 totius
841 737 1023 795 mundi
1054 737 1247 805 salute,
1282 734 1380 789 hoc
1430 739 1512 787 est
1553 730 1788 813 seipsum
1816 768 1829 793 ,
1880 727 1969 796 qui
2003 730 2087 814 est

515 813 719 906 hgnus,
746 834 893 903 juxta
925 829 1063 903 quod
1110 828 1341 883 Joannes
1391 822 1518 893 dicit
1562 840 1574 875 :
1609 820 1746 876 Ecce
1778 819 1957 889 Agnus
1988 813 2084 871 Dei

511 929 601 996 qui
632 925 768 981 tollit
796 930 1006 995 peccata
1036 917 1250 986 mundi,
1281 927 1333 973 et
1364 916 1567 986 reliqua
1615 927 1730 984 qua:
1760 916 2084 979 sequuntur,

509 1021 617 1090 jam
652 1034 754 1074 non
783 1028 905 1072 sunt
946 1014 1275 1079 communia;
1322 1011 1517 1067 etenim
1565 1006 1703 1080 quod
1752 1005 1879 1060 dicit
1919 1021 1932 1058 :
1986 1001 2085 1070 Qui

511 1112 678 1180 possit
706 1107 992 1165 condolere
1025 1108 1105 1160 his
1134 1105 1222 1176 qui
1254 1107 1497 1175 ignorant
1525 1108 1578 1156 et
1604 1106 1806 1169 errant,
1836 1095 2086 1168 quoniam

511 1212 566 1259 et
615 1205 727 1273 ipse
770 1199 1127 1258 circumdatus
1174 1208 1255 1254 est
1302 1197 1609 1252 inﬁrmitate
1652 1193 1866 1259 carnis,
1904 1192 1953 1246 in
1986 1204 2089 1262 qua

510 1298 701 1353 tentari
747 1297 917 1367 petuit
946 1311 1039 1367 per
1082 1292 1256 1348 omnia
1288 1290 1635 1347 similitudine
1684 1286 1860 1343 carnis
1888 1283 2089 1354 peccati

510 1390 711 1461 absque
744 1398 982 1461 peccato.
1017 1388 1110 1443 llic
1134 1387 1240 1458 jam
1288 1382 1600 1440 excellentia
1648 1390 1771 1446 est,
1813 1379 2087 1450 pertinens

514 1484 579 1539 ad
611 1482 901 1547 Christum,
932 1480 999 1535 de
1026 1495 1126 1550 qua
1157 1478 1312 1547 paulo
1333 1475 1576 1546 superius
1604 1475 1809 1545 plenius
1838 1470 2087 1526 disserui-

511 1589 671 1640 mus;
702 1588 797 1643 per
842 1571 942 1628 hoc
973 1572 1113 1626 enim
1159 1571 1299 1639 quod
1341 1568 1531 1624 similia
1564 1581 1748 1637 passus
1780 1575 1882 1632 est,
1918 1572 2089 1634 potest

516 1666 770 1737 compati,
803 1676 855 1720 et
886 1680 979 1735 per
1032 1664 1131 1717 hoc
1170 1660 1310 1731 quod
1338 1661 1477 1716 Deus
1509 1666 1594 1715 est
1623 1659 1675 1713 in
1708 1666 1930 1725 utraque
1958 1655 2087 1709 sub-

516 1761 743 1824 stantia,
774 1769 961 1829 potens
990 1766 1072 1811 est
1098 1754 1357 1810 misereri.
1384 1752 1531 1823 Quod
1565 1766 1693 1807 vero
1720 1748 1993 1821 adjunxit,
2023 1746 2092 1801 Et

2189 633 2262 686 tio
2288 633 2404 687 sive
2427 630 2735 686 clariﬁcatio
2764 631 2930 685 multo
2947 640 3069 686 ante
3095 647 3187 701 per
3206 631 3552 703 prophetam,
3578 630 3803 699 Spiritu

2188 735 2373 780 sancto
2404 725 2722 793 inspirante,
2752 724 3002 794 praedicta
3036 732 3138 790 est,
3172 726 3424 795 loquente
3459 724 3516 777 in
3552 739 3801 791 persona

2190 820 2307 875 Filii
2333 820 2423 875 Dei
2453 828 2506 875 et
2528 819 2766 875 dicente:
2786 820 3040 874 Dominus
3061 818 3198 873 dixit
3218 819 3281 873 ad
3306 834 3414 887 me,
3433 818 3611 873 Filius
3638 833 3803 873 meus

2187 926 2244 968 es
2276 920 2349 975 tu,
2380 926 2477 983 ego
2507 912 2665 968 hodie
2692 913 2847 982 genui
2876 918 2943 967 te.
3000 911 3065 966 Et
3109 912 3228 981 quia
3264 913 3633 982 omnipotenti
3691 914 3803 967 Deo

2191 1004 2367 1059 omnia
2393 1004 2566 1059 futura
2598 1005 2747 1075 quasi
2769 1003 2878 1074 jam
2911 1006 3179 1079 przcterita
3210 1009 3618 1081 autprrcsentia
3644 1020 3799 1074 sunt,

2191 1096 2331 1165 quod
2377 1096 2427 1150 ei
2472 1103 2595 1163 post
2635 1096 2957 1164 baptismum
2997 1096 3235 1152 dicturus
3276 1108 3418 1163 erat,
3465 1099 3629 1167 quasi
3688 1101 3798 1167 jam

2192 1188 2394 1242 dictum
2418 1186 2649 1242 habebat
2686 1204 2699 1243 :
2732 1198 3056 1259 quapropter
3082 1191 3349 1259 praeterito
3379 1202 3637 1259 tempore
3672 1208 3802 1245 usus

2192 1288 2273 1334 est
2296 1279 2540 1349 inquiens
2567 1296 2580 1333 :
2612 1279 2867 1335 Dominus
2894 1280 3026 1335 dixit
3067 1281 3132 1335 ad
3174 1297 3278 1337 me.
3340 1283 3578 1338 Nomine
3610 1294 3799 1337 autem

2195 1372 2402 1425 Domini
2449 1372 2615 1427 Deum
2656 1372 2867 1428 Patrem
2911 1374 3207 1445 intelligere
3258 1374 3524 1429 debemus
3552 1417 3568 1441 ,
3631 1385 3691 1429 et
3748 1388 3799 1429 ut

2195 1466 2247 1521 in
2276 1466 2486 1521 Christo
2527 1482 2683 1523 unam
2745 1481 3027 1537 personam
3082 1481 3201 1523 esse
3248 1468 3578 1532 credamus,
3644 1468 3799 1535 adje-

2196 1560 2269 1613 cit
2318 1578 2331 1612 :
2382 1558 2493 1628 Ego
2542 1558 2701 1613 hodie
2738 1560 2893 1629 genui
2943 1569 2993 1613 te
3035 1575 3047 1611 :
3100 1558 3201 1613 hoc
3265 1568 3345 1614 est
3391 1561 3618 1621 dicere,
3656 1560 3793 1629 quod

2197 1649 2407 1721 proprie
2468 1650 2579 1704 Deo
2625 1651 2899 1719 competit.
2946 1651 3195 1720 Sequitur
3253 1666 3268 1705 :
3335 1652 3793 1716 Quemadmodum

2198 1751 2244 1797 et
2289 1743 2342 1795 in
2390 1741 2493 1795 alio
2540 1742 2651 1795 loco
2705 1741 2855 1806 dicit,
2914 1740 2990 1794 Tu
3054 1756 3106 1794 es
3154 1738 3390 1794 sacerdos
3440 1743 3498 1794 in
3546 1753 3792 1795 utentum

519 1861 797 1925 propterea
826 1851 1013 1917 debet,
1045 1847 1489 1919 quemadmodum
1530 1856 1583 1901 et
1624 1861 1721 1917 pro
1773 1844 1985 1915 populo,
2022 1842 2091 1896 ita
2124 1850 2171 1910 Β
2196 1834 2475 1889 secundum
2521 1833 2750 1887 ordinem
2801 1831 3187 1887 Melchisedech.
3235 1832 3312 1887 Ex
3355 1835 3634 1904 superiori
3676 1851 3794 1889 ver-

517 1948 678 2005 ctiam
710 1953 761 2001 et
788 1958 883 2015 pro
911 1943 1197 2011 semetipso
1226 1941 1419 1995 olferre
1446 1955 1541 2011 pro
1572 1936 1838 2009 peccatis,
1882 1937 1981 1990 hoc
2015 1944 2097 1989 est

522 2038 585 2093 ad
616 2035 919 2092 sacerdotes
971 2032 1202 2103 legalis,
1247 2033 1360 2087 sive
1407 2030 1574 2085 nostri
1624 2027 1876 2099 temporis
1931 2026 2097 2095 magis

518 2130 749 2201 pertinet
773 2143 931 2203 quam
959 2126 1024 2181 ad
1053 2126 1352 2193 Christum,
1385 2123 1473 2195 qui
1505 2134 1780 2203 peccatum
1811 2136 1915 2176 non
1950 2119 2095 2175 fecit.

517 2222 699 2279 Potest
726 2232 779 2277 et
807 2219 934 2276 illud
974 2219 1115 2290 quod
1156 2219 1329 2287 dixit,
1359 2217 1618 2284 Quoniam
1659 2224 1711 2269 et
1740 2213 2099 2269 circumdatus

518 2326 601 2371 est
627 2313 958 2378 inﬁrmitate,
988 2310 1176 2366 referri
1222 2311 1287 2363 ad
1320 2310 1626 2364 sacerdotes
1667 2306 1801 2377 legis
1821 2349 1836 2375 ,
1862 2305 1973 2359 sive
2005 2320 2092 2357 no-

520 2416 690 2471 stros;
716 2407 789 2459 ita
815 2412 874 2457 ut
902 2401 1177 2456 inﬁrmitas
1206 2400 1492 2472 accipiatur
1517 2415 1611 2471 pro
1634 2406 1870 2469 peccato,
1898 2403 1951 2451 et
1976 2394 2099 2468 quia

520 2498 620 2570 ipsi
645 2496 959 2551 circumdati
992 2503 1115 2549 sunt
1144 2492 1449 2550 inﬁrmitate
1474 2494 1651 2548 carnis
1676 2534 1689 2559 ,
1723 2492 1823 2545 hoc
1861 2497 1943 2545 est
1979 2504 2101 2559 pec-

522 2598 664 2653 cato,
694 2585 932 2657 indigent
964 2593 1021 2639 ut
1064 2588 1276 2655 populo,
1309 2586 1380 2640 ita
1410 2595 1463 2641 et
1509 2600 1605 2656 pro
1647 2598 1705 2640 se
1750 2582 1964 2637 offerre.
2006 2580 2100 2634 llis

525 2679 703 2735 verbis
731 2679 1015 2734 ostendere
1038 2678 1208 2733 voluit
1233 2679 1521 2750 Apostolus
1551 2676 1673 2745 quid
1711 2676 1779 2731 sit
1809 2674 1898 2731 ille
1928 2674 2102 2746 ponti-

523 2771 629 2835 fex,
655 2781 706 2827 et
734 2772 1101 2826 demonstrare
1132 2787 1248 2849 qua:
1277 2771 1574 2844 pertineant
1602 2769 1667 2824 ad
1700 2768 2021 2839 pontiﬁcem,
2046 2774 2102 2822 et

522 2864 662 2935 quod
690 2864 758 2919 sit
788 2865 903 2933 ejus
934 2864 1310 2931 ministerium,
1342 2871 1397 2919 et
1422 2879 1540 2937 quae
1570 2862 1677 2917 sint
1707 2862 1853 2933 signa
1887 2858 2099 2931 pontiﬁc

530 2964 715 3019 catus,
757 2952 1006 3009 videlicet
1059 2962 1117 3008 ut
1170 2954 1359 3009 oll‘erat
1405 2954 1542 3009 dona
1597 2962 1651 3009 et
1699 2952 1957 3007 sacriﬁcia
2004 2965 2101 3021 pro

523 3048 775 3120 peccatis,
803 3048 978 3102 sciens
1001 3047 1290 3104 condolere
1319 3049 1398 3104 his
1428 3050 1515 3119 qni
1546 3049 1854 3120 ignoranter
1882 3056 2096 3112 errant;

523 3155 586 3195 ac
616 3139 810 3195 deinde
839 3139 1112 3209 disputare
1144 3156 1425 3211 aggressus
1453 3150 1569 3210 est,
1597 3140 1864 3211 quomodo
1893 3141 2011 3211 quis
2035 3140 2099 3195 ad

2201 1928 2371 1982 siculo
2419 1929 2518 1982 ista
2574 1926 2848 1999 pendent,
2902 1926 2988 1982 ubi
3046 1925 3174 1982 dicit
3228 1929 3525 1999 Apostolus
3591 1946 3607 1983 :
3664 1930 3791 1996 Quia

2200 2005 2444 2082 Christus
2468 2041 2574 2081 non
2601 2026 2943 2096 semetipsum
2973 2024 3299 2095 clariﬁcavit,
3327 2035 3383 2078 ιιι
3417 2024 3671 2095 pontifex
3707 2027 3794 2079 tie.

2200 2128 2313 2188 ret,
2348 2119 2441 2175 sed
2485 2119 2627 2175 Deus
2658 2119 2846 2186 Pater,
2879 2118 2969 2189 qui
2997 2118 3207 2173 locutus
3236 2129 3316 2173 est
3339 2120 3412 2183 ei,
3441 2118 3619 2174 Filius
3647 2134 3791 2173 meus

2198 2226 2256 2265 es
2295 2217 2372 2275 tu,
2427 2209 2543 2279 ipse
2580 2208 2889 2264 clariﬁcavit
2920 2225 3060 2265 eum.
3120 2210 3593 2275 Quemadmodum
3638 2220 3693 2265 et
3732 2210 3780 2263 in

2201 2302 2308 2355 alio
2340 2301 2457 2355 loco
2488 2300 2677 2370 psalmi
2707 2301 2904 2355 dicitur
2933 2300 2998 2354 ad
3028 2299 3216 2355 Filium
3250 2317 3266 2357 :
3316 2303 3395 2356 Tu
3434 2317 3495 2357 es
3540 2302 3788 2357 sacerdos

2200 2393 2255 2446 in
2289 2400 2568 2457 aeternum,
2600 2400 2705 2448 etc.
2748 2392 3209 2448 Considerandum
3260 2404 3466 2458 autem,
3514 2393 3787 2448 Christum

2202 2499 2306 2539 non
2337 2499 2460 2540 esse
2490 2485 2823 2539 sacerdotem
2866 2484 3157 2540 secundum
3205 2484 3255 2540 id
3285 2486 3426 2555 quod
3454 2486 3677 2555 genitus
3712 2491 3789 2539 est

2202 2592 2232 2632 a
2267 2576 2376 2632 Deo
2404 2576 2563 2633 Patre
2596 2586 2719 2632 ante
2748 2579 2929 2633 omnia
2958 2578 3177 2642 saecula,
3210 2588 3520 2633 ceteternus
3550 2579 3784 2650 gignenti

2205 2676 2259 2723 et
2284 2669 2779 2739 consubstantialis,
2804 2685 2961 2725 verus
2985 2671 3124 2725 Deus
3151 2686 3374 2726 manens
3391 2671 3535 2739 apud
3553 2671 3783 2738 Patrem,

2204 2762 2297 2816 sed
2326 2762 2619 2817 secundum
2648 2762 2747 2817 hoc
2768 2762 2910 2833 quod
2939 2772 3094 2818 natus
3116 2773 3195 2819 est
3230 2780 3300 2819 ex
3334 2774 3489 2820 utero
3514 2765 3785 2835 virginali,

2208 2860 2257 2912 in
2284 2854 2389 2910 ﬁne
2420 2867 2723 2925 temporum
2754 2855 2913 2912 homo
2944 2856 3114 2913 factus
3146 2873 3252 2912 non
3278 2868 3492 2928 propter
3512 2857 3789 2913 victimam

2206 2963 2363 3015 quam
2396 2965 2489 3019 pro
2527 2950 2681 3006 nobis
2724 2950 2935 3017 obtulit,
2985 2966 3013 3005 a
3065 2951 3222 3008 nobis
3248 2961 3502 3021 acceptam
3556 2965 3785 3005 carnem

2210 3041 2461 3098 videlicet
2506 3051 2559 3098 et
2599 3043 2909 3113 sanguinem
2938 3058 3121 3098 suum.
3151 3043 3257 3099 Sed
3282 3057 3436 3112 quare
3471 3042 3784 3096 secundum

2211 3135 2454 3191 ordinem
2496 3136 2908 3207 Melchisedech,
2943 3145 2999 3194 et
3040 3152 3148 3193 non
3196 3136 3481 3193 secundum
3531 3134 3783 3189 ordinem

522 3232 880 3288 sacerdotium
910 3232 1165 3289 accedere
1187 3232 1408 3300 debeat,
1432 3233 1613 3288 dicens
1646 3250 1659 3287 :
1694 3232 1805 3288 Nec
1834 3233 2103 3305 quicquam
2127 3229 2176 3295 C
2210 3234 2385 3287 Aaron
2416 3232 2623 3288 dicatur
2649 3234 2883 3289 existere
2914 3234 3184 3303 sacerdos,
3210 3233 3437 3288 diversae
3461 3246 3641 3286 causa:
3672 3232 3782 3285 cxi-

522 3324 676 3379 sumit
703 3324 797 3379 sibi
816 3324 1074 3380 honorem.
1103 3324 1423 3381 Sacerdotii.
1443 3325 1547 3382 Sed
1567 3327 1654 3399 qui
1682 3335 1890 3381 vocatur
1911 3343 1941 3379 a
1966 3325 2097 3395 Deo,

522 3426 764 3488 tanquam
792 3418 985 3475 Aaron.
1017 3418 1279 3486 Subaudi,
1312 3427 1530 3475 vocatus
1565 3427 1647 3474 est
1681 3419 1831 3489 signo
1861 3418 2098 3473 llorentis

520 3510 702 3581 virgae,
728 3511 839 3565 sive
862 3510 1016 3582 signo
1043 3508 1272 3566 incendii
1300 3511 1510 3565 illorum
1549 3510 1640 3581 qui
1674 3511 1785 3578 ejus
1817 3509 2097 3579 pontiﬁca-

524 3602 598 3656 tui
626 3602 926 3658 invidentes
954 3602 1263 3673 dignitatem
1298 3600 1577 3657 sacerdotii
1616 3600 1915 3655 all‘ectando
1946 3601 2096 3654 inva-

522 3696 653 3750 dere
678 3696 1052 3748 moliebantur.
1084 3695 1175 3748 llis
1206 3695 1347 3749 enim
1384 3693 1589 3748 duobus
1634 3693 1799 3762 signis
1844 3694 2095 3763 ostensis,

522 3784 921 3839 demonstratus
949 3793 1031 3839 est
1058 3784 1309 3840 sacerdos
1337 3800 1365 3839 a
1416 3785 1526 3839 Deo
1560 3784 1779 3839 electus.
1811 3784 2099 3839 Confundit

523 3884 698 3929 autem
716 3890 775 3928 ac
793 3877 1019 3944 percutit
1038 3876 1223 3931 beatus
1256 3876 1540 3944 Apostolus
1564 3876 1868 3932 sacerdotes
1880 3876 2098 3946 cupidos

524 3964 743 4020 honoris
770 3979 833 4020 ac
862 3967 1143 4020 sacerdotii
1164 3966 1366 4034 avidos,
1400 3969 1487 4037 qui
1516 3976 1707 4036 sponte
1728 3984 1785 4024 se
1808 3968 2098 4024 immittunt

519 4063 573 4111 et
591 4056 834 4126 ingerunt
854 4055 918 4109 ad
948 4053 1299 4110 ministerium
1326 4055 1675 4121 sacerdotale,
1690 4071 1796 4111 non
1819 4060 2097 4115 vocatione

521 4144 615 4201 Dei
652 4146 733 4202 vel
763 4146 1055 4211 voluntate,
1080 4146 1171 4202 sed
1223 4148 1396 4218 potius
1441 4148 1741 4204 interventu
1790 4165 2092 4217 munerum,

517 4239 641 4309 quia
665 4255 767 4295 non
799 4254 894 4309 pro
925 4240 1104 4309 pepuli
1136 4241 1325 4306 salute,
1356 4240 1449 4296 sed
1479 4257 1573 4315 pro
1601 4243 1890 4300 ambitione
1912 4246 2094 4301 saeculi

516 4331 619 4387 hoc
642 4340 820 4402 agunt.
856 4332 946 4387 Sic
975 4342 1021 4387 et
1046 4331 1273 4387 Christus
1299 4348 1399 4387 non
1421 4335 1742 4405 semetipsum
1769 4336 2089 4405 clariﬁcavit,

516 4434 570 4478 ut
602 4424 831 4493 pontifra:
868 4424 1010 4491 ﬁeret
1039 4439 1059 4478 :
1085 4424 1174 4479 sed
1217 4426 1303 4494 qui
1327 4426 1525 4506 locutus
1556 4436 1629 4481 cst
1655 4427 1723 4480 ad
1755 4444 1889 4495 eum,
1922 4427 2094 4484 Filius

519 4529 655 4566 meus
682 4530 732 4567 es
759 4522 812 4567 tu
839 4554 853 4578 ,
884 4530 975 4583 ego
999 4515 1148 4568 hodie
1178 4516 1327 4587 genui
1354 4526 1418 4571 te.
1444 4518 1694 4574 Gloriﬁco
1711 4561 1725 4585 ,
1760 4520 2055 4577 honoriﬁco
2073 4562 2088 4588 ,

2205 3330 2373 3389 stunt,
2407 3332 2461 3378 et
2492 3323 2662 3393 prima
2706 3324 2921 3395 quidem
2964 3333 3045 3380 est
3093 3325 3217 3395 quia
3259 3322 3657 3379 Melchisedech
3707 3338 3784 3377 se-

2204 3415 2438 3470 cundum
2474 3416 2665 3487 legalia
2694 3418 2942 3473 mandata
2980 3432 3087 3473 non
3122 3417 3218 3472 fttit
3256 3417 3535 3483 sacerdos,
3585 3415 3678 3471 sed
3709 3429 3782 3469 se-

2204 3508 2437 3563 cundum
2483 3509 2761 3579 cujusdam
2811 3510 3095 3579 singularis
3135 3509 3422 3564 Sacerdotii
3473 3508 3779 3577 dignitatem

2207 3618 2395 3672 panem
2428 3602 2659 3658 offerens
2694 3603 2826 3670 Deo,
2869 3618 2974 3657 non
3015 3602 3288 3657 hrutnrum
3320 3601 3642 3655 animalium
3672 3614 3779 3653 san-

2204 3695 2416 3760 guinem
2448 3709 2463 3746 :
2499 3695 2550 3747 in
2589 3694 2742 3763 cujus
2780 3693 2971 3749 ordine
2998 3693 3281 3748 sacerdotii
3334 3692 3593 3747 Christus
3625 3693 3778 3745 factus

2204 3795 2285 3838 cst
2314 3784 2589 3849 sacerdos,
2630 3800 2736 3840 non
2768 3786 3095 3856 temporalis,
3137 3785 3231 3840 sed
3263 3794 3500 3838 aeternus
3533 3800 3549 3837 :
3584 3798 3681 3837 nec
3704 3782 3775 3835 of-

2205 3876 2383 3932 ferens
2432 3878 2680 3931 victimas
2707 3876 2928 3947 legales,
2979 3877 3071 3932 sed
3120 3877 3287 3931 instar
3316 3876 3463 3930 illius
3498 3890 3694 3944 panem
3729 3878 3778 3927 et

2202 3969 2405 4033 vinum,
2435 3982 2654 4022 carnem
2688 3968 2938 4023 videlicet
2985 3976 3040 4022 et
3082 3968 3400 4037 sanguinem
3428 3980 3613 4029 suum,
3652 3962 3777 4017 unde

2201 4059 2373 4113 dixit:
2400 4059 2537 4114 Caro
2560 4058 2850 4130 (inquiens)
2876 4073 2993 4113 mea
3022 4073 3148 4113 vere
3169 4067 3252 4113 est
3278 4057 3451 4123 cibus,
3488 4066 3545 4112 et
3574 4054 3779 4125 sanguis

2203 4167 2351 4208 meus
2378 4167 2502 4208 vere
2524 4161 2607 4206 cst
2636 4159 2810 4220 potus.
2838 4150 2943 4206 Ista
2966 4166 3176 4221 quoque
3204 4150 3310 4205 duo
3326 4163 3578 4215 munera,
3598 4157 3781 4216 pane.

2200 4249 2449 4304 videlicet
2470 4256 2521 4303 et
2548 4246 3040 4316 vinum,commisit
3066 4245 3326 4301 Ecclesia:
3354 4258 3467 4299 sua:
3492 4244 3548 4297 in
3581 4253 3780 4298 memo-

2199 4342 2275 4397 ria
2302 4341 2386 4395 sui
2413 4340 2685 4397 oﬁerenda
2728 4358 2740 4394 :
2780 4340 2924 4396 unde
2959 4348 3103 4411 patet
3152 4338 3472 4395 sacriﬁcium
3524 4336 3778 4407 pecudum

2199 4436 2442 4505 periisse,
2462 4436 2602 4506 quod
2630 4435 2727 4489 fuit
2746 4435 2953 4490 ordinis
2973 4435 3173 4500 Aaron,
3203 4442 3255 4488 et
3282 4430 3413 4487 illud
3440 4445 3674 4485 manere
3699 4439 3780 4495 po-

2200 4527 2322 4595 tius,
2381 4528 2519 4597 quod
2551 4527 2647 4581 fuit
2692 4526 2898 4582 ordinis
2926 4524 3333 4588 Melchisedech,
3370 4520 3494 4591 quia
3536 4520 3780 4576 Christus

520 4603 882 4671 clariﬁco,tria
912 4605 1123 4675 quidem
1147 4618 1271 4663 sunt
1298 4609 1457 4664 verba
1482 4626 1643 4665 ttnum
1666 4626 1878 4666 sensum
1908 4613 2102 4670 haben-
2126 4619 2183 4681 D
2208 4619 2595 4680 corroboravit,
2624 4626 2681 4672 et
2724 4616 3015 4671 Ecclesium
3063 4623 3248 4671 tenere
3286 4613 3488 4669 docuit.
3538 4613 3781 4669 Secunda

521 4696 610 4763 tia,
635 4696 774 4766 quod
803 4695 986 4752 Grrece
1012 4714 1104 4766 pro
1126 4699 1315 4755 Latino
1341 4702 1568 4771 positum
1601 4704 1824 4759 habetur
1849 4704 2045 4771 δοξάζω
2076 4725 2089 4761 :

520 4803 637 4844 nam
665 4787 804 4857 quod
845 4789 897 4843 in
937 4789 1224 4862 Evangelia
1267 4795 1587 4863 evangelista
1632 4794 1763 4850 dixit
1812 4797 2091 4854 Dominum

520 4880 714 4938 dixisse
741 4897 756 4936 :
782 4881 838 4938 Si
873 4898 971 4954 ego
1015 4883 1254 4953 glorilico
1296 4887 1591 4954 meipsum,
1617 4886 1780 4957 gloria
1814 4903 1931 4943 mea
1963 4890 2091 4945 nihil

517 4981 611 5042 est,
636 4974 723 5030 hic
744 4973 1027 5043 Apostolus
1048 4975 1487 5045 gloriﬁcationem
1513 4979 1826 5035 nominavit.
1847 4980 2091 5035 Christus

515 5078 635 5136 ergo
658 5067 1001 5136 semetipsum
1034 5082 1140 5121 non
1169 5068 1484 5136 gloriﬁcavit
1513 5070 1626 5124 sive
1654 5070 1963 5127 clariticavit
1983 5112 1998 5138 ,
2034 5080 2093 5127 ιιι

511 5170 540 5214 ι
578 5161 867 5230 semetipso
893 5158 1125 5229 pontifex
1155 5159 1329 5227 ﬁeret,
1360 5163 1802 5234 pontiﬁcatusque
1832 5164 2088 5221 honorem

510 5242 752 5316 haberet,
775 5251 898 5323 quia
920 5266 1025 5306 non
1070 5262 1241 5307 erata
1264 5255 1578 5324 semetipso,
1611 5265 1663 5311 et
1694 5257 1793 5312 hoc
1828 5268 1912 5312 est
1948 5258 2089 5328 quod

504 5340 624 5414 ipse
652 5344 905 5401 Dominus
932 5345 984 5401 in
1016 5343 1301 5418 Evangelio
1337 5348 1483 5415 dicit,
1511 5349 1626 5403 Non
1653 5350 1771 5404 veni
1802 5365 1832 5404 a
1860 5351 2087 5420 meipso,

508 5436 601 5495 led
628 5436 718 5493 illo
758 5452 847 5493 me
886 5437 1049 5494 misit.
1080 5439 1147 5494 Et
1188 5440 1377 5496 iterum
1421 5459 1435 5496 :
1480 5440 1715 5496 Gloriam
1767 5455 1940 5497 meam
1984 5458 2088 5498 non

509 5538 719 5596 qua-ro;
750 5535 806 5584 et
835 5545 850 5583 :
882 5527 978 5584 Est
1014 5528 1171 5586 Pater
1200 5546 1349 5587 meus
1377 5531 1468 5601 qui
1497 5532 1761 5601 gloriﬁcat
1788 5548 1893 5589 me.
1941 5534 2091 5590 Sicut

506 5631 636 5688 ergo
657 5632 687 5672 a
716 5622 1005 5693 semetipso
1033 5638 1143 5678 non
1181 5624 1325 5679 venit
1363 5624 1483 5693 quia
1532 5638 1562 5678 a
1608 5626 1785 5694 seipso
1809 5639 1916 5681 non
1947 5632 2086 5693 erat,

506 5721 762 5779 suamque
808 5713 1031 5782 gloriam
1077 5728 1183 5767 non
1234 5716 1539 5784 quaerebat,
1583 5715 1654 5769 ita
1703 5730 1809 5770 non
1848 5718 2084 5785 seipsum

504 5803 835 5874 clariﬁcavit,
855 5815 913 5861 ut
934 5806 1270 5876 pontiﬁcatus
1302 5809 1560 5863 honorem
1587 5823 1617 5861 a
1644 5809 1824 5878 seipse
1844 5810 2086 5880 haberet,

507 5907 599 5949 sea
626 5910 656 5950 a
688 5895 843 5951 Patre
870 5896 1191 5952 clariﬁcatus
1232 5908 1315 5955 est
1342 5899 1409 5954 ad
1456 5914 1579 5957 cum
1619 5900 1705 5957 die
1750 5902 2089 5976 baptismatis

2201 4723 2361 4763 causa
2390 4717 2493 4774 est,
2535 4709 2657 4777 quia
2701 4708 3090 4764 Melchisedech
3143 4722 3237 4763 rex
3287 4717 3340 4763 et
3368 4707 3638 4763 sacerdos
3676 4707 3778 4769 fuit,

2201 4807 2503 4868 unctusque
2532 4798 2631 4852 fuit
2660 4814 2764 4853 non
2796 4801 2917 4855 oleo
2946 4799 3169 4868 visibili,
3202 4801 3338 4855 sicut
3365 4800 3693 4854 sacerdotes
3718 4800 3781 4852 le-

2196 4893 2299 4962 gis,
2330 4893 2420 4947 sed
2446 4892 2565 4946 oleo
2586 4892 2813 4961 Spiritus
2843 4894 3034 4959 sancti,
3064 4904 3118 4949 et
3146 4894 3391 4949 Christus
3422 4894 3526 4947 hac
3568 4893 3779 4963 gemina

2198 4985 2458 5055 dignitate
2492 4987 2773 5057 insignitus
2799 4996 2979 5042 manet
3006 5004 3021 5042 :
3055 5003 3174 5042 nam
3205 4989 3345 5058 quod
3376 4990 3585 5058 regiam
3616 4988 3781 5058 digni-

2197 5088 2357 5135 tatem
2416 5082 2699 5150 possideat,
2762 5083 2874 5151 ipse
2926 5082 3207 5137 manifeste
3236 5082 3404 5136 dicit:
3440 5082 3557 5151 Ego
3612 5094 3783 5136 autem

2195 5170 2518 5227 constitutus
2558 5187 2675 5226 sum
2722 5188 2820 5228 rex
2854 5173 2921 5228 ab
2961 5188 3046 5239 eo,
3097 5174 3147 5227 id
3182 5182 3314 5229 esta
3354 5173 3468 5228 Deo
3501 5174 3693 5230 Patre.
3728 5173 3785 5224 Et

2198 5273 2317 5332 post
2378 5264 2828 5319 resurrectionem
2874 5280 3024 5319 suam
3072 5265 3237 5320 dicit:
3273 5265 3402 5321 Data
3433 5275 3519 5320 est
3564 5264 3783 5333 (inquit)

2196 5355 2327 5409 mihi
2363 5356 2538 5409 omnis
2561 5363 2794 5422 potestas
2841 5356 2895 5409 in
2941 5356 3079 5411 caelo
3108 5369 3155 5411 et
3190 5357 3244 5410 in
3275 5365 3436 5409 terra.
3498 5353 3783 5409 Psalmista

2194 5460 2408 5516 quoque
2433 5445 2565 5499 dicit
2589 5444 2655 5499 ad
2685 5445 2847 5499 Deum
2868 5446 3074 5501 Patrem
3105 5462 3118 5498 :
3146 5446 3307 5511 Deus,
3336 5444 3603 5512 judicium
3640 5455 3783 5499 tuum

2193 5540 2305 5610 regi
2337 5539 2424 5593 da.
2455 5536 2607 5604 Quod
2636 5550 2762 5593 vero
2790 5538 2925 5591 sicut
2955 5539 3207 5593 sacerdos
3234 5539 3445 5601 existat,
3477 5538 3617 5591 satis
3644 5543 3783 5606 patet

2192 5633 2444 5702 quoniam
2475 5632 2710 5700 seipsum
2742 5630 2935 5685 obtulit
2968 5630 3019 5684 in
3046 5646 3136 5685 ara
3181 5634 3355 5686 crucis
3388 5649 3486 5701 pro
3515 5634 3702 5695 nobis,
3731 5638 3782 5685 et

2192 5738 2335 5778 nunc
2388 5722 2696 5791 interpellat
2748 5722 2914 5776 Deum
2966 5722 3175 5778 Patrem
3221 5739 3315 5792 pro
3360 5733 3542 5778 nostra
3572 5725 3783 5780 salute;

2192 5816 2442 5886 quodque
2463 5817 2625 5873 etiam
2655 5825 2844 5873 unctus
2870 5817 2960 5881 sit,
2994 5831 3097 5871 non
3130 5817 3252 5871 oleo
3273 5818 3496 5875 visiliili.
3538 5819 3637 5866 scd
3669 5812 3781 5877 ple-

2193 5907 2432 5963 nitudino
2459 5907 2691 5977 Spiritus
2718 5908 2908 5975 sancti,
2953 5906 3239 5965 Psalmim
3284 5903 3439 5959 nobis
3471 5903 3648 5958 innuit
3688 5903 3778 5957 di-
