3982 6352
93 429 201 489 717

941 429 1007 488 ΙΝ
1044 429 1430 490 EPISTOLAM
1478 430 1570 488 AD
1610 427 1953 488 HEBREOS
1993 428 2514 491 COMMlZNTAmA.

3266 425 3372 488 713

91 563 228 603 cens
257 546 322 602 ad
348 547 522 617 ipsum
555 563 568 600 :
603 545 646 601 0
677 547 834 616 Deus,
870 547 1022 604 unxit
1044 558 1096 605 te
1126 550 1263 604 Deus
1295 557 1418 604 tuus
1448 549 1565 606 oleo
1593 549 1685 605 lae-
1719 555 1771 613 Α
1798 559 1850 604 et
1877 551 1990 620 ipse
2042 552 2217 610 reddit
2266 571 2503 621 causam,
2536 554 2722 611 dicens
2753 574 2764 608 :
2801 556 3049 623 Quoniam
3097 556 3372 610 imbecilles

91 641 229 696 tilia:
259 657 366 710 pra:
398 641 734 696 consortibus
766 643 905 698 tuis:
941 642 1040 698 hoc
1065 653 1168 711 est,
1200 643 1526 713 plenitudine
1559 644 1676 715 Spi-

91 733 235 789 ritus
261 734 452 789 sancti.
469 732 645 789 Tertia
675 750 886 808 quoque
903 749 1061 791 causa
1082 745 1182 801 est,
1199 751 1363 807 quare
1389 736 1682 792 secundum

93 823 348 880 ordinem
401 824 833 894 Melchisedech,
881 837 934 883 et
991 843 1097 884 non
1162 828 1455 883 secundum
1511 829 1689 885 Aaron

93 917 348 973 Christus
398 919 606 974 dicatur
653 920 902 976 sacerdos
937 940 948 976 :
984 921 1237 977 videlicet
1265 921 1411 993 quia,
1444 921 1580 977 sicut
1623 921 1691 978 de

93 1007 500 1062 Melchisedech
529 1009 693 1065 semel
724 1009 918 1080 legitur
946 1012 994 1065 in
1026 1011 1202 1066 divina
1233 1012 1528 1084 Scriptura,
1554 1011 1692 1068 etde

98 1101 226 1170 e'jus
257 1103 556 1157 sacerdotio
584 1121 596 1158 :
642 1106 710 1159 ita
756 1103 1002 1160 Christus
1031 1106 1196 1162 semei
1228 1109 1465 1176 seipsum
1495 1107 1693 1166 obtulit

103 1196 495 1252 immolandum
543 1213 640 1268 pro
683 1198 856 1254 nobis.
915 1200 1218 1271 Sequitur:
1266 1202 1367 1267 Qui
1414 1203 1466 1256 in
1517 1201 1693 1259 diebus

94 1288 270 1342 carnis
298 1305 407 1343 suae
437 1306 608 1358 preces
647 1292 1144 1364 supplicationesque
1171 1297 1239 1346 ad
1267 1310 1415 1362 eum,
1458 1297 1544 1366 qui
1576 1314 1694 1367 pos-

94 1381 160 1434 sit
196 1381 343 1435 illum
375 1380 571 1436 salvum
599 1384 765 1454 facere
788 1403 819 1438 α
850 1397 1028 1453 morte,
1054 1402 1168 1440 cum
1192 1387 1423 1443 clamore
1452 1390 1618 1442 t'alido
1648 1400 1693 1444 ct

96 1473 347 1545 lacrymis
376 1474 609 1542 o/fereus.
644 1476 722 1531 Ad
756 1477 949 1545 Deum,
981 1479 1032 1533 id
1061 1479 1233 1535 estad
1268 1483 1430 1536 Deum
1457 1481 1690 1537 Patrem.

97 1564 227 1620 Dies
245 1567 424 1620 carnis
452 1566 660 1622 Domini
692 1569 880 1635 nostri,
914 1570 1033 1628 dies
1054 1575 1242 1629 suntin
1262 1575 1454 1646 quibus
1475 1591 1690 1631 carnem

93 1657 352 1725 sumpsit,
383 1658 437 1712 in
467 1659 662 1726 quibus
709 1668 870 1719 natus
901 1674 985 1719 est
1007 1676 1060 1720 et
1091 1681 1301 1734 passus,
1333 1675 1387 1719 et
1417 1667 1468 1720 in
1503 1666 1693 1736 quibus

95 1752 329 1806 mortale
355 1767 554 1824 corpus
590 1752 952 1812 'tuhabitavit:
985 1759 1165 1811 omnia
1200 1771 1376 1812 autem
1423 1775 1542 1830 quae
1580 1758 1694 1828 ipse

93 1841 210 1911 egit
240 1842 297 1904 in
326 1858 516 1914 carne,
549 1864 739 1919 preces
763 1849 1288 1920 supplicationesque
1334 1850 1548 1905 fuerunt
1594 1867 1692 1919 pro

1794 643 1918 712 facti
1943 645 2059 698 estis
2085 647 2155 701 ad
2178 649 2504 702 audiendum.
2528 651 2602 703 Ac
2625 648 2817 703 deinde
2847 649 3117 720 subiungit
3140 647 3372 702 :Erenim

1793 749 1905 787 cum
1934 734 2177 794 deberetis
2209 740 2441 811 magistri
2483 755 2588 793 esse
2623 748 2828 810 prapter
2871 751 3081 810 tempus.
3121 739 3231 794 Sub
3263 753 3371 810 quo

1793 841 1928 896 pene
1955 831 2026 886 ab
2057 833 2206 886 initio
2233 832 2402 903 legem
2438 833 2694 887 habuistis
2718 841 2767 887 et
2805 835 3110 902 prophetas.
3148 831 3372 892 Rursum

1791 919 2053 996 indigetis,
2088 935 2137 977 ut
2167 941 2252 978 vos
2292 924 2597 980 doceamini.
2639 926 2796 980 Ante
2837 923 3058 992 aliisque
3097 926 3370 1000 aposutlis.

1795 1011 1928 1081 Quae
1963 1017 2064 1070 sint
2097 1014 2345 1070 elementa
2394 1017 2592 1071 exordii
2631 1031 2918 1069 sermonum
2962 1013 3054 1067 Dei
3094 1029 3112 1068 :
3157 1024 3201 1067 et
3253 1015 3376 1084 [acti

1795 1110 1911 1164 estis
1940 1111 2122 1178 quibus
2152 1111 2283 1164 lacte
2312 1126 2438 1182 Opus
2467 1112 2553 1176 sit,
2583 1127 2682 1164 non
2709 1109 2872 1163 solido
2903 1108 3032 1160 cibo.
3066 1106 3145 1161 Ad
3177 1123 3269 1160 eos
3293 1107 3374 1161 io-

1795 1203 1976 1271 quitur
2004 1202 2092 1273 qui
2124 1203 2213 1257 diu
2246 1212 2515 1258 morantes
2544 1203 2597 1257 in
2629 1203 2743 1272 lege
2779 1203 3126 1256 exercitatum
3161 1214 3372 1252 sensum

1795 1293 2092 1348 debuerant
2119 1294 2321 1350 habere
2367 1295 2433 1350 de
2467 1294 2700 1350 adventu
2729 1293 2925 1348 ChriSIi
2957 1308 3049 1362 per
3079 1291 3216 1346 dicta
3249 1292 3380 1352 legis

1796 1393 1849 1438 et
1881 1387 2284 1456 prophetarum,
2319 1402 2412 1455 per
2456 1386 2678 1458 gratiam
2712 1400 2941 1453 quoque,
2975 1397 3094 1452 qua:
3139 1397 3230 1452 per
3257 1397 3379 1435 cum

1795 1482 2135 1538 credentibus
2164 1483 2321 1536 allata
2352 1492 2450 1537 est.
2476 1484 2574 1552 Qui
2605 1493 2753 1539 certe
2780 1498 2899 1537 cum
2935 1481 3246 1536 debuissent
3269 1495 3379 1533 ma-

1797 1576 1949 1646 gistri
1980 1590 2099 1630 esse
2125 1575 2430 1647 gentilium,
2462 1586 2680 1645 propter
2715 1585 2922 1645 tempus
2956 1573 3304 1644 praeteritum,
3328 1574 3380 1624 in

1797 1680 1903 1736 quo
1936 1667 2113 1721 Omnia
2159 1667 2406 1734 superius
2451 1675 2742 1722 memorata
2799 1668 3120 1732 habuerunt,
3167 1680 3380 1720 rursum

1799 1756 2108 1826 indigebant
2148 1767 2203 1812 ut
2232 1757 2554 1813 docerentur
2580 1760 2646 1812 ab
2678 1759 2768 1812 illo
2815 1760 3131 1828 caaterisque
3168 1764 3382 1826 aposto-

1799 1846 1883 1910 lis,
1912 1862 2032 1918 quae
2059 1850 2166 1904 sint
2205 1848 2472 1902 elementa
2504 1848 2705 1903 exordii
2737 1863 3046 1904 sermonum
3082 1848 3200 1903 Dei.
3255 1847 3381 1903 Ele-

95 1943 340 2008 peccatis
371 1943 588 2013 generis
620 1943 835 1997 humani
871 1960 882 1997 :
916 1957 1069 1998 Sacra
1103 1959 1230 1997 vero
1261 1943 1536 2012 sanguinis
1574 1943 1692 2014 ejus
1721 1955 1769 2014 Β
1800 1949 1977 1994 menta
2007 1939 2256 1995 dicuntur
2286 1941 2436 2011 quasi
2479 1940 2831 2004 elevatnenta,
2875 1955 2940 1996 eo
2984 1940 3123 2010 quod
3153 1955 3217 1995 ex
3249 1938 3382 2010 ipsis

97 2031 299 2088 effusio
327 2035 531 2091 clamor
553 2035 762 2090 validus
787 2052 799 2088 :
834 2036 885 2090 in
920 2053 1045 2104 quo,
1081 2035 1371 2091 Exauditus
1392 2046 1486 2091 est.
1519 2042 1555 2090 A
1582 2037 1692 2092 Deo

102 2124 291 2181 Patre.
328 2125 433 2180 Pro
460 2144 555 2180 sua
586 2127 883 2182 reverentia.
933 2128 1043 2182 Hoc
1072 2139 1153 2183 est
1198 2139 1412 2199 propter
1451 2128 1697 2183 volunta-

103 2219 246 2272 riam
309 2219 667 2276 obedientiam
735 2233 786 2277 et
851 2223 1294 2291 perfectissimam
1352 2223 1691 2278 charitatem.

99 2307 297 2364 Nonne
364 2327 484 2364 cum
544 2312 794 2382 lacrymis
855 2327 1040 2381 preces
1102 2312 1390 2378 fundebat,
1458 2313 1692 2368 dicens:

104 2398 302 2454 Tristis
330 2410 415 2456 est
443 2403 616 2455 anima
658 2419 772 2456 mea
802 2418 970 2472 usque
1013 2404 1078 2458 ad
1111 2416 1370 2468 mortem;
1402 2415 1475 2470 et,
1511 2404 1692 2476 Pater,

106 2492 346 2548 transfer
373 2495 594 2549 calicem
628 2497 784 2550 istum
814 2513 839 2549 a
874 2497 1001 2552 me?
1046 2499 1109 2551 Et
1130 2499 1251 2567 quia
1282 2498 1577 2554 voluntarie
1603 2499 1700 2555 fuit

107 2585 370 2641 obediens
425 2587 536 2642 Deo
586 2587 729 2642 Patri
778 2601 942 2656 ustus
995 2589 1059 2644 ad
1116 2602 1385 2657 mortem,
1430 2592 1701 2647 exaudivit

110 2675 287 2744 illum,
317 2677 402 2733 die
433 2679 586 2733 tertia
628 2680 1000 2736 resuscitando
1027 2699 1040 2734 :
1072 2682 1218 2748 juxta
1249 2681 1389 2750 quod
1419 2682 1701 2738 Psahnista

109 2771 432 2826 dicitzNon
481 2772 632 2827 dabis
677 2781 920 2827 sanctum
963 2783 1110 2827 tuum
1165 2773 1345 2828 videre
1395 2775 1701 2845 corruptio-

109 2877 261 2918 nem.
291 2863 494 2919 Dicitur
522 2873 700 2920 autem
728 2864 928 2922 fudisse
944 2882 1131 2936 preces
1151 2868 1699 2938 supplicationesque,

111 2969 219 3009 non
253 2955 445 3012 timore
475 2961 664 3014 mortis
697 2975 853 3029 quam
885 2971 1078 3029 Sponte
1107 2961 1451 3032 suscipiebat,
1486 2963 1578 3018 sed
1613 2979 1703 3032 p0-

115 3043 221 3100 tius
249 3059 409 3101 causa
433 3056 632 3104 nostrae
663 3051 850 3105 salutis
874 3051 1203 3108 voluntatem
1236 3063 1469 3123 paternae
1489 3053 1705 3124 dispen-

113 3137 342 3194 sationis
371 3143 662 3210 prteposuit
704 3143 968 3200 voluntati
1009 3148 1186 3201 carnis
1234 3161 1341 3200 suae
1376 3165 1388 3200 :
1426 3156 1481 3202 ut
1522 3163 1704 3203 veram

113 3231 429 3288 ostenderet
481 3234 534 3288 in
574 3234 754 3306 seipso
791 3243 1034 3292 naturam
1086 3237 1432 3294 humanitatis
1487 3249 1700 3294 nostrae.

1800 2043 1996 2089 caetera
2032 2035 2290 2104 originem
2319 2043 2552 2105 sumant,
2603 2035 2751 2089 initia
2793 2034 3060 2099 videlicet,
3108 2042 3164 2089 et
3195 2034 3386 2088 funda-

1801 2138 1978 2182 menta
2028 2137 2413 2184 creaturarum.
2466 2131 2508 2185 A
2555 2129 2871 2200 quibusdam
2927 2129 3087 2184 etiam
3135 2129 3386 2184 dicuntur

1801 2223 2050 2278 elimenta
2083 2225 2209 2293 peti,
2250 2224 2399 2295 quasi
2440 2224 2841 2290 fabricamenta,
2882 2223 2950 2278 ab
2993 2237 3059 2278 eo
3104 2222 3245 2291 quod
3300 2227 3386 2276 est

1800 2315 1983 2384 eliuto,
2015 2316 2221 2384 elimas,
2251 2317 2402 2387 quasi
2433 2332 2498 2371 ex
2525 2318 2602 2371 eis
2634 2316 2889 2372 fabricata
2919 2316 3024 2368 sint
3053 2315 3251 2368 omnia.
3290 2311 3387 2367 Hic

1801 2417 1978 2463 autem
2012 2409 2300 2474 elementa,
2333 2410 2446 2464 sive
2473 2409 2808 2464 eievamenta
2837 2407 3043 2463 duobus
3071 2406 3243 2461 modis
3266 2421 3390 2475 pos-

1802 2516 1989 2556 sumus
2018 2500 2336 2570 intelligere,
2387 2501 2591 2556 scilicet
2621 2500 2767 2570 ipsos
2789 2500 3128 2555 characteres
3166 2507 3219 2552 et
3251 2512 3389 2567 pro-

1808 2595 2174 2648 nuntiationes
2206 2592 2529 2659 litterarum,
2565 2608 2594 2647 a
2623 2593 2816 2664 quibus
2844 2591 3123 2648 exordium
3170 2596 3391 2644 sumunt

1805 2699 2104 2748 sermones,
2151 2684 2236 2738 vel
2270 2692 2418 2739 certe
2449 2684 2562 2754 ipsa
2595 2684 2742 2738 initia
2771 2694 2825 2740 et
2869 2685 3208 2738 fundamenta
3241 2681 3387 2747 ﬁdei,

1805 2777 1956 2848 quasi
1984 2777 2211 2843 diceret,
2242 2777 2357 2833 lloe
2395 2777 2664 2848 indigetis,
2703 2787 2759 2832 ut
2795 2777 3090 2833 doceamini
3124 2790 3242 2844 qua-'2
3282 2776 3391 2830 sint

1807 2870 2070 2926 elementa
2103 2870 2400 2926 litterarum
2451 2871 2538 2925 vel
2571 2869 2718 2925 initia
2763 2870 2904 2939 fidei,
2936 2887 3055 2925 cum
3096 2868 3390 2924 debuerltis

1807 2962 2224 3034 profunditatem
2260 2964 2640 3036 mysteriorum
2674 2962 3028 3034 intelligendo
3060 2961 3305 3028 scrutari,
3337 2969 3393 3016 et

1809 3058 2028 3127 perfecti
2060 3073 2177 3114 esse
2219 3057 2270 3112 in
2305 3058 2426 3112 fide.
2456 3057 2600 3114 Facti
2632 3060 2762 3114 estis
2793 3057 3005 3128 (inquit)
3029 3054 3182 3126 quasi
3212 3054 3390 3109 infan-

1820 3157 1899 3204 tes
1929 3149 2122 3220 quibns
2164 3149 2299 3204 lacte
2325 3164 2458 3220 opus
2503 3150 2592 3214 sit,
2645 3151 2693 3203 id
2735 3159 2817 3203 est
2863 3148 3088 3218 simplici
3127 3146 3390 3213 doctrina,

1812 3255 1917 3293 non
1981 3238 2154 3294 solido
2209 3239 2329 3294 cibo
2368 3280 2382 3304 ,
2441 3238 2493 3293 id
2542 3245 2628 3293 est
2679 3239 2909 3299 perfecta
2968 3237 3206 3292 doctrina
3273 3251 3396 3304 pro-

116 3319 420 3378 Notandum
451 3335 630 3382 autem
661 3327 784 3397 quia
816 3330 1138 3396 reverentia,
1171 3330 1462 3386 secundant
1491 3340 1706 3388 senten-
1734 3333 1780 3396 C
1816 3331 2098 3403 fundisque
2158 3330 2428 3404 mysteriis
2472 3347 2486 3385 :
2523 3331 2711 3386 beatus
2774 3331 2917 3387 enim
2954 3329 3240 3398 Apostolus
3299 3327 3393 3382 ha-

117 3416 253 3472 tiam
284 3415 587 3474 Cassiodori
633 3422 888 3491 accipitur
912 3423 1198 3494 aliquando
1246 3440 1342 3495 pro
1372 3440 1581 3493 amore,
1612 3424 1723 3480 alia

118 3509 340 3578 quando
385 3526 487 3581 pro
537 3511 731 3569 timore
764 3531 779 3568 :
812 3515 901 3571 hic
947 3532 1077 3573 vero
1118 3533 1214 3588 pro
1258 3533 1462 3575 summa
1495 3522 1713 3590 ponitur

121 3599 403 3670 charitate,
437 3618 538 3673 qua
570 3605 738 3660 Filius
769 3606 860 3662 Dei
891 3619 989 3663 nos
1021 3609 1229 3674 dilexit,
1255 3618 1310 3665 et
1356 3626 1453 3679 pro
1499 3625 1709 3666 summa

121 3693 451 3764 obcdientia,
472 3712 574 3767 qua
597 3696 695 3754 fuit
723 3701 980 3756 obediens
1005 3702 1146 3757 Patri
1173 3718 1342 3773 usque
1370 3703 1434 3758 ad
1459 3713 1707 3759 mortem.

122 3784 191 3840 Et
215 3787 422 3857 quidem
447 3805 562 3843 cum
592 3802 719 3847 esset
742 3792 911 3849 Filius
937 3794 1049 3862 Dei,
1075 3796 1252 3850 didicit
1276 3813 1338 3850 ea:
1361 3797 1437 3850 his
1462 3813 1574 3864 qua:
1598 3815 1712 3866 pas-

121 3893 210 3932 sus
242 3889 318 3932 est
346 3881 703 3949 obedientiam,
735 3892 784 3938 et
813 3897 1194 3942 consummatus
1236 3892 1406 3958 factus
1437 3899 1509 3944 est
1541 3891 1710 3943 enmi-

122 3973 217 4029 bus
248 3975 709 4045 obtemperantibus
738 3980 830 4034 sibi
860 3995 1013 4035 causa
1049 3983 1228 4036 salutis
1258 3992 1462 4037 (eterna:
1486 4000 1503 4036 :
1534 3983 1714 4054 appel-

121 4063 260 4120 latus
283 4083 317 4120 a
343 4066 450 4123 Deo
473 4071 706 4139 pontifex
717 4073 872 4143 juxta
902 4073 1129 4128 ordinem
1156 4074 1549 4128 Melchisedech.
1577 4077 1710 4130 Cum

124 4167 274 4212 esset
305 4159 522 4231 (inquit)
551 4161 692 4217 filius
719 4163 772 4217 in
805 4165 1052 4228 veritate,
1083 4165 1229 4220 dedit
1257 4166 1614 4221 obedientiam
1647 4183 1712 4222 ex

122 4248 207 4306 his
237 4254 540 4322 opprobriis
567 4267 621 4312 et
653 4260 934 4314 tormentis
965 4275 1086 4330 qua}
1139 4275 1327 4330 passus
1353 4269 1454 4327 est,
1491 4260 1592 4316 hoc
1631 4271 1714 4316 est

122 4345 478 4404 voluntariam
507 4351 756 4406 exhibuit
781 4353 923 4406 Patri
953 4352 1312 4407 obedientiam
1340 4370 1406 4408 ex
1442 4363 1590 4423 parte
1617 4355 1713 4407 hu—

125 4437 433 4503 manitatis;
454 4443 590 4495 hanc
617 4441 973 4496 obedientiam
996 4459 1153 4512 quam
1180 4445 1264 4498 hic
1286 4445 1496 4499 dedisse
1519 4444 1711 4498 Filium

121 4525 220 4584 Dei
255 4529 382 4585 dicit
421 4531 732 4600 Apostolus,
768 4534 870 4588 hoc
911 4544 992 4590 est
1034 4537 1332 4591 voluntarie
1383 4537 1712 4607 suscepisse,

123 4622 236 4675 alio
265 4621 384 4676 loco
413 4624 670 4691 ostendit,
701 4625 794 4680 ubi
820 4627 895 4681 ait
927 4625 1094 4681 :Cum
1128 4627 1180 4682 in
1215 4627 1384 4683 forma
1418 4629 1510 4683 Dei
1545 4639 1708 4695 esset,

1815 3426 1906 3481 bet
1933 3426 2374 3480 consuetudinem
2402 3431 2458 3479 ut
2480 3423 2777 3494 simplicem
2800 3423 3098 3479 doctrinam
3125 3422 3275 3477 lactis
3299 3437 3396 3477 no-

1815 3516 1958 3572 mine
1985 3515 2251 3586 designet,
2289 3515 2581 3586 perfectam
2611 3524 2785 3570 autem
2818 3515 3044 3569 solidum
3077 3515 3251 3570 cibum
3299 3529 3394 3584 ap-

1815 3607 1996 3678 pellat,
2044 3607 2183 3662 uude
2216 3607 2348 3663 dicit
2384 3605 2674 3664 Corinthiis
2719 3608 2894 3662 minus
2940 3606 3185 3676 perfectis
3230 3623 3243 3660 :
3289 3605 3397 3663 Lac

1815 3699 1966 3754 vobis
1999 3697 2139 3765 dedi,
2171 3714 2274 3754 non
2305 3714 2506 3764 escatn,
2538 3699 2658 3763 quia
2684 3700 2907 3754 necdum
2937 3699 3158 3768 potestis
3178 3713 3390 3761 capere.

1815 3791 1921 3846 Lac
1950 3807 2076 3862 ergo
2113 3791 2371 3862 simplicis
2399 3791 2643 3846 doctrina
2673 3801 2774 3858 est,
2809 3791 3101 3845 inearnatio
3127 3788 3242 3843 Filii
3279 3789 3372 3844 Det

1817 3887 2016 3956 passio,
2048 3889 2374 3942 resurrectio
2407 3886 2568 3951 illius,
2607 3885 2850 3940 ascensio
2875 3885 2938 3939 ad
2962 3883 3148 3940 caelos.
3183 3881 3397 3939 Solidus

1817 3995 1943 4034 vero
1995 3982 2144 4035 cibus
2195 3979 2705 4048 perfecti‘sermonis
2747 3990 2830 4034 est
2871 3979 3183 4051 mysterium
3216 3977 3398 4032 Trini-

1817 4073 1961 4138 tatis,
2016 4072 2285 4142 quomodo
2337 4080 2447 4128 tres
2492 4073 2600 4127 sint
2628 4074 2678 4126 in
2720 4073 2984 4141 personis,
3034 4082 3087 4126 et
3143 4089 3300 4126 unum
3345 4071 3398 4126 in

1818 4164 2110 4218 substantia
2148 4163 2380 4219 deitatis.
2436 4164 2540 4219 Sed
2573 4164 2662 4232 qui
2718 4171 2824 4218 no’n
2875 4171 3050 4232 potest
3100 4164 3398 4233 intelligere

1818 4257 1958 4326 quod
1993 4256 2329 4327 Evangeiista
2362 4258 2457 4323 ait,
2487 4255 2718 4310 Verbum
2749 4270 2874 4309 caro
2901 4256 3092 4309 factum
3117 4265 3199 4309 est
3227 4265 3281 4309 et
3309 4256 3404 4308 ha-

1820 4347 2011 4401 bitavit
2036 4348 2087 4400 in
2115 4347 2268 4400 nobis
2294 4363 2307 4400 :
2334 4345 2603 4417 quomodo
2627 4344 2819 4414 poterit
2840 4345 2903 4397 ad
2925 4344 3260 4398 altitudinem
3284 4344 3403 4414 ejus

1821 4438 2106 4509 pervenire
2133 4437 2224 4491 ubi
2258 4437 2351 4503 ait,
2381 4437 2438 4490 in
2470 4436 2734 4506 principio
2763 4444 2880 4489 erat
2909 4436 3163 4503 Verbum,
3191 4446 3243 4491 et
3267 4437 3402 4492 Ver-

1819 4533 1944 4586 bum
1971 4541 2087 4586 erat
2115 4530 2250 4600 apud
2281 4530 2470 4598 Deum,
2495 4539 2550 4584 et
2573 4530 2713 4585 Deus
2751 4538 2866 4585 erat
2896 4528 3166 4583 Verbum?
3208 4529 3402 4600 Sequi-

1818 4634 1923 4680 tur.
1961 4624 2140 4679 Umnis
2167 4628 2301 4678 enim
2336 4624 2425 4691 qui
2470 4623 2616 4676 lactis
2659 4632 2728 4676 est
2758 4621 3032 4692 particeps.
3079 4621 3134 4676 Id
3165 4630 3246 4676 est
3273 4623 3404 4678 sim-

125 4715 478 4784 semctipsum
507 4718 818 4787 exinauivit,
856 4721 1082 4776 formam
1131 4722 1277 4778 servi
1307 4724 1574 4794 accipiens
1594 4765 1607 4791 ,
1641 4723 1716 4777 fa-
1746 4717 1797 4777 D
1827 4719 1976 4787 plicis
2005 4726 2206 4773 tantum
2236 4716 2513 4772 doctrinae.
2549 4715 2748 4784 Expers
2775 4725 2844 4770 est
2883 4716 3128 4770 sermonis
3157 4717 3399 4788 justitiw.

127 4813 356 4874 ctusque
408 4809 667 4866 obediens
715 4812 857 4867 Patri
909 4829 1078 4885 usque
1127 4816 1190 4870 ad
1243 4824 1490 4870 mortem.
1544 4815 1599 4870 lu
1652 4832 1717 4873 eo

127 4915 264 4956 vero
292 4903 433 4971 quod
464 4903 562 4968 ait,
594 4903 660 4958 Et
683 4915 1108 4974 consummatus,
1157 4907 1208 4962 id
1237 4917 1319 4963 est
1349 4908 1616 4978 perfectus
1663 4908 1716 4963 in

130 4996 432 5052 sacerdotio
496 4998 752 5068 omnique
799 5000 1101 5055 obedientia
1133 5003 1306 5056 factus
1349 5013 1430 5058 est
1470 5002 1717 5058 omnibus

130 5088 628 5160 obtemperantibus
653 5091 753 5146 sibi
779 5105 939 5146 causa
962 5093 1148 5147 salutis
1163 5101 1376 5148 aeternae
1409 5112 1421 5146 :
1459 5104 1716 5164 quantum

130 5178 334 5237 lucrum
384 5184 456 5238 sit
497 5184 730 5238 ostendit
757 5185 873 5255 ejus
901 5184 1080 5254 passio
1109 5186 1335 5257 ejusque
1383 5187 1706 5254 obedientia,

132 5271 219 5338 qui
250 5272 499 5328 omnibus
543 5274 887 5331 credentibus
915 5277 1112 5330 sufficit
1138 5277 1202 5330 ad
1233 5277 1395 5331 vitam
1431 5289 1707 5334 :eternam.

131 5362 430 5434 Sequitur:
465 5365 687 5436 Dequo.
743 5370 860 5423 Non
914 5369 982 5425 de
1032 5370 1443 5438 Melchisedech,
1499 5373 1592 5428 sed
1645 5374 1713 5428 de

130 5451 360 5512 Christo.
389 5455 554 5512 Nobis
580 5459 792 5530 grandis
832 5475 1017 5525 sermo,
1053 5468 1101 5514 et
1134 5461 1583 5532 ininterpretabilis
1642 5463 1712 5516 ad

131 5548 422 5604 dicentium.
456 5550 570 5605 Non
593 5552 971 5607 incarnationis
1001 5553 1154 5623 culpa
1185 5567 1306 5608 cum
1329 5552 1560 5610 revelata
1591 5563 1716 5608 sunt

132 5643 382 5711 mysteria
430 5658 458 5697 a
501 5646 712 5699 seculis
761 5645 1094 5709 abscondita,
1123 5645 1216 5702 sed
1269 5648 1445 5717 potius
1497 5648 1711 5703 illorum

138 5736 405 5802 tarditate,
453 5737 572 5806 quia
621 5738 935 5803 imbecilles,
987 5739 1038 5794 id
1067 5751 1149 5796 est
1182 5741 1388 5795 infirmi
1430 5741 1480 5794 in
1511 5739 1637 5806 fide,
1662 5749 1715 5793 et

136 5818 347 5891 fragiles
398 5842 557 5884 sensu
609 5829 676 5884 ad
726 5831 1068 5902 intelligenda
1121 5831 1383 5902 profunda
1433 5833 1710 5904 mysteria,

136 5915 226 5985 qui
247 5915 407 5978 etiam
431 5932 530 5986 pro
553 5926 792 5989 tempore
817 5926 1056 5990 magistri
1086 5927 1380 5984 debuerant
1406 5941 1556 5985 esse:
1577 5929 1718 5987 unde

1823 4811 1933 4865 Hoc
1963 4819 2045 4865 est
2073 4810 2281 4865 alienus
2307 4815 2390 4864 est
2433 4823 2463 4862 a
2513 4806 2838 4863 discretione
2881 4807 3126 4876 perfectae
3155 4807 3400 4875 iustitiae,

1821 4905 1943 4973 quia
1976 4903 2208 4957 nondum
2242 4911 2418 4973 potest
2447 4911 2730 4970 penetrare
2767 4915 2960 4955 arcana
2999 4899 3400 4968 mysteriorum,

1821 5012 1921 5052 nec
1951 4997 2053 5052 scit
2079 5006 2135 5051 ut
2171 4996 2384 5066 expedit
2415 4995 2790 5050 discretionem
2836 4995 3010 5049 facere
3039 4993 3178 5047 inter
3203 4992 3400 5047 bonum

1820 5101 1875 5147 et
1925 5090 2146 5146 malum.
2202 5090 2502 5159 Redditque
2546 5103 2761 5144 causam
2791 5101 2972 5158 quare.
3011 5084 3267 5140 Parvulas
3293 5086 3400 5155 (in-

1823 5186 1958 5258 quit)
1994 5186 2128 5240 enim
2156 5191 2248 5240 est.
2283 5184 2456 5240 Sensu
2491 5191 2545 5238 et
2583 5183 2872 5238 intellectu.
2926 5177 3280 5248 Perfectorum
3309 5193 3403 5230 au-

1823 5290 1940 5335 tem.
1976 5280 2279 5333 Hominum.
2333 5277 2427 5330 Est
2474 5275 2672 5332 solidus
2699 5275 2860 5328 cibus.
2909 5271 2962 5328 id
3008 5279 3109 5338 eat,
3155 5272 3240 5341 qui
3285 5285 3404 5340 per-

1823 5372 1992 5428 fectos
2040 5371 2240 5426 habent
2263 5383 2473 5426 sensus.
2521 5367 2626 5423 Illis
2663 5367 2901 5437 pandunt
2927 5366 3033 5418 alta
3081 5373 3134 5417 et
3176 5362 3405 5417 obscura

1825 5465 2074 5536 mysteria
2103 5463 2170 5518 de
2191 5463 2471 5518 divinitate
2498 5461 2886 5529 omnipotentis
2917 5456 3031 5520 Dei,
3064 5455 3207 5510 unde
3235 5462 3290 5510 et
3318 5469 3404 5510 se-

1825 5560 2004 5626 quitur
2035 5573 2050 5612 :
2080 5555 2295 5611 Eorum.
2339 5556 2465 5610 Dico
2495 5569 2615 5609 esse
2651 5551 2900 5606 solidum.
2933 5549 3037 5618 Qui
3062 5564 3155 5622 pro
3185 5563 3404 5602 consue-

1821 5653 2014 5706 tudine.
2065 5650 2374 5704 Electionis.
2411 5649 2728 5703 Ext'rcitatos
2756 5645 2941 5700 habent
2970 5660 3164 5698 sensus.
3195 5642 3305 5698 Hoc
3319 5647 3404 5698 est

1823 5744 2014 5798 studiis
2042 5743 2338 5798 litterarum
2367 5752 2637 5797 extensos.
2684 5741 2762 5793 Ad
2803 5739 3160 5793 discretionem
3190 5736 3306 5790 boni
3351 5743 3404 5790 et

1821 5817 1964 5892 mali.
1995 5836 2111 5890 Non
2143 5838 2206 5890 ad
2239 5837 2614 5891 discretionem
2662 5833 2930 5889 haeretica:
2961 5831 3258 5903 pravitatis.
3283 5828 3404 5884 Sic.

1821 5942 1879 5988 ut
1909 5932 2157 6001 parvulus
2181 5931 2318 5986 inter
2359 5929 2536 5985 cibum
2567 5937 2622 5983 et.
2656 5927 2830 5982 cibum
2858 5928 3166 5983 discernere
3205 5926 3378 5980 nescit
