3982 6352
546 394 650 459 719

1657 378 1949 439 PRIMASII
1987 368 2444 436 ADRUMETANI
2488 367 2704 430 EPISC.

3781 366 3889 420 79.3]

554 527 607 570 ct
630 526 775 584 saepe
801 510 854 567 in
884 504 1058 566 noxiis
1085 500 1357 563 sumendis
1387 497 1521 555 cibis
1554 497 1902 569 periclitatur,
1942 493 1987 548 si
2024 506 2129 547 non
2160 491 2213 551 Α
2236 487 2358 542 dem
2381 484 2854 544 concurrentibus:
2878 485 3248 545 Paenitentiam
3270 487 3439 560 agite,
3461 482 3889 554 cibaptizrlur

552 582 865 675 prohibetur
893 613 921 653 a
953 596 1166 653 seniore
1201 611 1213 648 :
1248 594 1319 647 ita
1351 590 1597 645 indoctus
1630 587 1858 658 quisque
1887 584 1975 653 qui
2023 582 2134 637 dis-

550 696 842 753 cretionem
872 688 1232 746 doctrinarum
1263 683 1454 751 nescit,
1502 680 1656 736 facile
1684 679 1947 749 decipitur
1977 684 2134 745 atque

554 790 608 847 in
631 802 815 847 errore
844 784 1198 857 periclitatur.
1229 778 1567 847 Quapropter
1596 773 1727 829 dicit
1751 789 1766 827 :
1795 770 1930 839 Quia
1960 767 2145 824 omnis

551 883 643 951 qui
672 880 822 937 lactis
846 886 928 934 est
958 874 1227 947 particeps
1253 883 1449 941 expers
1478 877 1562 924 est
1582 864 1850 923 sermonis
1875 862 2131 935 justitize:

553 976 695 1049 quod
720 973 861 1030 enim
886 971 939 1027 in
982 969 1118 1025 lacte
1155 975 1210 1022 et
1236 964 1408 1021 solido
1448 963 1588 1028 cibo,
1622 960 1723 1015 hoc
1752 960 1803 1013 in
1841 956 2139 1049 indoctoiet

552 1047 788 1139 sapiente
815 1064 1011 1121 diﬁ‘ert.
1061 1061 1213 1118 Sicut
1240 1059 1321 1115 lac
1350 1053 1585 1128 parvulis
1613 1051 1881 1123 congruit,
1920 1058 1975 1105 et
2002 1047 2135 1103 soli-

552 1166 650 1220 dus
677 1163 827 1219 cibus
849 1168 1007 1216 aetate
1037 1155 1312 1230 perfectis,
1343 1156 1417 1207 ita
1445 1148 1674 1207 inductis
1692 1144 1907 1200 humilis
1931 1156 2132 1207 sermo,

552 1271 603 1314 ct
630 1256 961 1328 sapientibus
992 1267 1245 1308 arcanum
1298 1245 1612 1320 mysterium
1658 1255 1817 1297 nosse
1861 1236 2135 1301 convenit,

550 1350 638 1419 qui
689 1346 1013 1402 exercitatos
1058 1342 1261 1397 habent
1305 1352 1496 1395 sensus
1542 1332 1720 1391 studio
1748 1329 2016 1387 lectionis.
2064 1328 2140 1383 Ex

554 1458 649 1495 usu
680 1441 946 1510 siquidem
991 1435 1259 1500 lectionis,
1312 1431 1576 1502 frequenti
1620 1426 1965 1484 meditatione
2003 1422 2131 1479 divi-

554 1548 741 1588 narum
791 1531 1189 1599 Scripturarum
1218 1524 1525 1582 efﬁciuntur
1554 1533 1745 1576 sensus
1774 1516 1945 1572 nostri
1976 1529 2142 1570 exer-

554 1624 701 1679 citati
729 1633 782 1679 et
810 1623 1017 1677 extensi
1059 1619 1123 1673 ad
1159 1616 1361 1688 majora
1390 1611 1755 1685 intelligenda.
1811 1608 1965 1668 Unde
1996 1606 2147 1663 Psal-

556 1718 714 1771 mista
764 1717 978 1770 beatum
1023 1711 1155 1768 dicit
1191 1724 1312 1766 esse
1343 1710 1516 1763 virum
1547 1706 1635 1779 qui
1681 1706 1735 1762 in
1784 1704 1899 1775 lege
1930 1699 2143 1758 Domini

554 1808 899 1864 meditabitur
925 1806 1012 1861 die
1040 1819 1103 1860 ac
1132 1812 1307 1859 nocte.

623 1900 753 1955 Cap.
814 1912 887 1951 v1.
945 1898 1271 1967 Quapropter
1344 1892 1732 1947 intermittentes
1796 1885 2142 1942 inchoationis

552 1990 743 2048 Christi
759 2005 1039 2046 sermonem
1060 1988 1129 2041 ad
1155 1986 1518 2056 perfectionem
1538 1985 1786 2056 feramur.
1808 1982 1919 2049 Qua
1929 1988 2145 2051 propter

551 2086 675 2155 quia
703 2085 1027 2141 exercitatos
1060 2096 1253 2137 sensus
1277 2081 1434 2136 decet
1464 2094 1562 2134 nos
1593 2077 1793 2132 habere
1816 2076 1868 2130 in
1898 2076 2015 2146 lege
2038 2074 2144 2129 Do-

552 2178 703 2243 mini,
737 2177 1161 2232 intermittentes
1192 2188 1497 2231 sermonem
1530 2172 1888 2228 inchoationis
1917 2169 2139 2238 Christi,

551 2270 615 2325 ad
638 2268 896 2339 profunda
918 2276 971 2323 et
995 2268 1100 2321 alta
1122 2268 1376 2338 mysteria
1397 2264 1689 2320 divinitatis
1716 2263 1832 2333 ejus
1856 2262 2137 2317 ducamur.

552 2364 870 2418 Sermonem
914 2359 1271 2414 inchoationis
1311 2356 1509 2412 Christi
1545 2364 1702 2411 vocat
1744 2355 1955 2410 initium
1990 2354 2135 2423 ﬁdei,

552 2452 960 2508 instructionem
987 2449 1235 2506 videlicet
1264 2449 1332 2504 de
1357 2449 1632 2503 nativitate
1652 2445 1854 2502 Christi
1883 2448 2138 2516 humana,

553 2547 623 2602 de
676 2544 925 2617 passione
954 2542 1093 2615 ejus,
1150 2544 1217 2598 de
1249 2540 1665 2607 resurrectione,
1712 2540 2054 2606 ascensione,
2086 2547 2143 2595 et

552 2641 723 2712 gratia
751 2638 1084 2708 baptismatis
1115 2655 1127 2690 :
1158 2637 1295 2691 sicut
1334 2637 1477 2691 enim
1515 2649 1635 2691 eum
1675 2637 1766 2704 qui
1800 2634 1992 2688 litteris
2035 2634 2139 2688 im-

553 2735 799 2791 buendus
829 2744 911 2790 est
938 2732 1205 2789 elementa
1236 2732 1531 2786 litterarum
1552 2738 1766 2799 Oportet
1788 2729 2018 2798 primunt
2044 2742 2141 2782 au-

552 2831 698 2895 dire,
746 2827 825 2884 sic
854 2836 906 2881 et
938 2824 1272 2880 Christianus
1300 2822 1471 2892 primo
1500 2820 1739 2876 omnium
1772 2819 1839 2875 de
1868 2818 1953 2874 his
1982 2818 2141 2873 debet

550 2920 767 2986 instrui,
800 2926 855 2973 et
877 2914 1211 2987 postmodum
1237 2912 1303 2968 ad
1334 2912 1589 2984 mysteria
1616 2910 1911 2965 divinitatis
1935 2908 2139 2966 venire;

552 3010 675 3066 Non
700 3024 907 3063 rursum
930 3007 1167 3074 iacientes
1196 3004 1581 3074 fundamentum
1608 3000 1911 3073 paenitentia!
1936 3000 1999 3053 ab
2019 3014 2139 3070 ope-

549 3104 689 3157 ribus
715 3100 928 3155 mortuis
947 3108 996 3154 et
1025 3099 1146 3169 ﬁdei
1175 3098 1241 3151 ad
1274 3096 1459 3151 Deum.
1495 3094 1927 3151 Fundamentum
1958 3092 2135 3163 pmni-

2243 581 2607 652 unusquisque
2630 589 2887 636 vestrum.
2913 580 3026 635 Non
3048 580 3207 638 debet
3222 579 3444 654 (inquit)
3467 594 3603 634 esse
3637 590 3883 630 ncoessc

2244 684 2301 730 ut
2328 674 2791 745 iterumjaciamus
2819 673 3219 730 fundamentum
3245 672 3594 743 paenitentia:
3630 670 3717 724 ab
3744 684 3881 739 ope-

2242 764 2391 821 ribus
2413 765 2639 820 mortuis
2663 780 2677 819 :
2705 772 2760 820 et
2788 763 3190 821 fundamentum
3221 764 3345 821 ﬁdei
3371 779 3473 835 per
3497 776 3687 834 quam
3720 776 3877 815 acce-

2243 859 2388 914 ditur
2428 860 2493 915 ad
2527 858 2717 928 Deum,
2756 862 2896 931 quod
2928 860 2981 915 in
3011 860 3161 917 vobis
3201 861 3403 932 jactum
3434 868 3533 917 est
3561 866 3876 928 antequam

2242 957 2309 1013 ad
2338 956 2590 1027 baptismi
2620 958 2847 1027 gratiam
2873 958 3177 1015 venissetis.
3208 957 3609 1015 Paenitentiam
3634 954 3719 1011 ab
3749 968 3873 1024 ope-

2240 1052 2390 1109 ribus
2423 1054 2645 1109 mortuis
2674 1067 2858 1124 agere,
2910 1062 2994 1109 est
3024 1054 3139 1124 ipsa
3166 1068 3329 1124 opera
3362 1052 3515 1108 mala
3549 1066 3666 1123 per
3691 1049 3868 1123 peni-

2244 1146 2461 1203 tentiam
2491 1145 2693 1212 delere,
2745 1161 2863 1216 qua:
2895 1147 3127 1201 animam
3183 1145 3649 1211 mortiﬁcabant;
3707 1158 3863 1214 opus

2243 1253 2473 1310 namque
2502 1238 2690 1295 mortis
2716 1247 2842 1293 sunt
2872 1249 3090 1309 peccata
3121 1256 3134 1292 :
3168 1254 3288 1294 nam
3320 1239 3464 1294 sicut
3494 1238 3705 1293 anima
3734 1237 3862 1293 viri-

2245 1331 2434 1388 ﬁcatur
2456 1332 2559 1389 ﬁde
2575 1334 2799 1404 aliisque
2839 1334 3147 1402 virtutibus,
3174 1335 3242 1389 ita
3270 1333 3610 1389 inﬁdelitate
3636 1333 3858 1390 moritur

2244 1434 2299 1481 et
2328 1424 2580 1495 peccatis.
2612 1424 2867 1495 Sequitur
2896 1441 2910 1479 :
2948 1441 3055 1480 non
3096 1439 3306 1480 rursum
3352 1424 3648 1494 jacientes
3676 1425 3857 1479 funda-

2248 1526 2507 1579 mentum.
2560 1516 2933 1589 Baptismatum
2980 1520 3245 1574 doctrinm.
3287 1519 3749 1575 Fundamentum
3774 1522 3852 1575 ba-

2248 1606 2555 1677 ptismatum
2582 1607 2837 1663 doctrinae
2864 1619 2949 1665 est
2995 1609 3254 1665 institutio
3284 1619 3338 1665 et
3365 1610 3636 1665 doetrina
3688 1611 3847 1681 bapti-

2248 1699 2466 1767 smatis,
2510 1700 2766 1757 videlicet
2793 1701 2919 1769 quid
2948 1703 3221 1759 contineat
3263 1706 3316 1759 in
3345 1719 3407 1759 se
3434 1704 3779 1773 baptismus,
3804 1716 3847 1759 et

2172 1831 2220 1893 Β
2246 1795 2372 1865 quid
2403 1794 2645 1893 conferat
2673 1794 2737 1850 ad
2766 1796 2929 1873 ﬁdem
2961 1797 3363 1854 accedentibus.
3395 1797 3513 1854 Sed
3542 1798 3699 1868 quod
3728 1798 3847 1852 dixit

2249 1888 2437 1959 plurali
2464 1904 2687 1946 numero
2732 1890 3109 1960 baptismatum
3142 1891 3584 1958 fundamentum,
3624 1908 3726 1962 pro
3754 1909 3838 1947 va-

2246 1982 2436 2038 rietate
2463 1983 2838 2053 accipientium
2889 1986 3097 2055 posuit,
3142 2002 3248 2042 non
3299 1987 3445 2055 quod
3479 1987 3646 2057 plura
3690 1987 3844 2058 bapti.

2248 2086 2420 2130 smata
2441 2074 2637 2132 debent
2665 2075 2914 2147 intelligi,
2937 2076 3033 2133 sed
3053 2092 3216 2133 unum
3241 2095 3254 2132 :
3281 2078 3405 2147 quia
3427 2076 3576 2134 sicut
3608 2093 3749 2133 unus
3772 2087 3841 2134 est

2250 2164 2393 2222 Deus
2422 2175 2477 2222 et
2504 2182 2608 2223 una
2644 2168 2801 2235 fides,
2838 2169 2907 2223 ita
2937 2178 2991 2225 et
3021 2185 3183 2224 unum
3213 2169 3510 2237 baptisma.
3550 2168 3837 2241 lmpositio-

2247 2259 2325 2313 nis
2337 2276 2538 2330 quoque
2560 2277 2824 2315 manuum.
2851 2261 3276 2318 Fundamentum
3300 2278 3411 2318 non
3425 2263 3705 2320 debemus
3733 2280 3836 2319 rur-

2245 2370 2361 2411 sunt
2372 2356 2573 2427 jacere.
2594 2358 2989 2428 lmpositionem
3012 2374 3262 2415 manuum
3286 2360 3557 2430 appellat,
3582 2375 3837 2431 perquam

2247 2450 2555 2519 plenissime
2601 2452 2839 2508 creditur
2886 2452 3054 2523 accipi
3096 2452 3298 2508 donum
3351 2453 3601 2522 Spiritus
3653 2453 3835 2520 sancti,

2245 2545 2389 2615 quod
2422 2555 2540 2615 post
2582 2545 2903 2616 baptismum
2930 2545 2998 2602 ad
3025 2545 3498 2603 confirmationem
3547 2548 3767 2602 unitatis
3790 2547 3837 2600 is

2244 2638 2483 2696 Ecclesia
2505 2655 2537 2695 a
2564 2640 2902 2710 pontiﬁcibus
2931 2640 3047 2695 fieri
3074 2640 3233 2696 solet.
3266 2640 3363 2695 His
3382 2640 3554 2711 igitur
3579 2638 3637 2695 in
3663 2639 3831 2694 Eccle-

2244 2734 2323 2789 sia
2355 2733 2642 2804 perceptis,
2695 2732 2829 2789 ﬁdes
2860 2731 3278 2789 resurrectionis
3324 2742 3378 2789 et
3422 2732 3622 2802 judicii
3675 2730 3835 2787 futuri

2243 2826 2489 2884 habenda
2518 2835 2622 2884 est.
2654 2826 2807 2883 Unde
2854 2827 3124 2897 subjungit
3166 2826 3453 2896 Apostolus
3485 2827 3683 2884 dicens
3717 2845 3730 2879 :
3764 2826 3833 2879 Ac

2242 2920 2625 2975 resurrectionis
2661 2925 3004 2985 mortuorum,
3044 2927 3092 2973 et
3129 2919 3319 2989 judicii
3362 2920 3559 2973 eremi.
3602 2918 3838 2972 Funda-

2243 3021 2481 3069 mentum
2506 3028 2616 3068 non
2637 3012 2846 3068 debetis
2864 3027 3049 3068 rursus
3067 3011 3269 3082 jacere,
3290 3021 3338 3065 ut
3357 3011 3552 3066 iterum
3577 3010 3841 3065 instrua-

2243 3107 2372 3161 mini
2393 3106 2459 3160 de
2481 3104 2586 3161 ﬁde
2608 3104 2874 3177 generalis
2900 3105 3313 3161 resurrectionis
3330 3112 3384 3159 et
3395 3102 3588 3173 iudicii
3614 3102 3831 3170 aeterni,

551 3196 732 3253 tentia:
762 3202 936 3259 vocat,
982 3191 1125 3248 unde
1160 3190 1388 3260 primum
1421 3188 1609 3243 instrui
1639 3188 1797 3243 debet
1827 3187 1917 3259 qui
1960 3185 2136 3258 bapti-

2244 3198 2385 3271 quod
2415 3198 2629 3255 dabitur
2660 3197 2841 3269 justis,
2874 3199 3181 3269 pariterque
3222 3197 3434 3269 injustis
3466 3215 3484 3253 :
3518 3198 3678 3269 quasi
3721 3196 3827 3267 jam

548 3289 750 3347 zandus
776 3295 882 3355 est,
910 3285 956 3341 si
981 3293 1155 3340 tamen
1183 3282 1247 3338 ad
1285 3291 1495 3338 aetatem
1527 3280 1917 3352 intelligibilena
1944 3294 2139 3350 perve-

549 3382 675 3438 nit:
710 3381 814 3436 hoc
852 3388 957 3446 est,
1003 3387 1061 3433 ut
1107 3375 1290 3432 credat
1319 3374 1607 3431 Dominum
1652 3375 1832 3431 Jesum
1863 3373 2136 3429 Christum

551 3476 789 3548 genitum
819 3489 885 3530 ex
919 3473 1027 3527 Deo
1054 3470 1212 3526 Patre
1251 3476 1377 3525 ante
1403 3468 1581 3523 omnia
1610 3468 1831 3536 saecula,
1866 3476 2047 3523 natum
2070 3465 2141 3524 de

555 3568 773 3639 Virgine
801 3565 855 3621 in
883 3564 987 3621 ﬁne
1010 3573 1311 3633 temporum
1353 3575 1449 3631 pro
1478 3560 1651 3617 salute
1677 3559 1890 3631 generis
1918 3558 2139 3615 humani

550 3662 671 3717 sine
688 3659 896 3716 semine
916 3658 1035 3723 viri,
1064 3672 1299 3727 passum,
1326 3665 1616 3726 mortuum,
1648 3657 2012 3713 resurrexisse
2032 3664 2141 3713 ter-

550 3758 622 3811 tia
649 3755 757 3821 die,
789 3754 1096 3810 ascendisse
1119 3753 1185 3808 ad
1212 3752 1402 3819 caelos,
1436 3763 1722 3810 venturum
1761 3755 1827 3809 ad
1854 3753 2136 3824 judicium,

552 3856 611 3902 ut
647 3846 837 3902 reddat
877 3846 1164 3919 unicuique
1213 3847 1509 3903 secundum
1539 3863 1701 3917 opera
1749 3864 1867 3917 sua,
1897 3863 2141 3905 resurre-

551 3938 785 3994 ctionem
816 3951 1102 4008 corporum
1123 3980 1139 4006 ,
1168 3939 1760 3995 incommutabilitatem
1787 3940 2088 3996 animarum
2122 3957 2138 3997 :

554 4033 726 4087 bonos
754 4032 807 4087 in
835 4032 1026 4104 gloria,
1054 4033 1220 4089 malos
1245 4034 1297 4089 in
1328 4048 1484 4104 paena
1508 4048 1728 4091 manere
1758 4052 1769 4088 :
1798 4035 2143 4106 omnipoten-

552 4137 659 4184 tem
690 4128 855 4184 Deunt
888 4126 1202 4185 Trinitatem
1233 4130 1431 4187 habere
1471 4131 1525 4185 in
1558 4130 1822 4200 personis,
1882 4130 2140 4188 unitatem

554 4226 609 4280 itt
640 4225 936 4281 substantia
963 4240 978 4279 :
1013 4235 1292 4297 postquam
1319 4229 1501 4283 omnia
1534 4228 1633 4283 ista
1675 4226 1955 4285 confessus
1984 4227 2144 4285 fuerit

549 4338 610 4377 se
639 4320 879 4389 credere,
907 4322 1066 4379 debet
1094 4323 1338 4380 conﬁteri
1370 4332 1585 4394 peccata
1618 4340 1735 4394 sua,
1759 4326 1944 4396 sicque
1967 4324 2144 4394 injun-

552 4418 727 4489 genda
753 4426 838 4474 est
867 4418 917 4473 ei
951 4418 1262 4487 paenitentia
1291 4427 1383 4475 aut
1410 4420 1784 4491 quadraginta,
1807 4430 1899 4475 aut
1930 4418 2136 4489 viginti,

552 4521 642 4565 aut
671 4513 831 4566 etiam
873 4522 1078 4581 septem
1108 4514 1339 4583 dierum,
1372 4513 1510 4569 sicut
1540 4514 1591 4569 in
1632 4513 1974 4583 passionibus
2010 4526 2137 4566 san-

2244 3307 2353 3349 non
2393 3292 2511 3348 sitis
2557 3292 2627 3348 de
2654 3291 2771 3348 istis
2818 3292 3084 3348 instructi.
3111 3290 3523 3363 Notandumque
3553 3292 3623 3347 ad
3653 3293 3823 3348 omnia

2243 3401 2457 3459 semper
2486 3386 2913 3444 subaudiendum
2936 3402 3080 3456 esse,
3112 3402 3219 3443 non
3242 3401 3475 3443 rursum.
3516 3385 3589 3440 Et
3628 3386 3725 3440 hoc
3750 3387 3822 3455 fa-

2243 3484 2450 3549 ciemus,
2478 3483 2522 3538 si
2549 3484 2752 3554 quidem
2774 3482 3059 3556 permiserit
3088 3481 3244 3538 Deus.
3269 3481 3384 3538 Hoc
3404 3488 3517 3551 est,
3550 3491 3607 3538 et
3634 3480 3699 3536 ad
3722 3495 3819 3536 ma-

2238 3574 2359 3645 jora
2384 3588 2479 3630 vos
2510 3573 2787 3643 ducemus,
2825 3585 2878 3632 et
2907 3576 2976 3632 de
3006 3575 3092 3631 bis
3118 3576 3372 3633 omnibus
3397 3590 3526 3644 quae
3558 3588 3818 3632 enumera-

2242 3667 2416 3722 vimus
2458 3668 2765 3739 plenissime
2804 3668 3114 3725 docebimus
3157 3681 3273 3734 vos,
3309 3676 3369 3722 ut
3410 3682 3525 3723 non
3555 3667 3628 3722 sit
3653 3668 3815 3721 iterata

2244 3776 2467 3819 necesse
2493 3778 2561 3820 ex
2592 3771 2704 3819 toto
2734 3772 2790 3819 et
2817 3777 2849 3818 a
2874 3765 3048 3834 capite
3074 3778 3277 3835 ponere
3300 3761 3733 3819 fundamentum.
3756 3758 3818 3813 Na

2245 3872 2372 3913 vero
2401 3858 2667 3914 ullatenus
2690 3858 2808 3928 quis
2836 3858 3129 3914 secundum
3156 3858 3242 3914 vel
3290 3858 3515 3913 tertium
3546 3858 3818 3912 sesumam

2243 3959 2365 4021 post
2393 3958 2615 4020 peccata
2636 3949 2752 4005 ﬁeri
2784 3949 3070 4020 baptisma,
3103 3964 3225 4005 mox
3269 3949 3582 4016 subintulit,
3618 3949 3816 4005 dicens:

2243 4042 2567 4115 lmpossibile
2589 4052 2663 4099 est
2688 4044 2824 4098 enim
2851 4060 2937 4099 eos
2955 4046 3045 4115 qui
3073 4044 3226 4099 semel
3250 4054 3368 4099 sunt
3392 4045 3706 4100 illstmiuati.
3728 4042 3818 4099 Sub

2244 4139 2363 4195 luce
2391 4140 2563 4197 sancti
2592 4138 2828 4209 Spiritus
2858 4138 2912 4193 in
2943 4137 3263 4209 baptismate
3309 4138 3457 4195 ﬁdei.
3493 4138 3819 4193 Gusth

2243 4234 2398 4289 etiam
2436 4234 2630 4288 donum
2668 4231 2888 4290 caeleste.
2914 4232 3030 4289 Hoc
3073 4244 3157 4289 est
3180 4232 3563 4288 remissionem
3592 4242 3821 4301 percepi.“

2245 4334 2371 4381 runt
2397 4327 2449 4381 in
2477 4325 2818 4396 baptismate,
2843 4326 2957 4382 sive
2984 4324 3525 4381 communicaverunt
3554 4323 3759 4396 corpori
3778 4327 3821 4375 et

2244 4420 2491 4497 sanguini
2526 4420 2736 4477 Domini
2787 4430 2909 4491 post
2963 4420 3251 4490 baptisma.
3285 4418 3352 4473 Et
3405 4420 3693 4489 participes
3720 4412 3822 4485 facti

2244 4524 2362 4569 sunt
2389 4514 2621 4586 Spiritus
2650 4515 2837 4571 sancti.
2864 4514 2921 4569 ln
2950 4513 3418 4571 distributionibus
3440 4512 3661 4569 scilicet
3679 4511 3823 4565 dono-

550 4612 761 4657 ctorum
793 4603 1054 4673 legimus:
1084 4618 1147 4660 ac
1171 4604 1331 4660 debet
1356 4605 1551 4660 deinde
1582 4602 1843 4674 baptizari
1868 4604 2139 4658 abrenun—
2165 4613 2221 4675 Ῑ)
2245 4624 2382 4665 rum.
2413 4607 2757 4664 Gustaverunl
2797 4608 3129 4663 nihilominus
3171 4608 3356 4661 bonum
3386 4602 3486 4659 Dei
3518 4605 3745 4659 ves-bunt.
3780 4597 3824 4654 Id

552 4694 691 4749 tians
721 4692 936 4750 diabolo
971 4701 1025 4749 et
1052 4694 1304 4752 omnibus
1356 4697 1562 4765 pompis
1610 4696 1751 4766 ejus,
1781 4694 2139 4765 omnibusque

549 4787 801 4857 operibus
828 4786 965 4858 ejus.
1000 4786 1308 4859 Baptizatus
1340 4803 1468 4844 vero
1495 4788 1658 4843 debet
1698 4787 1909 4857 plenius
1946 4787 2138 4842 instrui

546 4881 615 4936 de
643 4882 937 4949 divinitate,
964 4890 1023 4938 ut
1044 4882 1232 4939 credat
1250 4881 1462 4937 Patrem
1485 4880 1800 4950 ingenitum,
1834 4880 2028 4936 Filium
2050 4894 2141 4953 ge-

548 4978 743 5045 ttittttn,
765 4978 1021 5048 Spiritum
1036 4988 1279 5034 sanctum
1296 4990 1397 5033 nec
1416 4976 1675 5048 genitum,
1700 4990 1800 5033 nec
1820 4975 2137 5046 ingenitum,

544 5070 638 5124 sed
671 5073 739 5125 ab
793 5078 1020 5142 utroque
1046 5069 1466 5140 procedentem;
1516 5067 1757 5139 regulam
1802 5082 2012 5138 quoque
2060 5066 2141 5124 vi-

550 5164 708 5220 vendi
736 5163 1033 5221 secundum
1078 5163 1375 5220 doctrinam
1409 5162 1773 5233 evangelicam
1804 5170 1967 5231 atque
2012 5175 2140 5231 apo-

543 5256 811 5323 stolicam,
834 5272 953 5328 qua:
978 5257 1173 5313 debeat
1193 5271 1352 5328 agere
1379 5257 1537 5319 bona,
1560 5265 1613 5311 et
1640 5270 1758 5326 quae
1784 5254 1952 5309 vitare
1976 5254 2138 5309 mala.

542 5348 680 5416 Quia
712 5364 843 5420 ergo
873 5348 1068 5416 Judaei,
1126 5348 1319 5421 quibus
1376 5352 1663 5421 Apostolus
1707 5354 1809 5409 ista
1840 5351 2137 5418 scribebat,

538 5442 649 5514 jam
683 5441 937 5513 baptizati
968 5452 1142 5511 erant,
1188 5441 1409 5513 jamque
1454 5442 1859 5501 fundamentum
1890 5443 2140 5514 superius

543 5531 869 5603 descriptum
894 5542 1264 5605 perceperant,
1292 5534 1537 5590 hortatur
1557 5536 1675 5591 illos
1705 5535 1771 5589 ad
1799 5536 1899 5589 ista
1933 5534 2138 5605 majora

542 5623 791 5692 tendere,
820 5635 875 5683 et
899 5640 1034 5697 opus
1065 5641 1169 5681 non
1199 5640 1322 5681 esse
1350 5636 1406 5682 ut
1437 5628 1633 5681 iterent
1656 5626 1785 5680 illud
1820 5626 2139 5683 fundamen-

539 5729 649 5775 tum
682 5720 1035 5791 pmnitentiaa,
1073 5718 1216 5788 quod
1249 5718 1372 5775 ideo
1402 5719 1479 5773 sic
1504 5729 1679 5783 vocat,
1711 5718 1859 5789 quia,
1894 5720 2033 5775 sicut
2056 5720 2138 5775 di-

536 5826 681 5871 ctum
721 5825 825 5882 est,
857 5812 1175 5883 baptizando
1206 5814 1517 5882 paenitentia
1553 5814 1698 5885 prius
1727 5813 2127 5887 injungebatur.

538 5906 695 5965 Unde
717 5906 771 5962 in
802 5905 950 5963 Actis
978 5905 1343 5976 apostolorum
1369 5906 1564 5965 Paulus
1590 5907 1718 5968 dicit
1739 5912 1945 5971 Iudaeis
1976 5915 2040 5971 ad
2072 5914 2133 5970 ﬁ-

2242 4708 2345 4766 cst,
2372 4699 2671 4755 doctrinam
2698 4700 3060 4770 evangelicam
3086 4698 3484 4754 intellexerunt.
3515 4695 3823 4765 Virtutesqu

2242 4789 2420 4843 saeculi
2449 4791 2668 4845 venturi.
2705 4790 2817 4846 Hoc
2848 4796 2932 4845 est
2967 4789 3434 4860 gloriﬁcationem,
3487 4786 3825 4844 resurrectio-

2245 4894 2392 4947 nem,
2446 4881 2716 4949 vitamque
2766 4882 3022 4937 futuram.
3072 4880 3141 4935 Et
3168 4880 3399 4951 prolapsi
3442 4889 3595 4935 sunt.
3656 4884 3697 4935 Α
3745 4876 3831 4932 fids

2243 4972 2463 5040 Christi,
2489 4973 2735 5045 negando
2765 4971 2913 5030 illum
2941 4992 2953 5026 :
2980 4980 3073 5027 aut
3102 4973 3265 5028 etiam
3292 4972 3360 5028 ad
3390 4972 3705 5030 criminalia
3729 4985 3833 5042 pro-

2247 5067 2382 5138 lapsi
2413 5078 2651 5138 peccata.
2691 5068 2948 5123 Renovari
2991 5068 3175 5123 iterum
3205 5068 3274 5123 ad
3314 5069 3702 5139 ρωηεεεηεὶαπι.
3743 5066 3834 5121 Hoc

2245 5152 2347 5231 est,
2382 5177 2549 5219 novos
2570 5162 2684 5218 ﬁeri
2709 5178 2801 5233 per
2822 5162 3195 5234 paenitentiam
3230 5179 3245 5216 :
3277 5162 3611 5219 subauditur
3636 5180 3667 5218 a
3696 5174 3835 5227 supe-

2247 5257 2499 5323 rioribus,
2554 5255 2886 5324 impossibile
2940 5254 3435 5326 estzlmpossibile
3483 5265 3572 5309 est
3634 5250 3834 5324 (inquit)

2251 5351 2441 5407 iterum
2488 5352 2739 5408 renovari
2778 5364 2937 5419 posse
2966 5365 3059 5406 eos
3094 5366 3190 5420 per
3218 5346 3598 5418 pmnitentiam
3652 5356 3707 5401 et
3755 5355 3835 5412 per

2245 5444 2595 5515 baptismum,
2624 5443 2715 5516 qui
2748 5451 3025 5515 postquam
3058 5443 3238 5497 omnia
3273 5439 3523 5511 superius
3548 5446 3838 5496 memorata

2250 5547 2624 5608 perceperunt,
2653 5536 2886 5608 prolapsi
2912 5544 3036 5591 sunt
3062 5534 3127 5589 ad
3162 5533 3560 5589 immunditiam
3592 5533 3840 5589 crimina.

2247 5631 2376 5686 lium
2430 5641 2791 5699 peccatorum,
2822 5639 2913 5685 aut
2964 5628 3124 5686 etiam
3170 5626 3237 5682 ad
3291 5625 3702 5682 inﬁdelitatem.
3738 5622 3842 5678 Non

2246 5723 2381 5778 dixit
2410 5722 2668 5779 :Difﬁcile
2696 5732 2800 5790 est,
2830 5724 2949 5792 sed,
2982 5723 3339 5793 impossibile.
3373 5721 3529 5789 Quod
3559 5722 3714 5775 enim
3743 5715 3839 5771 ιω.

2247 5813 2384 5870 ﬁcile
2401 5823 2671 5884 utcunque
2693 5823 2868 5884 potest
2897 5816 2981 5885 agi
3006 5831 3019 5868 :
3048 5814 3380 5885 impossibile
3402 5828 3532 5867 vero
3558 5822 3670 5873 est,
3700 5800 3840 5875 Quod

2244 5909 2394 5967 nullo
2424 5908 2584 5968 modo
2614 5908 2727 5967 ﬁeri
2758 5916 2956 5982 potest.
2988 5908 3128 5974 Quid
3157 5908 3321 5975 orgot
3350 5900 3571 5961 exclusa
3596 5910 3690 5959 est
3724 5914 3837 5975 po:-
