3996 6484
191 329 294 392 721

1043 336 1109 395 ΙΝ
1148 336 1542 398 EPISTULAM
1578 338 1674 396 AD
1704 334 2055 395 HEBREOS
2091 331 2607 394 COMMENTARIA.

3365 339 3473 400 res
3556 302 3565 315 ’

187 445 422 503 nitentia
450 454 570 517 post
589 444 934 519 baptismum,
954 456 1009 507 et
1028 451 1188 507 venia
1208 450 1562 507 delictorum?
1584 450 1773 508 Absit:
1803 453 1859 514 Α
1882 452 2053 520 ribus,
2101 468 2132 509 a
2161 455 2356 525 quibus
2397 456 2684 526 excolitur,
2713 456 2829 517 sive
2870 460 3088 519 sibimet
3117 460 3242 535 ipsi,
3274 462 3469 535 accipit

187 539 301 596 duo
346 542 612 612 siquidem
643 552 769 600 sunt
804 558 1001 615 genera
1044 546 1379 617 poenitentia:
1410 563 1423 600 :
1456 562 1621 603 unum
1661 550 1779 618 qui-

187 631 314 687 dem
350 641 476 689 ante
502 633 851 705 baptismum,
883 638 1023 709 quod
1055 639 1362 709 deprecatio
1390 640 1643 704 baptismi
1682 656 1778 712 po-

188 732 297 779 test
326 726 583 796 appellari
610 746 622 781 :
650 729 717 784 de
743 744 849 800 quo
872 731 1119 801 superius
1164 731 1421 801 diximus,
1451 732 1571 804 quia
1599 731 1779 805 injun-

185 817 337 887 gitur
382 818 488 875 illis
518 820 608 891 qui
641 822 975 895 instruuntur
1004 834 1289 894 antequam
1339 825 1407 881 ad
1454 825 1776 896 baptismum

188 912 512 977 perveniant
536 930 551 969 :
578 929 736 985 quam
761 916 821 971 Β.
845 916 1132 985 Apostolus
1158 918 1245 975 hic
1268 920 1525 988 excludit,
1550 920 1774 977 dicens:

185 998 309 1055 Non
338 1016 497 1072 posse
526 1004 719 1060 iterum
749 1007 993 1062 renovari
1025 1022 1121 1078 per
1163 1008 1554 1079 paenitentiam,
1584 1018 1775 1080 quate-

185 1105 291 1148 nus
350 1094 659 1163 prenitentia
712 1097 850 1155 facta
907 1098 1101 1155 iterum
1143 1100 1470 1170 baptizatur.
1528 1100 1775 1158 Alterum

110 1202 113 1205 ’
181 1196 371 1242 autem
418 1202 589 1258 genus
618 1189 943 1259 pcenitentise
981 1200 1093 1257 est,
1137 1206 1236 1263 per
1277 1193 1418 1263 quod
1448 1202 1570 1262 post
1601 1193 1778 1264 bapti-

181 1294 367 1335 smum
397 1280 640 1336 delentur
661 1292 878 1352 peccata
904 1298 919 1339 :
951 1284 1095 1354 quod
1127 1284 1186 1339 Β.
1226 1283 1514 1354 Apostolus
1545 1299 1654 1340 non
1681 1299 1777 1341 ex-

182 1374 382 1431 cludit.
414 1374 606 1431 Terret
631 1390 760 1448 ergo
788 1392 1001 1448 omnes,
1034 1386 1092 1433 ut
1114 1379 1343 1436 timeant
1368 1384 1490 1448 post
1524 1378 1776 1448 baptismi

178 1469 415 1538 gratiam
441 1468 771 1538 gravioribus
809 1471 1044 1539 peccatis
1080 1485 1138 1526 se
1167 1470 1447 1540 implicare
1474 1487 1489 1524 :
1522 1471 1642 1541 quia
1668 1484 1776 1526 non

180 1569 365 1630 potest
391 1561 507 1617 fieri
530 1562 764 1617 secunda
788 1563 1065 1618 renovatio
1076 1577 1174 1634 per
1194 1562 1464 1619 lavacrum
1486 1561 1779 1632 baptisma-

179 1658 272 1713 tis.
290 1659 426 1715 Nam
449 1660 847 1718 sicutChristus
878 1663 1046 1719 semel
1064 1671 1305 1720 mortuus
1334 1674 1389 1721 et
1412 1666 1581 1722 semel
1602 1681 1779 1723 resur-

177 1766 319 1822 gens
345 1751 453 1821 jam
482 1766 589 1808 non
619 1754 865 1819 moritur,
922 1754 995 1810 ita
1026 1756 1193 1813 semel
1243 1756 1414 1829 gratia
1442 1757 1778 1828 baptismatis

1881 546 2313 604 benedictionem
2344 551 2468 605 vitae
2499 559 2736 617 reterns,
2770 552 2853 609 vel
2882 554 3266 612 abundantiam
3295 557 3469 612 virtu-

1885 650 2021 711 tum,
2055 652 2113 697 ut
2149 643 2283 699 ferat
2306 644 2511 701 fructus
2543 645 2869 717 trigesimos,
2902 649 3292 720 sexagesimas,
3320 648 3468 720 pari-

1881 742 2066 807 terque
2094 736 2418 793 centesimos
2453 755 2464 791 :
2498 736 2628 792 nihil
2661 739 2802 794 enim
2827 741 3179 809 opportunius
3212 739 3316 797 tide
3347 755 3470 811 per-

1879 829 2014 887 fecta
2042 830 2097 886 in
2130 830 2323 886 Filium
2352 832 2450 887 Dei
2479 846 2599 888 cum
2624 834 2728 888 vita
2757 835 2978 901 optima.
3008 833 3294 891 Proferens
3338 850 3469 905 ergo

1878 925 2170 995 Apostolus
2186 926 2253 980 de
2276 927 2450 981 anima
2468 926 2682 984 ﬂorenti
2705 928 2989 984 virtutibus
3018 928 3121 986 hoc
3136 932 3465 1003 exemplum,

1880 1020 2083 1093 Deique
2126 1021 2558 1079 benedictionem
2590 1023 2827 1093 dignam,
2859 1038 2986 1078 mox
3018 1025 3294 1095 subjunxit
3323 1027 3464 1081 aliud

1878 1116 2188 1188 paradigma
2217 1116 2285 1172 de
2320 1116 2409 1172 illa
2450 1132 2570 1187 quae
2626 1132 2776 1173 suam
2805 1117 3030 1189 negligit
3058 1119 3310 1187 salutem,
3336 1118 3467 1174 dum

1877 1209 2186 1280 frequenter
2215 1209 2442 1266 imbrem
2479 1209 2719 1266 caelestis
2761 1211 3021 1266 doctrinae
3068 1220 3252 1280 posset
3288 1211 3466 1266 susci-

1878 1315 2028 1372 pere.
2061 1300 2338 1372 Proferens
2366 1309 2535 1356 autem
2563 1300 2738 1370 spinas
2779 1310 2826 1355 et
2853 1300 3066 1356 tribulos
3087 1342 3104 1369 ,
3140 1302 3355 1371 reprobo
3396 1308 3469 1356 est

1878 1406 1928 1452 et
1967 1396 2317 1452 maledictioni
2353 1395 2610 1465 proxima.
2639 1394 2743 1451 Per
2769 1394 2954 1463 spinas
2978 1403 3033 1450 et
3062 1393 3291 1450 tribulos
3324 1408 3467 1464 pun-

1876 1489 2081 1545 ctiones
2137 1497 2480 1558 peccatorum
2533 1500 2820 1558 possumus
2877 1486 3214 1557 intelligere,
3266 1486 3463 1558 quibus

1878 1581 2131 1651 pungitur
2182 1579 2360 1634 anima
2396 1597 2408 1633 :
2440 1579 2507 1635 de
2554 1579 2748 1650 quibus
2804 1578 3061 1634 Dominus
3100 1578 3229 1633 Adae
3281 1577 3461 1632 dixit:

1878 1675 2044 1731 Terra
2073 1680 2162 1728 tua
2193 1671 2375 1741 spinas
2420 1680 2476 1727 et
2504 1670 2732 1727 tribulos
2761 1670 3083 1741 germinabit
3109 1670 3235 1739 tibi,
3272 1669 3325 1724 id
3355 1677 3463 1734 est,

1879 1782 2006 1825 caro
2054 1776 2144 1823 tua
2195 1766 2511 1836 punctiones
2570 1774 2952 1836 peccatorum,
3006 1772 3061 1821 et
3111 1764 3329 1820 aculeos
3380 1762 3463 1817 vi--

177 1846 397 1918 agenda
426 1854 540 1912 est,
592 1862 691 1904 nec
723 1856 897 1917 potest
943 1848 1175 1906 iterari:
1209 1850 1314 1906 nisi
1354 1851 1574 1907 dubium
1615 1850 1778 1907 fuerit
1805 1839 1853 1901 B
1883 1861 2079 1917 ιίοωηι
2153 1860 2390 1931 proferet
2459 1856 2576 1939 tibi,
2630 1857 2757 1915 sive
2827 1858 3009 1928 spinas
3064 1867 3120 1913 ει
3192 1854 3463 1920 tribulos,

176 1948 491 1994 utrumnam
515 1941 633 2011 quis
658 1949 846 2011 captus
868 1942 935 1999 ab
957 1941 1201 2000 hostibus
1224 1944 1295 2000 sit
1322 1944 1646 2015 baptizatus.
1672 1945 1776 2002 Re-

180 2030 376 2085 novari
398 2039 574 2087 autem
597 2033 729 2087 dixit
750 2048 948 2090 navum
972 2033 1126 2103 ﬁeri;
1158 2052 1354 2092 novum
1386 2046 1564 2092 autem
1596 2038 1775 2094 facere

179 2121 484 2192 hominem,
515 2126 652 2181 sacri
683 2126 1016 2196 baptismatis
1043 2136 1146 2197 est,
1173 2128 1241 2186 de
1269 2144 1375 2199 quo
1398 2129 1667 2201 Propheta
1691 2130 1774 2186 di-

180 2219 256 2274 cit
289 2236 303 2273 :
339 2219 703 2275 llenovabitur
729 2219 868 2276 sicut
897 2221 1091 2292 aquilre
1125 2221 1380 2293 juventus
1423 2230 1535 2279 tua.
1566 2223 1774 2293 Impos-

179 2310 344 2367 sibile
382 2319 484 2378 est,
519 2313 757 2383 inquam,
808 2314 1002 2369 iterum
1034 2317 1281 2371 renovari
1329 2330 1488 2386 posse
1541 2317 1772 2386 aliquem

180 2416 281 2474 per
332 2404 732 2474 paenitentiam,
758 2421 879 2476 quae
907 2406 966 2462 tit
995 2422 1090 2477 per
1117 2407 1462 2478 baptismum,
1489 2407 1555 2464 ad
1584 2409 1686 2464 bac
1717 2418 1774 2464 ut

179 2500 376 2555 iterum
406 2501 727 2571 baptizetur,
762 2502 1073 2571 poenitentia
1102 2502 1310 2571 expleta
1346 2522 1360 2560 :
1394 2502 1517 2573 quia
1547 2516 1613 2557 ea
1648 2518 1770 2572 quae

178 2605 343 2663 supra
385 2603 679 2650 memorata
722 2605 869 2661 sunt,
900 2604 1277 2663 perceperunt,
1307 2596 1539 2650 virtutes
1585 2594 1769 2650 saeculi

177 2686 393 2742 venturi
444 2696 811 2756 gustaverunt.
844 2686 999 2754 Quod
1049 2686 1182 2741 dixit
1215 2704 1227 2739 :
1263 2686 1622 2742 Gustaverunt
1656 2688 1767 2743 vir-

178 2785 329 2834 tutes
370 2778 553 2833 saeculi
598 2779 831 2844 venturi,
872 2778 976 2833 tale
1001 2784 1084 2833 est
1111 2792 1175 2833 ac
1206 2780 1251 2833 si
1305 2777 1550 2835 diceret:
1582 2778 1641 2835 Si
1671 2792 1767 2834 ca-

181 2880 509 2940 gnaverunt,
533 2871 674 2941 quod
706 2872 759 2925 in
787 2870 1181 2925 resurrectione
1207 2869 1416 2925 venturi
1458 2877 1585 2925 sunt
1610 2869 1768 2926 electi

182 2961 327 3017 sicut
368 2961 542 3032 angeli
567 2961 657 3017 Dei
686 2962 738 3016 in
760 2961 921 3027 coelo,
947 2961 1089 3031 quod
1112 2969 1168 3017 et
1180 2961 1312 3032 justi
1335 2960 1610 3031 fulgebunt
1632 2961 1769 3018 sicut

180 3054 266 3111 sol
300 3055 356 3109 in
387 3070 550 3125 regno
592 3055 766 3110 Patris
793 3056 896 3121 sui,
924 3054 1074 3110 nullo
1100 3054 1260 3110 modo
1300 3063 1524 3125 possunt
1572 3054 1767 3111 iterum

181 3148 371 3204 novari
404 3163 498 3218 per
527 3147 892 3218 paenitentiam
932 3155 987 3201 et
1033 3147 1354 3216 baptismum
1410 3146 1687 3211 iteratum,
1718 3144 1766 3199 si

178 3241 527 3313 peccaverint
554 3240 831 3296 criminale
871 3247 1171 3308 peccatum,
1218 3238 1357 3292 sicut
1384 3236 1437 3291 in
1473 3236 1647 3307 primo
1675 3235 1771 3291 ba-
1798 3220 1844 3284 C

183 3332 439 3402 ptismate
475 3332 596 3387 novi
626 3330 801 3386 elfecti
830 3340 953 3384 sunt
983 3346 997 3383 :
1027 3337 1184 3384 erant
1226 3328 1368 3383 enim
1401 3327 1493 3397 qui
1521 3325 1771 3382 volebant

180 3422 509 3495 baptismum
560 3424 776 3491 iterare,
826 3421 1107 3477 dicentes:
1140 3419 1406 3490 Quidquid
1451 3433 1765 3487 peccavero,

180 3532 288 3574 non
313 3528 404 3575 est
422 3517 551 3573 mihi
581 3532 744 3586 curse,
775 3512 1026 3586 quoniam
1060 3516 1365 3586 praecipiam
1392 3528 1479 3567 me
1497 3513 1769 3583 baptizare

179 3624 395 3677 rursus,
425 3619 482 3667 et
522 3610 825 3667 renovabat-
856 3617 1017 3674 totus,
1051 3608 1189 3664 sicut
1216 3608 1384 3678 prius.
1432 3606 1585 3672 Quod
1617 3607 1768 3675 Apo-

182 3705 354 3759 stolus
384 3717 449 3759 ex
490 3712 601 3759 toto
624 3702 851 3773 denegat
876 3700 1026 3757 nullo
1043 3699 1203 3755 modo
1225 3712 1384 3770 posse
1411 3698 1545 3763 fieri,
1566 3706 1621 3753 et
1643 3699 1769 3768 quia

180 3796 355 3851 virtus
412 3796 745 3866 baptismatis
774 3796 829 3850 in
877 3808 1039 3851 cruce
1069 3801 1125 3850 et
1171 3793 1225 3848 in
1265 3792 1537 3862 sepultura
1563 3790 1767 3847 Christi

179 3889 419 3945 maxime
447 3899 676 3956 constat,
706 3889 933 3959 proinde
959 3887 1234 3957 subjunxit
1260 3903 1275 3942 :
1308 3884 1535 3940 Rursum
1565 3885 1771 3953 crucifi-

181 3994 354 4055 geutes
386 3983 710 4055 sibimetipsis
738 3981 941 4037 Filium
982 3981 1098 4048 Dei,
1150 3990 1198 4037 et
1246 3982 1465 4036 ostentui
1507 3980 1765 4038 habentes.

182 4076 388 4132 Tamen
439 4090 546 4131 non
577 4076 701 4132 ideo
748 4075 1039 4145 denegatur
1080 4073 1419 4144 pmnitentia,
1475 4073 1600 4143 quia
1647 4073 1771 4129 licet

181 4180 288 4221 non
321 4177 651 4222 renoventur
699 4166 753 4221 in
779 4165 1098 4236 baptismate
1132 4167 1349 4231 iterum,
1382 4163 1769 4234 indulgentiam

184 4265 366 4313 tamen
395 4256 648 4313 videbunt
675 4256 919 4327 accipere
950 4269 1044 4325 per
1073 4252 1471 4310 confessionem
1509 4262 1774 4323 peccata-

182 4362 323 4415 rum,
354 4364 449 4418 per
477 4348 855 4413 humilitatem,
879 4362 973 4417 per
994 4347 1382 4418 paenitentiam,
1412 4360 1507 4416 per
1536 4345 1771 4401 elcemo-

182 4450 398 4509 synam,
429 4439 474 4493 si
505 4438 731 4492 habetur
756 4438 1001 4502 facultas,
1030 4445 1086 4491 et
1104 4437 1149 4491 si
1180 4434 1481 4490 dimiserint
1513 4433 1771 4488 fratribus

183 4526 239 4580 in
271 4541 331 4579 se
359 4526 727 4594 peccantibus.
764 4525 875 4579 Hoc
902 4536 1000 4590 est,
1028 4525 1120 4595 qui
1149 4526 1346 4579 iterum
1379 4523 1645 4592 baptizari
1675 4539 1770 4578 vo-

1878 1968 2036 2009 curas
2100 1952 2440 2023 superﬂuas,
2512 1949 3009 2019 sollicitudinesque
3066 1948 3219 2004 istius
3280 1946 3466 2003 sieculi

1876 2047 2138 2104 debemus
2199 2045 2445 2116 accipere
2496 2060 2510 2098 :
2554 2043 2623 2098 de
2671 2042 2864 2111 quibus
2916 2040 3173 2095 Dominus
3226 2039 3355 2094 dicit
3411 2039 3463 2092 in

1878 2143 2172 2216 Evangelia
2196 2161 2209 2197 :
2234 2143 2391 2197 Curae
2423 2153 2552 2211 ergo
2588 2138 2744 2194 istius
2766 2135 2954 2192 mundi
2993 2143 3049 2190 et
3086 2132 3463 2189 sollicitudinis

1875 2241 2183 2298 divitiarum
2214 2246 2359 2292 terra
2385 2234 2612 2306 reproba
2640 2244 2745 2300 est,
2770 2233 2872 2286 hoc
2899 2239 3003 2293 est,
3038 2228 3192 2283 laude
3221 2226 3462 2295 indigna,

1875 2346 1930 2393 et
1977 2331 2346 2391 maledictioni
2398 2329 2663 2400 proxima.
2698 2324 3130 2391 Notandumque,
3181 2320 3303 2389 quia
3354 2334 3464 2374 non

1873 2430 2026 2495 dixit,
2081 2426 2361 2483 Maledicta
2407 2430 2525 2515 est,
2574 2422 2717 2487 sed,
2761 2415 3118 2476 Maledictioni
3165 2414 3457 2485 proxima:

1874 2523 2111 2597 quandiu
2140 2523 2283 2577 enim
2312 2508 2621 2577 reservatur
2649 2514 2715 2569 ad
2749 2513 3145 2585 paenitentiam,
3172 2508 3323 2579 quasi
3349 2522 3456 2563 non

1874 2636 1956 2684 est
1988 2624 2300 2690 maledicta;
2335 2622 2419 2678 sin
2441 2634 2570 2675 vero
2602 2616 2975 2689 paenitentiam
2999 2612 3231 2668 noluerit
3272 2625 3457 2682 agere,

1867 2722 1979 2793 jam
2010 2718 2295 2775 maledicta
2325 2717 2447 2772 erit.
2481 2714 2635 2772 Unde
2656 2713 2901 2783 sequitur
2924 2728 2938 2766 :
2961 2709 3119 2779 Cujus
3142 2721 3460 2762 consumma-

1873 2814 1963 2869 tio.
1998 2812 2054 2867 ld
2085 2820 2169 2867 est
2198 2809 2322 2865 linis
2351 2809 2492 2864 illius
2538 2808 2731 2861 animae
2763 2805 2816 2859 in
2848 2816 3014 2874 pravo
3060 2815 3224 2872 opere
3253 2807 3309 2854 et
3340 2813 3463 2865 per-

1871 2905 2174 2962 severantia
2201 2903 2340 2958 mala
2371 2916 2542 2971 usque
2570 2899 2637 2954 ad
2661 2899 2864 2954 exitum
2894 2896 3036 2950 vitae.
3064 2892 3131 2949 In
3159 2892 3461 2948 combustio-

1871 3015 2008 3055 nem.
2038 2996 2297 3060 Subaudi,
2316 2995 2453 3066 ignis
2476 2995 2662 3049 aeterni
2680 2992 2803 3048 erit.
2826 2989 2977 3046 Nunc
2990 2986 3203 3061 quidem
3218 2985 3458 3057 quandiu

1872 3095 2103 3165 Spatium
2130 3090 2422 3162 plenitendi
2446 3088 2629 3156 habet,
2666 3084 3033 3141 maledictioni
3070 3092 3152 3138 est
3190 3082 3458 3151 proxima,

1874 3184 1967 3238 sed
2012 3184 2056 3237 si
2101 3182 2457 3253 permanserit
2499 3179 2554 3235 in
2599 3178 2879 3248 iniquitate
2927 3192 3047 3245 sua,
3094 3171 3457 3229 combustioni

1873 3275 2061 3333 aiterni
2084 3273 2330 3345 supplicii
2353 3270 2685 3341 subiacebit:
2713 3271 2827 3323 haec
2853 3268 2998 3323 enim
3025 3265 3326 3321 combustio
3347 3276 3456 3317 non

1873 3372 1977 3429 erit
2009 3371 2113 3426 nisi
2140 3369 2205 3424 iis
2234 3368 2325 3440 qui
2357 3380 2524 3438 usque
2550 3365 2604 3419 in
2631 3363 2790 3418 ﬁnem
2821 3358 3216 3432 permanserint
3242 3356 3297 3410 in
3330 3369 3456 3425 pec-

1874 3476 2013 3534 catis
2053 3474 2162 3531 suis
2187 3489 2201 3527 :
2226 3472 2373 3544 quia,
2423 3469 2481 3525 In
2508 3480 2822 3539 quacunque
2847 3464 2937 3519 die
2966 3474 3263 3518 conversus
3291 3458 3456 3515 fuerit

1871 3576 2143 3642 peccator,
2169 3566 2280 3621 vita
2301 3561 2444 3618 vivet
2467 3569 2524 3618 et
2551 3576 2659 3617 non
2687 3557 2960 3615 morietur.
2994 3556 3282 3626 Postquam
3304 3550 3453 3608 sufﬂ-

1830 3656 1841 3669 ’
1872 3665 2076 3722 cienter
2094 3657 2521 3727 iucrepaviteos,
2540 3652 2729 3710 terruit
2743 3665 2805 3706 ac
2824 3649 3104 3720 percussit,
3127 3644 3455 3704 blandiendo

1872 3767 2161 3839 alloquitur
2176 3776 2291 3830 eos,
2308 3774 2377 3816 ne
2395 3758 2709 3829 desperatos
2731 3753 3009 3819 redderet;
3037 3749 3134 3807 sed
3156 3757 3335 3806 tamen
3354 3763 3448 3805 ne-

1872 3878 1975 3936 que
1994 3864 2047 3917 in
2064 3857 2314 3915 omnibus
2338 3852 2607 3916 adulatur,
2632 3864 2807 3920 neque
2830 3847 2884 3902 in
2910 3844 3158 3902 omnibus
3181 3841 3413 3913 percutit
3437 3858 3454 3896 :

1872 3955 2002 4012 dicit
2027 3968 2156 4024 ergo
2172 3969 2186 4008 :
2201 3947 2517 4017 Conﬁdimus
2541 3952 2711 3998 autem
2733 3942 2798 3996 de
2824 3941 2981 4006 vobis,
2997 3937 3334 4003 dilectissimi,
3350 3951 3458 3989 me-

1874 4050 2005 4104 κοῖα
2047 4054 2092 4101 et
2122 4042 2369 4098 viciniora
2411 4037 2591 4104 saluti,
2636 4034 2837 4089 tametsi
2883 4033 2956 4087 ita
2995 4031 3291 4102 loquamur.
3323 4028 3455 4097 Quia

1873 4157 1981 4198 non
2008 4138 2196 4194 habuit
2219 4134 2359 4191 unde
2386 4132 2454 4187 ad
2483 4144 2720 4202 prazsens
2764 4126 3029 4190 laudaret,
3063 4122 3242 4179 laudat
3264 4137 3361 4179 eos
3390 4121 3459 4174 de

1874 4250 1970 4307 spe
1999 4234 2322 4298 futurorum,
2358 4241 2522 4299 quam
2576 4224 2808 4279 habebat
2834 4222 2904 4277 de
2935 4220 3044 4274 illis
3077 4237 3093 4273 :
3126 4219 3278 4288 quasi
3307 4218 3460 4272 dice-

1872 4337 1977 4395 ret,
2007 4326 2125 4383 Non
2154 4325 2384 4381 dicimus
2424 4317 2592 4376 veluti
2638 4325 2885 4387 putantes
2910 4327 3009 4367 vas
3050 4312 3220 4380 spinis
3252 4311 3459 4377 plenos,

1872 4420 1969 4477 sed
1993 4419 2245 4473 timentes
2265 4429 2333 4470 ne
2356 4412 2488 4469 tales
2504 4406 2813 4465 eftlciamini
2836 4421 2852 4458 :
2883 4403 3073 4458 melius
3092 4409 3181 4457 est
3199 4402 3342 4456 enim
3364 4412 3463 4454 vos
3488 4456 3493 4461 ,

1874 4511 2055 4568 verbis
2078 4508 2288 4574 terreri,
2321 4518 2481 4577 quam
2510 4509 2570 4556 ut
2595 4499 2758 4556 rebus
2788 4496 3016 4553 doleatis
3040 4510 3056 4550 :
3079 4495 3280 4566 optima
3311 4508 3461 4564 quae-

184 4619 300 4674 lunt
346 4629 400 4674 et
427 4614 681 4675 derisioni
711 4618 929 4687 habere,
964 4618 1067 4673 hac
1103 4626 1185 4673 est
1213 4616 1358 4672 enim
1409 4616 1645 4671 ostentui
1675 4616 1767 4671 lia-

1874 4620 1980 4679 que
2028 4600 2297 4673 aperanda
2326 4614 2356 4654 a
2386 4597 2542 4655 vobis
2584 4593 2924 4658 confidimus,
2958 4602 3257 4663 vestrasque
3298 4589 3461 4645 saluti

183 4712 314 4768 bere
339 4729 352 4765 :
382 4713 477 4769 sed
498 4727 603 4769 non
629 4720 803 4782 potest
824 4711 961 4779 ﬁeri,
985 4710 1235 4782 quoniam
1257 4709 1395 4766 sicut
1416 4708 1660 4765 Christus
1683 4724 1769 4766 se-

184 4803 289 4859 mel
336 4814 577 4861 mortuus
603 4814 686 4859 est
732 4818 895 4860 carne
946 4804 1000 4859 in
1033 4817 1212 4869 cruce,
1246 4802 1317 4858 ita
1363 4810 1419 4859 et
1471 4817 1569 4858 nos
1599 4803 1770 4860 semel

187 4896 325 4951 mori
374 4910 656 4967 possumus
700 4897 754 4951 in
800 4895 1117 4966 baptismate
1160 4908 1258 4965 pro
1314 4902 1554 4966 peccato.
1607 4894 1769 4951 Terra

186 4989 321 5044 enim
346 5004 481 5061 saepe
518 4987 953 5059 supervenientem
980 4987 1148 5041 bibens
1176 4986 1407 5053 imbrem,
1447 4994 1497 5041 et
1521 5002 1771 5057 generatis

188 5079 393 5136 herbam
418 5090 760 5154 opportunam
787 5080 892 5134 illis
920 5095 952 5132 a
972 5078 1150 5145 quibus
1169 5078 1373 5145 colitur,
1406 5077 1592 5148 accipit
1622 5078 1773 5133 bene-

189 5171 459 5227 dictionem
486 5189 519 5226 a
548 5171 677 5227 Deo.
722 5169 837 5228 Hoc
887 5168 1251 5239 paradigtnate
1298 5166 1513 5222 Judzeos
1570 5167 1767 5236 arguit,

192 5263 278 5331 qui
321 5278 467 5333 saepe
504 5263 754 5319 biberunt
803 5261 1031 5317 imbrem
1077 5259 1315 5316 cmlestis
1342 5258 1624 5329 doctrinae,
1673 5258 1770 5315 sed

192 5368 459 5427 nunquam
488 5356 731 5427 germina
759 5354 886 5411 fidei
920 5354 1292 5422 bonorumque
1326 5365 1548 5419 operum
1585 5360 1770 5420 protu-

191 5448 385 5506 lerunt.
416 5449 571 5506 Ponit
592 5458 770 5506 autem
791 5451 1022 5521 primum
1049 5445 1507 5517 comparationem
1534 5444 1603 5500 de
1629 5445 1769 5501 bona

194 5546 353 5611 terra,
384 5556 449 5598 ac
485 5542 677 5601 deinde
699 5543 766 5598 de
795 5542 929 5597 mala
962 5559 978 5596 :
1011 5540 1175 5597 Terra
1208 5537 1424 5611 (inquit)
1451 5538 1642 5593 bibens
1672 5538 1773 5593 im-

196 5631 341 5688 brem
367 5651 382 5689 :
411 5634 460 5689 id
492 5646 594 5701 est,
625 5635 779 5691 bonae
810 5634 1101 5689 voluntatis
1130 5630 1309 5687 anima
1338 5629 1613 5699 accipiens
1649 5642 1773 5699 gra»

197 5724 320 5783 tiam
350 5728 580 5799 Spiritus
620 5729 791 5785 sancti
818 5729 1155 5800 imbremque
1193 5727 1496 5782 divinorum
1529 5723 1773 5793 eloquio.

197 5829 335 5885 Nm.
366 5832 418 5875 et
445 5838 706 5890 generans
748 5823 967 5879 herbam
1010 5831 1389 5894 opportunam,
1424 5819 1524 5874 hoc
1562 5826 1645 5873 est
1665 5818 1774 5873 vir-

199 5914 335 5972 tutes
359 5911 623 5984 ﬁdemque
645 5913 935 5983 perfectam
964 5913 1240 5985 proferens
1270 5930 1284 5967 :
1317 5911 1429 5969 suis
1455 5908 1774 5982 pradicato-

1875 4696 2140 4771 proficua,
2162 4692 2409 4766 quamvis
2437 4691 2513 4747 ita
2540 4689 2844 4760 loquamur.
2877 4684 3009 4741 Nam
3037 4683 3180 4757 quod
3210 4682 3460 4754 superius

1874 4792 2129 4857 diximus,
2171 4787 2379 4845 scilicet
2420 4784 2489 4843 de
2535 4783 2764 4856 reproba
2817 4790 2983 4849 terra,
3017 4788 3071 4836 et
3100 4776 3461 4834 combustioni

1876 4883 2143 4957 proxima,
2171 4895 2276 4937 non
2305 4878 2374 4935 de
2396 4874 2551 4933 vobis
2582 4876 2686 4931 hoc
2710 4874 2965 4939 diximus,
2997 4871 3122 4941 quia
3145 4869 3367 4925 meliora
3389 4869 3459 4924 de

1876 4978 2035 5034 vobis
2061 4976 2335 5033 credimus
2368 4990 2384 5039 ;
2416 4971 2631 5028 reduxit
2657 4982 2871 5039 quoque
2902 4966 2981 5022 eis
3007 4965 3281 5036 praeterita
3320 4963 3464 5018 bona

1874 5071 2090 5127 illorum
2119 5068 2174 5123 in
2215 5064 2552 5128 memoriam,
2577 5067 2840 5132 quatenus
2865 5073 2930 5113 ex
2961 5055 3248 5128 praeteritis
3274 5064 3458 5124 posset
3495 5079 3499 5082 ν

1873 5150 2144 5221 adducere
2167 5158 2235 5214 ad
2262 5157 2403 5214 bona
2448 5167 2694 5224 qumque.
2726 5150 2957 5218 ideoque
2986 5146 3262 5218 subjunxit
3289 5163 3300 5197 :
3337 5143 3462 5197 Non

1877 5256 2012 5311 enim
2040 5254 2266 5324 injustas
2288 5259 2360 5305 est
2380 5247 2542 5315 Deus,
2572 5253 2629 5300 ut
2676 5243 3001 5299 obliviscatur
3028 5241 3194 5313 operis
3235 5240 3387 5293 vestri
3418 5247 3468 5292 et

1878 5345 2183 5411 dilectionis,
2235 5357 2391 5414 quam
2445 5337 2733 5395 ostendistis
2777 5336 2830 5390 in
2886 5333 3094 5389 nomine
3142 5336 3277 5406 ejus.
3320 5330 3465 5387 Ecce

1876 5436 2144 5511 quomodo
2173 5432 2440 5490 recreavit
2487 5430 2700 5486 animos
2747 5441 2958 5495 eorum,
3012 5432 3071 5482 et
3118 5423 3461 5490 canfortavit,

1878 5534 2150 5606 praeterita
2180 5532 2319 5588 bona
2349 5545 2513 5602 opera
2554 5529 2619 5583 ad
2651 5534 2889 5582 mentem
2927 5537 3210 5581 revocans.
3239 5521 3372 5588 Quia
3405 5520 3459 5575 in

1877 5628 2300 5698 omnipotentem
2332 5622 2617 5679 Dominum
2639 5619 2839 5676 oblivio
2867 5632 2974 5674 non
3009 5615 3175 5683 cadit,
3204 5614 3325 5670 ideo
3356 5629 3460 5669 non

1878 5719 2215 5776 obliviscitur
2238 5731 2459 5787 operum
2494 5724 2548 5772 et
2572 5714 2814 5771 laborum
2843 5711 3078 5767 fidelium
3126 5724 3369 5765 suarum.
3396 5707 3466 5764 Et

1878 5813 1934 5869 in
1964 5812 2068 5868 hac
2094 5820 2175 5866 est
2200 5810 2397 5881 justus,
2422 5810 2543 5879 quia
2574 5812 2883 5864 remunerat
2901 5806 3101 5861 electos
3131 5818 3257 5860 suos
3283 5816 3380 5873 pro
3401 5815 3463 5855 se

1881 5905 2189 5964 laborantes
2220 5920 2235 5960 :
2266 5901 2315 5959 si
2335 5902 2477 5960 enim
2518 5901 2926 5958 oblivisceretur
2955 5914 3180 5971 operum
3223 5898 3459 5960 illorum,
