3982 6352
528 299 632 352 725

1617 287 1917 344 PRIMASII
1963 285 2414 342 ADliUMETANl
2452 284 2666 342 EPISG.

3718 274 3830 338 724

524 424 627 465 nec
652 424 744 465 cos
776 406 1167 473 re‘muneraret,
1193 414 1459 474 utcunque
1499 404 1730 473 injustus
1777 409 2051 473 putaretur
2078 418 2089 453 :
2123 401 2177 461 Α
2202 405 2354 453 ranto
2382 412 2476 468 per
2497 398 2863 468 semetipsum.
2898 397 2980 465 Si,
3002 400 3350 469 promittente
3382 399 3524 465 Deo,
3567 396 3826 470 iniquum

522 503 663 573 quod
688 500 907 557 omnino
935 501 1080 555 nefas
1102 508 1184 554 est
1204 498 1383 552 dicere
1409 514 1423 551 :
1456 496 1595 552 unde
1620 496 1908 563 Apostolus
1937 511 1952 552 :
1980 495 2092 550 Non

531 596 750 667 (inquit)
782 595 1009 665 injustas
1041 603 1117 648 cst
1148 592 1312 659 Deus,
1345 600 1402 644 ut
1450 591 1796 646 obliviscatur
1824 592 1999 659 operis
2025 590 2100 644 la-

527 689 780 760 borisque
835 688 1031 754 vestri,
1079 684 1379 740 dilectionis
1426 699 1584 753 quam
1634 682 1945 739 ostendistis
2005 698 2101 753 pro

524 796 708 836 amore
737 779 967 834 nominis
990 778 1105 847 ejus
1133 778 1184 830 in
1218 776 1445 831 invicem
1468 785 1522 831 et
1551 776 1603 830 in
1635 791 1843 832 omnes.
1878 776 1977 843 Qui
2008 776 2101 830 mi-

526 872 778 926 nistrastis
803 870 1014 933 sanctis,
1040 877 1085 921 et
1116 867 1442 921 ministratis.
1475 867 1661 921 Adhuc
1683 866 1975 921 secundum
2006 881 2101 922 ve-

528 972 697 1019 strum
727 976 899 1031 posse.
940 961 1011 1013 De
1042 960 1145 1013 illis
1176 956 1377 1013 sanctis
1420 959 1549 1013 dicit
1588 959 1676 1029 qui
1718 959 1995 1013 venientes
2037 957 2102 1012 ad

531 1056 690 1110 ﬁdem
720 1053 939 1116 Christi,
966 1054 1249 1121 exspoliati
1280 1064 1404 1107 sunt
1434 1070 1463 1107 a
1497 1052 1693 1108 Judazis
1720 1071 1733 1108 :
1759 1068 1890 1123 quos
1930 1052 2107 1107 laudat

528 1148 584 1202 in
626 1147 724 1201 hac
765 1147 1023 1216 Epistola,
1056 1147 1260 1210 dicens,
1299 1148 1557 1216 Rapinam
1607 1138 1871 1202 bonorum
1900 1157 2108 1203 vestro-

526 1256 643 1295 rum
667 1256 786 1295 cum
815 1240 1007 1312 gaudio
1031 1240 1377 1309 suscepistis;
1410 1252 1460 1295 et
1488 1241 1555 1297 de
1578 1242 1768 1310 quibus
1799 1242 1958 1297 Isaias
1978 1250 2106 1298 ante

526 1331 843 1403 praedixerat
876 1350 886 1383 :
923 1331 989 1386 Et
1019 1332 1108 1401 qui
1141 1333 1357 1386 recessit
1417 1332 1705 1402 (inquiens)
1753 1348 1783 1386 a
1814 1333 1974 1399 malo,
2008 1333 2105 1387 Ju-

527 1424 763 1480 daeorum
796 1426 990 1494 praedae
1020 1426 1206 1494 patuit.
1234 1426 1353 1480 istis
1376 1426 1566 1481 talibus
1593 1427 1925 1496 eXSpoliatis,
1958 1428 1995 1482 ii
2017 1428 2107 1498 qui

528 1533 636 1572 non
666 1516 1196 1585 fuerantexspoliati.
1231 1526 1387 1586 prout
1417 1526 1681 1586 poterant,
1712 1518 2103 1575 ministrabant.

533 1610 701 1679 Quale
731 1625 881 1678 vero,
910 1619 1234 1679 quantumve
1264 1610 1583 1665 desiderium
1607 1612 1826 1665 haberet
1851 1612 1918 1667 de
1936 1614 2108 1667 salute

529 1717 739 1767 eorum,
759 1702 1104 1771 sequentibus
1123 1719 1201 1756 VC!
1218 1702 1297 1756 bis
1324 1718 1389 1756 ex
1420 1713 1569 1771 parte
1591 1703 1859 1772 exprimit,
1886 1703 2103 1759 dicens:

2204 501 2286 546 est
2314 505 2419 547 non
2442 492 2684 555 credere,
2708 507 2866 563 quam
2896 493 3118 562 impium
3144 498 3229 548 est
3261 494 3369 548 Deo
3390 493 3637 563 jnrante
3658 493 3821 548 fidem

2205 604 2311 644 non
2334 589 2765 645 accommodare!
2786 587 2988 644 iuravit
3014 598 3190 643 autem
3207 588 3349 643 Deus
3369 588 3538 643 Pater
3576 587 3822 647 Abmhz

2206 699 2303 754 per
2327 683 2673 753 semetipsum
2699 696 2713 737 :
2742 683 2865 752 quia
2891 683 3158 737 neminem
3182 682 3366 738 habuit
3396 684 3688 752 majorem
3724 699 3816 752 per

2208 790 2366 846 quem
2415 775 2642 845 iuraret,
2675 775 2859 829 dicens
2893 791 2908 832 :
2939 774 3050 829 Nisi
3105 775 3435 831 benedicens
3488 776 3813 832 benedicam

2209 876 2281 932 te,
2312 876 2417 922 etc.
2452 867 2743 936 Repetitio.
2768 865 2918 922 verbi
2966 867 3305 923 conﬁrmatio
3333 879 3420 924 est
3452 870 3560 925 rei.
3619 868 3734 924 Nisi
3768 876 3811 925 in

2211 960 2311 1015 hoc
2335 961 2455 1016 loco
2483 961 2804 1015 afﬁrmative
2832 961 3045 1029 ponitur
3081 976 3178 1032 pro
3201 971 3334 1016 certe
3361 963 3486 1017 sive
3519 979 3626 1031 pro
3652 966 3772 1032 quia
3796 986 3811 1018 :

2209 1062 2267 1109 et
2282 1062 2364 1107 est
2392 1067 2611 1108 sensus:
2634 1053 2791 1108 Certe
2813 1054 3349 1123 semperhenedicam
3382 1063 3437 1109 te
3464 1056 3517 1108 in
3540 1055 3680 1109 ﬁliis
3697 1059 3803 1117 tui,

2212 1158 2529 1214 semperque
2550 1144 2913 1211 multiplicabo
2943 1152 3014 1199 te.
3038 1142 3101 1197 Et
3120 1145 3190 1197 sic
3213 1145 3598 1214 longanimiter
3624 1147 3801 1216 fern,

2212 1237 2425 1308 adeptus
2452 1245 2525 1290 est
2552 1237 3022 1305 reproniissionem.
3056 1236 3166 1291 lloc
3212 1248 3293 1291 est
3325 1238 3414 1291 diu
3451 1252 3556 1307 per
3612 1239 3807 1307 patien-

2214 1330 2339 1384 tiam
2385 1328 2674 1397 crcdendo,
2722 1329 2995 1383 sustinens
3024 1323 3343 1384 consecutus
3375 1338 3462 1385 est
3494 1334 3803 1401 promissio.

2212 1437 2336 1477 nem
2364 1422 2415 1475 in
2448 1421 2573 1475 ﬁliis
2622 1420 2732 1475 suis
2762 1420 2828 1474 de
2859 1429 3002 1474 terra
3032 1421 3502 1488 repromissionis,
3536 1437 3707 1490 quam
3735 1426 3801 1478 eis

2212 1515 2481 1585 promisit,
2530 1514 2756 1570 dicens:
2788 1514 3009 1569 Terram
3061 1514 3197 1569 hanc
3248 1515 3339 1569 tibi
3368 1515 3544 1581 dabo,
3606 1525 3664 1570 et
3698 1517 3799 1573 ﬁliis

2215 1610 2340 1667 tuis.
2370 1610 2671 1679 Etinsuper
2692 1608 3101 1679 promissionem
3126 1608 3193 1663 de
3215 1608 3456 1675 Christo,
3480 1608 3552 1665 de
3578 1626 3690 1679 quo
3705 1612 3795 1665 ait:

2215 1702 2272 1758 1η
2296 1703 2504 1758 semine
2530 1711 2618 1757 tuo
2646 1700 3036 1757 benedicentur
3060 1716 3249 1756 omnes
3269 1711 3486 1772 gentes.
3517 1704 3795 1773 Sequitur:

530 1794 775 1865 Cupimus
803 1803 967 1847 autem
998 1810 1401 1863 unumquemque
1433 1804 1651 1849 vestrum
1683 1796 1910 1848 eamdem
1934 1806 2105 1849 osten-
2141 1794 2187 1855 Β
2218 1795 2464 1850 Homines
2490 1796 2625 1850 enim
2656 1810 2744 1863 per
2772 1797 3015 1865 majorem
3056 1794 3137 1847 sui
3158 1796 3362 1866 jurant,
3409 1804 3465 1848 et
3498 1798 3674 1851 omnis
3697 1815 3800 1852 coa-

532 1887 652 1941 dere
680 1888 1092 1941 sollicitudinem.
1122 1886 1390 1952 Subaudi,
1434 1903 1592 1957 quam
1638 1891 1795 1944 tertio
1823 1888 2106 1945 habuistis.

528 1978 610 2033 Ad
632 1981 964 2051 expiationem
985 1983 1091 2052 spei
1112 1998 1272 2052 usque
1292 1982 1359 2036 ad
1386 1982 1560 2051 ﬁnem.
1585 1982 1718 2037 Vita:
1741 1993 1931 2038 vestra:
1956 2000 1969 2037 :
1998 1984 2111 2039 sive

530 2073 595 2127 de
625 2073 709 2126 die
732 2071 940 2141 judicii.
976 2072 1041 2127 Ut
1067 2090 1167 2128 non
1197 2091 1370 2143 segnes
1399 2074 1706 2143 e/ﬁct'amini.
1748 2075 1860 2130 Hoc
1887 2087 1989 2143 est,
2018 2077 2111 2132 de-

2214 1889 2469 1943 troversite
2503 1898 2680 1941 eorum
2718 1886 2834 1954 ﬁnis
2858 1886 2926 1938 ad
2953 1885 3392 1953 conﬁrmationem
3429 1898 3511 1941 est
3530 1890 3795 1959 jurmeaﬁ

2215 1988 2341 2033 tum.
2359 1978 2519 2044 Quasi
2541 1977 2764 2042 diceret,
2783 1976 2838 2032 Si
2863 1976 3173 2031 hominibus
3195 1977 3248 2031 in
3275 1976 3522 2032 futurum
3548 1980 3794 2045 creditur.

2214 2068 2280 2125 de
2302 2069 2492 2139 quibus
2522 2083 2617 2138 per
2637 2067 2959 2138 Prophetam
2991 2068 3185 2123 dicitur
3211 2085 3222 2121 :
3248 2069 3438 2124 Omnis
3473 2070 3644 2125 homo
3664 2088 3797 2128 mea-

526 2162 671 2218 sides
698 2174 750 2217 et
781 2163 913 2233 pigri
946 2166 996 2217 in
1028 2165 1166 2219 bono
1196 2181 1381 2233 Opere,
1406 2176 1457 2220 et
1488 2165 1537 2221 in
1568 2167 1833 2222 mandatis
1864 2168 1957 2223 Dei
1990 2185 2107 2238 per-

2213 2161 2337 2228 dax,
2393 2172 2593 2231 quanto
2629 2161 2798 2231 magis
2823 2160 2916 2215 Dei
2939 2160 3247 2230 iuramento
3275 2161 3425 2218 credi
3454 2174 3697 2232 oportet,
3720 2170 3795 2237 qui

528 2255 795 2311 liciendis.
827 2255 1206 2312 Desideramus
1230 2257 1448 2328 (inquit)
1475 2273 1567 2313 vos
1596 2274 1701 2313 non
1733 2268 1937 2314 tantum
1968 2262 2110 2316 circa

528 2348 716 2412 verba,
740 2348 833 2403 scd
858 2350 1015 2402 ctiam
1041 2350 1092 2403 in
1123 2350 1408 2404 virtutibus
1436 2350 1749 2406 conversari
1781 2368 1793 2404 :
1830 2366 1933 2407 non
1958 2354 2110 2423 quasi

530 2451 707 2496 vestra
746 2444 957 2512 propria
988 2443 1285 2511 culpantes,
1335 2444 1428 2498 scd
1460 2456 1521 2500 ut
1563 2445 1627 2500 de
1658 2446 1845 2502 futuris
1895 2449 2112 2505 solliciti

534 2531 883 2589 admonentes
916 2551 929 2588 :
966 2534 1064 2589 hoc
1104 2544 1203 2601 est,
1252 2536 1436 2605 quales
1491 2536 1663 2591 fuistis
1693 2538 1942 2607 primum,
1978 2541 2111 2595 tales

529 2622 776 2690 cupimus
805 2632 857 2679 et
887 2626 1043 2679 modo
1074 2642 1215 2692 esse,
1246 2635 1300 2681 et
1327 2629 1379 2681 in
1431 2627 1685 2684 futurum.
1722 2630 1787 2684 Et
1817 2646 1918 2685 non
1949 2631 2108 2701 dixit,

529 2711 667 2768 Volo
698 2731 712 2768 :
744 2716 880 2785 quod
911 2725 994 2771 est
1022 2718 1353 2772 auctoritatis
1382 2716 1613 2785 divina};
1666 2722 1759 2776 scd
1802 2723 1946 2792 quod
1994 2736 2111 2782 erat

533 2812 770 2877 paterna:
797 2807 1099 2865 dilectionis
1129 2830 1141 2865 :
1174 2814 1276 2867 hoc
1323 2822 1423 2879 est,
1456 2815 1715 2885 Cupimus
1745 2834 2111 2888 unumquem-

528 2912 634 2969 que
656 2900 895 2956 camdem
919 2917 1041 2972 erga
1070 2903 1258 2959 fratres
1281 2921 1493 2976 semper
1510 2909 1795 2964 ostendere
1824 2912 2109 2967 maximam

529 3010 737 3063 curam,
769 3009 927 3064 quam
959 2994 1083 3049 olim
1116 2996 1382 3053 habuistis
1437 3000 1500 3054 ad
1552 3003 1964 3072 completionem
1998 3007 2112 3075 spei

529 3085 1082 3153 humanm,zeternani
1144 3091 1618 3145 resurrectionem.
1676 3093 1920 3163 Expletio
1968 3096 2107 3150 enim

2214 2263 2297 2311 est
2328 2257 2549 2320 veritas,
2578 2261 2635 2309 et
2664 2268 2764 2308 nec
2793 2252 2899 2308 falli
2922 2268 3019 2307 nec
3050 2254 3265 2309 mentiri
3294 2263 3511 2323 potest,
3535 2268 3591 2312 et
3616 2259 3699 2312 cui
3726 2260 3794 2313 in.

2214 2359 2379 2416 super
2407 2347 2521 2401 sine
2562 2345 2867 2416 juramento
2896 2345 3043 2400 credi
3081 2349 3328 2415 oportet!
3378 2346 3649 2405 Homines
3687 2352 3799 2419 (iu-

2214 2438 2346 2507 quit)
2379 2452 2474 2507 per
2499 2437 2757 2506 majorem
2786 2436 2871 2491 sui
2895 2436 3104 2506 jurant,
3128 2437 3229 2493 hoc
3256 2448 3339 2493 est
3366 2454 3465 2508 per
3493 2440 3792 2507 Dominum,

2214 2531 2305 2600 qui
2334 2538 2417 2586 est
2445 2544 2629 2584 eorum
2659 2538 2892 2584 creator.
2918 2527 3289 2584 Juramentum
3319 2545 3543 2601 quoque
3571 2545 3656 2588 est
3687 2536 3797 2590 linis

2215 2625 2389 2679 omnis
2432 2623 2788 2680 contentionis
2820 2637 3007 2679 eorum
3039 2623 3104 2677 ad
3136 2623 3614 2681 conﬁrmationem
3641 2644 3655 2683 :
3684 2629 3797 2697 quia

2216 2717 2681 2788 perjuramentnm
2698 2715 3025 2772 credendum
3043 2726 3145 2783 est,
3165 2732 3269 2773 nec
3284 2719 3441 2775 debet
3461 2724 3799 2790 postmodum

2214 2812 2432 2883 querela
2464 2812 2575 2867 ﬁeri
2612 2813 2918 2885 juramento
2956 2813 3246 2882 completo,
3288 2813 3381 2868 sed
3413 2815 3539 2870 ﬁnis
3575 2826 3806 2873 conten-

2218 2905 2378 2960 tionis
2406 2904 2565 2960 debet
2594 2918 2715 2960 esse
2738 2905 3100 2974 jurameatum
3140 2907 3243 2960 sub
3271 2906 3693 2964 conﬁrmatione.
3722 2908 3801 2963 In

2215 3015 2337 3069 quo.
2368 2998 2607 3054 Subaudi
2632 2998 2940 3068 juramento
2968 3017 2980 3054 :
3012 2999 3094 3055 vel
3124 3002 3391 3070 propterea
3428 3001 3555 3071 quia
3582 3003 3802 3057 conﬁr-

2219 3090 2380 3145 matio
2425 3089 2503 3145 rei
2550 3088 2913 3159 juramentum
2966 3097 3068 3146 est.
3118 3090 3307 3149 Valens
3356 3090 3489 3146 Deus
3533 3096 3802 3148 ostendere

529 3178 646 3246 spei
684 3184 765 3232 est
796 3178 1008 3247 :tdcptio
1040 3194 1213 3232 rerum
1249 3195 1382 3249 quas
1439 3197 1536 3235 nos
1577 3197 1963 3241 consecuturos
1992 3204 2113 3257 spe-
2142 3176 2187 3241 C
2221 3182 2565 3236 abundantius
2609 3182 3013 3237 immobilitatem
3041 3184 3246 3237 consilii
3288 3184 3369 3237 sui
3412 3184 3801 3254 pollicitationes

532 3283 737 3326 ramus.
768 3268 959 3323 Verum
1002 3268 1301 3325 imitatores.
1331 3272 1587 3343 Cupimus
1624 3292 1717 3331 vos
1752 3292 1892 3333 esse.
1918 3277 2113 3335 Earum

528 3360 615 3434 qui
636 3364 739 3434 [ide
762 3374 808 3420 et
840 3366 1089 3435 patientia
1118 3366 1490 3423 hrereditabunt
1516 3374 1895 3441 promissiones.
1924 3374 2113 3431 llortav

530 3466 617 3512 tttr
652 3457 839 3513 iterum
869 3474 962 3514 eos
991 3468 1047 3514 ut
1074 3460 1179 3516 ﬁde
1210 3478 1311 3516 non
1346 3464 1463 3517 ﬁcta
1505 3472 1558 3518 et
1597 3467 1848 3534 patientia
1880 3469 2112 3536 perfecta

530 3560 844 3620 exapectent
872 3554 1253 3621 promissiones
1300 3554 1416 3620 Dei,
1447 3564 1501 3609 et
1528 3556 1893 3613 haereditatem
1950 3574 2111 3629 quam

528 3642 731 3697 sanctis
758 3641 868 3696 suis
897 3644 1142 3709 promisit
1177 3664 1190 3699 :
1226 3644 1368 3713 quod
1398 3646 1682 3715 dupliciter
1717 3652 1884 3721 accipi
1912 3660 2109 3720 potest,

532 3734 739 3789 scilicet
767 3742 822 3787 ut
845 3734 1109 3789 referatur
1128 3736 1193 3790 ad
1224 3738 1552 3806 patriarchas
1579 3750 1633 3795 et
1657 3751 1872 3797 sanctos
1902 3744 2111 3800 Veteris

530 3823 885 3891 Testamenti,
918 3827 1008 3894 qui
1040 3827 1234 3882 multas
1266 3830 1650 3897 promissiones
1681 3845 1995 3901 acceperunt
2045 3838 2112 3893 de

530 3917 768 3986 Christo,
824 3918 1272 3977 cthasreditatcm
1323 3934 1477 3980 terra:
1529 3928 1989 3998 repromissionis,
2021 3934 2110 4002 qui

530 4010 691 4066 ﬁdem
742 4011 997 4067 habentes
1046 4014 1359 4084 perfectam,
1407 4033 1508 4087 qua
1558 4020 1905 4078 crediderunt
1942 4024 2108 4081 Deum

528 4106 755 4175 implere
783 4117 941 4175 posse
967 4122 1084 4174 qua:
1115 4110 1388 4177 promisit;
1419 4119 1473 4166 et
1502 4112 1809 4179 patientiam
1854 4116 2111 4173 solidissi-

532 4209 698 4264 mam,
731 4195 854 4265 quia
882 4208 987 4251 non
1018 4196 1071 4251 in
1118 4211 1197 4264 se,
1231 4200 1323 4254 sed
1356 4200 1409 4254 in
1441 4202 1560 4257 tiliis
1588 4204 1698 4259 suis
1726 4208 2109 4274 promissiones

529 4293 979 4355 exspectaverunt
998 4288 1319 4358 implendas,
1339 4302 1652 4348 meruerunt
1669 4295 1826 4351 amici
1845 4297 1940 4352 Dei
1962 4312 2103 4364 esse,

520 4386 582 4437 et
627 4377 681 4433 in
710 4377 833 4432 ﬁliis
861 4379 974 4433 suis
1018 4380 1235 4435 easdem
1266 4366 1714 4452 repromissiones
1764 4388 2105 4446 bacrcditare.

524 4468 709 4527 Potest
738 4479 793 4525 et
818 4470 886 4525 ad
913 4474 1186 4540 apostolos
1216 4473 1459 4546 aliosque
1510 4488 1726 4535 sanctos
1772 4481 1986 4548 referri,
2015 4482 2107 4551 qui

2219 3274 2529 3330 ha’redibus.
2563 3273 2617 3329 ld
2640 3285 2724 3329 est
2752 3274 3012 3343 patrihus,
3036 3277 3153 3330 sive
3176 3276 3555 3346 promissionis
3586 3274 3799 3335 haedi-

2218 3368 2337 3423 bus.
2358 3365 2675 3435 Interposuit
2694 3366 3091 3437 jusjurandum,
3121 3377 3177 3422 ut
3202 3384 3292 3439 per
3318 3368 3450 3423 duas
3478 3370 3798 3425 τραξηινιώὶ-

2218 3457 2310 3523 ιω,
2341 3456 2521 3527 quibus
2549 3456 2861 3525 impossibile
2891 3465 2963 3511 est
2991 3459 3191 3512 mentiri
3232 3459 3436 3527 Deum,
3471 3464 3795 3531 fortissim

2217 3549 2458 3605 solatium
2485 3549 2776 3604 habeamus.
2804 3548 2859 3604 Id
2880 3559 2984 3619 est,
3017 3549 3244 3606 ﬁrmiter
3263 3551 3338 3607 illi
3366 3553 3685 3610 credamus.
3708 3555 3794 3622 Qui

2217 3639 2875 3713 confugimusﬁredendm
2899 3641 2979 3695 Ad
3005 3642 3276 3697 tenendam
3300 3647 3636 3715 propositam
3654 3662 3786 3715 spent.

2218 3735 2330 3789 Hoc
2348 3742 2451 3800 est,
2472 3733 2537 3788 ad
2560 3732 2924 3803 accipiendam
2954 3736 3266 3803 promissam
3292 3739 3791 3793 remunerationem.

2217 3827 2359 3883 Duas
2393 3843 2478 3883 res
2499 3828 2804 3884 immobiles
2835 3828 2921 3883 hic
2946 3827 3205 3883 debemus
3225 3830 3478 3899 accipere
3504 3834 3794 3902 promissio-

2215 3940 2335 3980 nem
2369 3924 2461 3980 Dei
2490 3924 2558 3980 de
2583 3925 2816 3991 Christo,
2848 3920 2952 3995 qua
2971 3924 3110 3979 dixit
3136 3942 3147 3977 :
3183 3924 3238 3979 In
3268 3927 3487 3983 semine
3520 3937 3621 3984 tuo
3648 3931 3792 3984 bene-

2215 4017 2460 4073 dicentur
2484 4030 2672 4073 omues
2692 4025 2878 4087 gentes
2907 4035 2922 4084 ε
2957 4025 3011 4073 et
3036 4016 3416 4087 jusjurandum
3459 4020 3634 4088 illius,
3670 4021 3788 4094 quod

2215 4111 2386 4166 dixit:
2430 4110 2531 4165 Per
2576 4108 2949 4178 memetipsum
2967 4107 3143 4177 juravi
3171 4109 3310 4164 tibi:
3345 4114 3646 4178 promissio
3672 4116 3792 4171 enim

2212 4205 2354 4260 illius
2386 4202 2674 4259 immobilis
2693 4210 2798 4266 est,
2822 4201 2945 4271 quia
2967 4215 3070 4256 non
3102 4201 3271 4270 potuit
3317 4206 3545 4272 mutari,
3584 4216 3638 4262 et
3671 4210 3795 4277 jura-

2213 4305 2449 4350 mentum
2500 4294 2644 4349 illius
2674 4293 2991 4349 veridicum.
3037 4294 3262 4360 Quidam
3295 4297 3459 4352 etiam
3491 4314 3660 4355 unam
3703 4312 3792 4357 rem

2211 4386 2539 4443 immobilem
2580 4384 2807 4453 intelligi
2848 4386 3054 4455 volunt,
3106 4390 3525 4458 promissionem
3575 4404 3635 4447 et
3670 4395 3793 4463 jura—

2211 4488 2448 4533 mentum
2479 4478 2622 4532 illius
2649 4495 2662 4532 :
2690 4478 2919 4533 alterum
2960 4486 3139 4532 autem
3181 4481 3615 4548 completionem
3648 4487 3792 4555 ipsius

526 4568 626 4627 per
656 4559 813 4614 tidem
844 4568 899 4614 et
925 4562 1235 4630 patientiam
1271 4579 1587 4623 meruerunt
1615 4574 1872 4641 consequi
1908 4581 1962 4626 et
1999 4572 2107 4628 hat-
2136 4576 2189 4636 D
2213 4574 2308 4629 rei.
2347 4571 2682 4641 Propositam
2711 4585 2841 4627 vero
2860 4585 3011 4640 apem
3039 4571 3170 4627 dicit
3190 4572 3467 4630 veritatem
3499 4588 3692 4633 rerum
3730 4593 3797 4647 ge-

527 4648 764 4706 reditare
779 4651 1163 4719 promissiones
1185 4663 1401 4715 teternae
1419 4659 1809 4716 benedictionis
1827 4678 1855 4717 a
1880 4663 2109 4720 Domino

526 4742 631 4799 sibi
661 4751 717 4798 et
742 4745 992 4801 omnibus
1028 4749 1318 4817 promissas
1344 4751 1612 4807 fidelibus.
1646 4754 1865 4809 Abraha:
1892 4772 2112 4827 namque

527 4840 822 4909 promittens
855 4840 1015 4909 Deus,
1060 4846 1304 4914 quoniam
1333 4847 1582 4901 neminem
1624 4849 1803 4902 habuit
1839 4853 2106 4923 majorem,

526 4946 616 5002 per
666 4945 812 5000 quem
849 4936 1069 5005 jurarct,
1124 4938 1312 5005 iuravit
1367 4954 1454 5008 per
1500 4943 1847 5009 semetipsum,
1890 4945 2064 4997 dicens
2089 4960 2109 4999 :

524 5020 650 5077 Nisi
674 5024 968 5081 benedicens
993 5030 1285 5083 benedicam
1317 5038 1363 5085 te
1388 5040 1435 5085 et
1460 5033 1823 5102 multiplicant,
1854 5037 2110 5107 multipli-

525 5116 651 5171 cabo
672 5125 738 5172 te.
766 5118 833 5174 Ut
856 5118 1062 5176 firmius
1083 5123 1456 5181 corroboraret
1476 5140 1538 5181 ea
1555 5142 1674 5197 quas
1695 5131 1941 5200 superius
1963 5133 2111 5189 dixe-

524 5216 612 5265 rat
637 5211 706 5267 de
753 5214 973 5280 sanctis,
1029 5216 1171 5285 quod
1222 5217 1675 5277 haereditaverunt
1721 5223 2108 5293 promissiones

528 5302 627 5359 Dei
671 5302 779 5361 ﬁde
805 5314 859 5361 et
914 5309 1197 5377 patientia,
1252 5310 1453 5367 ideirco
1484 5313 1653 5369 utitur
1678 5317 1978 5383 exemplis;
2012 5317 2107 5373 sed

528 5393 664 5449 mira
686 5396 951 5463 sapientia
977 5398 1135 5469 ejus:
1164 5400 1452 5471 aliquando
1478 5405 1621 5459 enim
1660 5405 1904 5461 laudibus
1933 5409 2108 5462 extol-

530 5484 693 5543 lendo
720 5486 992 5546 blanditur
1020 5492 1120 5561 eis,
1151 5492 1438 5564 aliquando
1466 5496 1624 5551 minis
1654 5505 1823 5551 terret
1848 5514 1861 5549 :
1900 5512 2021 5550 nam
2052 5499 2106 5553 in

525 5580 890 5649 superioribus
914 5592 1083 5642 terret
1110 5602 1222 5651 eos,
1254 5602 1322 5644 ne
1343 5589 1591 5645 inﬁdeles
1618 5600 1820 5654 essent,
1853 5599 1906 5645 ct
1932 5592 2108 5649 minus

527 5671 730 5727 creduli
780 5678 1224 5744 promissiOnibus
1265 5682 1378 5748 Dei,
1411 5698 1553 5737 nunc
1602 5692 1782 5737 autem
1841 5686 2108 5754 exemplis

525 5759 771 5820 hortatur
806 5769 871 5824 ad
903 5771 1273 5841 pmnitentiam
1325 5783 1378 5828 et
1408 5773 1592 5841 ﬁdem,
1643 5783 1701 5830 ut
1744 5775 2109 5836 indubitanter

524 5854 777 5928 credant,
808 5876 916 5919 non
970 5863 1142 5919 solum
1174 5863 1283 5922 Deo
1310 5863 1547 5936 dicente,
1599 5880 1786 5924 verum
1835 5868 1994 5927 etiam
2021 5870 2106 5939 Ῑυο

2214 4675 2440 4732 starum,
2472 4664 2882 4734 promissionem
2927 4664 3176 4722 videlicet
3206 4669 3390 4736 patriae
3420 4670 3675 4727 caelestis
3697 4713 3710 4739 ,
3743 4672 3793 4725 si

2214 4773 2372 4827 quam
2420 4757 2816 4827 percipiendam
2870 4759 3203 4828 confugimus
3241 4776 3333 4829 per
3379 4761 3544 4816 ﬁdem
3586 4780 3601 4816 :
3648 4766 3791 4832 Quam

2213 4865 2363 4922 spem
2392 4851 2523 4905 sicut
2571 4852 2849 4906 anchoram
2877 4850 3119 4905 habemus
3163 4852 3348 4907 anima:
3394 4862 3563 4909 tutam
3606 4875 3678 4911 ac
3711 4858 3796 4925 ﬁr-

2214 4960 2370 4999 mam.
2421 4943 2569 5000 Sicut
2612 4945 2844 4999 anchora
2885 4944 3083 5013 iactata
3124 4947 3178 5001 in
3227 4948 3349 5002 navi
3393 4964 3501 5002 non
3542 4948 3794 5018 permittit

2215 5052 2332 5093 eam
2363 5037 2720 5105 circumferri,
2754 5052 2853 5093 nec
2883 5039 3195 5109 periclitari,
3226 5042 3355 5097 licet
3385 5043 3536 5097 venti
3563 5056 3796 5098 commo-

2215 5137 2375 5184 veant
2414 5144 2565 5196 eam,
2607 5130 2703 5183 sed
2725 5128 2923 5198 jactata
2968 5129 3193 5186 ﬁrmiter
3236 5138 3381 5187 tenet
3429 5142 3629 5189 navem
3678 5134 3797 5187 inter

2212 5221 2475 5291 procellas
2500 5230 2555 5276 et
2587 5221 2800 5287 ﬂuctus,
2859 5222 2930 5275 ita
2959 5222 3095 5277 fides
3131 5237 3227 5293 spe
3276 5223 3577 5279 futurorum
3634 5227 3794 5281 bono-

2214 5326 2330 5365 rum
2363 5311 2617 5366 rohorata
2642 5312 2821 5366 ﬁrmat
2844 5320 3079 5368 mentem
3110 5324 3352 5369 nostram
3380 5316 3523 5369 inter
3544 5328 3792 5386 prospera

2214 5401 2373 5472 hujus
2395 5403 2577 5459 saeculi
2602 5413 2655 5458 et
2677 5403 2926 5472 adversa,
2951 5414 3008 5460 et
3031 5406 3325 5461 introducit
3351 5421 3451 5461 nos
3481 5407 3535 5462 in
3562 5409 3791 5477 speciem

2213 5510 2430 5563 rerum,
2471 5512 2633 5567 quam
2662 5498 2822 5553 modo
2866 5498 2970 5555 ﬁde
3027 5511 3081 5555 et
3118 5515 3217 5569 spe
3250 5511 3513 5557 tenemus.
3571 5503 3793 5570 Ideoque

2210 5587 2417 5642 addidit
2437 5589 2743 5658 Apostolus,
2769 5590 2971 5656 dicens,
3004 5591 3071 5646 Et
3091 5593 3409 5649 incedentem
3440 5612 3597 5665 usque
3631 5599 3683 5650 in
3710 5597 3791 5647 ia-

2212 5682 2399 5734 teriora
2423 5682 2706 5737 velamim's.
2739 5683 2795 5737 In
2824 5683 3081 5739 interiora
3106 5685 3385 5742 velaminis
3415 5697 3571 5743 vocat
3588 5696 3789 5746 secreta

2212 5774 2363 5841 regni
2393 5775 2687 5843 caelorum,
2732 5788 2786 5833 et
2832 5780 3019 5850 gaudia
3065 5785 3252 5852 patria:
3298 5786 3573 5841 cmlestis:
3621 5787 3785 5838 velum

2215 5870 2356 5925 enim
2387 5874 2526 5942 quod
2560 5882 2823 5934 eratante
2846 5890 3029 5935 sancta
3055 5892 3361 5938 sanctorum
3387 5881 3654 5951 significat
3682 5894 3782 5937 cc-
