3996 6484
252 347 366 405 725

1096 348 1163 405 IN
1202 344 1588 405 EPISTOLAM
1626 345 1719 403 AD
1754 341 2105 405 HEBREOS
2138 346 2652 407 COMMENTAMA.

3398 346 3503 403 726

252 467 368 521 lum
397 482 410 522 :
439 478 557 536 quas
583 476 711 521 vero
730 471 885 520 erant
912 463 1047 519 intra
1077 464 1277 528 velum,
1308 470 1513 518 secreta
1539 459 1689 531 regni
1718 472 1827 513 cte-
1851 460 1906 519 Α
1931 459 2073 528 gelio
2120 460 2312 530 legitur
2342 477 2356 514 :
2396 461 2522 515 Erat
2573 463 2591 533 (
2618 460 2789 531 inquit
2822 459 3100 534 Joannes)
3145 460 3421 532 baptisans
3450 463 3504 518 in

252 561 432 615 lorum
457 574 473 616 :
505 549 632 629 spes
651 566 827 614 autem
848 559 1098 615 interiora
1114 555 1392 613 velaminis
1415 561 1677 623 penetrat,
1704 552 1829 606 dum

254 652 459 707 mentis
499 651 950 720 contemplatione
978 649 1151 705 futura
1200 649 1337 703 bona
1365 645 1657 715 conspicit,
1702 642 1830 699 dum

252 746 493 801 caelestia
525 745 741 814 praemia
771 744 973 814 absque
1000 743 1105 798 ulla
1145 739 1479 796 dubitatione
1522 736 1693 793 oredit
1729 735 1830 790 sibi

252 838 545 907 provenire
574 854 589 891 :
620 845 822 906 sperat,
866 843 1028 901 amat,
1057 833 1419 903 operibusque
1446 829 1682 887 ostendit
1705 826 1831 897 quid

254 928 439 985 credat
479 935 534 984 et
578 927 704 998 quid
742 935 940 996 speret.
984 925 1040 980 Si
1080 925 1218 979 hane
1257 938 1407 993 spem
1449 936 1556 979 non
1588 918 1832 975 habueri-

253 1034 400 1086 mus,
420 1023 600 1090 utique
618 1021 1042 1089 submergemur,
1066 1032 1172 1072 non
1190 1025 1393 1075 tantum
1411 1015 1465 1071 in
1482 1012 1832 1084 spiritalibus,

251 1128 443 1170 verum
472 1117 630 1168 etiam
662 1114 714 1168 in
745 1113 1070 1175 carnalibus,
1114 1112 1253 1166 sicut
1289 1110 1651 1179 submergitur
1682 1108 1832 1163 navis

249 1222 361 1261 non
386 1205 588 1261 habens
601 1205 852 1275 iactatam
877 1205 1198 1259 anchoram:
1219 1202 1312 1259 sed
1334 1202 1380 1258 si
1411 1200 1693 1270 Prophetas
1716 1197 1833 1254 voci

249 1298 695 1363 abaudierimus,
744 1297 1024 1352 dicentis:
1070 1295 1218 1351 Jacta
1264 1294 1319 1349 in
1371 1292 1598 1348 Domino
1650 1304 1835 1346 curam

251 1398 429 1456 tuam,
457 1399 512 1444 et
540 1390 653 1458 ipse
674 1396 725 1443 te
746 1388 1001 1453 enutriet,
1031 1397 1156 1442 tunc
1183 1394 1366 1441 nostra
1394 1397 1518 1454 spes
1541 1383 1644 1438 ﬁxa
1674 1383 1727 1437 in
1754 1381 1835 1437 in-

252 1481 459 1536 teriora
480 1480 759 1536 velaminis
783 1480 929 1535 nulla
961 1477 1272 1534 inﬁdelitate
1298 1476 1463 1546 mergi
1496 1474 1711 1544 poterit.
1739 1472 1837 1528 Sc-

252 1574 438 1640 quitur
460 1588 474 1625 :
509 1571 605 1626 Ubi
632 1586 915 1642 praecursor
934 1585 1029 1640 pro
1047 1585 1110 1624 no
1120 1570 1192 1623 bis
1210 1567 1405 1622 introiit
1428 1565 1580 1623 Jesus
1600 1565 1838 1635 Pontifex

253 1668 425 1733 {actus
450 1672 497 1720 et
516 1664 813 1718 cottstitutus
837 1680 870 1717 α
905 1663 1014 1717 Deo
1046 1662 1201 1717 Patre
1221 1663 1275 1716 in
1296 1672 1541 1717 teternum
1560 1659 1837 1717 secundum

253 1755 490 1809 ordinem
518 1753 910 1810 Melchisedech.
935 1753 1000 1810 Ut
1018 1755 1307 1811 ﬁrmiorem
1326 1769 1474 1824 spem
1499 1753 1652 1809 nobis
1677 1752 1837 1808 adde-

1935 550 2125 607 Ennon
2151 552 2301 622 juxta
2333 552 2519 620 Salim,
2544 553 2669 623 quia
2694 568 2847 624 aqua:
2877 553 3058 609 multa:
3086 561 3241 608 erant
3267 552 3397 609 illic.
3429 552 3509 609 Id-

1932 643 2079 698 circo
2102 653 2276 699 autem
2309 644 2370 700 ﬁt
2396 645 2500 701 ista
2525 645 2757 701 varietas
2786 647 3081 716 nominum,
3113 647 3237 718 quia
3269 646 3506 703 Hebraeis

1938 734 2122 790 multis
2151 736 2204 791 in
2232 736 2361 793 locis
2392 752 2487 806 per
2511 747 2866 793 consonantes
2897 738 3233 795 solummodo
3262 739 3505 794 scribunt

1933 827 2223 882 subtractis
2262 828 2570 897 vocalibus,
2614 838 2775 900 atque
2804 831 2875 885 ita
2905 831 3195 887 secundum
3223 832 3504 887 arbitrium

1934 920 2161 991 legentis
2213 924 2590 992 pronuntiatur
2634 940 2740 980 non
2792 940 2898 979 uno
2954 939 3166 996 semper
3210 926 3506 997 eodemque

1904 1064 1905 1067 η
1938 1014 2118 1068 modo.
2160 1014 2471 1070 Ostenditur
2499 1027 2675 1072 autem
2720 1017 2776 1072 in
2805 1018 2994 1074 eodem
3034 1019 3228 1088 oppido
3253 1019 3505 1089 palatium

1938 1105 2327 1161 Melchisedech
2364 1109 2521 1177 regis,
2548 1124 2613 1163 ex
2636 1109 2997 1180 magnitudine
3025 1112 3298 1167 ruinarum
3328 1121 3509 1169 osten-

1941 1195 2070 1251 dens
2087 1197 2281 1252 veteris
2305 1199 2486 1267 operis
2503 1199 2896 1255 excellentiam.
2921 1201 3002 1256 Ad
3026 1217 3183 1270 quam
3211 1204 3504 1268 civitatem,

1942 1289 2051 1347 sive
2080 1290 2366 1359 oppidum,
2401 1291 2593 1362 legitur
2621 1292 2790 1348 Jacob
2814 1294 3176 1363 descendisse,
3210 1295 3298 1364 qui
3325 1295 3422 1349 fuit
3450 1295 3505 1349 in

1944 1385 2082 1434 terra
2137 1378 2408 1435 Chanaam
2462 1382 2699 1451 regionis
2751 1382 2984 1439 Sicltem.
3047 1384 3505 1441 Considerandum

1935 1484 2152 1542 quoque
2179 1478 2285 1538 est,
2315 1472 2455 1543 quod
2490 1474 2754 1529 Abraham
2786 1473 2854 1530 de
2883 1475 3031 1530 crede
3062 1474 3294 1530 hostium
3324 1491 3512 1532 rever-

1939 1568 2058 1616 tens
2077 1600 2093 1627 ,
2120 1577 2251 1633 quos
2278 1573 2588 1632 persecutus
2617 1573 2701 1620 est
2727 1580 2894 1635 usque
2922 1567 3056 1630 Dan,
3088 1581 3192 1621 non
3222 1568 3274 1622 in
3308 1567 3392 1621 via
3428 1581 3513 1622 re-

1939 1654 2200 1710 versionis
2229 1654 2412 1711 habuit
2445 1655 2798 1723 Hierusalem,
2823 1660 2917 1715 sed
2943 1660 3121 1730 potius
3146 1660 3324 1716 Salem
3350 1661 3502 1731 oppi—

1940 1746 2067 1803 dum
2097 1762 2255 1818 supra
2284 1759 2657 1805 memoratum.
2706 1751 2939 1807 Primum
2983 1754 3187 1824 quidem
3228 1754 3516 1811 Melchise-

253 1854 368 1910 ret,
394 1844 515 1900 ideo
538 1846 638 1900 hoc
658 1845 727 1901 de
747 1844 964 1901 Christo
990 1845 1287 1915 subiunxit.
1320 1845 1624 1901 Pramus-sor
1652 1852 1830 1899 autem
1864 1839 1912 1898 B
1938 1840 2096 1907 dech,
2127 1843 2212 1911 qui
2243 1843 2606 1916 interpretatur
2639 1860 2734 1899 rea:
2761 1846 3019 1917 justitiaa;
3061 1847 3244 1903 deinde
3269 1854 3439 1901 autem
3468 1858 3514 1903 et

254 1937 457 1993 dicitur
485 1952 514 1991 a
548 1938 835 2007 prateundo
863 1948 917 1994 et
951 1938 1360 2007 przecurrendo;
1406 1948 1461 1994 et
1489 1948 1572 1993 est
1598 1936 1829 2006 alicujus

251 2042 579 2102 prascursor,
594 2032 733 2086 sicut
750 2031 984 2087 Joannes
1008 2031 1226 2087 Christi.
1250 2029 1713 2087 Considerandum
1740 2044 1834 2086 au-

251 2130 363 2178 tem
403 2122 528 2193 quia
557 2138 661 2178 non
690 2123 826 2178 dixit
852 2123 1191 2193 simpliciter,
1226 2122 1435 2178 introiit
1468 2122 1623 2178 Jesns
1654 2121 1707 2178 in
1740 2122 1828 2185 in-

250 2214 451 2269 teriora
480 2214 778 2279 velaminis,
810 2214 903 2271 sed
929 2230 1051 2270 eum
1078 2214 1470 2284 additamento,
1495 2213 1705 2281 dicens,
1735 2212 1836 2271 Ubi

249 2324 555 2381 praecursor
604 2326 702 2380 pro
742 2311 897 2367 nobis
934 2311 1140 2365 introiit
1171 2326 1186 2364 :
1217 2309 1383 2365 veluti
1427 2310 1633 2378 absque
1676 2307 1838 2361 dubio

251 2418 355 2458 nos
396 2412 640 2473 oporteat
670 2403 919 2474 prosequi
961 2416 1347 2473 praecursorem
1380 2408 1646 2457 nostrum.
1691 2399 1837 2459 Pre-

250 2510 527 2551 cursorem
565 2508 692 2550 vero
722 2502 779 2550 et
818 2503 1235 2566 consequentem
1267 2494 1323 2550 in
1362 2493 1549 2550 eadem
1590 2492 1672 2547 via
1719 2505 1840 2549 esse

251 2588 524 2643 convenit.
553 2588 797 2643 Christus
822 2589 1000 2658 itaque
1029 2600 1321 2659 resurgens
1350 2602 1380 2643 a
1412 2585 1664 2651 mortuis,
1695 2600 1838 2654 pra:-

251 2681 424 2736 currit
463 2695 560 2735 nos
602 2680 668 2734 ad
704 2680 1040 2735 altitudinem
1084 2681 1393 2735 caelorum:
1436 2679 1715 2749 factusque
1758 2685 1843 2733 est

255 2772 417 2826 nobis
450 2785 767 2839 prmcursor,
795 2769 1088 2839 aperiendo
1113 2768 1270 2825 nobis
1297 2769 1493 2824 corium
1512 2808 1528 2837 ,
1561 2776 1618 2824 et
1643 2766 1839 2837 gaudia

262 2863 456 2932 patriae
480 2862 714 2917 cmlestis
740 2859 1033 2916 reddendo.
1065 2858 1129 2916 Si
1154 2874 1285 2928 ergo
1313 2859 1560 2915 volumus
1591 2857 1844 2929 subsequi

259 2966 651 3024 prmcursorem
683 2961 947 3018 nostrum,
980 2952 1258 3019 debemus,
1287 2953 1426 3009 sicut
1451 2959 1506 3007 et
1540 2952 1631 3009 ille
1657 2953 1844 3007 ambu-

258 3044 410 3109 lavit,
433 3053 487 3099 et
509 3060 607 3099 nos
631 3045 925 3101 ambulare.
951 3044 1064 3100 Hoc
1083 3053 1262 3100 autem
1281 3044 1346 3099 ad
1376 3053 1623 3101 naturam
1653 3046 1841 3099 huma-

258 3137 447 3192 nitatis
473 3136 597 3192 Filii
622 3137 711 3193 Dei
747 3137 998 3204 refertur,
1043 3138 1097 3193 in
1137 3152 1240 3209 qua
1280 3136 1627 3204 semetipan
1656 3135 1848 3191 obtulit

1938 1949 2028 1987 rea:
2054 1932 2253 1999 Salent,
2282 1934 2419 2003 quod
2447 1944 2521 1990 est
2548 1951 2637 1990 rex
2661 1938 2823 2007 pacis,
2852 1939 2960 1991 sine
2992 1946 3159 2008 patre,
3190 1940 3299 1993 sine
3328 1947 3510 2007 matre,

1937 2028 2045 2084 sine
2066 2027 2381 2100 genealogia,
2412 2045 2569 2100 neque
2593 2030 2799 2085 initium
2818 2031 3015 2085 dierum
3038 2048 3198 2100 neque
3225 2032 3379 2101 ﬁnem
3400 2033 3514 2087 vitta

1938 2120 2148 2176 habent.
2176 2121 2383 2190 Saepius
2408 2130 2585 2177 autem
2608 2120 2794 2178 beatus
2810 2123 3099 2193 Apostolus
3123 2123 3509 2179 Melchisedech

1908 2268 1911 2271 λ
1940 2212 1992 2269 in
2025 2223 2202 2286 typum
2227 2216 2435 2272 Domini
2461 2218 2740 2273 salvatoris
2763 2218 3085 2284 introducit;
3111 2217 3352 2290 quamvis
3373 2218 3512 2281 enim

1906 2360 1911 2363 Α
1942 2322 2080 2377 pene
2103 2323 2293 2364 omnes
2320 2312 2488 2364 sancti
2518 2319 2575 2365 et
2592 2311 2911 2381 patriarcha:
2931 2319 2985 2366 et
3010 2312 3286 2381 prophetae
3307 2310 3515 2380 priores

1942 2401 1997 2458 in
2025 2403 2203 2474 aliqua
2230 2419 2289 2460 re
2318 2404 2536 2475 ﬁguram
2572 2406 2780 2460 Domini
2808 2405 3094 2460 salvatoris
3122 2404 3510 2473 expresserim,

1945 2495 2067 2550 hinc
2106 2505 2279 2551 tamen
2315 2496 2699 2552 Melchisedech
2737 2496 3045 2567 specialius,
3074 2495 3162 2566 qui
3189 2510 3296 2551 non
3329 2494 3516 2550 fuitde

1910 2618 1917 2627 ~
1941 2602 2137 2658 genere
2163 2589 2491 2655 Judzeorum,
2520 2591 2570 2644 in
2596 2597 2782 2661 typum
2815 2589 3089 2659 praecessit
3111 2585 3398 2643 sacerdotii
3432 2587 3518 2661 Fi-

1912 2745 1917 2751 ,
1944 2679 1998 2734 lii
2030 2680 2143 2748 Dei,
2167 2679 2235 2735 de
2263 2696 2367 2751 quo
2387 2680 2515 2736 dicit
2544 2681 2685 2737 Deus
2713 2680 2870 2735 Pater
2899 2681 2950 2734 in
2983 2680 3188 2750 psalmo
3205 2695 3292 2736 ctx
3318 2697 3332 2735 :
3356 2679 3435 2735 Tu
3458 2692 3518 2741 es

1944 2769 2206 2826 Sacerdos
2250 2771 2300 2825 in
2340 2779 2598 2826 aeternum
2629 2771 2923 2826 secundum
2956 2772 3198 2827 ordinem
3230 2753 3516 2828 Melchise-

1945 2860 2103 2917 deeb.
2131 2860 2382 2917 Ordinem
2411 2868 2589 2917 autem
2619 2864 2734 2933 ejus
2764 2862 2945 2917 multis
2975 2862 3148 2917 nrodis
3176 2862 3520 2931 interpretari

1945 2968 2253 3026 possumus,
2284 2954 2425 3010 sicut
2447 2968 2604 3032 supra
2627 2955 2823 3011 dictum
2850 2961 2953 3022 est,
2978 2954 3185 3013 scilicet
3204 2952 3346 3026 quod
3368 2952 3518 3011 solus

1948 3062 2040 3103 rex
2059 3047 2216 3103 luerit
2245 3055 2301 3103 et
2323 3049 2594 3117 sacerdos,
2612 3058 2804 3106 etante
2825 3049 3285 3105 circumcisionem
3310 3050 3521 3107 iunctus

1951 3138 2272 3205 sacerdotio,
2304 3149 2485 3194 utnon
2514 3149 2701 3209 gentes
2720 3156 2749 3195 a
2770 3140 2989 3209 ludatis,
3013 3141 3107 3196 sed
3131 3140 3301 3196 Judaei
3329 3155 3359 3195 a
3389 3155 3523 3209 gen-

260 3230 377 3285 Deo
406 3229 551 3284 Patri
577 3230 628 3283 in
655 3238 744 3283 ara
775 3229 977 3296 crucis,
1029 3228 1354 3283 sacriﬁcium
1384 3228 1572 3283 salutis
1617 3235 1835 3281 nostrae.
1866 3228 1911 3290 C
1944 3230 2084 3285 tibus
2100 3231 2455 3286 sacerdotium
2483 3233 3005 3302 acceperint;neque
3030 3243 3221 3286 unctus
3247 3233 3366 3287 oleo
3396 3231 3522 3291 visi-

258 3320 442 3386 Quare
470 3318 716 3374 Christus
742 3318 1033 3375 secundum
1062 3316 1450 3373 Melchisedech
1502 3316 1710 3373 dicatur
1732 3317 1845 3369 exi-

259 3420 417 3467 stere
446 3411 727 3477 Sacerdos,
758 3410 886 3466 satis
914 3418 1097 3480 aperte
1130 3409 1211 3479 (ut
1234 3405 1381 3476 reor)
1412 3404 1569 3476 paulo
1599 3406 1843 3475 superius

260 3516 542 3562 ostensum
572 3514 687 3569 est;
714 3504 810 3560 sed
838 3503 981 3574 quod
1010 3501 1138 3557 dicit
1166 3501 1316 3557 illum
1345 3499 1595 3555 introisse
1621 3498 1676 3554 in
1707 3498 1844 3554 inte-

262 3598 415 3652 riora
440 3596 737 3663 velamiuis,
756 3609 903 3653 more
927 3592 1233 3664 pontiﬁcum
1256 3590 1566 3647 Judaeorum
1585 3589 1841 3661 loquitur,

261 3686 361 3755 qui
415 3684 581 3741 semel
632 3684 686 3739 in
725 3698 866 3739 anno
911 3681 1348 3753 ingrediebantur
1389 3679 1531 3736 intra
1569 3680 1745 3736 velum
1791 3688 1848 3736 et

260 3783 453 3833 sancta
494 3783 797 3831 sanctorum
823 3817 838 3843 ,
880 3774 1082 3829 oraturi
1128 3787 1227 3842 pro
1254 3770 1449 3843 pepulo
1476 3785 1491 3825 :
1520 3766 1844 3826 etCltristus

261 3874 481 3923 secreta
519 3866 667 3936 regni
711 3864 970 3919 cceiorum
1010 3873 1299 3935 penetrans
1345 3871 1465 3919 orat
1492 3860 1709 3919 assidue
1748 3876 1846 3932 pro

265 3960 447 4016 salute
480 3959 710 4014 ﬁdelium
741 3972 982 4014 suorum.

337 4048 471 4106 Car.
488 4065 580 4105 vn.
604 4049 700 4103 llic
718 4051 849 4105 enim
867 4048 1263 4117 Melchisedech,
1277 4064 1369 4107 rex
1397 4048 1594 4117 Solem,
1613 4050 1847 4104 sacerdos

268 4140 372 4197 Dei
398 4138 581 4194 summi
618 4138 715 4211 fuit
735 4179 749 4203 ,
776 4138 863 4209 qui
901 4138 1114 4194 obuiauit
1152 4139 1372 4193 Abrahae
1398 4154 1625 4208 regresso
1656 4155 1689 4192 a
1715 4140 1849 4193 aede

271 4248 479 4303 regum,
507 4241 553 4286 et
581 4230 827 4286 benedixit
870 4231 949 4298 ei,
982 4231 1063 4286 cui
1103 4240 1149 4286 et
1176 4231 1395 4285 decimas
1423 4232 1648 4285 omnium
1679 4230 1849 4285 divisit

273 4324 552 4378 Abraham.
580 4323 815 4378 Tradunt
847 4322 1056 4379 Hebraei
1086 4321 1477 4378 Melchisedech
1524 4321 1698 4390 ipsum
1731 4335 1850 4377 esse

277 4416 404 4471 Sem
448 4415 856 4483 primogenitum
886 4414 1033 4481 Noe;
1074 4416 1163 4483 qui
1193 4428 1258 4468 eo
1290 4424 1529 4482 tempore
1556 4427 1663 4483 quo
1693 4420 1850 4469 natus

278 4516 363 4561 est
390 4506 690 4571 Abraham,
722 4504 967 4560 habuerit
993 4519 1162 4560 annos
1190 4506 1361 4560 :etatis
1390 4504 1650 4559 ducentos
1681 4519 1849 4558 nona-

1942 3320 2055 3383 bili,
2087 3329 2144 3375 ut
2171 3321 2398 3397 Mosaiea
2431 3333 2695 3390 prsncepta
2738 3323 3095 3387 constituunt,
3134 3319 3228 3376 sed
3273 3310 3394 3376 oleo
3425 3335 3520 3375 ex-

1945 3410 2247 3466 sultationis
2270 3451 2287 3477 ,
2335 3410 2565 3483 ﬁdeique
2595 3413 2856 3481 puritate;
2887 3427 3060 3481 neque
3088 3411 3264 3466 carnis
3298 3420 3350 3466 ct
3391 3425 3521 3465 san-

1943 3502 2118 3572 guinis
2146 3502 2389 3558 victimas
2418 3502 2771 3558 imtnolaverit
2791 3544 2808 3567 ,
2835 3502 2929 3556 sed
2960 3516 3095 3571 pane
3134 3512 3190 3557 et
3218 3503 3361 3570 vino,
3394 3501 3523 3558 sint-

1946 3592 2173 3662 pliciqne
2215 3601 2269 3648 et
2298 3608 2430 3664 puro
2457 3592 2721 3649 sacriﬁcio
2761 3592 2958 3648 Christi
2988 3592 3313 3648 dedicaverit
3340 3600 3523 3647 sacer-

1947 3681 2167 3739 dotium.
2221 3684 2326 3740 Sed
2371 3686 2606 3755 primus,
2650 3697 2707 3741 ut
2750 3687 3038 3757 Apostolus
3102 3686 3263 3750 dicit,
3318 3687 3372 3743 in
3423 3682 3527 3740 hoc

1947 3776 2270 3831 assimilatur
2300 3776 2431 3832 Filio
2458 3777 2574 3845 Dei,
2605 3779 2727 3848 quia
2758 3779 3139 3847 interpretatur
3166 3791 3259 3832 rex
3279 3774 3525 3845 iustitiaa.

1946 3869 2185 3925 Melchon
2217 3870 2443 3938 ctenim,
2476 3869 2589 3925 sive
2628 3869 2854 3940 Melchi,
2888 3884 3068 3940 regem
3098 3879 3281 3935 sonat;
3317 3865 3529 3924 Sedech

1948 3976 2076 4017 vero
2101 3960 2276 4032 iustus
2297 4001 2312 4027 ,
2367 3961 2480 4016 sive
2505 3959 2707 4029 justitia
2737 3977 2751 4013 :
2780 3968 2835 4016 et
2863 3958 2982 4031 quis
3010 3970 3092 4015 est
3123 3972 3281 4015 verus
3310 3973 3405 4013 rex
3439 3954 3529 4033 iu-

1950 4052 2133 4117 stitiae,
2166 4050 2265 4106 nisi
2292 4049 2567 4109 Christus?
2596 4048 2685 4122 qui
2715 4049 2841 4108 dicit
2867 4052 2917 4107 itt
2950 4051 3175 4123 psalmo,
3210 4050 3320 4121 Ego
3347 4056 3527 4105 autem

1951 4145 2270 4198 constitutus
2310 4157 2429 4197 sum
2469 4156 2560 4197 rex
2585 4142 2651 4197 ab
2675 4157 2759 4197 eo.
2792 4141 2908 4212 Ipse
2946 4141 3087 4195 enim
3114 4141 3258 4210 iuste
3300 4148 3355 4196 et
3384 4140 3530 4195 recte

1953 4238 2107 4305 regit,
2135 4242 2191 4290 et
2210 4234 2471 4304 gubernat
2498 4234 2699 4289 electos
2725 4249 2872 4300 suos,
2897 4232 3119 4303 justitia:
3146 4242 3412 4288 amatores
3448 4230 3531 4285 er-

1955 4324 2139 4380 fectos.
2182 4325 2381 4379 Deinde
2420 4331 2596 4378 autem
2643 4321 2972 4379 assimilatur
3008 4320 3146 4374 Filio
3194 4319 3287 4375 Dei
3330 4333 3425 4391 per
3472 4319 3528 4373 id

1956 4414 2097 4485 quod
2150 4413 2345 4469 dicitur
2390 4429 2484 4469 rex
2542 4410 2722 4482 pacis,
2775 4406 2917 4483 quod
2973 4408 3209 4478 pertinet
3256 4408 3323 4465 ad
3380 4407 3533 4463 Chri-

1956 4519 2095 4561 stum
2113 4525 2124 4558 :
2142 4506 2313 4562 Saiem
2338 4505 2534 4578 quippe
2556 4502 2935 4576 interpretatur
2952 4517 3073 4574 pax.
3097 4498 3343 4561 Christus
3369 4501 3530 4573 igitur

279 4597 427 4666 ginta
446 4596 579 4652 duos
599 4611 612 4649 :
635 4609 807 4665 eoque
830 4603 1068 4665 tempore
1085 4608 1191 4666 quo
1206 4602 1450 4650 mortuus
1466 4592 1848 4663 estAbruham,
1878 4614 1934 4677 ι)
1959 4612 2055 4654 nos
2080 4595 2332 4669 iusaiﬁcat
2352 4638 2367 4665 ,
2401 4597 2491 4668 qui
2521 4603 2605 4652 est
2630 4611 2724 4652 rex
2754 4594 3005 4667 iustitiae,
3051 4602 3105 4651 et
3144 4592 3257 4665 ipse
3288 4592 3535 4665 paciﬁcat

279 4687 528 4744 habuerit
568 4703 735 4744 annos
779 4686 1100 4757 quingentos
1144 4684 1479 4756 septuaginta
1510 4686 1767 4757 quinque,
1798 4694 1853 4741 et

278 4782 352 4838 ita
397 4782 755 4851 supervixerit
800 4782 1068 4837 Abraham
1119 4794 1289 4836 annos
1330 4780 1543 4853 triginta
1588 4780 1854 4851 quinque,

282 4877 472 4946 quibus
500 4875 725 4945 expletis
754 4875 875 4930 lacti
907 4884 1029 4930 sunt
1055 4888 1242 4931 omnes
1270 4872 1383 4930 dies
1411 4873 1532 4928 vitae
1563 4872 1706 4928 illius
1736 4889 1859 4928 sex-

283 4971 426 5026 centi
455 4971 579 5026 anni
612 4989 624 5024 :
657 4984 757 5025 nec
781 4985 901 5027 esse
933 4971 1122 5026 mirum
1152 4970 1197 5024 si
1228 4969 1458 5026 Abrahae
1488 4970 1697 5025 obviam
1727 4985 1861 5040 pro-

286 5065 542 5131 cesserit,
572 5064 725 5134 cique
752 5079 941 5134 panem
972 5074 1027 5119 et
1072 5064 1251 5119 vinum
1282 5063 1538 5119 obtulerit
1576 5064 1716 5134 quod
1765 5065 1861 5119 ali-

288 5156 469 5223 nepoti
504 5170 602 5211 suo
627 5156 748 5227 iura
776 5155 1113 5226 paternitatis
1142 5155 1408 5223 debebat;
1440 5164 1493 5211 et
1522 5155 1863 5211 benedixerit

288 5246 359 5312 ei,
392 5248 728 5320 decimasque
774 5249 968 5320 praedae
992 5257 1151 5319 atque
1176 5247 1417 5304 victoriae
1458 5249 1525 5303 ab
1553 5262 1618 5303 eo
1645 5262 1864 5318 accepe-

288 5341 377 5402 rit,
409 5338 545 5395 sicut
576 5340 827 5396 sacerdos
858 5341 1070 5396 Excelsi
1096 5348 1152 5396 et
1180 5340 1373 5395 summi
1401 5338 1533 5406 Dei,
1564 5354 1669 5396 non
1696 5338 1864 5397 falso-

291 5442 405 5482 rum
439 5428 660 5485 deorum
687 5438 743 5485 et
765 5430 1030 5487 idolorum
1055 5448 1069 5486 :
1102 5432 1193 5501 qui
1220 5430 1323 5487 fuit
1353 5435 1511 5486 etiam
1539 5447 1631 5487 rex
1660 5428 1861 5488 Salem.

289 5520 471 5577 Salem
492 5533 693 5593 autem,
716 5524 855 5580 sicut
880 5525 1066 5581 beatus
1095 5524 1452 5595 Hieronymus
1482 5524 1633 5592 dicit,
1660 5540 1763 5579 non
1785 5533 1869 5580 est

296 5618 522 5683 putanda
574 5616 906 5673 Hierusalem
932 5660 946 5683 ,
996 5626 1055 5672 ut
1098 5615 1363 5689 .losephus
1407 5616 1869 5689 historiographus

296 5706 706 5777 nostrorumque
739 5708 950 5777 plurimi
983 5710 1340 5764 arbitrantur:
1373 5707 1467 5763 sed
1495 5708 1748 5778 oppidum
1789 5718 1871 5765 est

293 5793 446 5864 iuxta
465 5797 853 5868 Scythopolitn,
869 5801 1007 5870 quod
1025 5817 1193 5872 usque
1206 5800 1364 5855 hodie
1380 5800 1677 5869 appellatur
1694 5800 1871 5857 Solem

300 5885 411 5943 sive
435 5886 602 5944 Salim
624 5907 636 5944 :
660 5890 726 5946 de
748 5907 872 5962 quo,
902 5898 1036 5950 teste
1061 5888 1215 5951 bcalo
1240 5888 1589 5963 Hieronymo,
1614 5891 1665 5949 in
1697 5888 1873 5951 Evan-

1970 4688 2149 4745 omnia
2174 4706 2291 4761 qua:
2329 4688 2383 4744 in
2413 4686 2563 4745 caelis
2589 4692 2783 4759 etquae
2830 4682 2883 4741 in
2912 4687 3068 4743 terris
3095 4694 3251 4753 sunt,
3298 4686 3389 4758 qui
3440 4698 3537 4740 na-

1962 4783 2163 4840 scendo
2200 4794 2251 4839 ct
2276 4781 2556 4839 moriendo
2577 4823 2594 4853 ,
2626 4780 2954 4852 resurgendo
2982 4788 3142 4850 atque
3168 4772 3531 4844 ascendendo,

1965 4892 2145 4948 pacem
2171 4877 2350 4931 attulit
2376 4872 2598 4946 mundo,
2622 4875 2713 4946 qui
2738 4874 3029 4931 secundum
3053 4872 3390 4928 divinitatem
3420 4872 3537 4925 sinu

1964 4968 2069 5022 ﬁne
2099 4979 2151 5023 et
2179 4968 2294 5023 sine
2321 4966 2472 5022 initio
2504 4982 2596 5022 rex
2628 4970 2730 5031 est,
2762 4981 2829 5021 ex
2859 4971 3061 5020 aeterno
3084 4962 3243 5019 Patre
3273 4966 3538 5025 aeternus,

1964 5059 2205 5128 quamvis
2233 5074 2301 5112 ex
2331 5057 2609 5126 temporali
2645 5065 2814 5113 matre
2839 5054 3156 5127 temporalis
3185 5062 3331 5109 esset
3357 5072 3368 5105 :
3396 5054 3536 5106 sicut

1966 5150 2117 5207 istius
2159 5146 2545 5204 Melchisedech
2590 5162 2696 5203 non
2727 5147 2951 5218 legimus
3001 5144 3209 5201 initium
3244 5143 3329 5199 vel
3379 5142 3537 5196 ﬁnem

1966 5244 2018 5299 in
2050 5242 2320 5313 Scriptura
2352 5256 2501 5297 saera
2529 5258 2541 5295 :
2571 5243 2650 5296 sic
2674 5254 2779 5295 non
2811 5236 3036 5310 legimus
3062 5232 3181 5292 Filii
3207 5235 3299 5291 Del
3330 5234 3539 5289 initium

1964 5332 2050 5397 vci
2085 5332 2243 5391 ﬁnem
2277 5353 2290 5390 :
2333 5350 2439 5389 non
2471 5340 2553 5389 est
2582 5334 2725 5389 enim
2770 5328 2972 5402 aliquid
3021 5331 3213 5387 horum
3254 5326 3305 5383 in
3352 5337 3541 5383 natura

1970 5422 2185 5485 deitatis
2213 5445 2225 5481 :
2257 5433 2311 5482 et
2338 5424 2393 5482 in
2440 5425 2543 5481 hoc
2574 5428 2658 5481 est
2705 5421 3033 5492 similitudo,
3070 5421 3213 5494 quod
3242 5432 3339 5477 nec
3375 5417 3540 5483 illius,

1970 5537 2067 5577 nec
2098 5520 2252 5576 istius
2284 5518 2490 5574 initium
2519 5518 2710 5588 legitur
2737 5519 2816 5573 vel
2846 5514 2988 5571 ﬁnis.
3015 5512 3162 5572 illius
3195 5522 3395 5577 autem,
3421 5513 3543 5581 quia

1972 5624 2076 5667 non
2110 5618 2190 5667 est
2217 5608 2510 5680 scriptum;
2545 5609 2698 5665 istius
2728 5608 2942 5678 quidem
2969 5647 2984 5674 ,
3016 5607 3136 5678 quia
3182 5600 3404 5661 omnino
3433 5618 3540 5659 non

1973 5714 2054 5761 est
2079 5722 2091 5757 :
2126 5717 2296 5774 neque
2322 5700 2463 5757 enim
2495 5696 2594 5757 sub
2625 5714 2729 5771 quo
2759 5708 2913 5754 natus
2939 5706 3019 5754 est
3046 5694 3436 5753 Melchisedech
3466 5695 3542 5750 le-

1976 5798 2136 5871 gitur,
2158 5813 2328 5868 ncque
2351 5795 2562 5866 quando
2583 5804 2822 5849 mortuus
2841 5799 2924 5848 est
2952 5798 3225 5857 narratur;
3251 5788 3346 5846 sed
3372 5787 3548 5843 subito

1981 5888 2374 5962 introducitur,
2416 5890 2556 5951 sicut
2606 5897 2660 5950 et
2689 5884 2854 5948 Ellas.
2904 5885 3013 5949 Nec
3066 5887 3287 5948 omnino
3321 5883 3548 5945 creticu-

3248 6053 3327 6070 arW'
