  <div class='ocr_page' id='page_1' title='image "/cluster/home/n/w/nwhite01/storage/ocr_20150623/68/hvd.32044015469331/369.png"; bbox 0 0 3968 6354; ppageno 0'>
   <div class='ocr_carea' id='block_1_1' title="bbox 539 276 639 335">
    <p class='ocr_par' dir='ltr' id='par_1_1' title="bbox 539 276 639 335">
     <span class='ocr_line' id='line_1_1' title="bbox 539 276 639 335; baseline 0.02 -2"><span class='ocrx_word' id='word_1_1' title='bbox 539 276 639 335; x_wconf 72' lang='lat'><strong>727</strong></span> 
     </span>
    </p>
   </div>
   <div class='ocr_carea' id='block_1_2' title="bbox 1656 261 2709 333">
    <p class='ocr_par' dir='ltr' id='par_1_2' title="bbox 1656 261 2709 333">
     <span class='ocr_line' id='line_1_2' title="bbox 1656 261 2709 333; baseline -0.017 1"><span class='ocrx_word' id='word_1_2' title='bbox 1656 271 1961 333; x_wconf 75' lang='lat' dir='ltr'><strong>PRIMASII</strong></span> <span class='ocrx_word' id='word_1_3' title='bbox 2002 263 2455 331; x_wconf 75' lang='lat' dir='ltr'><strong>ADRUMETANI</strong></span> <span class='ocrx_word' id='word_1_4' title='bbox 2494 261 2709 319; x_wconf 73' lang='lat' dir='ltr'><strong>EPISC.</strong></span> 
     </span>
    </p>
   </div>
   <div class='ocr_carea' id='block_1_3' title="bbox 3744 272 3855 329">
    <p class='ocr_par' dir='ltr' id='par_1_3' title="bbox 3744 272 3855 329">
     <span class='ocr_line' id='line_1_3' title="bbox 3744 272 3855 329; baseline 0.018 -2"><span class='ocrx_word' id='word_1_5' title='bbox 3744 272 3855 329; x_wconf 74' lang='lat'><strong>7&#39;28</strong></span> 
     </span>
    </p>
   </div>
   <div class='ocr_carea' id='block_1_4' title="bbox 534 384 3847 467">
    <p class='ocr_par' dir='ltr' id='par_1_4' title="bbox 534 384 3847 467">
     <span class='ocr_line' id='line_1_4' title="bbox 534 384 3847 467; baseline -0.002 -17"><span class='ocrx_word' id='word_1_6' title='bbox 534 395 665 451; x_wconf 89' lang='lat' dir='ltr'><strong>dum</strong></span> <span class='ocrx_word' id='word_1_7' title='bbox 697 392 782 452; x_wconf 83' lang='lat' dir='ltr'><strong>est</strong></span> <span class='ocrx_word' id='word_1_8' title='bbox 806 394 949 467; x_wconf 87' lang='lat' dir='ltr'><strong>quod</strong></span> <span class='ocrx_word' id='word_1_9' title='bbox 992 393 1385 452; x_wconf 77' lang='lat' dir='ltr'><strong>Melchisedech</strong></span> <span class='ocrx_word' id='word_1_10' title='bbox 1416 392 1533 451; x_wconf 83' lang='lat' dir='ltr'><strong>sine</strong></span> <span class='ocrx_word' id='word_1_11' title='bbox 1560 402 1711 465; x_wconf 89' lang='lat' dir='ltr'><strong>patre</strong></span> <span class='ocrx_word' id='word_1_12' title='bbox 1741 401 1834 448; x_wconf 88' lang='lat' dir='ltr'><strong>aut</strong></span> <span class='ocrx_word' id='word_1_13' title='bbox 1859 393 1976 448; x_wconf 88' lang='lat' dir='ltr'><strong>sine</strong></span> <span class='ocrx_word' id='word_1_14' title='bbox 2006 405 2118 446; x_wconf 88' lang='lat' dir='ltr'><strong>ma-</strong></span> <span class='ocrx_word' id='word_1_15' title='bbox 2148 400 2197 457; x_wconf 78' lang='grc' dir='ltr'><strong>Α</strong></span> <span class='ocrx_word' id='word_1_16' title='bbox 2226 386 2544 443; x_wconf 73' lang='lat' dir='ltr'><strong>benedictus</strong></span> <span class='ocrx_word' id='word_1_17' title='bbox 2573 396 2658 443; x_wconf 88' lang='lat' dir='ltr'><strong>est</strong></span> <span class='ocrx_word' id='word_1_18' title='bbox 2685 400 2715 441; x_wconf 74' lang='grc' dir='ltr'>ι</span> <span class='ocrx_word' id='word_1_19' title='bbox 2747 384 3151 443; x_wconf 76' lang='lat' dir='ltr'><strong>Melchisedech</strong></span> <span class='ocrx_word' id='word_1_20' title='bbox 3194 385 3485 444; x_wconf 87' lang='lat' dir='ltr'><strong>sacerdote</strong></span> <span class='ocrx_word' id='word_1_21' title='bbox 3527 387 3847 444; x_wconf 82' lang='lat' dir='ltr'><strong>incircum-</strong></span> 
     </span>
    </p>
   </div>
   <div class='ocr_carea' id='block_1_5' title="bbox 536 488 2121 560">
    <p class='ocr_par' dir='ltr' id='par_1_5' title="bbox 536 488 2121 560">
     <span class='ocr_line' id='line_1_5' title="bbox 536 488 2121 560; baseline -0.004 -15"><span class='ocrx_word' id='word_1_22' title='bbox 536 501 621 547; x_wconf 87' lang='lat' dir='ltr'><strong>tre</strong></span> <span class='ocrx_word' id='word_1_23' title='bbox 642 498 808 559; x_wconf 88' lang='lat' dir='ltr'><strong>esset,</strong></span> <span class='ocrx_word' id='word_1_24' title='bbox 843 506 965 547; x_wconf 90' lang='lat' dir='ltr'><strong>cum</strong></span> <span class='ocrx_word' id='word_1_25' title='bbox 988 489 1236 546; x_wconf 77' lang='lat' dir='ltr'><strong>Christus</strong></span> <span class='ocrx_word' id='word_1_26' title='bbox 1263 504 1475 560; x_wconf 87' lang='lat' dir='ltr'><strong>quoque</strong></span> <span class='ocrx_word' id='word_1_27' title='bbox 1506 488 1803 544; x_wconf 89' lang='lat' dir='ltr'><strong>secundum</strong></span> <span class='ocrx_word' id='word_1_28' title='bbox 1838 496 2121 555; x_wconf 88' lang='lat' dir='ltr'><strong>utramque</strong></span> 
     </span>
    </p>
   </div>
   <div class='ocr_carea' id='block_1_6' title="bbox 536 580 2121 651">
    <p class='ocr_par' dir='ltr' id='par_1_6' title="bbox 536 580 2121 651">
     <span class='ocr_line' id='line_1_6' title="bbox 536 580 2121 651; baseline -0.005 -10"><span class='ocrx_word' id='word_1_29' title='bbox 536 598 782 641; x_wconf 89' lang='lat' dir='ltr'><strong>naturam</strong></span> <span class='ocrx_word' id='word_1_30' title='bbox 820 595 877 641; x_wconf 90' lang='lat' dir='ltr'><strong>et</strong></span> <span class='ocrx_word' id='word_1_31' title='bbox 904 595 1131 640; x_wconf 88' lang='lat' dir='ltr'><strong>matrem</strong></span> <span class='ocrx_word' id='word_1_32' title='bbox 1162 584 1435 648; x_wconf 93' lang='lat' dir='ltr'><strong>habuerit,</strong></span> <span class='ocrx_word' id='word_1_33' title='bbox 1478 590 1536 636; x_wconf 91' lang='lat' dir='ltr'><strong>et</strong></span> <span class='ocrx_word' id='word_1_34' title='bbox 1557 590 1794 651; x_wconf 85' lang='lat' dir='ltr'><strong>patrem;</strong></span> <span class='ocrx_word' id='word_1_35' title='bbox 1837 580 1932 637; x_wconf 89' lang='lat' dir='ltr'><strong>sed</strong></span> <span class='ocrx_word' id='word_1_36' title='bbox 1962 595 2121 650; x_wconf 88' lang='lat' dir='ltr'><strong>prop-</strong></span> 
     </span>
    </p>
   </div>
   <div class='ocr_carea' id='block_1_7' title="bbox 536 674 2119 744">
    <p class='ocr_par' dir='ltr' id='par_1_7' title="bbox 536 674 2119 744">
     <span class='ocr_line' id='line_1_7' title="bbox 536 674 2119 744; baseline -0.002 -14"><span class='ocrx_word' id='word_1_37' title='bbox 536 688 687 734; x_wconf 83' lang='lat' dir='ltr'><strong>terea</strong></span> <span class='ocrx_word' id='word_1_38' title='bbox 718 678 820 732; x_wconf 92' lang='lat' dir='ltr'><strong>hoc</strong></span> <span class='ocrx_word' id='word_1_39' title='bbox 855 676 1048 733; x_wconf 90' lang='lat' dir='ltr'><strong>dicitur</strong></span> <span class='ocrx_word' id='word_1_40' title='bbox 1073 677 1142 733; x_wconf 89' lang='lat' dir='ltr'><strong>de</strong></span> <span class='ocrx_word' id='word_1_41' title='bbox 1168 676 1281 743; x_wconf 92' lang='lat' dir='ltr'><strong>illo,</strong></span> <span class='ocrx_word' id='word_1_42' title='bbox 1315 674 1439 744; x_wconf 85' lang='lat' dir='ltr'><strong>quia</strong></span> <span class='ocrx_word' id='word_1_43' title='bbox 1468 674 1648 730; x_wconf 90' lang='lat' dir='ltr'><strong>subito</strong></span> <span class='ocrx_word' id='word_1_44' title='bbox 1677 674 2037 729; x_wconf 85' lang='lat' dir='ltr'><strong>introducitur</strong></span> <span class='ocrx_word' id='word_1_45' title='bbox 2063 674 2119 728; x_wconf 91' lang='lat' dir='ltr'><strong>in</strong></span> 
     </span>
    </p>
   </div>
   <div class='ocr_carea' id='block_1_8' title="bbox 541 764 2121 837">
    <p class='ocr_par' dir='ltr' id='par_1_8' title="bbox 541 764 2121 837">
     <span class='ocr_line' id='line_1_8' title="bbox 541 764 2121 837; baseline -0.002 -13"><span class='ocrx_word' id='word_1_46' title='bbox 541 768 720 824; x_wconf 86' lang='lat' dir='ltr'><strong>divina</strong></span> <span class='ocrx_word' id='word_1_47' title='bbox 761 768 1058 837; x_wconf 85' lang='lat' dir='ltr'><strong>Scriptura,</strong></span> <span class='ocrx_word' id='word_1_48' title='bbox 1102 768 1239 822; x_wconf 89' lang='lat' dir='ltr'><strong>sicut</strong></span> <span class='ocrx_word' id='word_1_49' title='bbox 1266 765 1520 834; x_wconf 76' lang='lat' dir='ltr'><strong>diximus,</strong></span> <span class='ocrx_word' id='word_1_50' title='bbox 1554 776 1609 821; x_wconf 91' lang='lat' dir='ltr'><strong>et</strong></span> <span class='ocrx_word' id='word_1_51' title='bbox 1636 766 1946 835; x_wconf 86' lang='lat' dir='ltr'><strong>genealogia</strong></span> <span class='ocrx_word' id='word_1_52' title='bbox 1979 764 2121 821; x_wconf 89' lang='lat' dir='ltr'><strong>illius</strong></span> 
     </span>
    </p>
   </div>
   <div class='ocr_carea' id='block_1_9' title="bbox 537 858 2121 931">
    <p class='ocr_par' dir='ltr' id='par_1_9' title="bbox 537 858 2121 931">
     <span class='ocr_line' id='line_1_9' title="bbox 537 858 2121 931; baseline -0.003 -14"><span class='ocrx_word' id='word_1_53' title='bbox 537 876 647 917; x_wconf 85' lang='lat' dir='ltr'><strong>non</strong></span> <span class='ocrx_word' id='word_1_54' title='bbox 678 870 1129 917; x_wconf 84' lang='lat' dir='ltr'><strong>commemoratur</strong></span> <span class='ocrx_word' id='word_1_55' title='bbox 1156 876 1169 908; x_wconf 82' lang='lat'><strong>:</strong></span> <span class='ocrx_word' id='word_1_56' title='bbox 1202 860 1270 916; x_wconf 91' lang='lat' dir='ltr'><strong>de</strong></span> <span class='ocrx_word' id='word_1_57' title='bbox 1299 876 1404 931; x_wconf 91' lang='lat' dir='ltr'><strong>quo</strong></span> <span class='ocrx_word' id='word_1_58' title='bbox 1448 870 1503 915; x_wconf 91' lang='lat' dir='ltr'><strong>et</strong></span> <span class='ocrx_word' id='word_1_59' title='bbox 1546 858 1762 925; x_wconf 90' lang='lat' dir='ltr'><strong>dicitur,</strong></span> <span class='ocrx_word' id='word_1_60' title='bbox 1792 858 2121 913; x_wconf 86' lang='lat' dir='ltr'><strong>Assimilatus</strong></span> 
     </span>
    </p>
   </div>
   <div class='ocr_carea' id='block_1_10' title="bbox 535 953 2122 1024">
    <p class='ocr_par' dir='ltr' id='par_1_10' title="bbox 535 953 2122 1024">
     <span class='ocr_line' id='line_1_10' title="bbox 535 953 2122 1024; baseline -0.003 -15"><span class='ocrx_word' id='word_1_61' title='bbox 535 964 704 1010; x_wconf 86' lang='lat' dir='ltr'><strong>autem</strong></span> <span class='ocrx_word' id='word_1_62' title='bbox 729 954 869 1009; x_wconf 84' lang='lat' dir='ltr'><strong>Filio</strong></span> <span class='ocrx_word' id='word_1_63' title='bbox 890 953 1007 1022; x_wconf 90' lang='lat' dir='ltr'><strong>Dei,</strong></span> <span class='ocrx_word' id='word_1_64' title='bbox 1042 954 1094 1009; x_wconf 91' lang='lat' dir='ltr'><strong>in</strong></span> <span class='ocrx_word' id='word_1_65' title='bbox 1124 953 1207 1008; x_wconf 90' lang='lat' dir='ltr'><strong>his</strong></span> <span class='ocrx_word' id='word_1_66' title='bbox 1234 953 1483 1009; x_wconf 88' lang='lat' dir='ltr'><strong>omnibus</strong></span> <span class='ocrx_word' id='word_1_67' title='bbox 1509 953 1755 1024; x_wconf 85' lang='lat' dir='ltr'><strong>superius</strong></span> <span class='ocrx_word' id='word_1_68' title='bbox 1786 953 1978 1019; x_wconf 84' lang='lat' dir='ltr'><strong>dictis,</strong></span> <span class='ocrx_word' id='word_1_69' title='bbox 2011 968 2122 1006; x_wconf 90' lang='lat' dir='ltr'><strong>ma-</strong></span> 
     </span>
    </p>
   </div>
   <div class='ocr_carea' id='block_1_11' title="bbox 534 1044 2116 1112">
    <p class='ocr_par' dir='ltr' id='par_1_11' title="bbox 534 1044 2116 1112">
     <span class='ocr_line' id='line_1_11' title="bbox 534 1044 2116 1112; baseline 0.001 -13"><span class='ocrx_word' id='word_1_70' title='bbox 534 1054 619 1099; x_wconf 96' lang='lat' dir='ltr'><strong>net</strong></span> <span class='ocrx_word' id='word_1_71' title='bbox 657 1046 891 1100; x_wconf 78' lang='lat' dir='ltr'><strong>sacerdos</strong></span> <span class='ocrx_word' id='word_1_72' title='bbox 922 1046 974 1099; x_wconf 91' lang='lat' dir='ltr'><strong>in</strong></span> <span class='ocrx_word' id='word_1_73' title='bbox 1006 1057 1272 1101; x_wconf 75' lang='lat' dir='ltr'><strong>mleruum.</strong></span> <span class='ocrx_word' id='word_1_74' title='bbox 1319 1046 1437 1101; x_wconf 82' lang='lat' dir='ltr'><strong>Non</strong></span> <span class='ocrx_word' id='word_1_75' title='bbox 1468 1047 1521 1101; x_wconf 81' lang='lat' dir='ltr'><strong>in</strong></span> <span class='ocrx_word' id='word_1_76' title='bbox 1562 1060 1644 1112; x_wconf 91' lang='lat' dir='ltr'><strong>se,</strong></span> <span class='ocrx_word' id='word_1_77' title='bbox 1677 1046 1770 1099; x_wconf 89' lang='lat' dir='ltr'><strong>sed</strong></span> <span class='ocrx_word' id='word_1_78' title='bbox 1801 1046 1855 1100; x_wconf 93' lang='lat' dir='ltr'><strong>in</strong></span> <span class='ocrx_word' id='word_1_79' title='bbox 1882 1044 2116 1101; x_wconf 81' lang='lat' dir='ltr'><strong>Christo.</strong></span> 
     </span>
    </p>
   </div>
   <div class='ocr_carea' id='block_1_12' title="bbox 533 1138 2120 1208">
    <p class='ocr_par' dir='ltr' id='par_1_12' title="bbox 533 1138 2120 1208">
     <span class='ocr_line' id='line_1_12' title="bbox 533 1138 2120 1208; baseline 0 -14"><span class='ocrx_word' id='word_1_80' title='bbox 533 1138 667 1194; x_wconf 69' lang='lat' dir='ltr'><strong>Nam</strong></span> <span class='ocrx_word' id='word_1_81' title='bbox 696 1138 1092 1195; x_wconf 75' lang='lat' dir='ltr'><strong>Melchisedech</strong></span> <span class='ocrx_word' id='word_1_82' title='bbox 1119 1149 1360 1194; x_wconf 87' lang='lat' dir='ltr'><strong>mortuus</strong></span> <span class='ocrx_word' id='word_1_83' title='bbox 1388 1150 1488 1203; x_wconf 88' lang='lat' dir='ltr'><strong>est,</strong></span> <span class='ocrx_word' id='word_1_84' title='bbox 1510 1139 1603 1193; x_wconf 89' lang='lat' dir='ltr'><strong>sed</strong></span> <span class='ocrx_word' id='word_1_85' title='bbox 1632 1138 1798 1208; x_wconf 91' lang='lat' dir='ltr'><strong>figura</strong></span> <span class='ocrx_word' id='word_1_86' title='bbox 1823 1139 1939 1208; x_wconf 88' lang='lat' dir='ltr'><strong>ejus</strong></span> <span class='ocrx_word' id='word_1_87' title='bbox 1961 1149 2120 1194; x_wconf 83' lang='lat' dir='ltr'><strong>aeter-</strong></span> 
     </span>
    </p>
   </div>
   <div class='ocr_carea' id='block_1_13' title="bbox 530 1229 2118 1287">
    <p class='ocr_par' dir='ltr' id='par_1_13' title="bbox 530 1229 2118 1287">
     <span class='ocr_line' id='line_1_13' title="bbox 530 1229 2118 1287; baseline 0 -1"><span class='ocrx_word' id='word_1_88' title='bbox 530 1232 727 1286; x_wconf 71' lang='lat' dir='ltr'><strong>nillilCl‘</strong></span> <span class='ocrx_word' id='word_1_89' title='bbox 762 1248 809 1283; x_wconf 92' lang='lat' dir='ltr'><strong>Ill</strong></span> <span class='ocrx_word' id='word_1_90' title='bbox 840 1229 1055 1286; x_wconf 87' lang='lat' dir='ltr'><strong>Christo</strong></span> <span class='ocrx_word' id='word_1_91' title='bbox 1086 1242 1285 1287; x_wconf 89' lang='lat' dir='ltr'><strong>manet.</strong></span> <span class='ocrx_word' id='word_1_92' title='bbox 1331 1231 1639 1287; x_wconf 89' lang='lat' dir='ltr'><strong>Similitudo</strong></span> <span class='ocrx_word' id='word_1_93' title='bbox 1686 1239 1864 1285; x_wconf 88' lang='lat' dir='ltr'><strong>autem</strong></span> <span class='ocrx_word' id='word_1_94' title='bbox 1898 1231 1982 1286; x_wconf 89' lang='lat' dir='ltr'><strong>hic</strong></span> <span class='ocrx_word' id='word_1_95' title='bbox 2012 1247 2118 1287; x_wconf 93' lang='lat' dir='ltr'><strong>non</strong></span> 
     </span>
    </p>
   </div>
   <div class='ocr_carea' id='block_1_14' title="bbox 530 1321 2116 1393">
    <p class='ocr_par' dir='ltr' id='par_1_14' title="bbox 530 1321 2116 1393">
     <span class='ocr_line' id='line_1_14' title="bbox 530 1321 2116 1393; baseline 0.001 -17"><span class='ocrx_word' id='word_1_96' title='bbox 530 1336 628 1391; x_wconf 88' lang='lat' dir='ltr'><strong>pro</strong></span> <span class='ocrx_word' id='word_1_97' title='bbox 668 1331 825 1377; x_wconf 75' lang='lat' dir='ltr'><strong>:rtate</strong></span> <span class='ocrx_word' id='word_1_98' title='bbox 862 1323 1106 1391; x_wconf 67' lang='lat' dir='ltr'><strong>poliitur,</strong></span> <span class='ocrx_word' id='word_1_99' title='bbox 1149 1324 1245 1378; x_wconf 90' lang='lat' dir='ltr'><strong>sed</strong></span> <span class='ocrx_word' id='word_1_100' title='bbox 1289 1338 1384 1391; x_wconf 90' lang='lat' dir='ltr'><strong>pro</strong></span> <span class='ocrx_word' id='word_1_101' title='bbox 1416 1324 1605 1393; x_wconf 86' lang='lat' dir='ltr'><strong>figura.</strong></span> <span class='ocrx_word' id='word_1_102' title='bbox 1639 1321 1920 1377; x_wconf 80' lang='lat' dir='ltr'><strong>Intuemini</strong></span> <span class='ocrx_word' id='word_1_103' title='bbox 1950 1332 2116 1378; x_wconf 89' lang='lat' dir='ltr'><strong>autem</strong></span> 
     </span>
    </p>
   </div>
   <div class='ocr_carea' id='block_1_15' title="bbox 530 1414 2118 1484">
    <p class='ocr_par' dir='ltr' id='par_1_15' title="bbox 530 1414 2118 1484">
     <span class='ocr_line' id='line_1_15' title="bbox 530 1414 2118 1484; baseline 0.001 -18"><span class='ocrx_word' id='word_1_104' title='bbox 530 1424 749 1483; x_wconf 84' lang='lat' dir='ltr'><strong>quantus</strong></span> <span class='ocrx_word' id='word_1_105' title='bbox 792 1415 856 1468; x_wconf 87' lang='lat' dir='ltr'><strong>sit</strong></span> <span class='ocrx_word' id='word_1_106' title='bbox 884 1414 997 1477; x_wconf 84' lang='lat' dir='ltr'><strong>hic,</strong></span> <span class='ocrx_word' id='word_1_107' title='bbox 1030 1416 1111 1469; x_wconf 88' lang='lat' dir='ltr'><strong>cui</strong></span> <span class='ocrx_word' id='word_1_108' title='bbox 1138 1416 1357 1469; x_wconf 83' lang='lat' dir='ltr'><strong>decimas</strong></span> <span class='ocrx_word' id='word_1_109' title='bbox 1387 1416 1525 1469; x_wconf 87' lang='lat' dir='ltr'><strong>dedit</strong></span> <span class='ocrx_word' id='word_1_110' title='bbox 1555 1416 1620 1469; x_wconf 87' lang='lat' dir='ltr'><strong>de</strong></span> <span class='ocrx_word' id='word_1_111' title='bbox 1644 1416 1917 1484; x_wconf 76' lang='lat' dir='ltr'><strong>praecipuis</strong></span> <span class='ocrx_word' id='word_1_112' title='bbox 1945 1414 2118 1469; x_wconf 87' lang='lat' dir='ltr'><strong>Abra-</strong></span> 
     </span>
    </p>
   </div>
   <div class='ocr_carea' id='block_1_16' title="bbox 528 1503 2119 1576">
    <p class='ocr_par' dir='ltr' id='par_1_16' title="bbox 528 1503 2119 1576">
     <span class='ocr_line' id='line_1_16' title="bbox 528 1503 2119 1576; baseline 0.003 -20"><span class='ocrx_word' id='word_1_113' title='bbox 528 1503 653 1558; x_wconf 97' lang='lat' dir='ltr'><strong>ham</strong></span> <span class='ocrx_word' id='word_1_114' title='bbox 694 1506 1008 1576; x_wconf 81' lang='lat' dir='ltr'><strong>patriarcha.</strong></span> <span class='ocrx_word' id='word_1_115' title='bbox 1054 1505 1332 1560; x_wconf 83' lang='lat' dir='ltr'><strong>Convertit</strong></span> <span class='ocrx_word' id='word_1_116' title='bbox 1368 1520 1673 1561; x_wconf 83' lang='lat' dir='ltr'><strong>sermonem</strong></span> <span class='ocrx_word' id='word_1_117' title='bbox 1716 1521 1871 1562; x_wconf 89' lang='lat' dir='ltr'><strong>suum</strong></span> <span class='ocrx_word' id='word_1_118' title='bbox 1910 1505 1977 1560; x_wconf 91' lang='lat' dir='ltr'><strong>ad</strong></span> <span class='ocrx_word' id='word_1_119' title='bbox 2023 1519 2119 1561; x_wconf 89' lang='lat' dir='ltr'><strong>eos</strong></span> 
     </span>
    </p>
   </div>
   <div class='ocr_carea' id='block_1_17' title="bbox 528 1595 2115 1667">
    <p class='ocr_par' dir='ltr' id='par_1_17' title="bbox 528 1595 2115 1667">
     <span class='ocr_line' id='line_1_17' title="bbox 528 1595 2115 1667; baseline 0.001 -17"><span class='ocrx_word' id='word_1_120' title='bbox 528 1595 620 1665; x_wconf 90' lang='lat' dir='ltr'><strong>qui</strong></span> <span class='ocrx_word' id='word_1_121' title='bbox 648 1596 948 1667; x_wconf 77' lang='lat' dir='ltr'><strong>gloriantur</strong></span> <span class='ocrx_word' id='word_1_122' title='bbox 987 1611 1046 1651; x_wconf 90' lang='lat' dir='ltr'><strong>se</strong></span> <span class='ocrx_word' id='word_1_123' title='bbox 1082 1597 1220 1652; x_wconf 91' lang='lat' dir='ltr'><strong>filios</strong></span> <span class='ocrx_word' id='word_1_124' title='bbox 1248 1610 1367 1652; x_wconf 87' lang='lat' dir='ltr'><strong>esse</strong></span> <span class='ocrx_word' id='word_1_125' title='bbox 1396 1596 1661 1661; x_wconf 64' lang='lat' dir='ltr'><strong>Abrahae.</strong></span> <span class='ocrx_word' id='word_1_126' title='bbox 1692 1606 1747 1653; x_wconf 93' lang='lat' dir='ltr'><strong>et</strong></span> <span class='ocrx_word' id='word_1_127' title='bbox 1778 1597 2115 1652; x_wconf 87' lang='lat' dir='ltr'><strong>nobilitatem</strong></span> 
     </span>
    </p>
   </div>
   <div class='ocr_carea' id='block_1_18' title="bbox 428 1688 2118 1760">
    <p class='ocr_par' dir='ltr' id='par_1_18' title="bbox 428 1688 2118 1760">
     <span class='ocr_line' id='line_1_18' title="bbox 428 1688 2118 1760; baseline 0.001 -17"><span class='ocrx_word' id='word_1_128' title='bbox 428 1748 437 1751; x_wconf 97' lang='lat'>_</span> <span class='ocrx_word' id='word_1_129' title='bbox 527 1689 741 1759; x_wconf 83' lang='lat' dir='ltr'><strong>generis</strong></span> <span class='ocrx_word' id='word_1_130' title='bbox 768 1689 949 1743; x_wconf 86' lang='lat' dir='ltr'><strong>abillo</strong></span> <span class='ocrx_word' id='word_1_131' title='bbox 972 1688 1170 1744; x_wconf 91' lang='lat' dir='ltr'><strong>ducere</strong></span> <span class='ocrx_word' id='word_1_132' title='bbox 1197 1704 1258 1746; x_wconf 91' lang='lat' dir='ltr'><strong>se</strong></span> <span class='ocrx_word' id='word_1_133' title='bbox 1279 1688 1481 1759; x_wconf 89' lang='lat' dir='ltr'><strong>jactant</strong></span> <span class='ocrx_word' id='word_1_134' title='bbox 1511 1705 1526 1742; x_wconf 91' lang='lat'>:</span> <span class='ocrx_word' id='word_1_135' title='bbox 1564 1688 1705 1744; x_wconf 91' lang='lat' dir='ltr'><strong>unde</strong></span> <span class='ocrx_word' id='word_1_136' title='bbox 1735 1689 1791 1744; x_wconf 92' lang='lat' dir='ltr'><strong>in</strong></span> <span class='ocrx_word' id='word_1_137' title='bbox 1827 1689 2118 1760; x_wconf 83' lang='lat' dir='ltr'><strong>Evangelio</strong></span> 
     </span>
    </p>
   </div>
   <div class='ocr_carea' id='block_1_19' title="bbox 2223 480 3844 551">
    <p class='ocr_par' dir='ltr' id='par_1_19' title="bbox 2223 480 3844 551">
     <span class='ocr_line' id='line_1_19' title="bbox 2223 480 3844 551; baseline -0.002 -13"><span class='ocrx_word' id='word_1_138' title='bbox 2223 482 2367 548; x_wconf 90' lang='lat' dir='ltr'><strong>ciso,</strong></span> <span class='ocrx_word' id='word_1_139' title='bbox 2398 483 2532 538; x_wconf 87' lang='lat' dir='ltr'><strong>dans</strong></span> <span class='ocrx_word' id='word_1_140' title='bbox 2560 483 2609 539; x_wconf 88' lang='lat' dir='ltr'><strong>ei</strong></span> <span class='ocrx_word' id='word_1_141' title='bbox 2636 482 2874 538; x_wconf 79' lang='lat' dir='ltr'><strong>decimas</strong></span> <span class='ocrx_word' id='word_1_142' title='bbox 2904 484 3073 537; x_wconf 83' lang='lat' dir='ltr'><strong>totius</strong></span> <span class='ocrx_word' id='word_1_143' title='bbox 3105 481 3321 551; x_wconf 57' lang='lat' dir='ltr'><strong>prada.</strong></span> <span class='ocrx_word' id='word_1_144' title='bbox 3353 480 3719 537; x_wconf 83' lang='lat' dir='ltr'><strong>Benedicens</strong></span> <span class='ocrx_word' id='word_1_145' title='bbox 3746 498 3844 535; x_wconf 81' lang='lat' dir='ltr'><strong>an-</strong></span> 
     </span>
    </p>
   </div>
   <div class='ocr_carea' id='block_1_20' title="bbox 2223 573 3836 634">
    <p class='ocr_par' dir='ltr' id='par_1_20' title="bbox 2223 573 3836 634">
     <span class='ocr_line' id='line_1_20' title="bbox 2223 573 3836 634; baseline -0.002 -3"><span class='ocrx_word' id='word_1_146' title='bbox 2223 585 2330 634; x_wconf 88' lang='lat' dir='ltr'><strong>tem</strong></span> <span class='ocrx_word' id='word_1_147' title='bbox 2365 593 2489 633; x_wconf 92' lang='lat' dir='ltr'><strong>eum</strong></span> <span class='ocrx_word' id='word_1_148' title='bbox 2540 576 2932 634; x_wconf 75' lang='lat' dir='ltr'><strong>Melchisedech</strong></span> <span class='ocrx_word' id='word_1_149' title='bbox 2983 576 3109 631; x_wconf 86' lang='lat' dir='ltr'><strong>ait:</strong></span> <span class='ocrx_word' id='word_1_150' title='bbox 3164 575 3493 631; x_wconf 80' lang='lat' dir='ltr'><strong>Benedictus</strong></span> <span class='ocrx_word' id='word_1_151' title='bbox 3542 573 3836 629; x_wconf 72' lang='lat' dir='ltr'><strong>Abraham</strong></span> 
     </span>
    </p>
   </div>
   <div class='ocr_carea' id='block_1_21' title="bbox 2222 666 3834 741">
    <p class='ocr_par' dir='ltr' id='par_1_21' title="bbox 2222 666 3834 741">
     <span class='ocr_line' id='line_1_21' title="bbox 2222 666 3834 741; baseline -0.002 -16"><span class='ocrx_word' id='word_1_152' title='bbox 2222 670 2365 737; x_wconf 90' lang='lat' dir='ltr'><strong>Deo,</strong></span> <span class='ocrx_word' id='word_1_153' title='bbox 2415 684 2522 741; x_wconf 90' lang='lat' dir='ltr'><strong>quo</strong></span> <span class='ocrx_word' id='word_1_154' title='bbox 2561 678 2883 741; x_wconf 75' lang='lat' dir='ltr'><strong>protegente</strong></span> <span class='ocrx_word' id='word_1_155' title='bbox 2916 670 3102 724; x_wconf 85' lang='lat' dir='ltr'><strong>hostes</strong></span> <span class='ocrx_word' id='word_1_156' title='bbox 3132 668 3184 722; x_wconf 91' lang='lat' dir='ltr'><strong>in</strong></span> <span class='ocrx_word' id='word_1_157' title='bbox 3214 682 3372 723; x_wconf 87' lang='lat' dir='ltr'><strong>manu</strong></span> <span class='ocrx_word' id='word_1_158' title='bbox 3402 666 3529 735; x_wconf 87' lang='lat' dir='ltr'><strong>ejus</strong></span> <span class='ocrx_word' id='word_1_159' title='bbox 3557 675 3739 732; x_wconf 85' lang='lat' dir='ltr'><strong>sunt,</strong></span> <span class='ocrx_word' id='word_1_160' title='bbox 3784 678 3834 722; x_wconf 79' lang='lat' dir='ltr'><strong>et</strong></span> 
     </span>
    </p>
   </div>
   <div class='ocr_carea' id='block_1_22' title="bbox 2218 758 3832 833">
    <p class='ocr_par' dir='ltr' id='par_1_22' title="bbox 2218 758 3832 833">
     <span class='ocr_line' id='line_1_22' title="bbox 2218 758 3832 833; baseline -0.004 -14"><span class='ocrx_word' id='word_1_161' title='bbox 2218 763 2324 819; x_wconf 75' lang='lat' dir='ltr'><strong>alia</strong></span> <span class='ocrx_word' id='word_1_162' title='bbox 2345 802 2362 829; x_wconf 96' lang='lat'><strong>,</strong></span> <span class='ocrx_word' id='word_1_163' title='bbox 2390 778 2513 833; x_wconf 77' lang='lat' dir='ltr'><strong>quae</strong></span> <span class='ocrx_word' id='word_1_164' title='bbox 2542 770 2843 832; x_wconf 89' lang='lat' dir='ltr'><strong>sequuntur</strong></span> <span class='ocrx_word' id='word_1_165' title='bbox 2874 761 2926 815; x_wconf 93' lang='lat' dir='ltr'><strong>in</strong></span> <span class='ocrx_word' id='word_1_166' title='bbox 2955 761 3146 815; x_wconf 88' lang='lat' dir='ltr'><strong>eodem</strong></span> <span class='ocrx_word' id='word_1_167' title='bbox 3173 759 3316 815; x_wconf 81' lang='lat' dir='ltr'><strong>loco.</strong></span> <span class='ocrx_word' id='word_1_168' title='bbox 3348 758 3481 813; x_wconf 87' lang='lat' dir='ltr'><strong>Sine</strong></span> <span class='ocrx_word' id='word_1_169' title='bbox 3508 766 3699 813; x_wconf 75' lang='lat' dir='ltr'><strong>auten:</strong></span> <span class='ocrx_word' id='word_1_170' title='bbox 3733 762 3832 812; x_wconf 70' lang='lat' dir='ltr'><strong>alia</strong></span> 
     </span>
    </p>
   </div>
   <div class='ocr_carea' id='block_1_23' title="bbox 2234 850 3827 925">
    <p class='ocr_par' dir='ltr' id='par_1_23' title="bbox 2234 850 3827 925">
     <span class='ocr_line' id='line_1_23' title="bbox 2234 850 3827 925; baseline -0.003 -15"><span class='ocrx_word' id='word_1_171' title='bbox 2234 855 2665 920; x_wconf 78' lang='lat' dir='ltr'><strong>contradictione,</strong></span> <span class='ocrx_word' id='word_1_172' title='bbox 2693 853 2831 925; x_wconf 90' lang='lat' dir='ltr'><strong>quod</strong></span> <span class='ocrx_word' id='word_1_173' title='bbox 2858 853 3027 908; x_wconf 79' lang='lat' dir='ltr'><strong>minus</strong></span> <span class='ocrx_word' id='word_1_174' title='bbox 3054 861 3148 917; x_wconf 80' lang='lat' dir='ltr'><strong>est,</strong></span> <span class='ocrx_word' id='word_1_175' title='bbox 3178 867 3213 906; x_wconf 79' lang='grc' dir='ltr'><em>α</em></span> <span class='ocrx_word' id='word_1_176' title='bbox 3242 850 3454 906; x_wconf 77' lang='lat' dir='ltr'><strong>meliore</strong></span> <span class='ocrx_word' id='word_1_177' title='bbox 3482 851 3827 905; x_wconf 63' lang='lat' dir='ltr'><strong>benedicatur.</strong></span> 
     </span>
    </p>
   </div>
   <div class='ocr_carea' id='block_1_24' title="bbox 2221 945 3825 1015">
    <p class='ocr_par' dir='ltr' id='par_1_24' title="bbox 2221 945 3825 1015">
     <span class='ocr_line' id='line_1_24' title="bbox 2221 945 3825 1015; baseline 0.001 -16"><span class='ocrx_word' id='word_1_178' title='bbox 2221 947 2386 1015; x_wconf 84' lang='lat' dir='ltr'><strong>Quasi</strong></span> <span class='ocrx_word' id='word_1_179' title='bbox 2426 949 2635 1004; x_wconf 80' lang='lat' dir='ltr'><strong>diceret</strong></span> <span class='ocrx_word' id='word_1_180' title='bbox 2663 965 2679 1005; x_wconf 88' lang='lat'><strong>:</strong></span> <span class='ocrx_word' id='word_1_181' title='bbox 2706 947 2967 1003; x_wconf 85' lang='lat' dir='ltr'><strong>Omnibus</strong></span> <span class='ocrx_word' id='word_1_182' title='bbox 3008 948 3126 1003; x_wconf 90' lang='lat' dir='ltr'><strong>luce</strong></span> <span class='ocrx_word' id='word_1_183' title='bbox 3167 946 3369 1002; x_wconf 87' lang='lat' dir='ltr'><strong>clarius</strong></span> <span class='ocrx_word' id='word_1_184' title='bbox 3408 945 3648 1000; x_wconf 80' lang='lat' dir='ltr'><strong>videtur</strong></span> <span class='ocrx_word' id='word_1_185' title='bbox 3693 948 3825 1015; x_wconf 73' lang='lat' dir='ltr'><strong>quod</strong></span> 
     </span>
    </p>
   </div>
   <div class='ocr_carea' id='block_1_25' title="bbox 2222 1037 3821 1108">
    <p class='ocr_par' dir='ltr' id='par_1_25' title="bbox 2222 1037 3821 1108">
     <span class='ocr_line' id='line_1_25' title="bbox 2222 1037 3821 1108; baseline -0.004 -10"><span class='ocrx_word' id='word_1_186' title='bbox 2222 1044 2403 1098; x_wconf 89' lang='lat' dir='ltr'><strong>minor</strong></span> <span class='ocrx_word' id='word_1_187' title='bbox 2434 1056 2465 1095; x_wconf 86' lang='lat' dir='ltr'><strong>a</strong></span> <span class='ocrx_word' id='word_1_188' title='bbox 2493 1042 2703 1108; x_wconf 86' lang='lat' dir='ltr'><strong>majore</strong></span> <span class='ocrx_word' id='word_1_189' title='bbox 2737 1040 3093 1096; x_wconf 89' lang='lat' dir='ltr'><strong>benedicitur.</strong></span> <span class='ocrx_word' id='word_1_190' title='bbox 3141 1040 3294 1095; x_wconf 91' lang='lat' dir='ltr'><strong>Unde</strong></span> <span class='ocrx_word' id='word_1_191' title='bbox 3339 1038 3631 1094; x_wconf 85' lang='lat' dir='ltr'><strong>Abraham</strong></span> <span class='ocrx_word' id='word_1_192' title='bbox 3682 1037 3821 1108; x_wconf 85' lang='lat' dir='ltr'><strong>quasi</strong></span> 
     </span>
    </p>
   </div>
   <div class='ocr_carea' id='block_1_26' title="bbox 2222 1133 3819 1204">
    <p class='ocr_par' dir='ltr' id='par_1_26' title="bbox 2222 1133 3819 1204">
     <span class='ocr_line' id='line_1_26' title="bbox 2222 1133 3819 1204; baseline -0.003 -13"><span class='ocrx_word' id='word_1_193' title='bbox 2222 1138 2424 1201; x_wconf 89' lang='lat' dir='ltr'><strong>minor,</strong></span> <span class='ocrx_word' id='word_1_194' title='bbox 2458 1152 2488 1191; x_wconf 90' lang='lat' dir='ltr'><strong>a</strong></span> <span class='ocrx_word' id='word_1_195' title='bbox 2518 1134 2914 1191; x_wconf 76' lang='lat' dir='ltr'><strong>Melchisedech</strong></span> <span class='ocrx_word' id='word_1_196' title='bbox 2946 1142 3199 1204; x_wconf 86' lang='lat' dir='ltr'><strong>tanquam</strong></span> <span class='ocrx_word' id='word_1_197' title='bbox 3227 1148 3258 1187; x_wconf 89' lang='lat' dir='ltr'><strong>a</strong></span> <span class='ocrx_word' id='word_1_198' title='bbox 3291 1134 3529 1189; x_wconf 88' lang='lat' dir='ltr'><strong>meliore</strong></span> 
     </span>
    </p>
   </div>
   <div class='ocr_carea' id='block_1_27' title="bbox 2223 1225 3817 1298">
    <p class='ocr_par' dir='ltr' id='par_1_27' title="bbox 2223 1225 3817 1298">
     <span class='ocr_line' id='line_1_27' title="bbox 2223 1225 3817 1298; baseline -0.003 -13"><span class='ocrx_word' id='word_1_199' title='bbox 2223 1238 2333 1294; x_wconf 90' lang='lat' dir='ltr'><strong>tur,</strong></span> <span class='ocrx_word' id='word_1_200' title='bbox 2365 1229 2449 1284; x_wconf 90' lang='lat' dir='ltr'><strong>vel</strong></span> <span class='ocrx_word' id='word_1_201' title='bbox 2484 1228 2913 1284; x_wconf 85' lang='lat' dir='ltr'><strong>benedictionem</strong></span> <span class='ocrx_word' id='word_1_202' title='bbox 2948 1227 3188 1298; x_wconf 82' lang='lat' dir='ltr'><strong>percepit</strong></span> <span class='ocrx_word' id='word_1_203' title='bbox 3219 1244 3233 1283; x_wconf 90' lang='lat'><strong>:</strong></span> <span class='ocrx_word' id='word_1_204' title='bbox 3269 1226 3506 1295; x_wconf 85' lang='lat' dir='ltr'><strong>proinde</strong></span> <span class='ocrx_word' id='word_1_205' title='bbox 3534 1225 3725 1295; x_wconf 81' lang='lat' dir='ltr'><strong>major</strong></span> <span class='ocrx_word' id='word_1_206' title='bbox 3749 1235 3817 1281; x_wconf 85' lang='lat' dir='ltr'><strong>est</strong></span> 
     </span>
    </p>
   </div>
   <div class='ocr_carea' id='block_1_28' title="bbox 2198 1321 3814 1391">
    <p class='ocr_par' dir='ltr' id='par_1_28' title="bbox 2198 1321 3814 1391">
     <span class='ocr_line' id='line_1_28' title="bbox 2198 1321 3814 1391; baseline 0.002 -15"><span class='ocrx_word' id='word_1_207' title='bbox 2198 1336 2284 1377; x_wconf 56' lang='lat' dir='ltr'><strong>ac</strong></span> <span class='ocrx_word' id='word_1_208' title='bbox 2317 1322 2510 1376; x_wconf 87' lang='lat' dir='ltr'><strong>melior</strong></span> <span class='ocrx_word' id='word_1_209' title='bbox 2540 1332 2699 1391; x_wconf 86' lang='lat' dir='ltr'><strong>typus</strong></span> <span class='ocrx_word' id='word_1_210' title='bbox 2724 1322 2925 1376; x_wconf 76' lang='lat' dir='ltr'><strong>Christi</strong></span> <span class='ocrx_word' id='word_1_211' title='bbox 2948 1336 3108 1388; x_wconf 85' lang='lat' dir='ltr'><strong>quam</strong></span> <span class='ocrx_word' id='word_1_212' title='bbox 3134 1321 3277 1375; x_wconf 88' lang='lat' dir='ltr'><strong>illius</strong></span> <span class='ocrx_word' id='word_1_213' title='bbox 3304 1321 3396 1390; x_wconf 89' lang='lat' dir='ltr'><strong>qui</strong></span> <span class='ocrx_word' id='word_1_214' title='bbox 3424 1321 3814 1388; x_wconf 65' lang='lat' dir='ltr'><strong>promissiones</strong></span> 
     </span>
    </p>
   </div>
   <div class='ocr_carea' id='block_1_29' title="bbox 2221 1412 3811 1483">
    <p class='ocr_par' dir='ltr' id='par_1_29' title="bbox 2221 1412 3811 1483">
     <span class='ocr_line' id='line_1_29' title="bbox 2221 1412 3811 1483; baseline 0.002 -16"><span class='ocrx_word' id='word_1_215' title='bbox 2221 1412 2291 1470; x_wconf 89' lang='lat' dir='ltr'><strong>de</strong></span> <span class='ocrx_word' id='word_1_216' title='bbox 2322 1414 2542 1468; x_wconf 88' lang='lat' dir='ltr'><strong>Christo</strong></span> <span class='ocrx_word' id='word_1_217' title='bbox 2575 1413 2827 1469; x_wconf 83' lang='lat' dir='ltr'><strong>habebat.</strong></span> <span class='ocrx_word' id='word_1_218' title='bbox 2856 1412 2921 1466; x_wconf 86' lang='lat' dir='ltr'><strong>Et</strong></span> <span class='ocrx_word' id='word_1_219' title='bbox 2945 1415 3028 1467; x_wconf 86' lang='lat' dir='ltr'><strong>hic</strong></span> <span class='ocrx_word' id='word_1_220' title='bbox 3048 1413 3252 1483; x_wconf 83' lang='lat' dir='ltr'><strong>quidem</strong></span> <span class='ocrx_word' id='word_1_221' title='bbox 3280 1412 3564 1468; x_wconf 80' lang='lat' dir='ltr'><strong>morientes</strong></span> <span class='ocrx_word' id='word_1_222' title='bbox 3598 1414 3811 1471; x_wconf 63' lang='lat' dir='ltr'><strong>homines</strong></span> 
     </span>
    </p>
   </div>
   <div class='ocr_carea' id='block_1_30' title="bbox 2221 1504 3801 1576">
    <p class='ocr_par' dir='ltr' id='par_1_30' title="bbox 2221 1504 3801 1576">
     <span class='ocr_line' id='line_1_30' title="bbox 2221 1504 3801 1576; baseline 0.002 -18"><span class='ocrx_word' id='word_1_223' title='bbox 2221 1506 2443 1558; x_wconf 75' lang='lat' dir='ltr'><strong>decimas</strong></span> <span class='ocrx_word' id='word_1_224' title='bbox 2471 1506 2734 1575; x_wconf 88' lang='lat' dir='ltr'><strong>accipiunt</strong></span> <span class='ocrx_word' id='word_1_225' title='bbox 2757 1522 2775 1561; x_wconf 80' lang='lat'><strong>.&#39;</strong></span> <span class='ocrx_word' id='word_1_226' title='bbox 2804 1504 2875 1559; x_wconf 83' lang='lat' dir='ltr'><strong>ibi</strong></span> <span class='ocrx_word' id='word_1_227' title='bbox 2903 1514 3076 1559; x_wconf 86' lang='lat' dir='ltr'><strong>autem</strong></span> <span class='ocrx_word' id='word_1_228' title='bbox 3113 1514 3425 1559; x_wconf 85' lang='lat' dir='ltr'><strong>contestatur</strong></span> <span class='ocrx_word' id='word_1_229' title='bbox 3452 1546 3470 1570; x_wconf 92' lang='lat'><strong>,</strong></span> <span class='ocrx_word' id='word_1_230' title='bbox 3514 1507 3652 1576; x_wconf 79' lang='lat' dir='ltr'><strong>quia</strong></span> <span class='ocrx_word' id='word_1_231' title='bbox 3680 1510 3801 1561; x_wconf 70' lang='lat' dir='ltr'><strong>eicit.</strong></span> 
     </span>
    </p>
   </div>
   <div class='ocr_carea' id='block_1_31' title="bbox 2221 1596 3800 1669">
    <p class='ocr_par' dir='ltr' id='par_1_31' title="bbox 2221 1596 3800 1669">
     <span class='ocr_line' id='line_1_31' title="bbox 2221 1596 3800 1669; baseline 0.001 -18"><span class='ocrx_word' id='word_1_232' title='bbox 2221 1596 2289 1651; x_wconf 86' lang='lat' dir='ltr'><strong>Et</strong></span> <span class='ocrx_word' id='word_1_233' title='bbox 2312 1606 2367 1651; x_wconf 88' lang='lat' dir='ltr'><strong>ut</strong></span> <span class='ocrx_word' id='word_1_234' title='bbox 2387 1599 2458 1650; x_wconf 89' lang='lat' dir='ltr'><strong>ita</strong></span> <span class='ocrx_word' id='word_1_235' title='bbox 2480 1597 2673 1650; x_wconf 88' lang='lat' dir='ltr'><strong>dictum</strong></span> <span class='ocrx_word' id='word_1_236' title='bbox 2698 1598 2784 1663; x_wconf 88' lang='lat' dir='ltr'><strong>sit,</strong></span> <span class='ocrx_word' id='word_1_237' title='bbox 2812 1613 2902 1669; x_wconf 89' lang='lat' dir='ltr'><strong>per</strong></span> <span class='ocrx_word' id='word_1_238' title='bbox 2924 1596 3183 1651; x_wconf 83' lang='lat' dir='ltr'><strong>Abraham</strong></span> <span class='ocrx_word' id='word_1_239' title='bbox 3208 1607 3259 1652; x_wconf 86' lang='lat' dir='ltr'><strong>et</strong></span> <span class='ocrx_word' id='word_1_240' title='bbox 3281 1597 3433 1664; x_wconf 81' lang='lat' dir='ltr'><strong>Levi,</strong></span> <span class='ocrx_word' id='word_1_241' title='bbox 3460 1599 3557 1668; x_wconf 85' lang='lat' dir='ltr'><strong>qui</strong></span> <span class='ocrx_word' id='word_1_242' title='bbox 3589 1601 3800 1653; x_wconf 68' lang='lat' dir='ltr'><strong>decimas</strong></span> 
     </span>
    </p>
   </div>
   <div class='ocr_carea' id='block_1_32' title="bbox 2221 1689 3801 1762">
    <p class='ocr_par' dir='ltr' id='par_1_32' title="bbox 2221 1689 3801 1762">
     <span class='ocr_line' id='line_1_32' title="bbox 2221 1689 3801 1762; baseline 0.003 -17"><span class='ocrx_word' id='word_1_243' title='bbox 2221 1694 2438 1759; x_wconf 87' lang='lat' dir='ltr'><strong>accepit,</strong></span> <span class='ocrx_word' id='word_1_244' title='bbox 2460 1692 2741 1746; x_wconf 81' lang='lat' dir='ltr'><strong>decimatas</strong></span> <span class='ocrx_word' id='word_1_245' title='bbox 2763 1701 2857 1747; x_wconf 89' lang='lat' dir='ltr'><strong>cst.</strong></span> <span class='ocrx_word' id='word_1_246' title='bbox 2886 1689 3007 1757; x_wconf 83' lang='lat' dir='ltr'><strong>Hic,</strong></span> <span class='ocrx_word' id='word_1_247' title='bbox 3029 1691 3222 1762; x_wconf 92' lang='lat' dir='ltr'><strong>inquit,</strong></span> <span class='ocrx_word' id='word_1_248' title='bbox 3239 1691 3340 1747; x_wconf 91' lang='lat' dir='ltr'><strong>hoc</strong></span> <span class='ocrx_word' id='word_1_249' title='bbox 3365 1701 3451 1747; x_wconf 89' lang='lat' dir='ltr'><strong>est</strong></span> <span class='ocrx_word' id='word_1_250' title='bbox 3476 1692 3535 1746; x_wconf 93' lang='lat' dir='ltr'><strong>in</strong></span> <span class='ocrx_word' id='word_1_251' title='bbox 3560 1696 3801 1762; x_wconf 63' lang='lat' dir='ltr'><strong>prasenli</strong></span> 
     </span>
    </p>
   </div>
   <div class='ocr_carea' id='block_1_33' title="bbox 528 1779 3803 1851">
    <p class='ocr_par' dir='ltr' id='par_1_33' title="bbox 528 1779 3803 1851">
     <span class='ocr_line' id='line_1_33' title="bbox 528 1779 3803 1851; baseline 0.002 -15"><span class='ocrx_word' id='word_1_252' title='bbox 528 1779 761 1837; x_wconf 86' lang='lat' dir='ltr'><strong>Domino</strong></span> <span class='ocrx_word' id='word_1_253' title='bbox 791 1796 912 1838; x_wconf 91' lang='lat' dir='ltr'><strong>eum</strong></span> <span class='ocrx_word' id='word_1_254' title='bbox 946 1796 1258 1851; x_wconf 75' lang='lat' dir='ltr'><strong>praeponere</strong></span> <span class='ocrx_word' id='word_1_255' title='bbox 1284 1782 1638 1849; x_wconf 89' lang='lat' dir='ltr'><strong>conabantur,</strong></span> <span class='ocrx_word' id='word_1_256' title='bbox 1671 1782 1805 1837; x_wconf 90' lang='lat' dir='ltr'><strong>dum</strong></span> <span class='ocrx_word' id='word_1_257' title='bbox 1836 1782 2116 1839; x_wconf 88' lang='lat' dir='ltr'><strong>dicerent:</strong></span> <span class='ocrx_word' id='word_1_258' title='bbox 2151 1779 2199 1839; x_wconf 90' lang='lat' dir='ltr'><strong>B</strong></span> <span class='ocrx_word' id='word_1_259' title='bbox 2225 1784 2447 1849; x_wconf 66' lang='lat' dir='ltr'><strong>saeculo,</strong></span> <span class='ocrx_word' id='word_1_260' title='bbox 2476 1783 2565 1839; x_wconf 91' lang='lat' dir='ltr'><strong>vel</strong></span> <span class='ocrx_word' id='word_1_261' title='bbox 2597 1784 2648 1837; x_wconf 90' lang='lat' dir='ltr'><strong>in</strong></span> <span class='ocrx_word' id='word_1_262' title='bbox 2672 1783 2893 1851; x_wconf 89' lang='lat' dir='ltr'><strong>templo,</strong></span> <span class='ocrx_word' id='word_1_263' title='bbox 2925 1782 3066 1851; x_wconf 92' lang='lat' dir='ltr'><strong>quod</strong></span> <span class='ocrx_word' id='word_1_264' title='bbox 3089 1782 3265 1838; x_wconf 88' lang='lat' dir='ltr'><strong>adhuc</strong></span> <span class='ocrx_word' id='word_1_265' title='bbox 3290 1782 3498 1849; x_wconf 84' lang='lat' dir='ltr'><strong>stabat,</strong></span> <span class='ocrx_word' id='word_1_266' title='bbox 3527 1784 3803 1841; x_wconf 66' lang='lat' dir='ltr'><strong>morientes</strong></span> 
     </span>
    </p>
   </div>
   <div class='ocr_carea' id='block_1_34' title="bbox 521 1870 2112 1947">
    <p class='ocr_par' dir='ltr' id='par_1_34' title="bbox 521 1870 2112 1947">
     <span class='ocr_line' id='line_1_34' title="bbox 521 1870 2112 1947; baseline 0.003 -20"><span class='ocrx_word' id='word_1_267' title='bbox 521 1870 771 1943; x_wconf 84' lang='lat' dir='ltr'><strong>Nunquid</strong></span> <span class='ocrx_word' id='word_1_268' title='bbox 820 1881 874 1928; x_wconf 94' lang='lat' dir='ltr'><strong>tu</strong></span> <span class='ocrx_word' id='word_1_269' title='bbox 919 1874 1092 1945; x_wconf 90' lang='lat' dir='ltr'><strong>major</strong></span> <span class='ocrx_word' id='word_1_270' title='bbox 1138 1890 1197 1930; x_wconf 94' lang='lat' dir='ltr'><strong>es</strong></span> <span class='ocrx_word' id='word_1_271' title='bbox 1238 1884 1390 1944; x_wconf 89' lang='lat' dir='ltr'><strong>patre</strong></span> <span class='ocrx_word' id='word_1_272' title='bbox 1430 1884 1617 1931; x_wconf 88' lang='lat' dir='ltr'><strong>nostro</strong></span> <span class='ocrx_word' id='word_1_273' title='bbox 1661 1873 1970 1943; x_wconf 84' lang='lat' dir='ltr'><strong>Abraham,</strong></span> <span class='ocrx_word' id='word_1_274' title='bbox 2018 1878 2112 1947; x_wconf 93' lang='lat' dir='ltr'><strong>qui</strong></span> 
     </span>
    </p>
   </div>
   <div class='ocr_carea' id='block_1_35' title="bbox 521 1968 2115 2040">
    <p class='ocr_par' dir='ltr' id='par_1_35' title="bbox 521 1968 2115 2040">
     <span class='ocr_line' id='line_1_35' title="bbox 521 1968 2115 2040; baseline 0.005 -20"><span class='ocrx_word' id='word_1_275' title='bbox 521 1977 766 2022; x_wconf 84' lang='lat' dir='ltr'><strong>mortuus</strong></span> <span class='ocrx_word' id='word_1_276' title='bbox 793 1968 900 2022; x_wconf 84' lang='lat' dir='ltr'><strong>est?</strong></span> <span class='ocrx_word' id='word_1_277' title='bbox 923 1968 993 2024; x_wconf 88' lang='lat' dir='ltr'><strong>Ut</strong></span> <span class='ocrx_word' id='word_1_278' title='bbox 1018 1984 1145 2039; x_wconf 90' lang='lat' dir='ltr'><strong>ergo</strong></span> <span class='ocrx_word' id='word_1_279' title='bbox 1170 1968 1385 2025; x_wconf 91' lang='lat' dir='ltr'><strong>illorum</strong></span> <span class='ocrx_word' id='word_1_280' title='bbox 1419 1970 1725 2040; x_wconf 70' lang='lat' dir='ltr'><strong>superbiam</strong></span> <span class='ocrx_word' id='word_1_281' title='bbox 1755 1971 2115 2028; x_wconf 88' lang='lat' dir='ltr'><strong>confunderet</strong></span> 
     </span>
    </p>
   </div>
   <div class='ocr_carea' id='block_1_36' title="bbox 517 2058 2103 2135">
    <p class='ocr_par' dir='ltr' id='par_1_36' title="bbox 517 2058 2103 2135">
     <span class='ocr_line' id='line_1_36' title="bbox 517 2058 2103 2135; baseline 0.004 -22"><span class='ocrx_word' id='word_1_282' title='bbox 517 2058 825 2128; x_wconf 87' lang='lat' dir='ltr'><strong>Apostolus,</strong></span> <span class='ocrx_word' id='word_1_283' title='bbox 864 2061 1001 2115; x_wconf 83' lang='lat' dir='ltr'><strong>dixit</strong></span> <span class='ocrx_word' id='word_1_284' title='bbox 1033 2077 1048 2117; x_wconf 88' lang='lat'><strong>:</strong></span> <span class='ocrx_word' id='word_1_285' title='bbox 1092 2061 1395 2128; x_wconf 86' lang='lat' dir='ltr'><strong>Intuemini,</strong></span> <span class='ocrx_word' id='word_1_286' title='bbox 1420 2073 1476 2118; x_wconf 91' lang='lat' dir='ltr'><strong>et</strong></span> <span class='ocrx_word' id='word_1_287' title='bbox 1503 2063 1765 2120; x_wconf 88' lang='lat' dir='ltr'><strong>attendite</strong></span> <span class='ocrx_word' id='word_1_288' title='bbox 1795 2064 2103 2135; x_wconf 88' lang='lat' dir='ltr'><strong>diligenter,</strong></span> 
     </span>
    </p>
   </div>
   <div class='ocr_carea' id='block_1_37' title="bbox 516 2152 2109 2222">
    <p class='ocr_par' dir='ltr' id='par_1_37' title="bbox 516 2152 2109 2222">
     <span class='ocr_line' id='line_1_37' title="bbox 516 2152 2109 2222; baseline 0.007 -18"><span class='ocrx_word' id='word_1_289' title='bbox 516 2158 748 2222; x_wconf 88' lang='lat' dir='ltr'><strong>quantus</strong></span> <span class='ocrx_word' id='word_1_290' title='bbox 777 2152 938 2209; x_wconf 82' lang='lat' dir='ltr'><strong>fuerit</strong></span> <span class='ocrx_word' id='word_1_291' title='bbox 970 2153 1056 2210; x_wconf 89' lang='lat' dir='ltr'><strong>hic</strong></span> <span class='ocrx_word' id='word_1_292' title='bbox 1085 2154 1513 2222; x_wconf 77' lang='lat' dir='ltr'><strong>Melchisedech,</strong></span> <span class='ocrx_word' id='word_1_293' title='bbox 1544 2159 1800 2213; x_wconf 90' lang='lat' dir='ltr'><strong>sacerdos</strong></span> <span class='ocrx_word' id='word_1_294' title='bbox 1836 2159 1932 2214; x_wconf 90' lang='lat' dir='ltr'><strong>Dei</strong></span> <span class='ocrx_word' id='word_1_295' title='bbox 1958 2174 2109 2215; x_wconf 78' lang='lat' dir='ltr'><strong>sum-</strong></span> 
     </span>
    </p>
   </div>
   <div class='ocr_carea' id='block_1_38' title="bbox 514 2246 2110 2323">
    <p class='ocr_par' dir='ltr' id='par_1_38' title="bbox 514 2246 2110 2323">
     <span class='ocr_line' id='line_1_38' title="bbox 514 2246 2110 2323; baseline 0.004 -22"><span class='ocrx_word' id='word_1_296' title='bbox 514 2246 620 2313; x_wconf 88' lang='lat' dir='ltr'><strong>mi,</strong></span> <span class='ocrx_word' id='word_1_297' title='bbox 650 2249 736 2303; x_wconf 92' lang='lat' dir='ltr'><strong>cui</strong></span> <span class='ocrx_word' id='word_1_298' title='bbox 765 2247 1007 2303; x_wconf 88' lang='lat' dir='ltr'><strong>decimas</strong></span> <span class='ocrx_word' id='word_1_299' title='bbox 1036 2248 1185 2305; x_wconf 91' lang='lat' dir='ltr'><strong>dedit</strong></span> <span class='ocrx_word' id='word_1_300' title='bbox 1228 2250 1499 2306; x_wconf 82' lang='lat' dir='ltr'><strong>Abraham</strong></span> <span class='ocrx_word' id='word_1_301' title='bbox 1536 2252 1842 2321; x_wconf 87' lang='lat' dir='ltr'><strong>patriarcha</strong></span> <span class='ocrx_word' id='word_1_302' title='bbox 1870 2254 1938 2308; x_wconf 92' lang='lat' dir='ltr'><strong>de</strong></span> <span class='ocrx_word' id='word_1_303' title='bbox 1973 2268 2110 2323; x_wconf 77' lang='lat' dir='ltr'><strong>pra:-</strong></span> 
     </span>
    </p>
   </div>
   <div class='ocr_carea' id='block_1_39' title="bbox 514 2339 2107 2414">
    <p class='ocr_par' dir='ltr' id='par_1_39' title="bbox 514 2339 2107 2414">
     <span class='ocr_line' id='line_1_39' title="bbox 514 2339 2107 2414; baseline 0.006 -19"><span class='ocrx_word' id='word_1_304' title='bbox 514 2339 722 2409; x_wconf 83' lang='lat' dir='ltr'><strong>cipuis,</strong></span> <span class='ocrx_word' id='word_1_305' title='bbox 761 2340 816 2395; x_wconf 90' lang='lat' dir='ltr'><strong>id</strong></span> <span class='ocrx_word' id='word_1_306' title='bbox 848 2351 929 2397; x_wconf 88' lang='lat' dir='ltr'><strong>est</strong></span> <span class='ocrx_word' id='word_1_307' title='bbox 971 2342 1041 2398; x_wconf 89' lang='lat' dir='ltr'><strong>de</strong></span> <span class='ocrx_word' id='word_1_308' title='bbox 1084 2343 1399 2398; x_wconf 90' lang='lat' dir='ltr'><strong>melioribus</strong></span> <span class='ocrx_word' id='word_1_309' title='bbox 1440 2345 1649 2413; x_wconf 89' lang='lat' dir='ltr'><strong>spoliis.</strong></span> <span class='ocrx_word' id='word_1_310' title='bbox 1681 2345 1887 2414; x_wconf 87' lang='lat' dir='ltr'><strong>Quibus</strong></span> <span class='ocrx_word' id='word_1_311' title='bbox 1926 2348 2107 2405; x_wconf 86' lang='lat' dir='ltr'><strong>verbis</strong></span> 
     </span>
    </p>
   </div>
   <div class='ocr_carea' id='block_1_40' title="bbox 398 2420 2103 2506">
    <p class='ocr_par' dir='ltr' id='par_1_40' title="bbox 398 2420 2103 2506">
     <span class='ocr_line' id='line_1_40' title="bbox 398 2420 2103 2506; baseline 0.005 -20"><span class='ocrx_word' id='word_1_312' title='bbox 398 2420 405 2425; x_wconf 72' lang='grc'><em>’</em></span> <span class='ocrx_word' id='word_1_313' title='bbox 512 2432 631 2487; x_wconf 85' lang='lat' dir='ltr'><strong>vult</strong></span> <span class='ocrx_word' id='word_1_314' title='bbox 656 2432 977 2500; x_wconf 90' lang='lat' dir='ltr'><strong>ostendere,</strong></span> <span class='ocrx_word' id='word_1_315' title='bbox 1023 2432 1244 2505; x_wconf 88' lang='lat' dir='ltr'><strong>majoris</strong></span> <span class='ocrx_word' id='word_1_316' title='bbox 1284 2434 1563 2506; x_wconf 82' lang='lat' dir='ltr'><strong>dignitatis</strong></span> <span class='ocrx_word' id='word_1_317' title='bbox 1592 2435 1761 2492; x_wconf 88' lang='lat' dir='ltr'><strong>fuisse</strong></span> <span class='ocrx_word' id='word_1_318' title='bbox 1796 2444 1851 2492; x_wconf 89' lang='lat' dir='ltr'><strong>et</strong></span> <span class='ocrx_word' id='word_1_319' title='bbox 1880 2436 2103 2494; x_wconf 91' lang='lat' dir='ltr'><strong>honoris</strong></span> 
     </span>
    </p>
   </div>
   <div class='ocr_carea' id='block_1_41' title="bbox 512 2522 2106 2600">
    <p class='ocr_par' dir='ltr' id='par_1_41' title="bbox 512 2522 2106 2600">
     <span class='ocr_line' id='line_1_41' title="bbox 512 2522 2106 2600; baseline 0.004 -21"><span class='ocrx_word' id='word_1_320' title='bbox 512 2522 906 2579; x_wconf 84' lang='lat' dir='ltr'><strong>Melchisedech</strong></span> <span class='ocrx_word' id='word_1_321' title='bbox 935 2539 1097 2596; x_wconf 91' lang='lat' dir='ltr'><strong>quam</strong></span> <span class='ocrx_word' id='word_1_322' title='bbox 1127 2526 1431 2594; x_wconf 86' lang='lat' dir='ltr'><strong>Abraham;</strong></span> <span class='ocrx_word' id='word_1_323' title='bbox 1464 2542 1527 2585; x_wconf 87' lang='lat' dir='ltr'><strong>ac</strong></span> <span class='ocrx_word' id='word_1_324' title='bbox 1557 2543 1653 2599; x_wconf 90' lang='lat' dir='ltr'><strong>per</strong></span> <span class='ocrx_word' id='word_1_325' title='bbox 1699 2530 1801 2585; x_wconf 91' lang='lat' dir='ltr'><strong>hoc</strong></span> <span class='ocrx_word' id='word_1_326' title='bbox 1845 2530 2020 2600; x_wconf 88' lang='lat' dir='ltr'><strong>majus</strong></span> <span class='ocrx_word' id='word_1_327' title='bbox 2049 2538 2106 2588; x_wconf 90' lang='lat' dir='ltr'><strong>et</strong></span> 
     </span>
    </p>
   </div>
   <div class='ocr_carea' id='block_1_42' title="bbox 511 2618 2097 2687">
    <p class='ocr_par' dir='ltr' id='par_1_42' title="bbox 511 2618 2097 2687">
     <span class='ocr_line' id='line_1_42' title="bbox 511 2618 2097 2687; baseline 0.004 -15"><span class='ocrx_word' id='word_1_328' title='bbox 511 2618 751 2673; x_wconf 88' lang='lat' dir='ltr'><strong>sanctius</strong></span> <span class='ocrx_word' id='word_1_329' title='bbox 772 2618 889 2676; x_wconf 88' lang='lat' dir='ltr'><strong>fore</strong></span> <span class='ocrx_word' id='word_1_330' title='bbox 917 2620 1279 2676; x_wconf 88' lang='lat' dir='ltr'><strong>sacerdotium</strong></span> <span class='ocrx_word' id='word_1_331' title='bbox 1310 2620 1515 2678; x_wconf 87' lang='lat' dir='ltr'><strong>Christi</strong></span> <span class='ocrx_word' id='word_1_332' title='bbox 1547 2637 1708 2687; x_wconf 85' lang='lat' dir='ltr'><strong>quam</strong></span> <span class='ocrx_word' id='word_1_333' title='bbox 1740 2623 2055 2679; x_wconf 73' lang='lat' dir='ltr'><strong>Judaeorum</strong></span> <span class='ocrx_word' id='word_1_334' title='bbox 2081 2641 2097 2679; x_wconf 92' lang='lat'>:</span> 
     </span>
    </p>
   </div>
   <div class='ocr_carea' id='block_1_43' title="bbox 509 2710 2099 2783">
    <p class='ocr_par' dir='ltr' id='par_1_43' title="bbox 509 2710 2099 2783">
     <span class='ocr_line' id='line_1_43' title="bbox 509 2710 2099 2783; baseline 0.005 -18"><span class='ocrx_word' id='word_1_335' title='bbox 509 2712 665 2783; x_wconf 90' lang='lat' dir='ltr'><strong>quasi</strong></span> <span class='ocrx_word' id='word_1_336' title='bbox 697 2710 902 2769; x_wconf 88' lang='lat' dir='ltr'><strong>diceret</strong></span> <span class='ocrx_word' id='word_1_337' title='bbox 931 2731 945 2768; x_wconf 91' lang='lat'><strong>:</strong></span> <span class='ocrx_word' id='word_1_338' title='bbox 991 2714 1161 2782; x_wconf 85' lang='lat' dir='ltr'><strong>Quem</strong></span> <span class='ocrx_word' id='word_1_339' title='bbox 1192 2729 1287 2771; x_wconf 90' lang='lat' dir='ltr'><strong>vos</strong></span> <span class='ocrx_word' id='word_1_340' title='bbox 1317 2714 1628 2771; x_wconf 90' lang='lat' dir='ltr'><strong>hominibus</strong></span> <span class='ocrx_word' id='word_1_341' title='bbox 1656 2717 2099 2773; x_wconf 81' lang='lat' dir='ltr'><strong>excellentiorem</strong></span> 
     </span>
    </p>
   </div>
   <div class='ocr_carea' id='block_1_44' title="bbox 514 2803 2095 2877">
    <p class='ocr_par' dir='ltr' id='par_1_44' title="bbox 514 2803 2095 2877">
     <span class='ocr_line' id='line_1_44' title="bbox 514 2803 2095 2877; baseline 0.001 -18"><span class='ocrx_word' id='word_1_342' title='bbox 514 2803 771 2860; x_wconf 88' lang='lat' dir='ltr'><strong>omnibus</strong></span> <span class='ocrx_word' id='word_1_343' title='bbox 790 2805 1088 2872; x_wconf 65' lang='lat' dir='ltr'><strong>aestimatis,</strong></span> <span class='ocrx_word' id='word_1_344' title='bbox 1109 2806 1195 2862; x_wconf 93' lang='lat' dir='ltr'><strong>hic</strong></span> <span class='ocrx_word' id='word_1_345' title='bbox 1214 2806 1452 2862; x_wconf 89' lang='lat' dir='ltr'><strong>decimas</strong></span> <span class='ocrx_word' id='word_1_346' title='bbox 1468 2806 1664 2861; x_wconf 88' lang='lat' dir='ltr'><strong>obtulit</strong></span> <span class='ocrx_word' id='word_1_347' title='bbox 1686 2806 2095 2877; x_wconf 83' lang='lat' dir='ltr'><strong>Melchisedech,</strong></span> 
     </span>
    </p>
   </div>
   <div class='ocr_carea' id='block_1_45' title="bbox 510 2898 2100 2971">
    <p class='ocr_par' dir='ltr' id='par_1_45' title="bbox 510 2898 2100 2971">
     <span class='ocr_line' id='line_1_45' title="bbox 510 2898 2100 2971; baseline 0.002 -18"><span class='ocrx_word' id='word_1_348' title='bbox 510 2898 606 2968; x_wconf 89' lang='lat' dir='ltr'><strong>qui</strong></span> <span class='ocrx_word' id='word_1_349' title='bbox 656 2899 709 2954; x_wconf 90' lang='lat' dir='ltr'><strong>in</strong></span> <span class='ocrx_word' id='word_1_350' title='bbox 751 2900 917 2968; x_wconf 89' lang='lat' dir='ltr'><strong>figura</strong></span> <span class='ocrx_word' id='word_1_351' title='bbox 947 2900 1150 2956; x_wconf 87' lang='lat' dir='ltr'><strong>Christi</strong></span> <span class='ocrx_word' id='word_1_352' title='bbox 1194 2900 1485 2970; x_wconf 79' lang='lat' dir='ltr'><strong>praecessit.</strong></span> <span class='ocrx_word' id='word_1_353' title='bbox 1520 2898 1587 2953; x_wconf 84' lang='lat' dir='ltr'><strong>Et</strong></span> <span class='ocrx_word' id='word_1_354' title='bbox 1615 2901 1821 2971; x_wconf 85' lang='lat' dir='ltr'><strong>quidem</strong></span> <span class='ocrx_word' id='word_1_355' title='bbox 1860 2900 1924 2956; x_wconf 86' lang='lat' dir='ltr'><strong>de</strong></span> <span class='ocrx_word' id='word_1_356' title='bbox 1972 2900 2100 2970; x_wconf 78' lang='lat' dir='ltr'><strong>ﬁliis</strong></span> 
     </span>
    </p>
   </div>
   <div class='ocr_carea' id='block_1_46' title="bbox 507 2987 2099 3061">
    <p class='ocr_par' dir='ltr' id='par_1_46' title="bbox 507 2987 2099 3061">
     <span class='ocr_line' id='line_1_46' title="bbox 507 2987 2099 3061; baseline 0.001 -18"><span class='ocrx_word' id='word_1_357' title='bbox 507 2987 634 3043; x_wconf 82' lang='lat' dir='ltr'><strong>Levi</strong></span> <span class='ocrx_word' id='word_1_358' title='bbox 653 2990 994 3045; x_wconf 81' lang='lat' dir='ltr'><strong>sacerdotium</strong></span> <span class='ocrx_word' id='word_1_359' title='bbox 1014 2991 1340 3061; x_wconf 82' lang='lat' dir='ltr'><strong>accipientes,</strong></span> <span class='ocrx_word' id='word_1_360' title='bbox 1356 2990 1657 3045; x_wconf 84' lang='lat' dir='ltr'><strong>mandatum</strong></span> <span class='ocrx_word' id='word_1_361' title='bbox 1672 2991 1856 3045; x_wconf 81' lang='lat' dir='ltr'><strong>habent</strong></span> <span class='ocrx_word' id='word_1_362' title='bbox 1875 2991 2099 3046; x_wconf 86' lang='lat' dir='ltr'><strong>decimas</strong></span> 
     </span>
    </p>
   </div>
   <div class='ocr_carea' id='block_1_47' title="bbox 504 3083 2098 3155">
    <p class='ocr_par' dir='ltr' id='par_1_47' title="bbox 504 3083 2098 3155">
     <span class='ocr_line' id='line_1_47' title="bbox 504 3083 2098 3155; baseline 0.002 -19"><span class='ocrx_word' id='word_1_363' title='bbox 504 3098 705 3137; x_wconf 86' lang='lat' dir='ltr'><strong>sumere</strong></span> <span class='ocrx_word' id='word_1_364' title='bbox 731 3098 764 3136; x_wconf 91' lang='lat' dir='ltr'><strong>a</strong></span> <span class='ocrx_word' id='word_1_365' title='bbox 790 3083 983 3154; x_wconf 87' lang='lat' dir='ltr'><strong>papqu</strong></span> <span class='ocrx_word' id='word_1_366' title='bbox 1023 3085 1303 3139; x_wconf 87' lang='lat' dir='ltr'><strong>secundum</strong></span> <span class='ocrx_word' id='word_1_367' title='bbox 1340 3083 1534 3155; x_wconf 88' lang='lat' dir='ltr'><strong>legem,</strong></span> <span class='ocrx_word' id='word_1_368' title='bbox 1582 3083 1638 3137; x_wconf 87' lang='lat' dir='ltr'><strong>id</strong></span> <span class='ocrx_word' id='word_1_369' title='bbox 1671 3091 1746 3138; x_wconf 86' lang='lat' dir='ltr'><strong>est</strong></span> <span class='ocrx_word' id='word_1_370' title='bbox 1789 3101 1822 3137; x_wconf 90' lang='lat' dir='ltr'><strong>a</strong></span> <span class='ocrx_word' id='word_1_371' title='bbox 1850 3084 2098 3153; x_wconf 69' lang='lat' dir='ltr'><strong>fratribus</strong></span> 
     </span>
    </p>
   </div>
   <div class='ocr_carea' id='block_1_48' title="bbox 2215 1872 3800 1943">
    <p class='ocr_par' dir='ltr' id='par_1_48' title="bbox 2215 1872 3800 1943">
     <span class='ocr_line' id='line_1_48' title="bbox 2215 1872 3800 1943; baseline -0.001 -12"><span class='ocrx_word' id='word_1_372' title='bbox 2215 1876 2491 1941; x_wconf 88' lang='lat' dir='ltr'><strong>homines,</strong></span> <span class='ocrx_word' id='word_1_373' title='bbox 2542 1873 2640 1929; x_wconf 88' lang='lat' dir='ltr'><strong>filii</strong></span> <span class='ocrx_word' id='word_1_374' title='bbox 2671 1872 2921 1929; x_wconf 85' lang='lat' dir='ltr'><strong>videlicet</strong></span> <span class='ocrx_word' id='word_1_375' title='bbox 2960 1873 3113 1938; x_wconf 87' lang='lat' dir='ltr'><strong>Levi,</strong></span> <span class='ocrx_word' id='word_1_376' title='bbox 3146 1872 3236 1943; x_wconf 91' lang='lat' dir='ltr'><strong>qui</strong></span> <span class='ocrx_word' id='word_1_377' title='bbox 3266 1873 3530 1927; x_wconf 84' lang='lat' dir='ltr'><strong>mortales</strong></span> <span class='ocrx_word' id='word_1_378' title='bbox 3561 1887 3632 1928; x_wconf 86' lang='lat' dir='ltr'><strong>ac</strong></span> <span class='ocrx_word' id='word_1_379' title='bbox 3660 1878 3800 1930; x_wconf 82' lang='lat' dir='ltr'><strong>mori-</strong></span> 
     </span>
    </p>
   </div>
   <div class='ocr_carea' id='block_1_49' title="bbox 2218 1964 3798 2035">
    <p class='ocr_par' dir='ltr' id='par_1_49' title="bbox 2218 1964 3798 2035">
     <span class='ocr_line' id='line_1_49' title="bbox 2218 1964 3798 2035; baseline 0.002 -13"><span class='ocrx_word' id='word_1_380' title='bbox 2218 1966 2385 2022; x_wconf 89' lang='lat' dir='ltr'><strong>bundi</strong></span> <span class='ocrx_word' id='word_1_381' title='bbox 2416 1972 2572 2031; x_wconf 89' lang='lat' dir='ltr'><strong>sunt,</strong></span> <span class='ocrx_word' id='word_1_382' title='bbox 2604 1964 2842 2021; x_wconf 88' lang='lat' dir='ltr'><strong>decimas</strong></span> <span class='ocrx_word' id='word_1_383' title='bbox 2885 1965 3175 2035; x_wconf 89' lang='lat' dir='ltr'><strong>accipiunt.</strong></span> <span class='ocrx_word' id='word_1_384' title='bbox 3207 1965 3285 2020; x_wconf 92' lang='lat' dir='ltr'><strong>lbi</strong></span> <span class='ocrx_word' id='word_1_385' title='bbox 3313 1974 3533 2032; x_wconf 87' lang='lat' dir='ltr'><strong>autem,</strong></span> <span class='ocrx_word' id='word_1_386' title='bbox 3566 1966 3626 2021; x_wconf 89' lang='lat' dir='ltr'><strong>id</strong></span> <span class='ocrx_word' id='word_1_387' title='bbox 3654 1980 3735 2025; x_wconf 85' lang='lat' dir='ltr'><strong>est</strong></span> <span class='ocrx_word' id='word_1_388' title='bbox 3757 1974 3798 2025; x_wconf 77' lang='lat' dir='ltr'><strong>in</strong></span> 
     </span>
    </p>
   </div>
   <div class='ocr_carea' id='block_1_50' title="bbox 2215 2056 3798 2116">
    <p class='ocr_par' dir='ltr' id='par_1_50' title="bbox 2215 2056 3798 2116">
     <span class='ocr_line' id='line_1_50' title="bbox 2215 2056 3798 2116; baseline 0.001 -1"><span class='ocrx_word' id='word_1_389' title='bbox 2215 2059 2320 2115; x_wconf 85' lang='lat' dir='ltr'><strong>alia</strong></span> <span class='ocrx_word' id='word_1_390' title='bbox 2351 2060 2460 2114; x_wconf 88' lang='lat' dir='ltr'><strong>vita</strong></span> <span class='ocrx_word' id='word_1_391' title='bbox 2489 2077 2502 2112; x_wconf 89' lang='lat'><strong>:</strong></span> <span class='ocrx_word' id='word_1_392' title='bbox 2536 2059 2590 2113; x_wconf 93' lang='lat' dir='ltr'><strong>in</strong></span> <span class='ocrx_word' id='word_1_393' title='bbox 2622 2059 2742 2113; x_wconf 92' lang='lat' dir='ltr'><strong>loco</strong></span> <span class='ocrx_word' id='word_1_394' title='bbox 2772 2058 2862 2114; x_wconf 92' lang='lat' dir='ltr'><strong>ubi</strong></span> <span class='ocrx_word' id='word_1_395' title='bbox 2892 2056 3091 2113; x_wconf 89' lang='lat' dir='ltr'><strong>dicitur</strong></span> <span class='ocrx_word' id='word_1_396' title='bbox 3130 2056 3199 2113; x_wconf 90' lang='lat' dir='ltr'><strong>de</strong></span> <span class='ocrx_word' id='word_1_397' title='bbox 3225 2056 3446 2113; x_wconf 90' lang='lat' dir='ltr'><strong>Christo</strong></span> <span class='ocrx_word' id='word_1_398' title='bbox 3478 2075 3497 2115; x_wconf 85' lang='lat'><strong>:</strong></span> <span class='ocrx_word' id='word_1_399' title='bbox 3529 2058 3617 2115; x_wconf 78' lang='lat' dir='ltr'><strong>Tu</strong></span> <span class='ocrx_word' id='word_1_400' title='bbox 3649 2075 3709 2116; x_wconf 82' lang='lat' dir='ltr'><strong>es</strong></span> <span class='ocrx_word' id='word_1_401' title='bbox 3732 2077 3798 2115; x_wconf 81' lang='lat' dir='ltr'><strong>ss-</strong></span> 
     </span>
    </p>
   </div>
   <div class='ocr_carea' id='block_1_51' title="bbox 2213 2150 3796 2222">
    <p class='ocr_par' dir='ltr' id='par_1_51' title="bbox 2213 2150 3796 2222">
     <span class='ocr_line' id='line_1_51' title="bbox 2213 2150 3796 2222; baseline 0 -14"><span class='ocrx_word' id='word_1_402' title='bbox 2213 2151 2409 2208; x_wconf 90' lang='lat' dir='ltr'><strong>cerdos</strong></span> <span class='ocrx_word' id='word_1_403' title='bbox 2439 2152 2492 2206; x_wconf 90' lang='lat' dir='ltr'><strong>in</strong></span> <span class='ocrx_word' id='word_1_404' title='bbox 2521 2159 2784 2206; x_wconf 59' lang='lat' dir='ltr'><strong>aeternum</strong></span> <span class='ocrx_word' id='word_1_405' title='bbox 2808 2166 2822 2205; x_wconf 87' lang='lat'><strong>:</strong></span> <span class='ocrx_word' id='word_1_406' title='bbox 2856 2160 3191 2205; x_wconf 88' lang='lat' dir='ltr'><strong>contestatur</strong></span> <span class='ocrx_word' id='word_1_407' title='bbox 3216 2150 3357 2206; x_wconf 87' lang='lat' dir='ltr'><strong>Deus</strong></span> <span class='ocrx_word' id='word_1_408' title='bbox 3386 2150 3556 2207; x_wconf 82' lang='lat' dir='ltr'><strong>Pater</strong></span> <span class='ocrx_word' id='word_1_409' title='bbox 3580 2167 3705 2207; x_wconf 87' lang='lat' dir='ltr'><strong>cum</strong></span> <span class='ocrx_word' id='word_1_410' title='bbox 3726 2154 3796 2222; x_wconf 83' lang='lat' dir='ltr'><strong>ju-</strong></span> 
     </span>
    </p>
   </div>
   <div class='ocr_carea' id='block_1_52' title="bbox 2212 2242 3793 2313">
    <p class='ocr_par' dir='ltr' id='par_1_52' title="bbox 2212 2242 3793 2313">
     <span class='ocr_line' id='line_1_52' title="bbox 2212 2242 3793 2313; baseline 0.001 -12"><span class='ocrx_word' id='word_1_411' title='bbox 2212 2252 2483 2311; x_wconf 87' lang='lat' dir='ltr'><strong>ramento,</strong></span> <span class='ocrx_word' id='word_1_412' title='bbox 2516 2244 2639 2313; x_wconf 87' lang='lat' dir='ltr'><strong>quia</strong></span> <span class='ocrx_word' id='word_1_413' title='bbox 2667 2243 2797 2298; x_wconf 89' lang='lat' dir='ltr'><strong>vivit</strong></span> <span class='ocrx_word' id='word_1_414' title='bbox 2828 2242 3097 2299; x_wconf 85' lang='lat' dir='ltr'><strong>Christus.</strong></span> <span class='ocrx_word' id='word_1_415' title='bbox 3130 2242 3287 2299; x_wconf 90' lang='lat' dir='ltr'><strong>Unde</strong></span> <span class='ocrx_word' id='word_1_416' title='bbox 3311 2244 3446 2299; x_wconf 86' lang='lat' dir='ltr'><strong>dicit</strong></span> <span class='ocrx_word' id='word_1_417' title='bbox 3479 2244 3793 2303; x_wconf 82' lang='lat' dir='ltr'><strong>Psalmista:</strong></span> 
     </span>
    </p>
   </div>
   <div class='ocr_carea' id='block_1_53' title="bbox 2210 2335 3793 2406">
    <p class='ocr_par' dir='ltr' id='par_1_53' title="bbox 2210 2335 3793 2406">
     <span class='ocr_line' id='line_1_53' title="bbox 2210 2335 3793 2406; baseline 0.003 -13"><span class='ocrx_word' id='word_1_418' title='bbox 2210 2336 2423 2393; x_wconf 85' lang='lat' dir='ltr'><strong>Jnravit</strong></span> <span class='ocrx_word' id='word_1_419' title='bbox 2446 2335 2707 2391; x_wconf 90' lang='lat' dir='ltr'><strong>Dominus</strong></span> <span class='ocrx_word' id='word_1_420' title='bbox 2733 2344 2789 2391; x_wconf 91' lang='lat' dir='ltr'><strong>et</strong></span> <span class='ocrx_word' id='word_1_421' title='bbox 2815 2349 2922 2392; x_wconf 89' lang='lat' dir='ltr'><strong>non</strong></span> <span class='ocrx_word' id='word_1_422' title='bbox 2955 2336 3238 2406; x_wconf 64' lang='lat' dir='ltr'><strong>paenitebit</strong></span> <span class='ocrx_word' id='word_1_423' title='bbox 3259 2352 3384 2393; x_wconf 90' lang='lat' dir='ltr'><strong>eum</strong></span> <span class='ocrx_word' id='word_1_424' title='bbox 3410 2355 3426 2395; x_wconf 87' lang='lat'><strong>:</strong></span> <span class='ocrx_word' id='word_1_425' title='bbox 3463 2346 3527 2393; x_wconf 89' lang='lat' dir='ltr'><strong>tu</strong></span> <span class='ocrx_word' id='word_1_426' title='bbox 3555 2353 3620 2396; x_wconf 83' lang='lat' dir='ltr'><strong>es</strong></span> <span class='ocrx_word' id='word_1_427' title='bbox 3638 2354 3793 2397; x_wconf 54' lang='lat' dir='ltr'><strong>sacer.</strong></span> 
     </span>
    </p>
   </div>
   <div class='ocr_carea' id='block_1_54' title="bbox 2209 2428 3790 2489">
    <p class='ocr_par' dir='ltr' id='par_1_54' title="bbox 2209 2428 3790 2489">
     <span class='ocr_line' id='line_1_54' title="bbox 2209 2428 3790 2489; baseline 0.001 -4"><span class='ocrx_word' id='word_1_428' title='bbox 2209 2429 2310 2485; x_wconf 91' lang='lat' dir='ltr'><strong>dos</strong></span> <span class='ocrx_word' id='word_1_429' title='bbox 2345 2429 2400 2484; x_wconf 91' lang='lat' dir='ltr'><strong>in</strong></span> <span class='ocrx_word' id='word_1_430' title='bbox 2442 2437 2706 2484; x_wconf 68' lang='lat' dir='ltr'><strong>aeternum</strong></span> <span class='ocrx_word' id='word_1_431' title='bbox 2749 2428 3049 2484; x_wconf 91' lang='lat' dir='ltr'><strong>secundum</strong></span> <span class='ocrx_word' id='word_1_432' title='bbox 3093 2429 3338 2485; x_wconf 88' lang='lat' dir='ltr'><strong>ordinem</strong></span> <span class='ocrx_word' id='word_1_433' title='bbox 3378 2430 3790 2489; x_wconf 79' lang='lat' dir='ltr'><strong>Melchisedech.</strong></span> 
     </span>
    </p>
   </div>
   <div class='ocr_carea' id='block_1_55' title="bbox 2208 2522 3793 2596">
    <p class='ocr_par' dir='ltr' id='par_1_55' title="bbox 2208 2522 3793 2596">
     <span class='ocr_line' id='line_1_55' title="bbox 2208 2522 3793 2596; baseline 0.003 -16"><span class='ocrx_word' id='word_1_434' title='bbox 2208 2522 2393 2580; x_wconf 81' lang='lat' dir='ltr'><strong>Adhuc</strong></span> <span class='ocrx_word' id='word_1_435' title='bbox 2420 2524 2555 2579; x_wconf 87' lang='lat' dir='ltr'><strong>enim</strong></span> <span class='ocrx_word' id='word_1_436' title='bbox 2582 2524 2639 2578; x_wconf 87' lang='lat' dir='ltr'><strong>in</strong></span> <span class='ocrx_word' id='word_1_437' title='bbox 2665 2522 2870 2579; x_wconf 83' lang='lat' dir='ltr'><strong>lumbis.</strong></span> <span class='ocrx_word' id='word_1_438' title='bbox 2901 2522 3015 2579; x_wconf 74' lang='lat' dir='ltr'><strong>Hoc</strong></span> <span class='ocrx_word' id='word_1_439' title='bbox 3050 2532 3152 2590; x_wconf 88' lang='lat' dir='ltr'><strong>est,</strong></span> <span class='ocrx_word' id='word_1_440' title='bbox 3186 2524 3241 2579; x_wconf 90' lang='lat' dir='ltr'><strong>in</strong></span> <span class='ocrx_word' id='word_1_441' title='bbox 3288 2528 3593 2596; x_wconf 78' lang='lat' dir='ltr'><strong>propagine</strong></span> <span class='ocrx_word' id='word_1_442' title='bbox 3640 2530 3793 2584; x_wconf 76' lang='lat' dir='ltr'><strong>seni-</strong></span> 
     </span>
    </p>
   </div>
   <div class='ocr_carea' id='block_1_56' title="bbox 2207 2613 3789 2682">
    <p class='ocr_par' dir='ltr' id='par_1_56' title="bbox 2207 2613 3789 2682">
     <span class='ocr_line' id='line_1_56' title="bbox 2207 2613 3789 2682; baseline 0 -9"><span class='ocrx_word' id='word_1_443' title='bbox 2207 2617 2313 2673; x_wconf 86' lang='lat' dir='ltr'><strong>nis.</strong></span> <span class='ocrx_word' id='word_1_444' title='bbox 2346 2615 2524 2671; x_wconf 81' lang='lat' dir='ltr'><strong>Patris</strong></span> <span class='ocrx_word' id='word_1_445' title='bbox 2562 2622 2693 2670; x_wconf 88' lang='lat' dir='ltr'><strong>erat.</strong></span> <span class='ocrx_word' id='word_1_446' title='bbox 2734 2613 2889 2672; x_wconf 82' lang='lat' dir='ltr'><strong>Levi.</strong></span> <span class='ocrx_word' id='word_1_447' title='bbox 2931 2614 3149 2682; x_wconf 82' lang='lat' dir='ltr'><strong>Quando</strong></span> <span class='ocrx_word' id='word_1_448' title='bbox 3181 2614 3399 2669; x_wconf 71' lang='lat' dir='ltr'><strong>obuiauit</strong></span> <span class='ocrx_word' id='word_1_449' title='bbox 3436 2619 3487 2672; x_wconf 80' lang='lat' dir='ltr'><strong>ei</strong></span> <span class='ocrx_word' id='word_1_450' title='bbox 3529 2616 3789 2673; x_wconf 66' lang='lat' dir='ltr'><strong>Melchise-</strong></span> 
     </span>
    </p>
   </div>
   <div class='ocr_carea' id='block_1_57' title="bbox 2206 2707 3790 2778">
    <p class='ocr_par' dir='ltr' id='par_1_57' title="bbox 2206 2707 3790 2778">
     <span class='ocr_line' id='line_1_57' title="bbox 2206 2707 3790 2778; baseline 0.001 -13"><span class='ocrx_word' id='word_1_451' title='bbox 2206 2709 2362 2765; x_wconf 86' lang='lat' dir='ltr'><strong>dech.</strong></span> <span class='ocrx_word' id='word_1_452' title='bbox 2389 2708 2674 2778; x_wconf 84' lang='lat' dir='ltr'><strong>Quomodo</strong></span> <span class='ocrx_word' id='word_1_453' title='bbox 2702 2708 2832 2765; x_wconf 87' lang='lat' dir='ltr'><strong>dicit</strong></span> <span class='ocrx_word' id='word_1_454' title='bbox 2857 2707 2987 2765; x_wconf 86' lang='lat' dir='ltr'><strong>Levi</strong></span> <span class='ocrx_word' id='word_1_455' title='bbox 3012 2707 3336 2765; x_wconf 87' lang='lat' dir='ltr'><strong>decimatum</strong></span> <span class='ocrx_word' id='word_1_456' title='bbox 3364 2722 3487 2766; x_wconf 83' lang='lat' dir='ltr'><strong>esse</strong></span> <span class='ocrx_word' id='word_1_457' title='bbox 3516 2725 3548 2765; x_wconf 89' lang='lat' dir='ltr'><strong>a</strong></span> <span class='ocrx_word' id='word_1_458' title='bbox 3578 2710 3790 2766; x_wconf 78' lang='lat' dir='ltr'><strong>Melchi-</strong></span> 
     </span>
    </p>
   </div>
   <div class='ocr_carea' id='block_1_58' title="bbox 2206 2802 3791 2874">
    <p class='ocr_par' dir='ltr' id='par_1_58' title="bbox 2206 2802 3791 2874">
     <span class='ocr_line' id='line_1_58' title="bbox 2206 2802 3791 2874; baseline 0.002 -16"><span class='ocrx_word' id='word_1_459' title='bbox 2206 2803 2439 2868; x_wconf 73' lang='lat' dir='ltr'><strong>sedech,</strong></span> <span class='ocrx_word' id='word_1_460' title='bbox 2466 2818 2588 2857; x_wconf 91' lang='lat' dir='ltr'><strong>cum</strong></span> <span class='ocrx_word' id='word_1_461' title='bbox 2619 2802 2849 2859; x_wconf 90' lang='lat' dir='ltr'><strong>necdum</strong></span> <span class='ocrx_word' id='word_1_462' title='bbox 2878 2812 3033 2858; x_wconf 90' lang='lat' dir='ltr'><strong>natus</strong></span> <span class='ocrx_word' id='word_1_463' title='bbox 3057 2813 3227 2868; x_wconf 85' lang='lat' dir='ltr'><strong>esset,</strong></span> <span class='ocrx_word' id='word_1_464' title='bbox 3256 2804 3554 2874; x_wconf 61' lang='lat' dir='ltr'><strong>praesertim</strong></span> <span class='ocrx_word' id='word_1_465' title='bbox 3583 2820 3713 2861; x_wconf 86' lang='lat' dir='ltr'><strong>cum</strong></span> <span class='ocrx_word' id='word_1_466' title='bbox 3738 2818 3791 2863; x_wconf 89' lang='lat' dir='ltr'><strong>et</strong></span> 
     </span>
    </p>
   </div>
   <div class='ocr_carea' id='block_1_59' title="bbox 2204 2896 3795 2970">
    <p class='ocr_par' dir='ltr' id='par_1_59' title="bbox 2204 2896 3795 2970">
     <span class='ocr_line' id='line_1_59' title="bbox 2204 2896 3795 2970; baseline 0.003 -19"><span class='ocrx_word' id='word_1_467' title='bbox 2204 2896 2348 2951; x_wconf 87' lang='lat' dir='ltr'><strong>filius</strong></span> <span class='ocrx_word' id='word_1_468' title='bbox 2374 2896 2535 2951; x_wconf 90' lang='lat' dir='ltr'><strong>fuerit</strong></span> <span class='ocrx_word' id='word_1_469' title='bbox 2558 2896 2819 2952; x_wconf 85' lang='lat' dir='ltr'><strong>naturalis</strong></span> <span class='ocrx_word' id='word_1_470' title='bbox 2840 2897 3047 2955; x_wconf 81' lang='lat' dir='ltr'><strong>Jacob?</strong></span> <span class='ocrx_word' id='word_1_471' title='bbox 3078 2898 3266 2970; x_wconf 90' lang='lat' dir='ltr'><strong>utique</strong></span> <span class='ocrx_word' id='word_1_472' title='bbox 3291 2913 3390 2954; x_wconf 91' lang='lat' dir='ltr'><strong>non</strong></span> <span class='ocrx_word' id='word_1_473' title='bbox 3416 2900 3469 2953; x_wconf 82' lang='lat' dir='ltr'><strong>ia</strong></span> <span class='ocrx_word' id='word_1_474' title='bbox 3498 2913 3561 2954; x_wconf 89' lang='lat' dir='ltr'><strong>se</strong></span> <span class='ocrx_word' id='word_1_475' title='bbox 3582 2908 3671 2953; x_wconf 87' lang='lat' dir='ltr'><strong>est</strong></span> <span class='ocrx_word' id='word_1_476' title='bbox 3691 2900 3795 2956; x_wconf 86' lang='lat' dir='ltr'><strong>de-</strong></span> 
     </span>
    </p>
   </div>
   <div class='ocr_carea' id='block_1_60' title="bbox 2202 2985 3791 3060">
    <p class='ocr_par' dir='ltr' id='par_1_60' title="bbox 2202 2985 3791 3060">
     <span class='ocr_line' id='line_1_60' title="bbox 2202 2985 3791 3060; baseline 0.003 -18"><span class='ocrx_word' id='word_1_477' title='bbox 2202 2985 2455 3053; x_wconf 89' lang='lat' dir='ltr'><strong>cimatus,</strong></span> <span class='ocrx_word' id='word_1_478' title='bbox 2479 2986 2573 3043; x_wconf 89' lang='lat' dir='ltr'><strong>sed</strong></span> <span class='ocrx_word' id='word_1_479' title='bbox 2604 2986 2660 3042; x_wconf 91' lang='lat' dir='ltr'><strong>in</strong></span> <span class='ocrx_word' id='word_1_480' title='bbox 2686 2986 2981 3055; x_wconf 86' lang='lat' dir='ltr'><strong>Abraham,</strong></span> <span class='ocrx_word' id='word_1_481' title='bbox 3011 2987 3079 3043; x_wconf 90' lang='lat' dir='ltr'><strong>de</strong></span> <span class='ocrx_word' id='word_1_482' title='bbox 3106 2989 3263 3060; x_wconf 90' lang='lat' dir='ltr'><strong>cujus</strong></span> <span class='ocrx_word' id='word_1_483' title='bbox 3281 2989 3524 3060; x_wconf 82' lang='lat' dir='ltr'><strong>progenie</strong></span> <span class='ocrx_word' id='word_1_484' title='bbox 3551 2988 3791 3047; x_wconf 83' lang='lat' dir='ltr'><strong>descen-</strong></span> 
     </span>
    </p>
   </div>
   <div class='ocr_carea' id='block_1_61' title="bbox 2203 3079 3785 3152">
    <p class='ocr_par' dir='ltr' id='par_1_61' title="bbox 2203 3079 3785 3152">
     <span class='ocr_line' id='line_1_61' title="bbox 2203 3079 3785 3152; baseline 0.003 -17"><span class='ocrx_word' id='word_1_485' title='bbox 2203 3079 2304 3147; x_wconf 90' lang='lat' dir='ltr'><strong>dit,</strong></span> <span class='ocrx_word' id='word_1_486' title='bbox 2335 3080 2552 3149; x_wconf 89' lang='lat' dir='ltr'><strong>quando</strong></span> <span class='ocrx_word' id='word_1_487' title='bbox 2580 3080 2851 3139; x_wconf 86' lang='lat' dir='ltr'><strong>Abraham</strong></span> <span class='ocrx_word' id='word_1_488' title='bbox 2880 3081 3117 3137; x_wconf 86' lang='lat' dir='ltr'><strong>decimas</strong></span> <span class='ocrx_word' id='word_1_489' title='bbox 3142 3083 3335 3138; x_wconf 86' lang='lat' dir='ltr'><strong>obtulit</strong></span> <span class='ocrx_word' id='word_1_490' title='bbox 3359 3082 3785 3152; x_wconf 80' lang='lat' dir='ltr'><strong>Melchisedech,</strong></span> 
     </span>
    </p>
   </div>
   <div class='ocr_carea' id='block_1_62' title="bbox 502 3157 3783 3250">
    <p class='ocr_par' dir='ltr' id='par_1_62' title="bbox 502 3157 3783 3250">
     <span class='ocr_line' id='line_1_62' title="bbox 502 3157 3783 3250; baseline 0.001 -19"><span class='ocrx_word' id='word_1_491' title='bbox 502 3176 610 3232; x_wconf 89' lang='lat' dir='ltr'><strong>suis</strong></span> <span class='ocrx_word' id='word_1_492' title='bbox 637 3193 658 3231; x_wconf 93' lang='lat'><strong><em>:</em></strong></span> <span class='ocrx_word' id='word_1_493' title='bbox 705 3192 998 3248; x_wconf 85' lang='lat' dir='ltr'><strong>quanquam</strong></span> <span class='ocrx_word' id='word_1_494' title='bbox 1035 3187 1083 3232; x_wconf 88' lang='lat' dir='ltr'><strong>et</strong></span> <span class='ocrx_word' id='word_1_495' title='bbox 1122 3178 1221 3250; x_wconf 85' lang='lat' dir='ltr'><strong>ipsi</strong></span> <span class='ocrx_word' id='word_1_496' title='bbox 1258 3177 1324 3232; x_wconf 86' lang='lat' dir='ltr'><strong>de</strong></span> <span class='ocrx_word' id='word_1_497' title='bbox 1365 3176 1551 3232; x_wconf 86' lang='lat' dir='ltr'><strong>lumbis</strong></span> <span class='ocrx_word' id='word_1_498' title='bbox 1584 3177 1798 3231; x_wconf 75' lang='lat' dir='ltr'><strong>exierint</strong></span> <span class='ocrx_word' id='word_1_499' title='bbox 1845 3175 2087 3232; x_wconf 71' lang='lat' dir='ltr'><strong>Abrahaz.</strong></span> <span class='ocrx_word' id='word_1_500' title='bbox 2119 3157 2167 3222; x_wconf 72' lang='grc' dir='ltr'>ο</span> <span class='ocrx_word' id='word_1_501' title='bbox 2200 3171 2255 3228; x_wconf 91' lang='lat' dir='ltr'><strong>in</strong></span> <span class='ocrx_word' id='word_1_502' title='bbox 2296 3171 2387 3227; x_wconf 92' lang='lat' dir='ltr'><strong>illo</strong></span> <span class='ocrx_word' id='word_1_503' title='bbox 2422 3187 2612 3228; x_wconf 89' lang='lat' dir='ltr'><strong>omnes</strong></span> <span class='ocrx_word' id='word_1_504' title='bbox 2657 3171 2748 3228; x_wconf 87' lang='lat' dir='ltr'><strong>filii</strong></span> <span class='ocrx_word' id='word_1_505' title='bbox 2776 3173 2892 3242; x_wconf 86' lang='lat' dir='ltr'><strong>ejus</strong></span> <span class='ocrx_word' id='word_1_506' title='bbox 2940 3174 3226 3230; x_wconf 89' lang='lat' dir='ltr'><strong>dederunt.</strong></span> <span class='ocrx_word' id='word_1_507' title='bbox 3280 3175 3618 3246; x_wconf 82' lang='lat' dir='ltr'><strong>Quapropter</strong></span> <span class='ocrx_word' id='word_1_508' title='bbox 3655 3178 3783 3235; x_wconf 85' lang='lat' dir='ltr'><strong>dicit</strong></span> 
     </span>
    </p>
   </div>
   <div class='ocr_carea' id='block_1_63' title="bbox 502 3267 2085 3342">
    <p class='ocr_par' dir='ltr' id='par_1_63' title="bbox 502 3267 2085 3342">
     <span class='ocr_line' id='line_1_63' title="bbox 502 3267 2085 3342; baseline 0.001 -16"><span class='ocrx_word' id='word_1_509' title='bbox 502 3267 677 3326; x_wconf 78' lang='lat' dir='ltr'><strong>Tanta</strong></span> <span class='ocrx_word' id='word_1_510' title='bbox 720 3270 979 3342; x_wconf 90' lang='lat' dir='ltr'><strong>(inquit)</strong></span> <span class='ocrx_word' id='word_1_511' title='bbox 1026 3280 1109 3326; x_wconf 90' lang='lat' dir='ltr'><strong>est</strong></span> <span class='ocrx_word' id='word_1_512' title='bbox 1138 3271 1455 3327; x_wconf 83' lang='lat' dir='ltr'><strong>excellentia</strong></span> <span class='ocrx_word' id='word_1_513' title='bbox 1486 3270 1806 3338; x_wconf 87' lang='lat' dir='ltr'><strong>sacerdotii,</strong></span> <span class='ocrx_word' id='word_1_514' title='bbox 1839 3278 1896 3325; x_wconf 94' lang='lat' dir='ltr'><strong>ut</strong></span> <span class='ocrx_word' id='word_1_515' title='bbox 1925 3270 2085 3327; x_wconf 85' lang='lat' dir='ltr'><strong>etiam</strong></span> 
     </span>
    </p>
   </div>
   <div class='ocr_carea' id='block_1_64' title="bbox 498 3360 2093 3433">
    <p class='ocr_par' dir='ltr' id='par_1_64' title="bbox 498 3360 2093 3433">
     <span class='ocr_line' id='line_1_64' title="bbox 498 3360 2093 3433; baseline 0.002 -17"><span class='ocrx_word' id='word_1_516' title='bbox 498 3360 609 3431; x_wconf 86' lang='lat' dir='ltr'><strong>ipsi</strong></span> <span class='ocrx_word' id='word_1_517' title='bbox 632 3361 719 3431; x_wconf 93' lang='lat' dir='ltr'><strong>qui</strong></span> <span class='ocrx_word' id='word_1_518' title='bbox 744 3362 994 3417; x_wconf 91' lang='lat' dir='ltr'><strong>eumdem</strong></span> <span class='ocrx_word' id='word_1_519' title='bbox 1028 3361 1332 3419; x_wconf 89' lang='lat' dir='ltr'><strong>habuerant</strong></span> <span class='ocrx_word' id='word_1_520' title='bbox 1378 3362 1780 3433; x_wconf 89' lang='lat' dir='ltr'><strong>progenitorem</strong></span> <span class='ocrx_word' id='word_1_521' title='bbox 1811 3372 1866 3419; x_wconf 89' lang='lat' dir='ltr'><strong>et</strong></span> <span class='ocrx_word' id='word_1_522' title='bbox 1896 3363 1964 3418; x_wconf 88' lang='lat' dir='ltr'><strong>ab</strong></span> <span class='ocrx_word' id='word_1_523' title='bbox 1988 3378 2093 3419; x_wconf 94' lang='lat' dir='ltr'><strong>uno</strong></span> 
     </span>
    </p>
   </div>
   <div class='ocr_carea' id='block_1_65' title="bbox 499 3452 2090 3527">
    <p class='ocr_par' dir='ltr' id='par_1_65' title="bbox 499 3452 2090 3527">
     <span class='ocr_line' id='line_1_65' title="bbox 499 3452 2090 3527; baseline 0.003 -20"><span class='ocrx_word' id='word_1_524' title='bbox 499 3460 657 3523; x_wconf 85' lang='lat' dir='ltr'><strong>patre</strong></span> <span class='ocrx_word' id='word_1_525' title='bbox 696 3452 1095 3508; x_wconf 88' lang='lat' dir='ltr'><strong>descenderant</strong></span> <span class='ocrx_word' id='word_1_526' title='bbox 1144 3462 1365 3523; x_wconf 84' lang='lat' dir='ltr'><strong>propter</strong></span> <span class='ocrx_word' id='word_1_527' title='bbox 1409 3454 1742 3510; x_wconf 74' lang='lat' dir='ltr'><strong>excellentia:</strong></span> <span class='ocrx_word' id='word_1_528' title='bbox 1796 3454 2090 3527; x_wconf 91' lang='lat' dir='ltr'><strong>meritum,</strong></span> 
     </span>
    </p>
   </div>
   <div class='ocr_carea' id='block_1_66' title="bbox 498 3544 2088 3617">
    <p class='ocr_par' dir='ltr' id='par_1_66' title="bbox 498 3544 2088 3617">
     <span class='ocr_line' id='line_1_66' title="bbox 498 3544 2088 3617; baseline 0.004 -18"><span class='ocrx_word' id='word_1_529' title='bbox 498 3558 609 3615; x_wconf 88' lang='lat' dir='ltr'><strong>quo</strong></span> <span class='ocrx_word' id='word_1_530' title='bbox 649 3545 904 3600; x_wconf 75' lang='lat' dir='ltr'><strong>meliores</strong></span> <span class='ocrx_word' id='word_1_531' title='bbox 947 3552 1106 3602; x_wconf 90' lang='lat' dir='ltr'><strong>erant</strong></span> <span class='ocrx_word' id='word_1_532' title='bbox 1147 3544 1403 3600; x_wconf 86' lang='lat' dir='ltr'><strong>fratribus</strong></span> <span class='ocrx_word' id='word_1_533' title='bbox 1449 3545 1593 3611; x_wconf 87' lang='lat' dir='ltr'><strong>suis,</strong></span> <span class='ocrx_word' id='word_1_534' title='bbox 1624 3555 1682 3601; x_wconf 91' lang='lat' dir='ltr'><strong>ut</strong></span> <span class='ocrx_word' id='word_1_535' title='bbox 1720 3554 1845 3616; x_wconf 88' lang='lat' dir='ltr'><strong>pote</strong></span> <span class='ocrx_word' id='word_1_536' title='bbox 1873 3548 2088 3617; x_wconf 85' lang='lat' dir='ltr'><strong>Aaron,</strong></span> 
     </span>
    </p>
   </div>
   <div class='ocr_carea' id='block_1_67' title="bbox 498 3635 2091 3706">
    <p class='ocr_par' dir='ltr' id='par_1_67' title="bbox 498 3635 2091 3706">
     <span class='ocr_line' id='line_1_67' title="bbox 498 3635 2091 3706; baseline 0.006 -18"><span class='ocrx_word' id='word_1_537' title='bbox 498 3635 592 3706; x_wconf 85' lang='lat' dir='ltr'><strong>qui</strong></span> <span class='ocrx_word' id='word_1_538' title='bbox 621 3635 764 3691; x_wconf 88' lang='lat' dir='ltr'><strong>inter</strong></span> <span class='ocrx_word' id='word_1_539' title='bbox 794 3647 1037 3692; x_wconf 89' lang='lat' dir='ltr'><strong>mortuos</strong></span> <span class='ocrx_word' id='word_1_540' title='bbox 1081 3647 1137 3691; x_wconf 93' lang='lat' dir='ltr'><strong>et</strong></span> <span class='ocrx_word' id='word_1_541' title='bbox 1179 3638 1425 3693; x_wconf 80' lang='lat' dir='ltr'><strong>viventes</strong></span> <span class='ocrx_word' id='word_1_542' title='bbox 1471 3644 1622 3695; x_wconf 88' lang='lat' dir='ltr'><strong>stans</strong></span> <span class='ocrx_word' id='word_1_543' title='bbox 1646 3679 1663 3704; x_wconf 91' lang='lat'><strong>,</strong></span> <span class='ocrx_word' id='word_1_544' title='bbox 1706 3638 1839 3693; x_wconf 89' lang='lat' dir='ltr'><strong>iram</strong></span> <span class='ocrx_word' id='word_1_545' title='bbox 1880 3640 2091 3697; x_wconf 91' lang='lat' dir='ltr'><strong>Domini</strong></span> 
     </span>
    </p>
   </div>
   <div class='ocr_carea' id='block_1_68' title="bbox 498 3727 2094 3806">
    <p class='ocr_par' dir='ltr' id='par_1_68' title="bbox 498 3727 2094 3806">
     <span class='ocr_line' id='line_1_68' title="bbox 498 3727 2094 3806; baseline 0.006 -23"><span class='ocrx_word' id='word_1_546' title='bbox 498 3727 754 3798; x_wconf 87' lang='lat' dir='ltr'><strong>placavit,</strong></span> <span class='ocrx_word' id='word_1_547' title='bbox 768 3730 1053 3785; x_wconf 89' lang='lat' dir='ltr'><strong>sacerdotii</strong></span> <span class='ocrx_word' id='word_1_548' title='bbox 1068 3729 1383 3801; x_wconf 85' lang='lat' dir='ltr'><strong>dignitatem</strong></span> <span class='ocrx_word' id='word_1_549' title='bbox 1400 3743 1738 3789; x_wconf 90' lang='lat' dir='ltr'><strong>mererentur</strong></span> <span class='ocrx_word' id='word_1_550' title='bbox 1754 3734 1982 3806; x_wconf 87' lang='lat' dir='ltr'><strong>adipisci</strong></span> <span class='ocrx_word' id='word_1_551' title='bbox 1999 3754 2012 3791; x_wconf 87' lang='lat'><strong><em>:</em></strong></span> <span class='ocrx_word' id='word_1_552' title='bbox 2030 3752 2094 3794; x_wconf 89' lang='lat' dir='ltr'><strong>ac</strong></span> 
     </span>
    </p>
   </div>
   <div class='ocr_carea' id='block_1_69' title="bbox 499 3823 2091 3893">
    <p class='ocr_par' dir='ltr' id='par_1_69' title="bbox 499 3823 2091 3893">
     <span class='ocr_line' id='line_1_69' title="bbox 499 3823 2091 3893; baseline 0.006 -16"><span class='ocrx_word' id='word_1_553' title='bbox 499 3830 788 3893; x_wconf 86' lang='lat' dir='ltr'><strong>propterea</strong></span> <span class='ocrx_word' id='word_1_554' title='bbox 815 3824 917 3878; x_wconf 90' lang='lat' dir='ltr'><strong>nisi</strong></span> <span class='ocrx_word' id='word_1_555' title='bbox 952 3823 1171 3893; x_wconf 85' lang='lat' dir='ltr'><strong>majoris</strong></span> <span class='ocrx_word' id='word_1_556' title='bbox 1201 3825 1474 3893; x_wconf 86' lang='lat' dir='ltr'><strong>dignitatis</strong></span> <span class='ocrx_word' id='word_1_557' title='bbox 1519 3837 1665 3882; x_wconf 90' lang='lat' dir='ltr'><strong>esset</strong></span> <span class='ocrx_word' id='word_1_558' title='bbox 1690 3826 2091 3886; x_wconf 87' lang='lat' dir='ltr'><strong>Melchisedech</strong></span> 
     </span>
    </p>
   </div>
   <div class='ocr_carea' id='block_1_70' title="bbox 499 3917 2095 3992">
    <p class='ocr_par' dir='ltr' id='par_1_70' title="bbox 499 3917 2095 3992">
     <span class='ocr_line' id='line_1_70' title="bbox 499 3917 2095 3992; baseline 0.006 -21"><span class='ocrx_word' id='word_1_559' title='bbox 499 3931 663 3989; x_wconf 78' lang='lat' dir='ltr'><strong>quam</strong></span> <span class='ocrx_word' id='word_1_560' title='bbox 678 3917 970 3987; x_wconf 88' lang='lat' dir='ltr'><strong>Abraham,</strong></span> <span class='ocrx_word' id='word_1_561' title='bbox 991 3932 1328 3989; x_wconf 86' lang='lat' dir='ltr'><strong>nequaquam</strong></span> <span class='ocrx_word' id='word_1_562' title='bbox 1344 3918 1613 3974; x_wconf 86' lang='lat' dir='ltr'><strong>Abraham</strong></span> <span class='ocrx_word' id='word_1_563' title='bbox 1628 3920 1945 3992; x_wconf 84' lang='lat' dir='ltr'><strong>alienigenae</strong></span> <span class='ocrx_word' id='word_1_564' title='bbox 1955 3924 2095 3981; x_wconf 89' lang='lat' dir='ltr'><strong>deci-</strong></span> 
     </span>
    </p>
   </div>
   <div class='ocr_carea' id='block_1_71' title="bbox 496 4010 2093 4085">
    <p class='ocr_par' dir='ltr' id='par_1_71' title="bbox 496 4010 2093 4085">
     <span class='ocr_line' id='line_1_71' title="bbox 496 4010 2093 4085; baseline 0.006 -21"><span class='ocrx_word' id='word_1_565' title='bbox 496 4022 619 4064; x_wconf 85' lang='lat' dir='ltr'><strong>mas</strong></span> <span class='ocrx_word' id='word_1_566' title='bbox 641 4010 899 4077; x_wconf 88' lang='lat' dir='ltr'><strong>dedisset,</strong></span> <span class='ocrx_word' id='word_1_567' title='bbox 929 4011 1070 4066; x_wconf 89' lang='lat' dir='ltr'><strong>sicut</strong></span> <span class='ocrx_word' id='word_1_568' title='bbox 1105 4012 1282 4065; x_wconf 87' lang='lat' dir='ltr'><strong>Aaron</strong></span> <span class='ocrx_word' id='word_1_569' title='bbox 1314 4010 1534 4080; x_wconf 88' lang='lat' dir='ltr'><strong>majoris</strong></span> <span class='ocrx_word' id='word_1_570' title='bbox 1566 4012 1741 4068; x_wconf 88' lang='lat' dir='ltr'><strong>meriti</strong></span> <span class='ocrx_word' id='word_1_571' title='bbox 1772 4012 1900 4081; x_wconf 78' lang='lat' dir='ltr'><strong>fuit,</strong></span> <span class='ocrx_word' id='word_1_572' title='bbox 1932 4030 2093 4085; x_wconf 90' lang='lat' dir='ltr'><strong>quam</strong></span> 
     </span>
    </p>
   </div>
   <div class='ocr_carea' id='block_1_72' title="bbox 495 4101 2096 4178">
    <p class='ocr_par' dir='ltr' id='par_1_72' title="bbox 495 4101 2096 4178">
     <span class='ocr_line' id='line_1_72' title="bbox 495 4101 2096 4178; baseline 0.003 -21"><span class='ocrx_word' id='word_1_573' title='bbox 495 4101 697 4157; x_wconf 77' lang='lat' dir='ltr'><strong>fratres</strong></span> <span class='ocrx_word' id='word_1_574' title='bbox 718 4101 858 4157; x_wconf 90' lang='lat' dir='ltr'><strong>illius</strong></span> <span class='ocrx_word' id='word_1_575' title='bbox 882 4101 1117 4157; x_wconf 86' lang='lat' dir='ltr'><strong>tribuum</strong></span> <span class='ocrx_word' id='word_1_576' title='bbox 1141 4103 1469 4173; x_wconf 89' lang='lat' dir='ltr'><strong>reliquarum</strong></span> <span class='ocrx_word' id='word_1_577' title='bbox 1494 4119 1509 4169; x_wconf 89' lang='lat'><strong>;</strong></span> <span class='ocrx_word' id='word_1_578' title='bbox 1536 4102 1667 4159; x_wconf 91' lang='lat' dir='ltr'><strong>dicit</strong></span> <span class='ocrx_word' id='word_1_579' title='bbox 1687 4118 1819 4176; x_wconf 86' lang='lat' dir='ltr'><strong>ergo</strong></span> <span class='ocrx_word' id='word_1_580' title='bbox 1844 4123 1856 4159; x_wconf 91' lang='lat'>:</span> <span class='ocrx_word' id='word_1_581' title='bbox 1889 4106 1956 4161; x_wconf 86' lang='lat' dir='ltr'><strong>Et</strong></span> <span class='ocrx_word' id='word_1_582' title='bbox 1974 4108 2096 4178; x_wconf 91' lang='lat' dir='ltr'><strong>qui-</strong></span> 
     </span>
    </p>
   </div>
   <div class='ocr_carea' id='block_1_73' title="bbox 495 4194 2096 4264">
    <p class='ocr_par' dir='ltr' id='par_1_73' title="bbox 495 4194 2096 4264">
     <span class='ocr_line' id='line_1_73' title="bbox 495 4194 2096 4264; baseline 0.004 -14"><span class='ocrx_word' id='word_1_583' title='bbox 495 4194 617 4251; x_wconf 89' lang='lat' dir='ltr'><strong>dem</strong></span> <span class='ocrx_word' id='word_1_584' title='bbox 642 4195 710 4252; x_wconf 92' lang='lat' dir='ltr'><strong>de</strong></span> <span class='ocrx_word' id='word_1_585' title='bbox 740 4194 865 4253; x_wconf 83' lang='lat' dir='ltr'><strong>ﬁliis</strong></span> <span class='ocrx_word' id='word_1_586' title='bbox 881 4195 1009 4250; x_wconf 87' lang='lat' dir='ltr'><strong>Levi</strong></span> <span class='ocrx_word' id='word_1_587' title='bbox 1032 4194 1358 4264; x_wconf 88' lang='lat' dir='ltr'><strong>accipientes</strong></span> <span class='ocrx_word' id='word_1_588' title='bbox 1379 4196 1767 4264; x_wconf 88' lang='lat' dir='ltr'><strong>sacerdotium,</strong></span> <span class='ocrx_word' id='word_1_589' title='bbox 1783 4198 1922 4253; x_wconf 83' lang='lat' dir='ltr'><strong>sicut</strong></span> <span class='ocrx_word' id='word_1_590' title='bbox 1936 4213 2096 4256; x_wconf 78' lang='lat' dir='ltr'><strong>acce-</strong></span> 
     </span>
    </p>
   </div>
   <div class='ocr_carea' id='block_1_74' title="bbox 492 4287 2093 4361">
    <p class='ocr_par' dir='ltr' id='par_1_74' title="bbox 492 4287 2093 4361">
     <span class='ocr_line' id='line_1_74' title="bbox 492 4287 2093 4361; baseline 0.001 -16"><span class='ocrx_word' id='word_1_591' title='bbox 492 4290 570 4359; x_wconf 81' lang='lat' dir='ltr'><strong>pii</strong></span> <span class='ocrx_word' id='word_1_592' title='bbox 594 4290 768 4345; x_wconf 82' lang='lat' dir='ltr'><strong>Aaron</strong></span> <span class='ocrx_word' id='word_1_593' title='bbox 791 4297 847 4345; x_wconf 91' lang='lat' dir='ltr'><strong>et</strong></span> <span class='ocrx_word' id='word_1_594' title='bbox 862 4287 953 4342; x_wconf 82' lang='lat' dir='ltr'><strong>filii</strong></span> <span class='ocrx_word' id='word_1_595' title='bbox 974 4287 1111 4358; x_wconf 88' lang='lat' dir='ltr'><strong>ejus,</strong></span> <span class='ocrx_word' id='word_1_596' title='bbox 1132 4288 1442 4344; x_wconf 86' lang='lat' dir='ltr'><strong>mandatum</strong></span> <span class='ocrx_word' id='word_1_597' title='bbox 1463 4298 1520 4345; x_wconf 91' lang='lat' dir='ltr'><strong>et</strong></span> <span class='ocrx_word' id='word_1_598' title='bbox 1543 4299 1871 4361; x_wconf 67' lang='lat' dir='ltr'><strong>praeceptum</strong></span> <span class='ocrx_word' id='word_1_599' title='bbox 1894 4292 2093 4347; x_wconf 88' lang='lat' dir='ltr'><strong>habent</strong></span> 
     </span>
    </p>
   </div>
   <div class='ocr_carea' id='block_1_75' title="bbox 491 4380 2094 4452">
    <p class='ocr_par' dir='ltr' id='par_1_75' title="bbox 491 4380 2094 4452">
     <span class='ocr_line' id='line_1_75' title="bbox 491 4380 2094 4452; baseline 0.001 -14"><span class='ocrx_word' id='word_1_600' title='bbox 491 4381 790 4439; x_wconf 81' lang='lat' dir='ltr'><strong>secundum</strong></span> <span class='ocrx_word' id='word_1_601' title='bbox 813 4381 1010 4452; x_wconf 87' lang='lat' dir='ltr'><strong>legem,</strong></span> <span class='ocrx_word' id='word_1_602' title='bbox 1026 4395 1241 4435; x_wconf 90' lang='lat' dir='ltr'><strong>sumere</strong></span> <span class='ocrx_word' id='word_1_603' title='bbox 1258 4380 1496 4435; x_wconf 76' lang='lat' dir='ltr'><strong>decimas</strong></span> <span class='ocrx_word' id='word_1_604' title='bbox 1512 4396 1543 4434; x_wconf 90' lang='lat' dir='ltr'><strong>a</strong></span> <span class='ocrx_word' id='word_1_605' title='bbox 1564 4383 1781 4451; x_wconf 91' lang='lat' dir='ltr'><strong>populo,</strong></span> <span class='ocrx_word' id='word_1_606' title='bbox 1805 4381 1963 4452; x_wconf 90' lang='lat' dir='ltr'><strong>quasi</strong></span> <span class='ocrx_word' id='word_1_607' title='bbox 1986 4398 2094 4439; x_wconf 86' lang='lat' dir='ltr'><strong>me-</strong></span> 
     </span>
    </p>
   </div>
   <div class='ocr_carea' id='block_1_76' title="bbox 495 4473 2096 4540">
    <p class='ocr_par' dir='ltr' id='par_1_76' title="bbox 495 4473 2096 4540">
     <span class='ocr_line' id='line_1_76' title="bbox 495 4473 2096 4540; baseline 0.001 -10"><span class='ocrx_word' id='word_1_608' title='bbox 495 4473 665 4530; x_wconf 85' lang='lat' dir='ltr'><strong>liores</strong></span> <span class='ocrx_word' id='word_1_609' title='bbox 683 4475 807 4538; x_wconf 89' lang='lat' dir='ltr'><strong>illis,</strong></span> <span class='ocrx_word' id='word_1_610' title='bbox 824 4474 996 4529; x_wconf 91' lang='lat' dir='ltr'><strong>ethoc</strong></span> <span class='ocrx_word' id='word_1_611' title='bbox 1016 4489 1046 4527; x_wconf 89' lang='lat' dir='ltr'><strong>a</strong></span> <span class='ocrx_word' id='word_1_612' title='bbox 1070 4473 1323 4529; x_wconf 83' lang='lat' dir='ltr'><strong>fratribus</strong></span> <span class='ocrx_word' id='word_1_613' title='bbox 1343 4474 1478 4540; x_wconf 91' lang='lat' dir='ltr'><strong>suis,</strong></span> <span class='ocrx_word' id='word_1_614' title='bbox 1493 4489 1615 4529; x_wconf 91' lang='lat' dir='ltr'><strong>cum</strong></span> <span class='ocrx_word' id='word_1_615' title='bbox 1634 4491 1798 4531; x_wconf 89' lang='lat' dir='ltr'><strong>unum</strong></span> <span class='ocrx_word' id='word_1_616' title='bbox 1819 4477 2096 4532; x_wconf 82' lang='lat' dir='ltr'><strong>eumdem-</strong></span> 
     </span>
    </p>
   </div>
   <div class='ocr_carea' id='block_1_77' title="bbox 2201 3265 3783 3337">
    <p class='ocr_par' dir='ltr' id='par_1_77' title="bbox 2201 3265 3783 3337">
     <span class='ocr_line' id='line_1_77' title="bbox 2201 3265 3783 3337; baseline 0.004 -14"><span class='ocrx_word' id='word_1_617' title='bbox 2201 3266 2513 3337; x_wconf 88' lang='lat' dir='ltr'><strong>Apostolus,</strong></span> <span class='ocrx_word' id='word_1_618' title='bbox 2540 3265 2641 3335; x_wconf 90' lang='lat' dir='ltr'><strong>Qui</strong></span> <span class='ocrx_word' id='word_1_619' title='bbox 2664 3265 2904 3324; x_wconf 86' lang='lat' dir='ltr'><strong>decimas</strong></span> <span class='ocrx_word' id='word_1_620' title='bbox 2929 3268 2985 3323; x_wconf 90' lang='lat' dir='ltr'><strong>in</strong></span> <span class='ocrx_word' id='word_1_621' title='bbox 3003 3267 3129 3324; x_wconf 87' lang='lat' dir='ltr'><strong>filiis</strong></span> <span class='ocrx_word' id='word_1_622' title='bbox 3153 3268 3270 3325; x_wconf 89' lang='lat' dir='ltr'><strong>suis</strong></span> <span class='ocrx_word' id='word_1_623' title='bbox 3294 3284 3325 3323; x_wconf 88' lang='lat' dir='ltr'><strong>a</strong></span> <span class='ocrx_word' id='word_1_624' title='bbox 3355 3267 3613 3327; x_wconf 84' lang='lat' dir='ltr'><strong>fratribus</strong></span> <span class='ocrx_word' id='word_1_625' title='bbox 3638 3286 3783 3329; x_wconf 84' lang='lat' dir='ltr'><strong>acce-</strong></span> 
     </span>
    </p>
   </div>
   <div class='ocr_carea' id='block_1_78' title="bbox 2202 3356 3778 3427">
    <p class='ocr_par' dir='ltr' id='par_1_78' title="bbox 2202 3356 3778 3427">
     <span class='ocr_line' id='line_1_78' title="bbox 2202 3356 3778 3427; baseline 0.004 -17"><span class='ocrx_word' id='word_1_626' title='bbox 2202 3357 2308 3426; x_wconf 88' lang='lat' dir='ltr'><strong>pit,</strong></span> <span class='ocrx_word' id='word_1_627' title='bbox 2356 3356 2651 3412; x_wconf 88' lang='lat' dir='ltr'><strong>decimatus</strong></span> <span class='ocrx_word' id='word_1_628' title='bbox 2678 3367 2761 3413; x_wconf 91' lang='lat' dir='ltr'><strong>est</strong></span> <span class='ocrx_word' id='word_1_629' title='bbox 2801 3373 2894 3427; x_wconf 90' lang='lat' dir='ltr'><strong>per</strong></span> <span class='ocrx_word' id='word_1_630' title='bbox 2924 3359 3216 3426; x_wconf 85' lang='lat' dir='ltr'><strong>Abraham,</strong></span> <span class='ocrx_word' id='word_1_631' title='bbox 3245 3359 3359 3416; x_wconf 89' lang='lat' dir='ltr'><strong>sive</strong></span> <span class='ocrx_word' id='word_1_632' title='bbox 3403 3360 3457 3416; x_wconf 94' lang='lat' dir='ltr'><strong>in</strong></span> <span class='ocrx_word' id='word_1_633' title='bbox 3496 3362 3778 3419; x_wconf 84' lang='lat' dir='ltr'><strong>Abraham.</strong></span> 
     </span>
    </p>
   </div>
   <div class='ocr_carea' id='block_1_79' title="bbox 2203 3448 3781 3524">
    <p class='ocr_par' dir='ltr' id='par_1_79' title="bbox 2203 3448 3781 3524">
     <span class='ocr_line' id='line_1_79' title="bbox 2203 3448 3781 3524; baseline 0.008 -21"><span class='ocrx_word' id='word_1_634' title='bbox 2203 3448 2410 3517; x_wconf 89' lang='lat' dir='ltr'><strong>Quibus</strong></span> <span class='ocrx_word' id='word_1_635' title='bbox 2436 3451 2617 3507; x_wconf 87' lang='lat' dir='ltr'><strong>verbis</strong></span> <span class='ocrx_word' id='word_1_636' title='bbox 2643 3451 2966 3520; x_wconf 85' lang='lat' dir='ltr'><strong>declaratur,</strong></span> <span class='ocrx_word' id='word_1_637' title='bbox 2992 3454 3115 3524; x_wconf 86' lang='lat' dir='ltr'><strong>quia</strong></span> <span class='ocrx_word' id='word_1_638' title='bbox 3143 3454 3244 3511; x_wconf 90' lang='lat' dir='ltr'><strong>nisi</strong></span> <span class='ocrx_word' id='word_1_639' title='bbox 3266 3456 3640 3514; x_wconf 78' lang='lat' dir='ltr'><strong>Sacerdotium</strong></span> <span class='ocrx_word' id='word_1_640' title='bbox 3667 3458 3781 3515; x_wconf 80' lang='lat' dir='ltr'><strong>Mel-</strong></span> 
     </span>
    </p>
   </div>
   <div class='ocr_carea' id='block_1_80' title="bbox 2200 3544 3781 3621">
    <p class='ocr_par' dir='ltr' id='par_1_80' title="bbox 2200 3544 3781 3621">
     <span class='ocr_line' id='line_1_80' title="bbox 2200 3544 3781 3621; baseline 0.004 -20"><span class='ocrx_word' id='word_1_641' title='bbox 2200 3544 2526 3614; x_wconf 89' lang='lat' dir='ltr'><strong>chisedech,</strong></span> <span class='ocrx_word' id='word_1_642' title='bbox 2576 3548 2667 3618; x_wconf 92' lang='lat' dir='ltr'><strong>qui</strong></span> <span class='ocrx_word' id='word_1_643' title='bbox 2714 3548 2767 3602; x_wconf 91' lang='lat' dir='ltr'><strong>in</strong></span> <span class='ocrx_word' id='word_1_644' title='bbox 2802 3548 2971 3619; x_wconf 86' lang='lat' dir='ltr'><strong>figura</strong></span> <span class='ocrx_word' id='word_1_645' title='bbox 3013 3548 3219 3605; x_wconf 61' lang='lat' dir='ltr'><strong>Christit</strong></span> <span class='ocrx_word' id='word_1_646' title='bbox 3247 3550 3620 3607; x_wconf 87' lang='lat' dir='ltr'><strong>sacerdotium</strong></span> <span class='ocrx_word' id='word_1_647' title='bbox 3660 3568 3781 3621; x_wconf 74' lang='lat' dir='ltr'><strong>pra:-</strong></span> 
     </span>
    </p>
   </div>
   <div class='ocr_carea' id='block_1_81' title="bbox 2199 3639 3780 3715">
    <p class='ocr_par' dir='ltr' id='par_1_81' title="bbox 2199 3639 3780 3715">
     <span class='ocr_line' id='line_1_81' title="bbox 2199 3639 3780 3715; baseline 0.005 -20"><span class='ocrx_word' id='word_1_648' title='bbox 2199 3639 2384 3707; x_wconf 87' lang='lat' dir='ltr'><strong>cessit,</strong></span> <span class='ocrx_word' id='word_1_649' title='bbox 2403 3639 2627 3711; x_wconf 87' lang='lat' dir='ltr'><strong>majoris</strong></span> <span class='ocrx_word' id='word_1_650' title='bbox 2645 3640 2920 3711; x_wconf 83' lang='lat' dir='ltr'><strong>dignitatis</strong></span> <span class='ocrx_word' id='word_1_651' title='bbox 2942 3658 3049 3698; x_wconf 91' lang='lat' dir='ltr'><strong>non</strong></span> <span class='ocrx_word' id='word_1_652' title='bbox 3072 3652 3236 3707; x_wconf 86' lang='lat' dir='ltr'><strong>esset,</strong></span> <span class='ocrx_word' id='word_1_653' title='bbox 3259 3660 3607 3715; x_wconf 87' lang='lat' dir='ltr'><strong>nequaquam</strong></span> <span class='ocrx_word' id='word_1_654' title='bbox 3630 3646 3780 3702; x_wconf 81' lang='lat' dir='ltr'><strong>Abra-</strong></span> 
     </span>
    </p>
   </div>
   <div class='ocr_carea' id='block_1_82' title="bbox 2202 3729 3779 3804">
    <p class='ocr_par' dir='ltr' id='par_1_82' title="bbox 2202 3729 3779 3804">
     <span class='ocr_line' id='line_1_82' title="bbox 2202 3729 3779 3804; baseline 0.005 -20"><span class='ocrx_word' id='word_1_655' title='bbox 2202 3729 2659 3804; x_wconf 87' lang='lat' dir='ltr'><strong>ham,omnesque</strong></span> <span class='ocrx_word' id='word_1_656' title='bbox 2682 3731 2772 3788; x_wconf 88' lang='lat' dir='ltr'><strong>filii</strong></span> <span class='ocrx_word' id='word_1_657' title='bbox 2799 3734 2915 3803; x_wconf 91' lang='lat' dir='ltr'><strong>ejus</strong></span> <span class='ocrx_word' id='word_1_658' title='bbox 2940 3733 3012 3790; x_wconf 89' lang='lat' dir='ltr'><strong>ab</strong></span> <span class='ocrx_word' id='word_1_659' title='bbox 3039 3735 3129 3790; x_wconf 91' lang='lat' dir='ltr'><strong>illo</strong></span> <span class='ocrx_word' id='word_1_660' title='bbox 3150 3734 3406 3792; x_wconf 88' lang='lat' dir='ltr'><strong>decimati</strong></span> <span class='ocrx_word' id='word_1_661' title='bbox 3429 3748 3648 3794; x_wconf 82' lang='lat' dir='ltr'><strong>essent:</strong></span> <span class='ocrx_word' id='word_1_662' title='bbox 3668 3738 3779 3792; x_wconf 85' lang='lat' dir='ltr'><strong>dum</strong></span> 
     </span>
    </p>
   </div>
   <div class='ocr_carea' id='block_1_83' title="bbox 2198 3824 3780 3899">
    <p class='ocr_par' dir='ltr' id='par_1_83' title="bbox 2198 3824 3780 3899">
     <span class='ocr_line' id='line_1_83' title="bbox 2198 3824 3780 3899; baseline 0.002 -18"><span class='ocrx_word' id='word_1_663' title='bbox 2198 3824 2343 3881; x_wconf 88' lang='lat' dir='ltr'><strong>enim</strong></span> <span class='ocrx_word' id='word_1_664' title='bbox 2384 3825 2746 3883; x_wconf 88' lang='lat' dir='ltr'><strong>sacerdotium</strong></span> <span class='ocrx_word' id='word_1_665' title='bbox 2787 3841 2820 3880; x_wconf 91' lang='lat' dir='ltr'><strong>a</strong></span> <span class='ocrx_word' id='word_1_666' title='bbox 2856 3828 3160 3884; x_wconf 86' lang='lat' dir='ltr'><strong>sacerdotio</strong></span> <span class='ocrx_word' id='word_1_667' title='bbox 3195 3828 3533 3897; x_wconf 86' lang='lat' dir='ltr'><strong>decimatur,</strong></span> <span class='ocrx_word' id='word_1_668' title='bbox 3577 3831 3780 3899; x_wconf 87' lang='lat' dir='ltr'><strong>majoris</strong></span> 
     </span>
    </p>
   </div>
   <div class='ocr_carea' id='block_1_84' title="bbox 2198 3917 3781 3997">
    <p class='ocr_par' dir='ltr' id='par_1_84' title="bbox 2198 3917 3781 3997">
     <span class='ocr_line' id='line_1_84' title="bbox 2198 3917 3781 3997; baseline 0.004 -22"><span class='ocrx_word' id='word_1_669' title='bbox 2198 3917 2476 3989; x_wconf 86' lang='lat' dir='ltr'><strong>dignitatis</strong></span> <span class='ocrx_word' id='word_1_670' title='bbox 2514 3935 2681 3976; x_wconf 87' lang='lat' dir='ltr'><strong>ttnum</strong></span> <span class='ocrx_word' id='word_1_671' title='bbox 2720 3920 2894 3977; x_wconf 90' lang='lat' dir='ltr'><strong>altero</strong></span> <span class='ocrx_word' id='word_1_672' title='bbox 2930 3921 3251 3979; x_wconf 88' lang='lat' dir='ltr'><strong>ostenditur.</strong></span> <span class='ocrx_word' id='word_1_673' title='bbox 3295 3923 3358 3981; x_wconf 90' lang='lat' dir='ltr'><strong>Si</strong></span> <span class='ocrx_word' id='word_1_674' title='bbox 3392 3941 3521 3997; x_wconf 84' lang='lat' dir='ltr'><strong>ergo</strong></span> <span class='ocrx_word' id='word_1_675' title='bbox 3560 3943 3781 3981; x_wconf 70' lang='lat' dir='ltr'><strong>consan-</strong></span> 
     </span>
    </p>
   </div>
   <div class='ocr_carea' id='block_1_85' title="bbox 2204 4011 3781 4090">
    <p class='ocr_par' dir='ltr' id='par_1_85' title="bbox 2204 4011 3781 4090">
     <span class='ocr_line' id='line_1_85' title="bbox 2204 4011 3781 4090; baseline 0.007 -25"><span class='ocrx_word' id='word_1_676' title='bbox 2204 4011 2365 4066; x_wconf 85' lang='lat' dir='ltr'><strong>matio</strong></span> <span class='ocrx_word' id='word_1_677' title='bbox 2409 4028 2501 4084; x_wconf 88' lang='lat' dir='ltr'><strong>per</strong></span> <span class='ocrx_word' id='word_1_678' title='bbox 2542 4014 2886 4069; x_wconf 85' lang='lat' dir='ltr'><strong>sacerdotium</strong></span> <span class='ocrx_word' id='word_1_679' title='bbox 2929 4012 3203 4070; x_wconf 83' lang='lat' dir='ltr'><strong>Leviticum</strong></span> <span class='ocrx_word' id='word_1_680' title='bbox 3232 4024 3370 4083; x_wconf 88' lang='lat' dir='ltr'><strong>erat,</strong></span> <span class='ocrx_word' id='word_1_681' title='bbox 3406 4020 3635 4090; x_wconf 76' lang='lat' dir='ltr'><strong>populus</strong></span> <span class='ocrx_word' id='word_1_682' title='bbox 3665 4021 3781 4075; x_wconf 68' lang='lat' dir='ltr'><strong>eni-</strong></span> 
     </span>
    </p>
   </div>
   <div class='ocr_carea' id='block_1_86' title="bbox 2198 4103 3781 4179">
    <p class='ocr_par' dir='ltr' id='par_1_86' title="bbox 2198 4103 3781 4179">
     <span class='ocr_line' id='line_1_86' title="bbox 2198 4103 3781 4179; baseline 0.004 -19"><span class='ocrx_word' id='word_1_683' title='bbox 2198 4103 2290 4160; x_wconf 88' lang='lat' dir='ltr'><strong>sub</strong></span> <span class='ocrx_word' id='word_1_684' title='bbox 2320 4105 2432 4175; x_wconf 89' lang='lat' dir='ltr'><strong>ipso</strong></span> <span class='ocrx_word' id='word_1_685' title='bbox 2463 4106 2627 4176; x_wconf 85' lang='lat' dir='ltr'><strong>legem</strong></span> <span class='ocrx_word' id='word_1_686' title='bbox 2667 4108 2907 4178; x_wconf 85' lang='lat' dir='ltr'><strong>accepit:</strong></span> <span class='ocrx_word' id='word_1_687' title='bbox 2950 4108 3075 4179; x_wconf 85' lang='lat' dir='ltr'><strong>quid</strong></span> <span class='ocrx_word' id='word_1_688' title='bbox 3114 4108 3285 4163; x_wconf 84' lang='lat' dir='ltr'><strong>adhuc</strong></span> <span class='ocrx_word' id='word_1_689' title='bbox 3318 4112 3675 4166; x_wconf 77' lang='lat' dir='ltr'><strong>necessarium</strong></span> <span class='ocrx_word' id='word_1_690' title='bbox 3708 4128 3781 4166; x_wconf 84' lang='lat' dir='ltr'><strong>se-</strong></span> 
     </span>
    </p>
   </div>
   <div class='ocr_carea' id='block_1_87' title="bbox 2198 4200 3783 4275">
    <p class='ocr_par' dir='ltr' id='par_1_87' title="bbox 2198 4200 3783 4275">
     <span class='ocr_line' id='line_1_87' title="bbox 2198 4200 3783 4275; baseline 0.003 -20"><span class='ocrx_word' id='word_1_691' title='bbox 2198 4201 2428 4255; x_wconf 81' lang='lat' dir='ltr'><strong>cundum</strong></span> <span class='ocrx_word' id='word_1_692' title='bbox 2454 4201 2691 4256; x_wconf 85' lang='lat' dir='ltr'><strong>ordinem</strong></span> <span class='ocrx_word' id='word_1_693' title='bbox 2714 4200 3091 4259; x_wconf 81' lang='lat' dir='ltr'><strong>Melchisedech</strong></span> <span class='ocrx_word' id='word_1_694' title='bbox 3121 4204 3285 4258; x_wconf 85' lang='lat' dir='ltr'><strong>alium</strong></span> <span class='ocrx_word' id='word_1_695' title='bbox 3313 4221 3601 4275; x_wconf 71' lang='lat' dir='ltr'><strong>exsurgere</strong></span> <span class='ocrx_word' id='word_1_696' title='bbox 3628 4222 3783 4262; x_wconf 73' lang='lat' dir='ltr'><strong>sacer-</strong></span> 
     </span>
    </p>
   </div>
   <div class='ocr_carea' id='block_1_88' title="bbox 2199 4290 3780 4359">
    <p class='ocr_par' dir='ltr' id='par_1_88' title="bbox 2199 4290 3780 4359">
     <span class='ocr_line' id='line_1_88' title="bbox 2199 4290 3780 4359; baseline 0.004 -15"><span class='ocrx_word' id='word_1_697' title='bbox 2199 4290 2404 4359; x_wconf 87' lang='lat' dir='ltr'><strong>dotem,</strong></span> <span class='ocrx_word' id='word_1_698' title='bbox 2442 4300 2490 4347; x_wconf 86' lang='lat' dir='ltr'><strong>et</strong></span> <span class='ocrx_word' id='word_1_699' title='bbox 2514 4308 2618 4347; x_wconf 86' lang='lat' dir='ltr'><strong>non</strong></span> <span class='ocrx_word' id='word_1_700' title='bbox 2648 4294 2929 4348; x_wconf 85' lang='lat' dir='ltr'><strong>secundum</strong></span> <span class='ocrx_word' id='word_1_701' title='bbox 2959 4294 3192 4350; x_wconf 86' lang='lat' dir='ltr'><strong>ordinent</strong></span> <span class='ocrx_word' id='word_1_702' title='bbox 3218 4295 3393 4350; x_wconf 83' lang='lat' dir='ltr'><strong>Aaron</strong></span> <span class='ocrx_word' id='word_1_703' title='bbox 3418 4298 3566 4351; x_wconf 80' lang='lat' dir='ltr'><strong>dici?</strong></span> <span class='ocrx_word' id='word_1_704' title='bbox 3592 4297 3780 4351; x_wconf 73' lang='lat' dir='ltr'><strong>Trans-</strong></span> 
     </span>
    </p>
   </div>
   <div class='ocr_carea' id='block_1_89' title="bbox 2199 4385 3779 4459">
    <p class='ocr_par' dir='ltr' id='par_1_89' title="bbox 2199 4385 3779 4459">
     <span class='ocr_line' id='line_1_89' title="bbox 2199 4385 3779 4459; baseline 0.003 -21"><span class='ocrx_word' id='word_1_705' title='bbox 2199 4385 2305 4439; x_wconf 84' lang='lat' dir='ltr'><strong>lato</strong></span> <span class='ocrx_word' id='word_1_706' title='bbox 2332 4386 2467 4440; x_wconf 86' lang='lat' dir='ltr'><strong>enim</strong></span> <span class='ocrx_word' id='word_1_707' title='bbox 2488 4387 2796 4455; x_wconf 86' lang='lat' dir='ltr'><strong>sacerdotio,</strong></span> <span class='ocrx_word' id='word_1_708' title='bbox 2830 4403 3030 4442; x_wconf 88' lang='lat' dir='ltr'><strong>necesse</strong></span> <span class='ocrx_word' id='word_1_709' title='bbox 3053 4399 3126 4442; x_wconf 86' lang='lat' dir='ltr'><strong>est</strong></span> <span class='ocrx_word' id='word_1_710' title='bbox 3150 4398 3204 4442; x_wconf 87' lang='lat' dir='ltr'><strong>ut</strong></span> <span class='ocrx_word' id='word_1_711' title='bbox 3226 4388 3351 4459; x_wconf 86' lang='lat' dir='ltr'><strong>legis</strong></span> <span class='ocrx_word' id='word_1_712' title='bbox 3377 4389 3660 4443; x_wconf 81' lang='lat' dir='ltr'><strong>translatio</strong></span> <span class='ocrx_word' id='word_1_713' title='bbox 3681 4390 3779 4457; x_wconf 73' lang='lat' dir='ltr'><strong>ﬁat.</strong></span> 
     </span>
    </p>
   </div>
   <div class='ocr_carea' id='block_1_90' title="bbox 2200 4476 3782 4551">
    <p class='ocr_par' dir='ltr' id='par_1_90' title="bbox 2200 4476 3782 4551">
     <span class='ocr_line' id='line_1_90' title="bbox 2200 4476 3782 4551; baseline 0.004 -19"><span class='ocrx_word' id='word_1_714' title='bbox 2200 4476 2300 4534; x_wconf 85' lang='lat' dir='ltr'><strong>llic</strong></span> <span class='ocrx_word' id='word_1_715' title='bbox 2330 4479 2518 4551; x_wconf 91' lang='lat' dir='ltr'><strong>incipit</strong></span> <span class='ocrx_word' id='word_1_716' title='bbox 2546 4480 2656 4550; x_wconf 88' lang='lat' dir='ltr'><strong>jam</strong></span> <span class='ocrx_word' id='word_1_717' title='bbox 2688 4481 2899 4551; x_wconf 87' lang='lat' dir='ltr'><strong>plenius</strong></span> <span class='ocrx_word' id='word_1_718' title='bbox 2928 4479 3262 4537; x_wconf 86' lang='lat' dir='ltr'><strong>differentias</strong></span> <span class='ocrx_word' id='word_1_719' title='bbox 3292 4480 3423 4536; x_wconf 88' lang='lat' dir='ltr'><strong>Novi</strong></span> <span class='ocrx_word' id='word_1_720' title='bbox 3452 4481 3782 4538; x_wconf 78' lang='lat' dir='ltr'><strong>Testamenti</strong></span> 
     </span>
    </p>
   </div>
   <div class='ocr_carea' id='block_1_91' title="bbox 495 4565 3783 4647">
    <p class='ocr_par' dir='ltr' id='par_1_91' title="bbox 495 4565 3783 4647">
     <span class='ocr_line' id='line_1_91' title="bbox 495 4565 3783 4647; baseline 0.003 -25"><span class='ocrx_word' id='word_1_721' title='bbox 495 4579 603 4638; x_wconf 89' lang='lat' dir='ltr'><strong>que</strong></span> <span class='ocrx_word' id='word_1_722' title='bbox 632 4566 945 4621; x_wconf 87' lang='lat' dir='ltr'><strong>habuissent</strong></span> <span class='ocrx_word' id='word_1_723' title='bbox 976 4567 1373 4636; x_wconf 87' lang='lat' dir='ltr'><strong>progenitorem</strong></span> <span class='ocrx_word' id='word_1_724' title='bbox 1399 4584 1416 4622; x_wconf 84' lang='lat'><strong>:</strong></span> <span class='ocrx_word' id='word_1_725' title='bbox 1440 4568 1591 4638; x_wconf 81' lang='lat' dir='ltr'><strong>juxta</strong></span> <span class='ocrx_word' id='word_1_726' title='bbox 1617 4568 1761 4639; x_wconf 87' lang='lat' dir='ltr'><strong>quod</strong></span> <span class='ocrx_word' id='word_1_727' title='bbox 1789 4570 2082 4640; x_wconf 89' lang='lat' dir='ltr'><strong>Apostolus</strong></span> <span class='ocrx_word' id='word_1_728' title='bbox 2110 4565 2167 4627; x_wconf 87' lang='lat' dir='ltr'><strong>D</strong></span> <span class='ocrx_word' id='word_1_729' title='bbox 2190 4571 2496 4639; x_wconf 88' lang='lat' dir='ltr'><strong>ostendere,</strong></span> <span class='ocrx_word' id='word_1_730' title='bbox 2530 4572 2711 4628; x_wconf 77' lang='lat' dir='ltr'><strong>dicens</strong></span> <span class='ocrx_word' id='word_1_731' title='bbox 2738 4591 2752 4627; x_wconf 88' lang='lat'><strong>:</strong></span> <span class='ocrx_word' id='word_1_732' title='bbox 2775 4574 2831 4629; x_wconf 89' lang='lat' dir='ltr'><strong>Si</strong></span> <span class='ocrx_word' id='word_1_733' title='bbox 2858 4575 3277 4641; x_wconf 88' lang='lat' dir='ltr'><strong>consummatio,</strong></span> <span class='ocrx_word' id='word_1_734' title='bbox 3309 4575 3363 4631; x_wconf 91' lang='lat' dir='ltr'><strong>id</strong></span> <span class='ocrx_word' id='word_1_735' title='bbox 3392 4583 3480 4631; x_wconf 86' lang='lat' dir='ltr'><strong>est</strong></span> <span class='ocrx_word' id='word_1_736' title='bbox 3529 4576 3783 4647; x_wconf 78' lang='lat' dir='ltr'><strong>perfectio</strong></span> 
     </span>
    </p>
   </div>
   <div class='ocr_carea' id='block_1_92' title="bbox 490 4656 2089 4730">
    <p class='ocr_par' dir='ltr' id='par_1_92' title="bbox 490 4656 2089 4730">
     <span class='ocr_line' id='line_1_92' title="bbox 490 4656 2089 4730; baseline 0.004 -16"><span class='ocrx_word' id='word_1_737' title='bbox 490 4656 822 4721; x_wconf 84' lang='lat' dir='ltr'><strong>manifestat,</strong></span> <span class='ocrx_word' id='word_1_738' title='bbox 851 4656 1035 4713; x_wconf 89' lang='lat' dir='ltr'><strong>dicens</strong></span> <span class='ocrx_word' id='word_1_739' title='bbox 1062 4675 1073 4710; x_wconf 94' lang='lat'>:</span> <span class='ocrx_word' id='word_1_740' title='bbox 1103 4657 1415 4730; x_wconf 86' lang='lat' dir='ltr'><strong>Quanquam</strong></span> <span class='ocrx_word' id='word_1_741' title='bbox 1442 4671 1495 4716; x_wconf 91' lang='lat' dir='ltr'><strong>et</strong></span> <span class='ocrx_word' id='word_1_742' title='bbox 1524 4660 1623 4730; x_wconf 90' lang='lat' dir='ltr'><strong>ipsi</strong></span> <span class='ocrx_word' id='word_1_743' title='bbox 1656 4661 1847 4718; x_wconf 86' lang='lat' dir='ltr'><strong>fratres</strong></span> <span class='ocrx_word' id='word_1_744' title='bbox 1866 4663 1992 4719; x_wconf 90' lang='lat' dir='ltr'><strong>Levi</strong></span> <span class='ocrx_word' id='word_1_745' title='bbox 2019 4665 2089 4721; x_wconf 90' lang='lat' dir='ltr'><strong>de</strong></span> 
     </span>
    </p>
   </div>
   <div class='ocr_carea' id='block_1_93' title="bbox 491 4752 2086 4827">
    <p class='ocr_par' dir='ltr' id='par_1_93' title="bbox 491 4752 2086 4827">
     <span class='ocr_line' id='line_1_93' title="bbox 491 4752 2086 4827; baseline 0.004 -18"><span class='ocrx_word' id='word_1_746' title='bbox 491 4752 688 4809; x_wconf 89' lang='lat' dir='ltr'><strong>lumbis</strong></span> <span class='ocrx_word' id='word_1_747' title='bbox 734 4752 971 4809; x_wconf 73' lang='lat' dir='ltr'><strong>exierint</strong></span> <span class='ocrx_word' id='word_1_748' title='bbox 1005 4752 1256 4809; x_wconf 71' lang='lat' dir='ltr'><strong>Abrahae.</strong></span> <span class='ocrx_word' id='word_1_749' title='bbox 1290 4754 1452 4826; x_wconf 89' lang='lat' dir='ltr'><strong>Cujus</strong></span> <span class='ocrx_word' id='word_1_750' title='bbox 1493 4763 1665 4809; x_wconf 87' lang='lat' dir='ltr'><strong>autem</strong></span> <span class='ocrx_word' id='word_1_751' title='bbox 1713 4758 1993 4827; x_wconf 79' lang='lat' dir='ltr'><strong>generatio.</strong></span> <span class='ocrx_word' id='word_1_752' title='bbox 2028 4759 2086 4816; x_wconf 89' lang='lat' dir='ltr'><strong>ld</strong></span> 
     </span>
    </p>
   </div>
   <div class='ocr_carea' id='block_1_94' title="bbox 492 4844 2078 4922">
    <p class='ocr_par' dir='ltr' id='par_1_94' title="bbox 492 4844 2078 4922">
     <span class='ocr_line' id='line_1_94' title="bbox 492 4844 2078 4922; baseline 0.003 -19"><span class='ocrx_word' id='word_1_753' title='bbox 492 4853 579 4903; x_wconf 89' lang='lat' dir='ltr'><strong>est</strong></span> <span class='ocrx_word' id='word_1_754' title='bbox 609 4844 1023 4902; x_wconf 84' lang='lat' dir='ltr'><strong>Melchisedech.</strong></span> <span class='ocrx_word' id='word_1_755' title='bbox 1062 4844 1187 4901; x_wconf 86' lang='lat' dir='ltr'><strong>Non</strong></span> <span class='ocrx_word' id='word_1_756' title='bbox 1226 4857 1598 4902; x_wconf 83' lang='lat' dir='ltr'><strong>annumeratur</strong></span> <span class='ocrx_word' id='word_1_757' title='bbox 1643 4848 1699 4902; x_wconf 85' lang='lat' dir='ltr'><strong>in</strong></span> <span class='ocrx_word' id='word_1_758' title='bbox 1738 4850 1833 4904; x_wconf 85' lang='lat' dir='ltr'><strong>eis.</strong></span> <span class='ocrx_word' id='word_1_759' title='bbox 1869 4850 1926 4906; x_wconf 91' lang='lat' dir='ltr'><strong>Id</strong></span> <span class='ocrx_word' id='word_1_760' title='bbox 1957 4863 2078 4922; x_wconf 87' lang='lat' dir='ltr'><strong>est,</strong></span> 
     </span>
    </p>
   </div>
   <div class='ocr_carea' id='block_1_95' title="bbox 489 4944 2078 5016">
    <p class='ocr_par' dir='ltr' id='par_1_95' title="bbox 489 4944 2078 5016">
     <span class='ocr_line' id='line_1_95' title="bbox 489 4944 2078 5016; baseline 0.002 -13"><span class='ocrx_word' id='word_1_761' title='bbox 489 4946 548 5003; x_wconf 84' lang='lat' dir='ltr'><strong>in</strong></span> <span class='ocrx_word' id='word_1_762' title='bbox 578 4945 702 5004; x_wconf 84' lang='lat' dir='ltr'><strong>filiis</strong></span> <span class='ocrx_word' id='word_1_763' title='bbox 729 4946 879 5002; x_wconf 79' lang='lat' dir='ltr'><strong>Levi.</strong></span> <span class='ocrx_word' id='word_1_764' title='bbox 911 4944 1148 5001; x_wconf 77' lang='lat' dir='ltr'><strong>Decimus</strong></span> <span class='ocrx_word' id='word_1_765' title='bbox 1178 4950 1394 5015; x_wconf 83' lang='lat' dir='ltr'><strong>sumpsit</strong></span> <span class='ocrx_word' id='word_1_766' title='bbox 1435 4945 1499 5001; x_wconf 89' lang='lat' dir='ltr'><strong>ab</strong></span> <span class='ocrx_word' id='word_1_767' title='bbox 1534 4944 1817 5016; x_wconf 82' lang='lat' dir='ltr'><strong>Abraham,</strong></span> <span class='ocrx_word' id='word_1_768' title='bbox 1847 4957 1895 5003; x_wconf 87' lang='lat' dir='ltr'><strong>et</strong></span> <span class='ocrx_word' id='word_1_769' title='bbox 1923 4948 2078 5007; x_wconf 87' lang='lat' dir='ltr'><strong>hunc.</strong></span> 
     </span>
    </p>
   </div>
   <div class='ocr_carea' id='block_1_96' title="bbox 490 5039 2081 5109">
    <p class='ocr_par' dir='ltr' id='par_1_96' title="bbox 490 5039 2081 5109">
     <span class='ocr_line' id='line_1_96' title="bbox 490 5039 2081 5109; baseline 0.003 -13"><span class='ocrx_word' id='word_1_770' title='bbox 490 5039 608 5096; x_wconf 82' lang='lat' dir='ltr'><strong>Hoc</strong></span> <span class='ocrx_word' id='word_1_771' title='bbox 631 5048 734 5109; x_wconf 83' lang='lat' dir='ltr'><strong>est,</strong></span> <span class='ocrx_word' id='word_1_772' title='bbox 757 5039 1050 5097; x_wconf 82' lang='lat' dir='ltr'><strong>Abraham.</strong></span> <span class='ocrx_word' id='word_1_773' title='bbox 1081 5040 1183 5106; x_wconf 75' lang='lat' dir='ltr'><strong>Qui</strong></span> <span class='ocrx_word' id='word_1_774' title='bbox 1211 5039 1426 5093; x_wconf 83' lang='lat' dir='ltr'><strong>habebat</strong></span> <span class='ocrx_word' id='word_1_775' title='bbox 1453 5042 1832 5108; x_wconf 85' lang='lat' dir='ltr'><strong>promissiones.</strong></span> <span class='ocrx_word' id='word_1_776' title='bbox 1854 5044 1929 5100; x_wconf 88' lang='lat' dir='ltr'><strong>De</strong></span> <span class='ocrx_word' id='word_1_777' title='bbox 1945 5044 2081 5101; x_wconf 85' lang='lat' dir='ltr'><strong>Filio</strong></span> 
     </span>
    </p>
   </div>
   <div class='ocr_carea' id='block_1_97' title="bbox 489 5129 2082 5193">
    <p class='ocr_par' dir='ltr' id='par_1_97' title="bbox 489 5129 2082 5193">
     <span class='ocr_line' id='line_1_97' title="bbox 489 5129 2082 5193; baseline 0.002 -4"><span class='ocrx_word' id='word_1_778' title='bbox 489 5132 611 5190; x_wconf 87' lang='lat' dir='ltr'><strong>Dei.</strong></span> <span class='ocrx_word' id='word_1_779' title='bbox 646 5132 938 5191; x_wconf 74' lang='lat' dir='ltr'><strong>Bemdixit.</strong></span> <span class='ocrx_word' id='word_1_780' title='bbox 990 5132 1084 5189; x_wconf 91' lang='lat' dir='ltr'><strong>llle</strong></span> <span class='ocrx_word' id='word_1_781' title='bbox 1113 5129 1531 5187; x_wconf 85' lang='lat' dir='ltr'><strong>Melchisedech.</strong></span> <span class='ocrx_word' id='word_1_782' title='bbox 1579 5132 1677 5187; x_wconf 81' lang='lat' dir='ltr'><strong>Hic</strong></span> <span class='ocrx_word' id='word_1_783' title='bbox 1717 5133 1951 5191; x_wconf 87' lang='lat' dir='ltr'><strong>ostendit</strong></span> <span class='ocrx_word' id='word_1_784' title='bbox 2000 5136 2082 5193; x_wconf 89' lang='lat' dir='ltr'><strong>in-</strong></span> 
     </span>
    </p>
   </div>
   <div class='ocr_carea' id='block_1_98' title="bbox 491 5222 2078 5285">
    <p class='ocr_par' dir='ltr' id='par_1_98' title="bbox 491 5222 2078 5285">
     <span class='ocr_line' id='line_1_98' title="bbox 491 5222 2078 5285; baseline 0.003 -5"><span class='ocrx_word' id='word_1_785' title='bbox 491 5224 868 5281; x_wconf 89' lang='lat' dir='ltr'><strong>circumcisum</strong></span> <span class='ocrx_word' id='word_1_786' title='bbox 896 5222 1235 5279; x_wconf 84' lang='lat' dir='ltr'><strong>s‘acerdotem</strong></span> <span class='ocrx_word' id='word_1_787' title='bbox 1260 5222 1540 5277; x_wconf 88' lang='lat' dir='ltr'><strong>sacerdote</strong></span> <span class='ocrx_word' id='word_1_788' title='bbox 1566 5223 1887 5282; x_wconf 90' lang='lat' dir='ltr'><strong>circumciso</strong></span> <span class='ocrx_word' id='word_1_789' title='bbox 1910 5229 2078 5285; x_wconf 90' lang='lat' dir='ltr'><strong>multo</strong></span> 
     </span>
    </p>
   </div>
   <div class='ocr_carea' id='block_1_99' title="bbox 492 5314 2077 5386">
    <p class='ocr_par' dir='ltr' id='par_1_99' title="bbox 492 5314 2077 5386">
     <span class='ocr_line' id='line_1_99' title="bbox 492 5314 2077 5386; baseline 0.001 -11"><span class='ocrx_word' id='word_1_790' title='bbox 492 5329 614 5375; x_wconf 86' lang='lat' dir='ltr'><strong>esse</strong></span> <span class='ocrx_word' id='word_1_791' title='bbox 635 5316 1029 5372; x_wconf 86' lang='lat' dir='ltr'><strong>sublimiorem.</strong></span> <span class='ocrx_word' id='word_1_792' title='bbox 1052 5314 1336 5383; x_wconf 89' lang='lat' dir='ltr'><strong>Quomodo</strong></span> <span class='ocrx_word' id='word_1_793' title='bbox 1366 5330 1496 5386; x_wconf 81' lang='lat' dir='ltr'><strong>ergo</strong></span> <span class='ocrx_word' id='word_1_794' title='bbox 1529 5315 1641 5373; x_wconf 62' lang='lat' dir='ltr'><strong>haec</strong></span> <span class='ocrx_word' id='word_1_795' title='bbox 1672 5320 1943 5375; x_wconf 74' lang='lat' dir='ltr'><strong>ostendit?</strong></span> <span class='ocrx_word' id='word_1_796' title='bbox 1975 5320 2077 5376; x_wconf 90' lang='lat' dir='ltr'><strong>uti-</strong></span> 
     </span>
    </p>
   </div>
   <div class='ocr_carea' id='block_1_100' title="bbox 490 5407 2071 5481">
    <p class='ocr_par' dir='ltr' id='par_1_100' title="bbox 490 5407 2071 5481">
     <span class='ocr_line' id='line_1_100' title="bbox 490 5407 2071 5481; baseline 0.001 -15"><span class='ocrx_word' id='word_1_797' title='bbox 490 5423 600 5479; x_wconf 84' lang='lat' dir='ltr'><strong>que</strong></span> <span class='ocrx_word' id='word_1_798' title='bbox 627 5410 749 5479; x_wconf 80' lang='lat' dir='ltr'><strong>quia</strong></span> <span class='ocrx_word' id='word_1_799' title='bbox 782 5414 893 5477; x_wconf 80' lang='lat' dir='ltr'><strong>ipse</strong></span> <span class='ocrx_word' id='word_1_800' title='bbox 916 5408 1064 5474; x_wconf 89' lang='lat' dir='ltr'><strong>Levi,</strong></span> <span class='ocrx_word' id='word_1_801' title='bbox 1096 5422 1161 5463; x_wconf 81' lang='lat' dir='ltr'><strong>ex</strong></span> <span class='ocrx_word' id='word_1_802' title='bbox 1193 5421 1299 5478; x_wconf 93' lang='lat' dir='ltr'><strong>quo</strong></span> <span class='ocrx_word' id='word_1_803' title='bbox 1328 5407 1667 5465; x_wconf 89' lang='lat' dir='ltr'><strong>sacerdotale</strong></span> <span class='ocrx_word' id='word_1_804' title='bbox 1693 5425 1864 5481; x_wconf 85' lang='lat' dir='ltr'><strong>genus</strong></span> <span class='ocrx_word' id='word_1_805' title='bbox 1890 5421 2071 5468; x_wconf 90' lang='lat' dir='ltr'><strong>ortum</strong></span> 
     </span>
    </p>
   </div>
   <div class='ocr_carea' id='block_1_101' title="bbox 491 5499 2080 5575">
    <p class='ocr_par' dir='ltr' id='par_1_101' title="bbox 491 5499 2080 5575">
     <span class='ocr_line' id='line_1_101' title="bbox 491 5499 2080 5575; baseline 0.001 -15"><span class='ocrx_word' id='word_1_806' title='bbox 491 5510 596 5567; x_wconf 80' lang='lat' dir='ltr'><strong>est,</strong></span> <span class='ocrx_word' id='word_1_807' title='bbox 628 5501 925 5558; x_wconf 75' lang='lat' dir='ltr'><strong>dccimatus</strong></span> <span class='ocrx_word' id='word_1_808' title='bbox 956 5510 1039 5556; x_wconf 88' lang='lat' dir='ltr'><strong>cst</strong></span> <span class='ocrx_word' id='word_1_809' title='bbox 1076 5516 1105 5555; x_wconf 88' lang='lat' dir='ltr'><strong>a</strong></span> <span class='ocrx_word' id='word_1_810' title='bbox 1137 5499 1535 5556; x_wconf 75' lang='lat' dir='ltr'><strong>Melchisedech</strong></span> <span class='ocrx_word' id='word_1_811' title='bbox 1569 5501 1621 5555; x_wconf 88' lang='lat' dir='ltr'><strong>in</strong></span> <span class='ocrx_word' id='word_1_812' title='bbox 1651 5502 1848 5557; x_wconf 89' lang='lat' dir='ltr'><strong>lumbis</strong></span> <span class='ocrx_word' id='word_1_813' title='bbox 1888 5519 2080 5575; x_wconf 80' lang='lat' dir='ltr'><strong>proge-</strong></span> 
     </span>
    </p>
   </div>
   <div class='ocr_carea' id='block_1_102' title="bbox 490 5593 2072 5665">
    <p class='ocr_par' dir='ltr' id='par_1_102' title="bbox 490 5593 2072 5665">
     <span class='ocr_line' id='line_1_102' title="bbox 490 5593 2072 5665; baseline 0.002 -15"><span class='ocrx_word' id='word_1_814' title='bbox 490 5593 682 5650; x_wconf 82' lang='lat' dir='ltr'><strong>nitoris</strong></span> <span class='ocrx_word' id='word_1_815' title='bbox 732 5600 857 5661; x_wconf 83' lang='lat' dir='ltr'><strong>sui;</strong></span> <span class='ocrx_word' id='word_1_816' title='bbox 908 5595 1125 5665; x_wconf 89' lang='lat' dir='ltr'><strong>jamque</strong></span> <span class='ocrx_word' id='word_1_817' title='bbox 1174 5606 1292 5650; x_wconf 78' lang='lat' dir='ltr'><strong>erat</strong></span> <span class='ocrx_word' id='word_1_818' title='bbox 1348 5593 1619 5649; x_wconf 88' lang='lat' dir='ltr'><strong>Abraham</strong></span> <span class='ocrx_word' id='word_1_819' title='bbox 1675 5594 2072 5653; x_wconf 84' lang='lat' dir='ltr'><strong>circumcisus:</strong></span> 
     </span>
    </p>
   </div>
   <div class='ocr_carea' id='block_1_103' title="bbox 486 5688 2073 5759">
    <p class='ocr_par' dir='ltr' id='par_1_103' title="bbox 486 5688 2073 5759">
     <span class='ocr_line' id='line_1_103' title="bbox 486 5688 2073 5759; baseline 0.003 -18"><span class='ocrx_word' id='word_1_820' title='bbox 486 5688 706 5759; x_wconf 83' lang='lat' dir='ltr'><strong>jamque</strong></span> <span class='ocrx_word' id='word_1_821' title='bbox 737 5689 1119 5759; x_wconf 89' lang='lat' dir='ltr'><strong>promissiones</strong></span> <span class='ocrx_word' id='word_1_822' title='bbox 1147 5688 1213 5744; x_wconf 89' lang='lat' dir='ltr'><strong>de</strong></span> <span class='ocrx_word' id='word_1_823' title='bbox 1242 5688 1455 5743; x_wconf 88' lang='lat' dir='ltr'><strong>Christo</strong></span> <span class='ocrx_word' id='word_1_824' title='bbox 1482 5694 1797 5756; x_wconf 88' lang='lat' dir='ltr'><strong>acceperat,</strong></span> <span class='ocrx_word' id='word_1_825' title='bbox 1842 5689 1982 5759; x_wconf 65' lang='lat' dir='ltr'><strong>quod</strong></span> <span class='ocrx_word' id='word_1_826' title='bbox 2019 5688 2073 5746; x_wconf 90' lang='lat' dir='ltr'><strong>in</strong></span> 
     </span>
    </p>
   </div>
   <div class='ocr_carea' id='block_1_104' title="bbox 426 5781 2070 5861">
    <p class='ocr_par' dir='ltr' id='par_1_104' title="bbox 426 5781 2070 5861">
     <span class='ocr_line' id='line_1_104' title="bbox 426 5781 2070 5861; baseline 0.004 -24"><span class='ocrx_word' id='word_1_827' title='bbox 426 5832 433 5837; x_wconf 92' lang='lat'><strong>.</strong></span> <span class='ocrx_word' id='word_1_828' title='bbox 492 5782 701 5844; x_wconf 80' lang='lat' dir='ltr'><strong>semine</strong></span> <span class='ocrx_word' id='word_1_829' title='bbox 736 5781 855 5861; x_wconf 84' lang='lat' dir='ltr'><strong>ejus</strong></span> <span class='ocrx_word' id='word_1_830' title='bbox 882 5782 1330 5845; x_wconf 80' lang='lat' dir='ltr'><strong>benedicerentur</strong></span> <span class='ocrx_word' id='word_1_831' title='bbox 1372 5793 1563 5841; x_wconf 83' lang='lat' dir='ltr'><strong>omnes</strong></span> <span class='ocrx_word' id='word_1_832' title='bbox 1600 5789 1788 5853; x_wconf 70' lang='lat' dir='ltr'><strong>gentes</strong></span> <span class='ocrx_word' id='word_1_833' title='bbox 1809 5824 1825 5855; x_wconf 91' lang='lat'><strong>,</strong></span> <span class='ocrx_word' id='word_1_834' title='bbox 1855 5781 2070 5856; x_wconf 83' lang='lat' dir='ltr'><strong>quando</strong></span> 
     </span>
    </p>
   </div>
   <div class='ocr_carea' id='block_1_105' title="bbox 2195 4663 3780 4736">
    <p class='ocr_par' dir='ltr' id='par_1_105' title="bbox 2195 4663 3780 4736">
     <span class='ocr_line' id='line_1_105' title="bbox 2195 4663 3780 4736; baseline 0.002 -18"><span class='ocrx_word' id='word_1_835' title='bbox 2195 4663 2320 4719; x_wconf 63' lang='lat' dir='ltr'><strong>vitae</strong></span> <span class='ocrx_word' id='word_1_836' title='bbox 2348 4672 2509 4736; x_wconf 91' lang='lat' dir='ltr'><strong>atque</strong></span> <span class='ocrx_word' id='word_1_837' title='bbox 2535 4664 2959 4735; x_wconf 82' lang='lat' dir='ltr'><strong>justiﬁcationis,</strong></span> <span class='ocrx_word' id='word_1_838' title='bbox 2984 4681 3079 4736; x_wconf 90' lang='lat' dir='ltr'><strong>per</strong></span> <span class='ocrx_word' id='word_1_839' title='bbox 3099 4667 3460 4723; x_wconf 89' lang='lat' dir='ltr'><strong>sacerdotium</strong></span> <span class='ocrx_word' id='word_1_840' title='bbox 3488 4668 3780 4724; x_wconf 85' lang='lat' dir='ltr'><strong>Leviticum</strong></span> 
     </span>
    </p>
   </div>
   <div class='ocr_carea' id='block_1_106' title="bbox 2192 4754 3780 4832">
    <p class='ocr_par' dir='ltr' id='par_1_106' title="bbox 2192 4754 3780 4832">
     <span class='ocr_line' id='line_1_106' title="bbox 2192 4754 3780 4832; baseline 0.004 -21"><span class='ocrx_word' id='word_1_841' title='bbox 2192 4754 2321 4822; x_wconf 90' lang='lat' dir='ltr'><strong>fuit,</strong></span> <span class='ocrx_word' id='word_1_842' title='bbox 2360 4756 2489 4827; x_wconf 90' lang='lat' dir='ltr'><strong>quid</strong></span> <span class='ocrx_word' id='word_1_843' title='bbox 2528 4771 2749 4813; x_wconf 89' lang='lat' dir='ltr'><strong>necesse</strong></span> <span class='ocrx_word' id='word_1_844' title='bbox 2781 4757 2881 4814; x_wconf 84' lang='lat' dir='ltr'><strong>fuit</strong></span> <span class='ocrx_word' id='word_1_845' title='bbox 2915 4758 3078 4814; x_wconf 89' lang='lat' dir='ltr'><strong>alium</strong></span> <span class='ocrx_word' id='word_1_846' title='bbox 3112 4774 3403 4832; x_wconf 78' lang='lat' dir='ltr'><strong>exsurgere</strong></span> <span class='ocrx_word' id='word_1_847' title='bbox 3438 4761 3780 4817; x_wconf 77' lang='lat' dir='ltr'><strong>sacerdotem</strong></span> 
     </span>
    </p>
   </div>
   <div class='ocr_carea' id='block_1_107' title="bbox 2191 4849 3782 4924">
    <p class='ocr_par' dir='ltr' id='par_1_107' title="bbox 2191 4849 3782 4924">
     <span class='ocr_line' id='line_1_107' title="bbox 2191 4849 3782 4924; baseline 0.006 -22"><span class='ocrx_word' id='word_1_848' title='bbox 2191 4849 2487 4904; x_wconf 90' lang='lat' dir='ltr'><strong>secundum</strong></span> <span class='ocrx_word' id='word_1_849' title='bbox 2531 4850 2774 4905; x_wconf 88' lang='lat' dir='ltr'><strong>ordinem</strong></span> <span class='ocrx_word' id='word_1_850' title='bbox 2818 4850 3257 4908; x_wconf 85' lang='lat' dir='ltr'><strong>Melchisedech?</strong></span> <span class='ocrx_word' id='word_1_851' title='bbox 3309 4854 3557 4924; x_wconf 83' lang='lat' dir='ltr'><strong>Namque</strong></span> <span class='ocrx_word' id='word_1_852' title='bbox 3610 4860 3782 4911; x_wconf 80' lang='lat' dir='ltr'><strong>Aaron</strong></span> 
     </span>
    </p>
   </div>
   <div class='ocr_carea' id='block_1_108' title="bbox 2190 4941 3781 5013">
    <p class='ocr_par' dir='ltr' id='par_1_108' title="bbox 2190 4941 3781 5013">
     <span class='ocr_line' id='line_1_108' title="bbox 2190 4941 3781 5013; baseline 0.004 -17"><span class='ocrx_word' id='word_1_853' title='bbox 2190 4941 2422 5011; x_wconf 89' lang='lat' dir='ltr'><strong>primum</strong></span> <span class='ocrx_word' id='word_1_854' title='bbox 2444 4952 2563 5012; x_wconf 89' lang='lat' dir='ltr'><strong>post</strong></span> <span class='ocrx_word' id='word_1_855' title='bbox 2586 4943 2758 5013; x_wconf 81' lang='lat' dir='ltr'><strong>legem</strong></span> <span class='ocrx_word' id='word_1_856' title='bbox 2785 4942 2964 4999; x_wconf 88' lang='lat' dir='ltr'><strong>datam</strong></span> <span class='ocrx_word' id='word_1_857' title='bbox 2991 4945 3327 5001; x_wconf 89' lang='lat' dir='ltr'><strong>sacerdotem</strong></span> <span class='ocrx_word' id='word_1_858' title='bbox 3348 4945 3518 5002; x_wconf 87' lang='lat' dir='ltr'><strong>fuisse</strong></span> <span class='ocrx_word' id='word_1_859' title='bbox 3540 4947 3615 5002; x_wconf 90' lang='lat' dir='ltr'><strong>de</strong></span> <span class='ocrx_word' id='word_1_860' title='bbox 3648 4948 3781 5002; x_wconf 80' lang='lat' dir='ltr'><strong>tribu</strong></span> 
     </span>
    </p>
   </div>
   <div class='ocr_carea' id='block_1_109' title="bbox 2188 5034 3779 5109">
    <p class='ocr_par' dir='ltr' id='par_1_109' title="bbox 2188 5034 3779 5109">
     <span class='ocr_line' id='line_1_109' title="bbox 2188 5034 3779 5109; baseline 0.001 -20"><span class='ocrx_word' id='word_1_861' title='bbox 2188 5034 2316 5090; x_wconf 90' lang='lat' dir='ltr'><strong>Levi</strong></span> <span class='ocrx_word' id='word_1_862' title='bbox 2339 5036 2468 5090; x_wconf 91' lang='lat' dir='ltr'><strong>nulli</strong></span> <span class='ocrx_word' id='word_1_863' title='bbox 2495 5035 2712 5091; x_wconf 90' lang='lat' dir='ltr'><strong>dubium</strong></span> <span class='ocrx_word' id='word_1_864' title='bbox 2740 5043 2858 5092; x_wconf 87' lang='lat' dir='ltr'><strong>est:</strong></span> <span class='ocrx_word' id='word_1_865' title='bbox 2888 5036 3006 5092; x_wconf 92' lang='lat' dir='ltr'><strong>ideo</strong></span> <span class='ocrx_word' id='word_1_866' title='bbox 3035 5038 3395 5093; x_wconf 85' lang='lat' dir='ltr'><strong>sacerdotium</strong></span> <span class='ocrx_word' id='word_1_867' title='bbox 3424 5054 3537 5109; x_wconf 90' lang='lat' dir='ltr'><strong>quo</strong></span> <span class='ocrx_word' id='word_1_868' title='bbox 3565 5040 3779 5095; x_wconf 86' lang='lat' dir='ltr'><strong>functus</strong></span> 
     </span>
    </p>
   </div>
   <div class='ocr_carea' id='block_1_110' title="bbox 2185 5128 3776 5193">
    <p class='ocr_par' dir='ltr' id='par_1_110' title="bbox 2185 5128 3776 5193">
     <span class='ocr_line' id='line_1_110' title="bbox 2185 5128 3776 5193; baseline 0.005 -11"><span class='ocrx_word' id='word_1_869' title='bbox 2185 5137 2306 5193; x_wconf 90' lang='lat' dir='ltr'><strong>est,</strong></span> <span class='ocrx_word' id='word_1_870' title='bbox 2351 5128 2649 5185; x_wconf 89' lang='lat' dir='ltr'><strong>Leviticum</strong></span> <span class='ocrx_word' id='word_1_871' title='bbox 2698 5129 2999 5185; x_wconf 90' lang='lat' dir='ltr'><strong>nominavit</strong></span> <span class='ocrx_word' id='word_1_872' title='bbox 3043 5132 3426 5187; x_wconf 61' lang='lat' dir='ltr'><strong>sacerdotium.</strong></span> <span class='ocrx_word' id='word_1_873' title='bbox 3481 5131 3583 5189; x_wconf 83' lang='lat' dir='ltr'><strong>Vel</strong></span> <span class='ocrx_word' id='word_1_874' title='bbox 3637 5141 3776 5190; x_wconf 82' lang='lat' dir='ltr'><strong>certe</strong></span> 
     </span>
    </p>
   </div>
   <div class='ocr_carea' id='block_1_111' title="bbox 2182 5210 3773 5290">
    <p class='ocr_par' dir='ltr' id='par_1_111' title="bbox 2182 5210 3773 5290">
     <span class='ocr_line' id='line_1_111' title="bbox 2182 5210 3773 5290; baseline 0.005 -18"><span class='ocrx_word' id='word_1_875' title='bbox 2182 5220 2303 5289; x_wconf 87' lang='lat' dir='ltr'><strong>quia</strong></span> <span class='ocrx_word' id='word_1_876' title='bbox 2334 5220 2448 5290; x_wconf 90' lang='lat' dir='ltr'><strong>ipse</strong></span> <span class='ocrx_word' id='word_1_877' title='bbox 2492 5220 2621 5276; x_wconf 90' lang='lat' dir='ltr'><strong>Levi</strong></span> <span class='ocrx_word' id='word_1_878' title='bbox 2659 5220 2710 5275; x_wconf 89' lang='lat' dir='ltr'><strong>in</strong></span> <span class='ocrx_word' id='word_1_879' title='bbox 2744 5220 2867 5277; x_wconf 78' lang='lat' dir='ltr'><strong>ﬁliis</strong></span> <span class='ocrx_word' id='word_1_880' title='bbox 2905 5221 3120 5279; x_wconf 87' lang='lat' dir='ltr'><strong>functus</strong></span> <span class='ocrx_word' id='word_1_881' title='bbox 3167 5210 3259 5279; x_wconf 86' lang='lat' dir='ltr'><strong>illo</strong></span> <span class='ocrx_word' id='word_1_882' title='bbox 3297 5224 3610 5281; x_wconf 87' lang='lat' dir='ltr'><strong>sacerdotio</strong></span> <span class='ocrx_word' id='word_1_883' title='bbox 3658 5238 3773 5283; x_wconf 84' lang='lat' dir='ltr'><strong>est:</strong></span> 
     </span>
    </p>
   </div>
   <div class='ocr_carea' id='block_1_112' title="bbox 2180 5313 3779 5387">
    <p class='ocr_par' dir='ltr' id='par_1_112' title="bbox 2180 5313 3779 5387">
     <span class='ocr_line' id='line_1_112' title="bbox 2180 5313 3779 5387; baseline 0.003 -19"><span class='ocrx_word' id='word_1_884' title='bbox 2180 5327 2304 5368; x_wconf 90' lang='lat' dir='ltr'><strong>nam</strong></span> <span class='ocrx_word' id='word_1_885' title='bbox 2336 5320 2562 5384; x_wconf 89' lang='lat' dir='ltr'><strong>nepotes</strong></span> <span class='ocrx_word' id='word_1_886' title='bbox 2588 5313 2731 5369; x_wconf 89' lang='lat' dir='ltr'><strong>illius</strong></span> <span class='ocrx_word' id='word_1_887' title='bbox 2767 5314 3294 5384; x_wconf 90' lang='lat' dir='ltr'><strong>susceperuntillud,</strong></span> <span class='ocrx_word' id='word_1_888' title='bbox 3327 5316 3543 5387; x_wconf 79' lang='lat' dir='ltr'><strong>Moyses</strong></span> <span class='ocrx_word' id='word_1_889' title='bbox 3565 5319 3779 5375; x_wconf 88' lang='lat' dir='ltr'><strong>scilicet</strong></span> 
     </span>
    </p>
   </div>
   <div class='ocr_carea' id='block_1_113' title="bbox 2181 5408 3774 5480">
    <p class='ocr_par' dir='ltr' id='par_1_113' title="bbox 2181 5408 3774 5480">
     <span class='ocr_line' id='line_1_113' title="bbox 2181 5408 3774 5480; baseline 0.003 -16"><span class='ocrx_word' id='word_1_890' title='bbox 2181 5418 2236 5464; x_wconf 89' lang='lat' dir='ltr'><strong>et</strong></span> <span class='ocrx_word' id='word_1_891' title='bbox 2257 5410 2435 5464; x_wconf 78' lang='lat' dir='ltr'><strong>Aaron</strong></span> <span class='ocrx_word' id='word_1_892' title='bbox 2464 5423 2584 5463; x_wconf 92' lang='lat' dir='ltr'><strong>cum</strong></span> <span class='ocrx_word' id='word_1_893' title='bbox 2610 5409 2827 5480; x_wconf 77' lang='lat' dir='ltr'><strong>reliquis</strong></span> <span class='ocrx_word' id='word_1_894' title='bbox 2859 5408 3113 5465; x_wconf 87' lang='lat' dir='ltr'><strong>fratribus</strong></span> <span class='ocrx_word' id='word_1_895' title='bbox 3135 5426 3199 5465; x_wconf 87' lang='lat' dir='ltr'><strong>ex</strong></span> <span class='ocrx_word' id='word_1_896' title='bbox 3223 5411 3411 5467; x_wconf 86' lang='lat' dir='ltr'><strong>eadem</strong></span> <span class='ocrx_word' id='word_1_897' title='bbox 3437 5413 3580 5467; x_wconf 87' lang='lat' dir='ltr'><strong>tribu</strong></span> <span class='ocrx_word' id='word_1_898' title='bbox 3612 5432 3627 5467; x_wconf 91' lang='lat'><strong>:</strong></span> <span class='ocrx_word' id='word_1_899' title='bbox 3658 5428 3774 5468; x_wconf 83' lang='lat' dir='ltr'><strong>nam</strong></span> 
     </span>
    </p>
   </div>
   <div class='ocr_carea' id='block_1_114' title="bbox 2182 5500 3776 5576">
    <p class='ocr_par' dir='ltr' id='par_1_114' title="bbox 2182 5500 3776 5576">
     <span class='ocr_line' id='line_1_114' title="bbox 2182 5500 3776 5576; baseline -0.001 -18"><span class='ocrx_word' id='word_1_900' title='bbox 2182 5502 2365 5573; x_wconf 73' lang='lat' dir='ltr'><strong>ge-iuit</strong></span> <span class='ocrx_word' id='word_1_901' title='bbox 2384 5501 2551 5568; x_wconf 88' lang='lat' dir='ltr'><strong>Caah,</strong></span> <span class='ocrx_word' id='word_1_902' title='bbox 2577 5500 2723 5557; x_wconf 89' lang='lat' dir='ltr'><strong>Caah</strong></span> <span class='ocrx_word' id='word_1_903' title='bbox 2752 5516 2878 5558; x_wconf 89' lang='lat' dir='ltr'><strong>vero</strong></span> <span class='ocrx_word' id='word_1_904' title='bbox 2907 5500 3151 5571; x_wconf 89' lang='lat' dir='ltr'><strong>Amram,</strong></span> <span class='ocrx_word' id='word_1_905' title='bbox 3178 5506 3392 5559; x_wconf 87' lang='lat' dir='ltr'><strong>Amram</strong></span> <span class='ocrx_word' id='word_1_906' title='bbox 3421 5519 3605 5560; x_wconf 85' lang='lat' dir='ltr'><strong>autem</strong></span> <span class='ocrx_word' id='word_1_907' title='bbox 3632 5507 3776 5576; x_wconf 77' lang='lat' dir='ltr'><strong>Moy-</strong></span> 
     </span>
    </p>
   </div>
   <div class='ocr_carea' id='block_1_115' title="bbox 2182 5593 3772 5665">
    <p class='ocr_par' dir='ltr' id='par_1_115' title="bbox 2182 5593 3772 5665">
     <span class='ocr_line' id='line_1_115' title="bbox 2182 5593 3772 5665; baseline 0.003 -18"><span class='ocrx_word' id='word_1_908' title='bbox 2182 5608 2276 5649; x_wconf 85' lang='lat' dir='ltr'><strong>sen</strong></span> <span class='ocrx_word' id='word_1_909' title='bbox 2305 5604 2359 5648; x_wconf 92' lang='lat' dir='ltr'><strong>et</strong></span> <span class='ocrx_word' id='word_1_910' title='bbox 2386 5593 2582 5649; x_wconf 89' lang='lat' dir='ltr'><strong>Aaron.</strong></span> <span class='ocrx_word' id='word_1_911' title='bbox 2620 5594 2745 5650; x_wconf 88' lang='lat' dir='ltr'><strong>ldeo</strong></span> <span class='ocrx_word' id='word_1_912' title='bbox 2775 5595 2905 5650; x_wconf 91' lang='lat' dir='ltr'><strong>dicit</strong></span> <span class='ocrx_word' id='word_1_913' title='bbox 2935 5596 3188 5665; x_wconf 85' lang='lat' dir='ltr'><strong>pupulum</strong></span> <span class='ocrx_word' id='word_1_914' title='bbox 3213 5596 3313 5650; x_wconf 92' lang='lat' dir='ltr'><strong>sub</strong></span> <span class='ocrx_word' id='word_1_915' title='bbox 3344 5596 3433 5651; x_wconf 89' lang='lat' dir='ltr'><strong>illo</strong></span> <span class='ocrx_word' id='word_1_916' title='bbox 3459 5599 3772 5653; x_wconf 86' lang='lat' dir='ltr'><strong>sacerdotio</strong></span> 
     </span>
    </p>
   </div>
   <div class='ocr_carea' id='block_1_116' title="bbox 2180 5691 3771 5764">
    <p class='ocr_par' dir='ltr' id='par_1_116' title="bbox 2180 5691 3771 5764">
     <span class='ocr_line' id='line_1_116' title="bbox 2180 5691 3771 5764; baseline 0.001 -18"><span class='ocrx_word' id='word_1_917' title='bbox 2180 5691 2351 5761; x_wconf 88' lang='lat' dir='ltr'><strong>legem</strong></span> <span class='ocrx_word' id='word_1_918' title='bbox 2398 5693 2672 5761; x_wconf 68' lang='lat' dir='ltr'><strong>accepisse</strong></span> <span class='ocrx_word' id='word_1_919' title='bbox 2700 5736 2712 5757; x_wconf 93' lang='lat'><strong>,</strong></span> <span class='ocrx_word' id='word_1_920' title='bbox 2760 5695 2880 5763; x_wconf 84' lang='lat' dir='ltr'><strong>quia</strong></span> <span class='ocrx_word' id='word_1_921' title='bbox 2939 5693 3152 5764; x_wconf 53' lang='lat' dir='ltr'><strong>Moyses</strong></span> <span class='ocrx_word' id='word_1_922' title='bbox 3191 5702 3244 5748; x_wconf 86' lang='lat' dir='ltr'><strong>et</strong></span> <span class='ocrx_word' id='word_1_923' title='bbox 3276 5697 3454 5749; x_wconf 90' lang='lat' dir='ltr'><strong>Aaron</strong></span> <span class='ocrx_word' id='word_1_924' title='bbox 3501 5696 3771 5763; x_wconf 53' lang='lat' dir='ltr'><strong>primitias</strong></span> 
     </span>
    </p>
   </div>
   <div class='ocr_carea' id='block_1_117' title="bbox 2179 5783 3769 5860">
    <p class='ocr_par' dir='ltr' id='par_1_117' title="bbox 2179 5783 3769 5860">
     <span class='ocr_line' id='line_1_117' title="bbox 2179 5783 3769 5860; baseline -0.003 -14"><span class='ocrx_word' id='word_1_925' title='bbox 2179 5794 2331 5846; x_wconf 78' lang='lat' dir='ltr'><strong>erant</strong></span> <span class='ocrx_word' id='word_1_926' title='bbox 2367 5783 2475 5843; x_wconf 78' lang='lat' dir='ltr'><strong>ills</strong></span> <span class='ocrx_word' id='word_1_927' title='bbox 2508 5784 2841 5857; x_wconf 86' lang='lat' dir='ltr'><strong>temporibus</strong></span> <span class='ocrx_word' id='word_1_928' title='bbox 2874 5784 2929 5843; x_wconf 88' lang='lat' dir='ltr'><strong>in</strong></span> <span class='ocrx_word' id='word_1_929' title='bbox 2962 5785 3188 5858; x_wconf 88' lang='lat' dir='ltr'><strong>populo,</strong></span> <span class='ocrx_word' id='word_1_930' title='bbox 3232 5785 3353 5857; x_wconf 79' lang='lat' dir='ltr'><strong>quia</strong></span> <span class='ocrx_word' id='word_1_931' title='bbox 3392 5788 3563 5860; x_wconf 83' lang='lat' dir='ltr'><strong>ipsam</strong></span> <span class='ocrx_word' id='word_1_932' title='bbox 3594 5790 3769 5860; x_wconf 74' lang='lat' dir='ltr'><strong>legem</strong></span> 
     </span>
    </p>
   </div>
  </div>
