3968 6354
156 323 269 381 129

1016 317 1084 376 IN
1121 312 1505 375 EPISTOLAM
1545 310 1636 367 AD
1673 305 2018 365 HEBBIEOS
2055 307 2581 370 COMMENTARIA.

3325 320 3429 377 7'50

154 438 680 499 administraverant
694 436 764 493 de
778 435 921 493 tribu
938 432 1258 491 sacerdotali
1279 432 1576 487 existentes
1593 439 1750 497 :ergo
1774 423 1803 483 Δ

1890 421 2085 477 iaxima
2115 434 2268 493 parte
2310 426 2542 483 carnalis
2571 434 2712 496 erat,
2754 431 2986 489 carnalia
3035 434 3349 505 praecipiens
3378 439 3431 494 in

159 536 478 597 sacerdotio
521 535 757 591 Levitico
783 533 952 589 multo
981 532 1169 587 melior
1196 538 1281 587 est
1309 529 1441 584 ordo
1467 526 1748 582 sacerdotii

164 629 596 695 Melchisedech,
624 629 716 699 qui
745 639 925 700 typttm
957 629 1179 699 gerebat
1208 623 1502 680 sacerdmis
1531 622 1703 677 nostri
1735 638 1750 675 :

168 738 517 795 nequaquam
545 723 690 777 enim
725 720 977 786 dixisset,
1007 719 1314 775 Secundum
1351 717 1595 771 ordinem
1628 713 1758 770 Mel-

166 817 467 877 chisedech
486 857 502 883 ,
540 815 583 870 si
610 815 739 870 illud
768 814 1124 870 sacerdotium
1152 814 1332 868 Aaron
1366 810 1559 865 melius
1588 815 1754 873 esset,

174 911 283 967 sub
310 924 414 981 quo
444 909 671 977 populus
696 906 1001 962 Judteorum
1031 905 1199 973 legem
1232 903 1458 972 accepit.
1493 902 1551 957 Si
1580 908 1757 955 autem

174 1002 544 1061 sacerdotium
573 994 707 1071 legis
735 1001 1049 1055 translatum
1074 1010 1156 1055 est
1186 998 1252 1052 ad
1274 998 1544 1053 Christum
1575 1010 1762 1050 secun-

174 1096 309 1151 dum
348 1094 589 1149 ordinem
624 1092 1048 1158 Melchisedech,
1081 1105 1299 1146 necesse
1336 1101 1419 1151 est
1455 1097 1510 1142 ut
1546 1096 1601 1142 et
1630 1086 1763 1157 legis

174 1188 465 1244 translatio
505 1186 596 1240 ﬁat
630 1202 644 1240 :
692 1186 793 1240 hoc
829 1195 945 1250 est,
996 1198 1025 1238 a
1062 1184 1181 1255 lege
1216 1184 1384 1251 Moysi
1424 1195 1646 1237 necesse
1681 1188 1766 1235 est

180 1281 421 1337 transire
456 1278 523 1334 ad
574 1279 746 1348 legem
802 1278 1075 1349 Evangelii
1118 1295 1133 1332 :
1177 1291 1351 1348 neque
1391 1277 1535 1332 enim
1588 1282 1768 1346 potest

179 1374 305 1430 sine
330 1372 447 1439 lege
472 1369 755 1435 sacerdos,
787 1377 841 1424 et
867 1370 984 1425 sine
1021 1376 1342 1425 testamento
1380 1383 1529 1433 esse,
1567 1377 1621 1423 et
1649 1367 1767 1422 sine

181 1465 487 1536 praeceptis.
526 1463 769 1518 Summis
807 1462 1011 1516 nisibus
1042 1461 1256 1515 laborat
1292 1460 1610 1529 Apostolus,
1642 1469 1701 1513 ut
1732 1473 1763 1513 a

182 1558 306 1628 lege
353 1556 521 1628 Moysi
566 1555 764 1609 laceret
801 1554 1030 1608 transire
1071 1552 1138 1606 ad
1167 1552 1337 1621 legem
1382 1549 1688 1619 Evangelii,
1736 1564 1769 1603 a

186 1648 497 1705 carnalibus
531 1645 596 1701 ad
638 1645 918 1716 spiritalia.
953 1642 1019 1697 In
1046 1660 1144 1710 quo
1180 1644 1315 1697 enim
1352 1644 1459 1697 haec
1501 1642 1767 1708 dicuntur,
1824 1644 1827 1647 λ

189 1742 256 1796 de
289 1741 393 1795 alia
430 1738 563 1794 tribu
600 1748 703 1804 cst,
747 1738 811 1793 de
846 1754 947 1809 qua
984 1737 1159 1791 nullus
1201 1737 1387 1791 altario
1424 1745 1607 1805 praesto
1651 1736 1766 1807 fuit.

1852 513 2280 585 circumcisione,
2316 520 2369 574 in
2400 521 2744 578 mundatione
2772 528 3037 594 corporis,
3081 529 3133 583 in
3166 530 3355 586 hostiis
3382 540 3440 588 et

1855 605 2235 676 oblationibus,
2269 610 2323 666 in
2352 611 2678 671 discretione
2696 616 2956 686 ciborum,
2987 620 3192 675 dierum
3221 638 3283 678 ac
3307 633 3441 679 tem-

1859 715 2069 771 porum,
2130 703 2365 758 dicens:
2422 707 2576 763 Mane
2621 717 2773 764 extra
2824 723 3048 769 castra:
3102 714 3216 768 lava
3246 730 3441 785 corpus

1861 803 2009 850 tuum
2040 813 2052 847 :
2083 795 2217 851 oﬂer
2244 799 2345 854 hoc
2373 802 2456 856 vel
2486 801 2617 857 illud
2649 822 2661 856 :
2696 804 2903 859 abstine
2930 806 2999 860 ab
3030 806 3111 862 his
3135 809 3271 864 cibis
3299 827 3310 861 :
3340 809 3440 864 ob—

1860 901 2016 943 serva
2045 888 2145 943 ista
2174 900 2416 959 tempora
2446 906 2745 965 cretcraque
2774 897 2856 952 his
2878 901 3094 966 similia,
3118 917 3238 971 quae
3262 905 3441 957 omnia

1864 991 2038 1036 morte
2095 982 2323 1037 ﬁnienda
2370 996 2545 1041 erant.
2608 987 2807 1043 Christi
2861 1002 3037 1044 autem
3088 995 3442 1049 sacerdotium

1865 1074 2106 1143 spiritale
2137 1083 2241 1139 est,
2275 1084 2332 1131 et
2358 1077 2653 1133 secundum
2696 1083 2944 1137 virtutem
2974 1083 3094 1136 vita:
3126 1084 3439 1152 insolubilis,

1867 1165 1919 1221 id
1948 1174 2031 1220 est
2060 1168 2352 1222 secundum
2383 1172 2674 1237 potentiam
2706 1173 2829 1227 vita:
2876 1175 3228 1230 indeﬁcientis
3260 1194 3273 1228 :
3329 1192 3447 1245 quae

1867 1259 2013 1314 nullo
2043 1259 2231 1314 mortis
2278 1259 2585 1316 interventu
2631 1263 2763 1316 solvi
2820 1267 3061 1331 poterit:
3114 1267 3271 1321 habet
3302 1269 3447 1322 enim

1868 1351 2114 1407 Christus
2143 1352 2194 1407 in
2225 1367 2285 1407 se
2324 1354 2487 1408 vitam
2523 1354 2860 1411 insolubilem
2891 1374 2904 1410 :
2946 1359 3066 1427 quia
3099 1361 3341 1428 quamvis
3383 1362 3449 1415 ad

1871 1453 2078 1515 tempus
2106 1454 2347 1501 mortuus
2388 1455 2533 1503 esset
2563 1462 2744 1514 carne,
2800 1458 2975 1505 tamen
3004 1450 3057 1505 in
3084 1465 3340 1507 :eternum
3373 1453 3446 1508 di-

1869 1537 2093 1592 vinitate
2123 1538 2275 1604 vivit,
2330 1548 2384 1593 et
2411 1540 2628 1610 insuper
2654 1542 3004 1611 humanitate,
3054 1551 3333 1613 postquam
3368 1545 3452 1599 vi-

1869 1640 1986 1686 ctor
2016 1645 2045 1685 a
2089 1631 2316 1685 mortuis
2356 1634 2673 1689 resurrexit.
2735 1634 2882 1690 Unde
2916 1637 3051 1691 Deus
3083 1636 3238 1692 Pater
3266 1648 3452 1693 conte-

1872 1734 2047 1779 statur
2070 1725 2321 1794 jurando,
2388 1729 2510 1797 quia
2542 1728 2689 1795 vivit,
2722 1728 2906 1784 dicens
2947 1734 3043 1799 per
3076 1730 3410 1785 Psalmistam
3440 1749 3453 1784 :

191 1836 532 1906 Manifestum
557 1841 629 1889 est
656 1798 789 1888 enim
812 1798 949 1903 quod
978 1848 1040 1887 ea:
1070 1832 1215 1886 Juda
1259 1841 1398 1886 ortus
1424 1798 1495 1886 sit
1522 1798 1773 1885 Dominus
1804 1798 1856 1860 Β
1881 1818 1960 1872 TI!
1986 1831 2046 1872 85
2096 1818 2345 1873 sacerdos
2396 1818 2450 1874 in
2481 1827 2761 1893 mlernum,
2822 1798 3125 1893 Reprobatio
3169 1825 3374 1894 quidem
3399 1825 3457 1895 ﬁt

194 1938 367 1985 noster
395 1945 414 1982 :
445 1930 499 1983 in
531 1943 630 1997 qua
670 1927 806 1980 tribu
834 1926 966 1980 nihil
996 1928 1059 1980 de
1086 1924 1434 1981 sacerdotibus
1467 1923 1673 1994 Moyses
1701 1930 1779 1978 est

195 2024 418 2078 locutus.
462 2021 522 2076 lu
551 2036 658 2091 quo
694 2023 838 2075 enim
867 2018 984 2091 (ait)
1027 2019 1141 2075 hrec
1174 2017 1460 2074 dicuntur?
1486 2018 1541 2073 1d
1571 2028 1677 2085 est,
1710 2016 1781 2072 de

197 2133 306 2187 quo
334 2118 449 2172 haec
475 2115 679 2181 dicunt,
710 2115 851 2183 quod
879 2124 991 2180 est,
1026 2115 1281 2170 sacerdos
1317 2115 1369 2169 in
1407 2123 1665 2170 aeternum
1695 2128 1783 2169 se-

198 2208 432 2265 cundum
456 2208 702 2263 ordinem
725 2205 1144 2263 Melchisedech?
1168 2206 1450 2260 Dominum
1482 2204 1783 2275 signiﬁcant

198 2300 534 2357 Salvatorem
564 2299 631 2355 de
660 2301 759 2354 alia
794 2300 936 2355 tribu
966 2314 1107 2365 esse,
1139 2315 1298 2371 quam
1332 2299 1398 2354 de
1427 2298 1772 2365 sacerdotali,

204 2389 274 2446 de
302 2390 389 2445 illa
418 2389 698 2458 videlicet,
730 2390 799 2445 de
827 2405 932 2460 qua
979 2391 1152 2445 nullus
1189 2391 1380 2445 altario
1411 2399 1610 2455 praesto
1640 2390 1775 2444 fuit:

201 2481 307 2538 hoc
340 2490 451 2552 est,
481 2482 549 2538 de
579 2483 719 2538 tribu
748 2482 882 2539 Juda
913 2500 925 2535 :
960 2497 1065 2537 non
1096 2491 1274 2537 autem
1315 2483 1505 2537 ordine
1547 2489 1783 2535 tantum-

199 2575 385 2646 modo,
436 2590 610 2646 neque
636 2584 953 2631 testamento
973 2575 1059 2630 vel
1084 2575 1363 2645 prmceptis
1387 2583 1643 2629 mutatum
1674 2582 1780 2642 est,

199 2669 299 2727 sed
329 2670 488 2725 etiam
520 2668 690 2736 tribu,
724 2677 778 2724 et
826 2668 1099 2739 quomodo
1130 2668 1445 2723 translatum
1475 2678 1557 2723 est
1604 2681 1783 2722 sacer-

203 2761 409 2818 dotium
451 2761 520 2817 de
551 2761 690 2816 tribu
726 2761 779 2816 in
808 2761 1005 2815 tribum
1034 2777 1049 2816 :
1082 2760 1151 2815 de
1186 2759 1504 2815 sacerdotali
1536 2759 1786 2815 videlicet

200 2852 272 2908 ad
302 2852 565 2922 regalem:
595 2851 860 2907 uteadem
891 2853 1004 2921 ipsa
1035 2850 1106 2905 sit
1135 2851 1484 2906 sacerdotalis
1508 2860 1563 2906 et
1590 2851 1782 2920 regalis

203 2945 261 3001 in
273 2944 512 3010 Christo,
528 2947 615 3014 qui
634 2954 718 3000 est
732 2959 831 3000 rex
855 2952 910 3000 et
929 2943 1206 2999 sacerdos.
1222 2943 1431 2999 intuere
1449 2943 1783 3015 mysterium.

202 3036 445 3091 Primum
470 3034 568 3091 fuit
593 3035 777 3105 regale
799 3035 1160 3090 sacerdotium
1178 3034 1588 3104 Melchisedech,
1605 3050 1789 3091 secun-

203 3126 334 3183 dum
365 3129 801 3196 consequentiam
835 3126 992 3196 hujus
1043 3128 1341 3192 sermonis;
1369 3128 1659 3182 secundum
1690 3142 1784 3181 au-
1810 3165 1860 3232 α

208 3231 319 3279 tem
334 3222 426 3277 fuit
441 3222 800 3278 sacerdotium
813 3223 1151 3278 solummodo
1162 3224 1496 3279 sacerdotale
1509 3224 1560 3278 in
1574 3223 1781 3290 Aaron;

206 3316 429 3371 tertium
465 3317 657 3371 iterum
696 3314 794 3370 fuit
833 3315 1013 3386 regale
1056 3316 1410 3371 sacerdotium
1448 3316 1501 3370 in
1538 3314 1787 3383 Christo,

210 3410 352 3465 sicut
391 3419 444 3463 et
476 3410 727 3479 primum.
759 3407 913 3464 Unde
944 3408 1184 3465 Ecclesia
1214 3409 1374 3464 modo
1401 3409 1578 3481 regale
1606 3424 1792 3465 sacer-

208 3501 413 3558 dotium
458 3502 641 3568 habet,
690 3501 901 3557 dicente
931 3502 1092 3558 Petro
1139 3502 1429 3573 apostolo:
1489 3502 1597 3557 Vos
1627 3517 1794 3573 genus

214 3603 485 3659 Sanctum,
526 3593 702 3663 regale
727 3592 1102 3650 sacerdotium.
1146 3593 1339 3649 Tribus
1365 3608 1494 3665 ergo
1521 3594 1680 3663 .luda,
1727 3608 1795 3649 ex

210 3700 315 3757 qua
343 3686 600 3741 Dominus
629 3694 779 3742 ortus
824 3695 907 3743 est
952 3700 1049 3755 per
1074 3684 1295 3740 Mariam
1326 3684 1621 3756 Virginem,
1674 3700 1795 3741 cum

212 3793 430 3850 semper
459 3780 603 3851 regia
631 3788 798 3847 esset,
854 3794 1126 3851 nunquam
1159 3778 1528 3847 sacerdotalis,
1563 3778 1616 3833 in
1644 3779 1801 3835 Chri-

212 3879 299 3929 sto
329 3870 426 3927 fuit
452 3880 737 3943 utrumque
760 3880 815 3929 et
836 3874 1029 3944 regalis
1054 3882 1106 3930 et
1128 3872 1510 3929 sacerdotalis:
1541 3872 1800 3928 translato

214 3979 283 4021 ex
314 3972 427 4021 toto
456 3965 755 4021 sacerdotio
784 3980 814 4020 a
846 3967 987 4021 tribu
1016 3966 1163 4031 Levi,
1213 3982 1330 4037 quae
1356 3975 1513 4023 antea
1542 3966 1800 4023 sacerdo-

217 4056 338 4112 talis
360 4066 495 4113 erat.
526 4056 594 4111 Et
621 4058 842 4125 amplius
870 4058 1043 4112 adhuc
1068 4058 1397 4128 manifestum
1426 4067 1518 4123 est,
1547 4059 1593 4112 si
1620 4074 1802 4112 secun-

218 4147 342 4201 dum
387 4148 619 4203 ordinem
657 4146 1031 4203 Melchisedech
1078 4156 1317 4219 exsurgat
1363 4150 1495 4203 alius
1540 4151 1797 4217 sacerdos,

218 4240 307 4311 qui
335 4256 435 4295 non
461 4239 742 4294 secundum
783 4238 945 4312 legem
982 4240 1215 4294 mandati
1240 4240 1470 4294 carnalis
1501 4242 1663 4311 factus
1706 4248 1803 4308 est,

1880 1913 2211 1982 prwcedentis
2240 1912 2490 1967 mandati.
2550 1913 2661 1969 Hoc
2707 1923 2789 1969 est
2832 1915 2964 1986 legis
2992 1917 3180 1988 Moysi.
3238 1918 3461 1988 Promer

1879 2012 2233 2080 infirmitatem
2261 2015 2372 2084 ejus
2401 2021 2448 2066 et
2484 2012 2834 2068 inutilitatem.
2877 2014 3245 2071 Inﬁrmitatem
3277 2012 3331 2072 in
3360 2010 3462 2073 hoc

1882 2110 1999 2166 loco
2022 2110 2250 2167 habebat
2280 2111 2388 2180 lex,
2417 2112 2540 2182 quia
2580 2121 2868 2183 operantes
2913 2128 2973 2168 se
3010 2130 3113 2170 non
3145 2117 3354 2171 valebat
3376 2117 3463 2186 ju-

1884 2218 2009 2258 vare
2034 2221 2048 2269 ;
2100 2204 2436 2260 inutilitatem
2467 2220 2615 2269 vero,
2667 2206 2793 2274 quia
2822 2206 3021 2261 nemini
3052 2221 3272 2276 regnum
3301 2208 3465 2261 ctelo-

1883 2311 2002 2352 rum
2033 2295 2243 2351 valebat
2272 2298 2499 2365 aperire.
2534 2296 2687 2352 Unde
2714 2299 2957 2367 sequitur
2988 2315 3004 2353 :
3052 2298 3205 2353 Nihil
3232 2301 3367 2353 enim
3396 2299 3465 2353 ad

1884 2389 2161 2460 perfectum
2193 2390 2409 2443 adduxit
2434 2390 2536 2444 lex.
2583 2390 2721 2456 Quid
2766 2392 2913 2447 enim
2942 2393 3073 2447 nihil
3108 2393 3304 2460 proluit
3336 2394 3464 2450 lex?

1884 2482 2086 2554 profuit
2130 2484 2347 2554 quidem
2376 2484 2576 2554 aliquid
2608 2500 2831 2552 corpora
2864 2485 3190 2553 mundando,
3246 2497 3463 2555 peccata

1886 2576 2131 2647 quaedam
2161 2577 2455 2631 relaxando
2481 2593 2495 2631 :
2526 2576 2619 2633 sed
2644 2577 2776 2632 nihil
2800 2576 2867 2632 ad
2896 2578 2996 2633 hoc
3024 2578 3242 2647 profuit,
3274 2586 3331 2633 ut
3356 2593 3469 2648 per-

1886 2667 2059 2724 fectos
2104 2668 2281 2725 facere
2332 2670 2591 2738 potuisset
2642 2670 2937 2727 servientes
2986 2671 3036 2725 in
3078 2685 3162 2737 ea,
3213 2671 3465 2741 quoniam

1887 2761 2135 2830 graviora
2181 2771 2397 2830 peccata
2449 2776 2552 2816 non
2587 2762 2828 2828 tollebat,
2881 2778 2983 2819 nec
3018 2762 3237 2833 januam
3281 2764 3468 2834 patria:

1889 2853 2123 2908 caelestis
2148 2853 2305 2909 alicui
2332 2856 2603 2925 aperiebat
2636 2872 2649 2908 :
2700 2866 3025 2927 quapropter
3054 2857 3332 2925 reprobate
3362 2866 3466 2924 est,

1890 2954 1946 3003 ut
1964 2949 2150 3015 gratiae
2176 2946 2271 3003 Dei
2301 2947 2515 3003 daretur
2541 2949 2710 3015 locus,
2742 2950 2795 3005 in
2815 2966 2919 3021 qua
2944 2950 3199 3021 perfectio
3226 2961 3468 3007 constat:

1890 3038 2036 3093 utilis
2061 3040 2280 3110 quidem
2323 3039 2419 3096 fuit
2449 3041 2607 3098 ﬁdem
2638 3043 2957 3100 habentibus
2988 3045 3040 3100 in
3069 3046 3321 3112 Christo;
3363 3060 3470 3101 non

1891 3130 1997 3185 illis
2027 3134 2116 3202 qui
2144 3142 2306 3188 totam
2331 3149 2479 3204 spem
2513 3150 2660 3190 suam
2686 3140 2739 3190 in
2762 3136 3063 3191 carnalibus
3084 3137 3473 3191 observationi-

1893 3224 1992 3279 bus
2018 3225 2309 3295 ponebaut.
2342 3226 2665 3282 Introductio
2692 3246 2809 3284 vero
2832 3231 3057 3285 melioris
3084 3233 3211 3302 spei.
3258 3210 3474 3288 Subau;

1893 3319 1967 3386 di,
1999 3329 2081 3375 εει
2108 3321 2270 3376 modo
2295 3322 2347 3375 in
2372 3323 2563 3392 gratia.
2598 3322 2663 3377 In
2686 3342 2805 3395 qua.
2849 3324 2975 3394 Spe.
3010 3324 3373 3382 Proximamus
3400 3328 3469 3382 ad

1894 3411 2079 3466 Deum.
2137 3412 2331 3467 Habuit
2367 3413 2580 3483 quidem
2622 3414 2704 3469 lex
2769 3430 2950 3485 spem,
3000 3416 3095 3472 sed
3151 3432 3256 3471 non
3312 3418 3472 3473 talem

1896 3505 2109 3576 qualem
2155 3506 2326 3577 gratia
2367 3507 2621 3577 prtestitit
2654 3525 2666 3561 :
2713 3508 3000 3579 sperabant
3042 3508 3185 3565 enim
3216 3509 3474 3579 benepla-

1897 3608 2116 3666 centes,
2172 3598 2454 3670 legemque
2502 3601 2867 3658 custodientes
2922 3602 3199 3672 possidere
3253 3613 3473 3673 terram,

1894 3688 2045 3759 juxta
2075 3688 2240 3744 illud:
2270 3690 2326 3746 Si
2349 3690 2651 3760 volueritis,
2683 3702 2738 3748 et
2763 3693 3040 3749 audieritis
3065 3709 3171 3765 me,
3206 3697 3343 3751 bona
3372 3707 3481 3752 ter-

1900 3794 1973 3834 ras
2004 3781 2340 3847 comedetis;
2394 3781 2635 3853 nihilque
2662 3798 3021 3841 aerumnosum
3053 3787 3181 3854 pati,
3226 3800 3482 3855 prospere

1900 3874 2108 3941 vivere,
2141 3873 2281 3929 sicut
2304 3874 2504 3929 dictum
2532 3884 2615 3930 est
2641 3892 2654 3929 :
2688 3875 2786 3944 Qui
2815 3876 2999 3932 fecerit
3027 3892 3165 3946 eam,
3194 3878 3354 3935 vivet.
3385 3879 3484 3937 ilic

1903 3974 2079 4022 autem
2113 3978 2416 4038 speramus,
2442 3969 2566 4039 quia
2596 3968 2908 4040 plangentes
2936 3979 2989 4028 et
3020 3973 3329 4044 evangelica
3356 3989 3486 4043 prae-

1903 4070 2055 4130 cepta
2102 4062 2488 4128 custodientes,
2534 4079 2639 4120 non
2688 4073 2883 4120 terram
2926 4066 3337 4136 possidebimus,
3391 4068 3484 4124 sed

1905 4153 2123 4209 ccelum.
2175 4154 2397 4225 insuper
2427 4157 2611 4224 etiam,
2664 4160 2806 4229 quod
2854 4160 3047 4215 coelum
3095 4162 3267 4216 multo
3295 4163 3489 4217 melius

1907 4255 2011 4313 est,
2039 4261 2319 4316 speramus
2348 4250 2577 4319 proximi
2608 4250 2718 4305 Deo
2749 4251 3069 4316 consistere,
3101 4253 3167 4307 ad
3199 4256 3370 4321 ipsum
3400 4269 3489 4310 so-

219 4331 310 4387 sed
359 4332 639 4386 secundant
682 4332 917 4386 virtutem
964 4332 1077 4385 uiue
1126 4332 1439 4385 insolubilis.
1483 4330 1809 4385 Contestatur
1908 4337 2039 4393 lium
2071 4348 2353 4408 paternum
2385 4340 2688 4410 pervenire,
2728 4351 2783 4397 et
2814 4342 3118 4397 ministrare
3147 4342 3195 4396 ei
3230 4356 3351 4396 cum
3388 4356 3488 4399 an-

220 4424 376 4478 enim.
410 4424 550 4478 Deus
580 4423 758 4487 Pater,
790 4424 1014 4490 loquens
1037 4421 1104 4475 ad
1133 4422 1348 4476 Filium.
1386 4422 1640 4488 Quoniam
1671 4433 1723 4475 tu
1754 4438 1807 4477 es

1911 4430 2065 4501 gelis,
2093 4431 2241 4501 juxta
2274 4432 2415 4502 quod
2448 4434 2698 4489 Salvator
2726 4434 2862 4489 dixit
2906 4435 2958 4489 in
2992 4435 3313 4504 Evangelio:
3367 4434 3489 4491 Ful-

221 4514 461 4569 sacerdos
488 4515 543 4567 in
571 4524 820 4566 aeternum
847 4514 1123 4566 secundum
1148 4513 1378 4566 ordinem
1406 4511 1800 4567 Melchisedech.
1829 4538 1882 4599 D
1909 4522 2113 4591 sebum
2137 4523 2267 4591 justi
2296 4525 2438 4579 sicut
2460 4523 2541 4578 sol
2584 4525 2638 4579 in
2685 4540 2850 4594 regno
2879 4525 3051 4581 Patris
3080 4526 3182 4590 sui,
3230 4536 3491 4597 eruntque

225 4605 474 4660 Defectus
504 4604 756 4659 dietionis
785 4606 886 4658 isto
913 4606 965 4659 in
994 4605 1112 4661 loco
1140 4604 1365 4660 habetur
1389 4604 1519 4660 satis
1549 4619 1805 4662 necessa-

224 4696 338 4751 rius
362 4710 377 4751 :
409 4707 732 4766 quapropter
760 4696 969 4752 dicatur
995 4696 1067 4751 ita
1096 4715 1106 4749 :
1139 4697 1206 4753 Et
1230 4698 1463 4767 amplius
1492 4699 1667 4754 adhuc
1697 4714 1810 4754 ma-

228 4785 479 4841 nifestum
511 4795 634 4841 est:
666 4786 912 4855 subaudi,
946 4787 1279 4844 destructum
1301 4803 1423 4845 esse
1450 4790 1808 4846 sacerdotium

227 4880 383 4949 legis,
419 4894 512 4951 per
537 4880 638 4934 hoc
665 4884 803 4951 quod
832 4880 1077 4937 Christus
1107 4899 1211 4938 non
1242 4885 1537 4940 secundum
1567 4887 1809 4941 ordinem

228 4974 408 5028 Aaron
437 4975 646 5029 dicatur
672 4975 923 5030 sacerdos
951 4992 1072 5033 esse
1100 4977 1151 5032 in
1181 4988 1461 5044 aeternum,
1496 4980 1589 5035 sed
1619 4996 1811 5036 secun-

228 5065 352 5119 dum
393 5065 637 5121 ordinem
669 5067 1061 5123 Melchisedech
1091 5086 1102 5121 :
1136 5084 1231 5139 per
1261 5070 1383 5136 hoc,
1414 5071 1537 5141 quia
1575 5071 1642 5127 de
1672 5071 1810 5127 tribu

228 5157 360 5213 Levi
392 5174 497 5211 non
526 5157 642 5215 fuit.
688 5159 840 5226 Quod
872 5161 1015 5216 enim
1043 5161 1210 5217 dicit:
1246 5161 1301 5217 Si
1346 5164 1639 5219 secundum
1668 5165 1814 5219 ordi-

231 5264 351 5303 nem
386 5249 776 5306 Melchisedech
825 5262 1139 5324 exsurgeret
1189 5253 1326 5309 alius
1376 5257 1650 5323 sacerdos,
1707 5272 1813 5311 non

231 5341 524 5399 dubitativa
564 5346 815 5415 loquitur,
859 5347 952 5401 sed
995 5347 1353 5404 alﬁrmative:
1408 5352 1556 5419 quasi
1587 5351 1811 5418 diceret,

232 5434 473 5505 Amplius
524 5437 696 5493 adhuc
748 5454 841 5509 per
895 5439 998 5495 hoc
1043 5442 1441 5497 demonstratur
1485 5444 1813 5500 destructum

233 5544 352 5584 esse
375 5532 729 5585 sacerdotium
757 5532 888 5602 legis
915 5551 928 5583 :
953 5533 1073 5603 quia
1097 5534 1389 5589 secundum
1419 5536 1660 5591 ordinem
1687 5538 1816 5593 Mel-

234 5622 520 5678 chisedech
564 5624 797 5679 surrexit
826 5623 1074 5681 Christus
1105 5628 1240 5682 alius
1266 5627 1537 5695 sacerdos,
1588 5631 1675 5699 qui
1706 5646 1817 5685 non

235 5717 525 5771 secundum
550 5720 777 5773 carnalis
802 5720 1032 5774 tmmdati
1054 5720 1221 5791 legem
1248 5721 1417 5776 lactus
1437 5734 1519 5777 est
1542 5726 1814 5789 sacerdos,

236 5810 374 5868 sicut
402 5812 603 5867 Aaron.
635 5810 830 5884 Legem
859 5816 1088 5873 carnalis
1120 5817 1356 5873 mandati
1385 5829 1557 5889 vocat,
1592 5820 1713 5891 quia
1750 5835 1820 5878 ex

1911 4612 2051 4666 sicut
2075 4614 2249 4682 angeli
2283 4615 2377 4669 Dei
2409 4614 2461 4668 in
2495 4614 2654 4670 caelo.
2711 4614 2821 4669 Hoc
2849 4630 2976 4671 vero
3007 4616 3365 4672 sacerdotium
3400 4632 3493 4687 per

1910 4702 2051 4774 quod
2081 4703 2218 4759 hanc
2262 4704 2486 4773 gloriam
2536 4705 2835 4775 possessuri
2863 4721 3067 4774 sumus,
3123 4721 3228 4762 non
3267 4715 3349 4762 est
3379 4707 3496 4763 sine

1906 4792 2279 4865 jurejurando,
2315 4804 2373 4851 ut
2403 4796 2613 4852 ﬁrmam
2638 4796 2731 4851 Dei
2757 4797 3167 4867 promissionem
3190 4796 3492 4853 credamus.

1914 4888 2065 4945 Unde
2097 4890 2386 4951 Apostolus
2433 4890 2633 4956 subdit,
2685 4888 2754 4944 Et
2801 4899 3047 4960 quantum
3085 4899 3177 4944 cst.
3234 4890 3492 4955 Subattdi,

1912 4982 2123 5039 ﬁrmum
2154 4984 2296 5038 ismd
2330 4983 2692 5039 sacerdotium
2719 4983 2939 5049 Christi,
2971 4982 3039 5038 de
3067 4996 3174 5052 quo
3203 4980 3496 5051 loquimur,

1914 5077 2097 5145 utique
2128 5075 2354 5130 multum
2386 5089 2402 5128 :
2434 5073 2579 5145 quia,
2628 5073 2750 5128 Non
2779 5076 2889 5128 sine
2908 5071 3272 5145 jurejurando,
3316 5070 3497 5125 ﬁrma-

1917 5178 2027 5224 tutn
2057 5178 2159 5225 est.
2194 5169 2296 5223 Alii
2324 5168 2526 5238 quidem
2552 5169 2659 5224 sine
2687 5169 3033 5239 jurejurando
3063 5165 3349 5219 sacerdotes
3378 5163 3500 5234 facti

1915 5272 2055 5317 sunt.
2094 5263 2165 5318 Ut
2193 5264 2373 5317 Aaron
2404 5262 2603 5332 ﬁliique
2627 5262 2766 5330 ejus,
2790 5261 2983 5330 quibus
3010 5260 3149 5313 Deus
3175 5273 3279 5312 non
3303 5256 3501 5327 juravit

1916 5355 2056 5425 quod
2104 5363 2251 5408 esset
2281 5352 2535 5407 sacerdos
2568 5353 2617 5404 in
2649 5360 2905 5405 mternum
2932 5349 3223 5404 secundum
3256 5347 3500 5401 ordinem

1916 5449 2072 5518 legis.
2121 5448 2227 5502 Hic
2269 5458 2437 5502 autem
2466 5463 2581 5501 cum
2626 5446 2995 5519 jurejurando.
3040 5443 3301 5500 Sacerdos
3332 5442 3503 5497 lactus

1919 5548 2023 5595 est.
2061 5538 2161 5595 Per
2187 5558 2323 5596 eum.
2388 5540 2496 5595 Iloc
2526 5549 2607 5593 est
2635 5553 2731 5607 per
2764 5539 2927 5593 Deum
2954 5538 3184 5592 Patrem.
3246 5536 3346 5602 Qui
3374 5536 3505 5589 dixit

1919 5633 1987 5685 ad
2016 5634 2160 5687 illum
2186 5650 2203 5686 :
2246 5632 2447 5686 Iuravit
2477 5631 2745 5694 Dominus,
2778 5642 2822 5683 et
2849 5647 2951 5683 non
2981 5630 3237 5700 pmnitebit
3267 5644 3401 5683 eum.
3449 5609 3502 5681 l‘d

1921 5736 2023 5793 est,
2058 5742 2161 5781 non
2191 5727 2413 5780 mutabit
2446 5724 2809 5793 jnrmnentnm
2853 5739 3026 5778 suum.
3086 5724 3409 5790 Quouiamtu
3452 5736 3505 5775 es

1922 5820 2159 5875 sacerdos
2186 5820 2235 5872 in
2262 5829 2526 5889 a'ternum,
2558 5818 2835 5873 secumlum
2860 5819 3088 5874 ordinem
3109 5814 3506 5874 Melchisedech.
