3968 6354
536 297 625 353 731

1658 288 1957 348 PRIMASII
2001 286 2453 345 ADBUMETANI
2493 286 2706 344 EPlSC.

3728 290 3843 346 752

525 408 593 463 Ιιι
618 416 811 464 tantum
834 408 1055 464 melioris
1078 404 1363 461 testamenti
1385 419 1619 473 sponsor.
1642 402 1766 459 Sive
1788 402 2105 473 promissor.
2141 404 2191 462 Δ
2214 408 2296 454 est
2324 399 2589 455 excelsior
2616 400 2794 470 caelis,
2821 401 3037 470 quando
3064 400 3478 475 quadragesimo
3507 403 3611 458 die
3644 404 3840 459 admi-

528 502 723 557 Factus
767 512 839 558 est
864 501 1034 555 Jesus.
1077 498 1335 563 Subaudi,
1390 498 1704 566 inquantum
1733 512 1854 552 cum
1900 496 2104 565 jureju-

530 597 699 652 rando
722 595 815 651 Dei
840 595 1011 649 Patris
1033 608 1186 647 suum
1216 589 1571 646 sacerdotium
1598 597 1758 654 tenet,
1793 590 2103 659 inquantum

531 687 885 743 sacerdotium
917 684 1137 748 Christi,
1184 683 1323 752 quod
1363 684 1665 751 juramento
1692 681 1785 737 Dei
1822 692 1904 735 est
1932 681 2107 735 sanci-

533 789 665 843 tum,
718 792 809 831 sua
842 775 1099 845 dignitate
1144 774 1586 843 praecellitetiam
1635 774 1800 843 gratia
1834 772 2105 841 Evangelii

532 869 702 938 legem
731 867 917 937 Moysi.
945 865 1009 919 Et
1031 866 1119 919 alii
1149 866 1349 932 quidem
1380 870 1550 932 plures
1582 866 1704 935 facti
1732 874 1848 919 sunt
1878 866 2108 918 sacerdo-

533 970 624 1015 tes.
684 958 985 1014 Secundum
1032 958 1222 1026 legem.
1267 958 1472 1011 Idcirco
1501 961 1637 1027 quod
1662 968 1822 1011 morte
1869 957 2104 1023 prohibe-

530 1060 706 1106 rentur
736 1066 1070 1119 permanere:
1101 1050 1184 1102 hic
1214 1059 1403 1102 autem.
1437 1047 1699 1112 Christus,
1730 1048 1811 1101 cui
1844 1048 1999 1101 Pater
2026 1047 2107 1101 di-

532 1144 756 1199 sitcum
807 1143 1195 1212 jurejurando:
1248 1143 1326 1195 'l‘u
1356 1157 1413 1197 es
1444 1142 1696 1197 sacerdos
1742 1143 1791 1194 in
1820 1152 2103 1197 aeternum.

529 1234 609 1289 Eo
634 1235 768 1299 quod
798 1245 1056 1305 permanet
1086 1236 1139 1289 in
1170 1244 1432 1299 talentum,
1462 1235 1819 1303 sempiternum
1850 1234 1992 1288 habet
2018 1250 2107 1289 sa-

532 1329 830 1384 cerdotium.
882 1329 1022 1383 Duas
1053 1328 1140 1383 hic
1182 1330 1332 1397 ponit
1370 1326 1701 1382 differentias
1744 1326 1928 1381 beatus
1959 1328 2105 1397 Apo-

532 1423 698 1477 stolus
731 1440 742 1475 :
774 1424 895 1490 quia
919 1420 1168 1476 sacerdos
1200 1428 1382 1474 noster
1412 1434 1516 1473 non
1542 1418 1706 1473 habet
1739 1418 1920 1483 ﬁnem,
1970 1421 2108 1473 sicut

531 1511 839 1566 sacerdotes
869 1509 1020 1579 legis,
1073 1517 1126 1563 et
1155 1509 1279 1578 quia
1306 1522 1426 1563 cum
1466 1508 1815 1577 jurejurando
1842 1524 1993 1563 suum
2021 1523 2106 1563 sa-

532 1606 826 1659 cerdotium
880 1616 1223 1672 possessurus
1262 1611 1363 1657 est.
1440 1602 1570 1668 Quia
1611 1604 1752 1657 enim
1800 1602 2108 1659 sacerdotes

533 1682 948 1767 legis'mortales
976 1704 1148 1759 erant,
1200 1694 1373 1763 plures
1406 1693 1529 1747 lacti
1561 1702 1683 1748 sunt
1714 1694 1766 1749 in
1808 1696 1921 1763 ipsa
1966 1693 2104 1764 lege,

2209 490 2389 546 rsudae
2438 505 2548 546 suae
2597 492 3020 547 resurrectionis
3074 509 3237 564 super
3285 510 3479 550 omnes
3531 496 3723 550 oculos
3782 506 3837 552 et

2207 600 2370 655 super
2416 598 2607 640 omnes
2655 584 2874 640 ordines
2904 586 3202 642 caelestium
3229 588 3515 657 spirituum
3565 588 3829 643 elevatus

2208 689 2286 735 est
2318 680 2383 733 ad
2408 693 2715 734 consessum
2750 688 2985 748 paternae
3008 679 3324 750 majestatis,
3361 681 3453 736 ubi
3483 694 3647 735 nunc
3674 681 3827 735 sedet

2208 776 2262 832 in
2290 774 2617 845 plenitudine
2647 776 2888 842 honoris,
2911 777 3120 846 gloriae.
3155 775 3341 832 Potest
3360 785 3414 833 et
3446 778 3518 829 ita
3558 775 3821 845 intelligi,

2206 867 2347 937 quod
2376 866 2555 921 dixit:
2587 866 2731 921 Talis
2769 865 2931 921 nobis
2978 866 3220 934 decebat,
3258 876 3314 923 ut
3342 878 3491 922 esset
3536 863 3817 935 pontifex,

2208 959 2359 1029 quasi
2406 958 2648 1014 diceret:
2696 957 2866 1014 Judaei
2914 959 3057 1014 velut
3086 960 3224 1014 servi
3268 960 3468 1015 timore
3516 958 3667 1029 legis
3714 959 3815 1013 Deo

2207 1051 2501 1106 servientes
2529 1050 2725 1120 legales
2758 1050 3036 1121 pontiﬁces
3068 1049 3386 1116 habuerunt,
3446 1049 3557 1104 sibi
3594 1063 3811 1104 consero

2218 1158 2312 1201 vos
2341 1143 2699 1213 mortalesque
2734 1157 2795 1197 ac
2826 1150 3153 1213 peccatores,
3208 1142 3297 1213 qui
3357 1156 3459 1210 pro
3491 1140 3807 1209 semetipsis

2209 1234 2461 1289 similiter
2508 1234 2816 1303 indigebant
2846 1234 3080 1290 oﬁerre:
3131 1248 3230 1289 nos
3278 1243 3459 1289 autem
3492 1232 3705 1303 quibus
3732 1232 3804 1285 di-

2214 1337 2357 1381 ctum
2400 1333 2523 1380 est:
2572 1326 2689 1382 Jam
2745 1340 2850 1379 non
2893 1324 3013 1379 dico
3060 1337 3157 1379 vos
3197 1337 3401 1389 servos,
3454 1322 3557 1377 sed
3610 1321 3801 1377 amicos

2208 1430 2380 1483 meos,
2430 1424 2483 1470 et
2512 1415 2633 1485 quia
2666 1414 2757 1469 ﬁlii
2788 1415 2883 1470 Dei
2912 1429 3118 1483 sumus,
3166 1414 3454 1469 serviendo
3506 1412 3597 1468 illi
3632 1428 3798 1469 amore

2210 1511 2505 1581 ﬁliationis,
2539 1512 2693 1567 decet
2739 1521 2795 1565 ut
2855 1510 3147 1567 habeamus
3175 1510 3489 1581 pontiﬁcem
3523 1509 3796 1564 immorta-

2209 1604 2338 1670 lem,
2376 1616 2709 1675 segregatum
2752 1620 2782 1659 a
2812 1605 3202 1674 peccatoribus.
3235 1604 3535 1675 Sequitur:
3574 1603 3680 1669 Qui
3712 1621 3795 1656 nos

2209 1697 2412 1753 haberet
2425 1698 2649 1768 quotidie
2661 1697 3021 1761 necessitatem,
3040 1695 3470 1767 quemadmodum
3494 1695 3791 1763 sacerdota,

534 1790 690 1845 sicuti
724 1792 901 1843 Aaron
930 1799 982 1843 et
1011 1788 1101 1843 ﬁlii
1128 1788 1242 1855 ejus
1266 1803 1282 1840 :
1316 1786 1435 1841 ideo
1463 1786 1604 1855 quod
1626 1796 1798 1842 morte
1828 1790 2107 1857 praeventi,
2140 1790 2187 1855 Β
2215 1792 2368 1860 legis,
2399 1792 2539 1860 prius
2570 1807 2661 1859 pro
2698 1791 2803 1845 suis
2825 1790 3019 1843 dilectis
3044 1788 3236 1843 hostias
3261 1786 3470 1855 o/ferre,
3503 1788 3697 1841 deinde
3720 1803 3793 1857 pro

537 1882 947 1950 prohiberentur
996 1893 1311 1949 permanere
1360 1879 1414 1933 in
1464 1879 1767 1934 sacerdotio
1814 1895 1827 1933 :
1887 1881 2110 1937 mortuis

535 1972 676 2027 enim
705 1972 964 2041 patribus,
1014 1970 1371 2026 succedebant
1412 1970 1503 2025 lilii
1543 1972 1595 2025 in
1625 1970 1800 2026 locum
1829 1970 2063 2041 ipsorum
2093 1988 2107 2026 :

533 2064 688 2120 Jesus
718 2076 893 2120 autem
940 2065 1104 2127 solus,
1157 2066 1279 2134 quia
1330 2065 1644 2120 immortalis
1672 2073 1773 2131 est,
1826 2066 2109 2135 sempiter-

534 2172 661 2212 num
694 2157 849 2212 habet
886 2157 1238 2213 sacerdotium
1269 2174 1284 2222 ;
1336 2171 1434 2211 nec
1473 2157 1639 2211 ullum
1688 2157 1883 2212 habere
1917 2159 2111 2227 poterit

533 2248 945 2316 subsequentem
981 2264 994 2302 :
1037 2262 1100 2301 eo
1126 2247 1265 2316 qqu
1320 2249 1433 2317 ipse
1480 2256 1689 2302 maneat
1733 2247 1784 2301 in
1828 2256 2108 2302 aeternum.

532 2340 783 2410 Sequitur
818 2359 831 2395 :
868 2340 1015 2393 Unde
1041 2350 1087 2393 et
1118 2340 1315 2393 salvare
1346 2341 1397 2392 in
1442 2348 1739 2408 perpetuum
1768 2348 1928 2409 potest
1972 2356 2113 2394 acce-

534 2432 706 2483 dentes
732 2446 817 2497 per
848 2432 1167 2498 semetipsum
1194 2429 1261 2482 ad
1294 2429 1473 2498 Deum,
1506 2446 1701 2499 semper
1735 2432 1898 2486 virens
1929 2432 1996 2484 ad
2034 2436 2113 2484 in-

537 2517 912 2587 terpellandum
944 2536 1035 2591 pro
1069 2520 1232 2575 nobis.
1281 2520 1452 2585 Unde,
1488 2521 1679 2591 inquit,
1722 2522 1842 2592 quia
1868 2522 2112 2579 Christus

536 2608 873 2664 inretcrnum
904 2619 1102 2677 manet,
1152 2621 1203 2664 et
1244 2610 1627 2679 sempiternum
1670 2610 1830 2665 habet
1866 2613 2112 2667 sacerdo-

539 2700 692 2768 tium,
722 2716 933 2770 semper
955 2701 1258 2770 iuterpellat
1286 2716 1381 2771 pro
1404 2702 1573 2767 nobis,
1603 2718 1917 2773 semperque
1943 2712 2115 2773 potest

536 2791 762 2848 salvare.
794 2792 944 2860 Quod
972 2809 1097 2847 vero
1121 2794 1331 2863 quidam
1356 2789 1568 2849 codices
1592 2793 1809 2863 habent,
1841 2796 2112 2852 Accedens

535 2897 630 2952 per
659 2884 1005 2953 semetipsum
1038 2884 1104 2939 ad
1136 2884 1297 2939 Deum
1334 2901 1348 2950 ;
1378 2886 1590 2955 quidam
1626 2901 1756 2941 vero
1789 2888 1977 2957 plurali
2010 2904 2110 2942 nu-

538 2990 707 3039 mero,
735 2974 1067 3031 Accedentes
1094 2994 1106 3030 :
1138 2987 1421 3046 utrumque
1448 2978 1617 3045 recipi
1648 2987 1841 3047 potest.
1867 2979 2110 3034 Christus

535 3079 662 3133 ergo
692 3065 924 3133 pontifex
960 3074 1138 3120 noster
1168 3083 1273 3121 non
1319 3083 1414 3137 per
1454 3069 1613 3124 alium
1647 3068 1954 3137 pontiﬁcem
2000 3086 2111 3126 tna-

2210 1883 2437 1954 pOpuli:
2482 1882 2578 1936 hoc
2610 1883 2742 1936 enim
2773 1882 2891 1952 fecit
2930 1880 3085 1936 semel
3117 1897 3169 1935 se
3204 1878 3494 1945 offerendo.
3550 1878 3791 1933 Dominus

2214 1984 2396 2030 noster
2424 1973 2578 2030 Jesus
2602 1972 2849 2029 Christus
2879 1972 3005 2043 quid
3050 1970 3215 2028 fecit?
3265 1971 3450 2041 utique
3496 1970 3701 2025 obtulit
3725 1985 3792 2025 ss-

2213 2064 2474 2121 criﬁcium
2508 2080 2611 2120 non
2660 2080 2755 2136 pro
2784 2064 2894 2119 suis
2925 2063 3154 2131 delictis,
3199 2063 3290 2119 sed
3328 2077 3426 2133 pro
3480 2064 3708 2129 nostris,
3752 2072 3792 2117 et

2212 2158 2377 2214 semel
2427 2157 2526 2212 hoc
2564 2157 2710 2225 fecit,
2760 2173 2869 2212 non
2897 2156 3147 2226 amplius,
3198 2155 3319 2225 quia
3352 2154 3527 2209 semel
3562 2163 3790 2208 mortuus

2214 2264 2310 2318 pro
2340 2250 2571 2317 peccatis
2616 2248 2834 2313 nostris,
2882 2256 2937 2302 et
2974 2245 3079 2315 jam
3110 2261 3215 2300 non
3247 2245 3504 2310 moritur,
3556 2258 3705 2297 mors
3733 2244 3790 2297 illi

2214 2339 2353 2392 ultra
2385 2354 2487 2391 non
2517 2336 2896 2392 dominabitur.
2953 2334 3370 2407 Magnitudinem
3400 2333 3616 2389 Christi
3651 2335 3790 2388 sacri~

2216 2429 2321 2483 ﬁcii
2355 2429 2440 2483 hic
2466 2428 2719 2495 ostendit,
2772 2427 2912 2499 quod
2953 2427 3116 2483 semel
3151 2426 3389 2482 oblatum
3424 2435 3643 2479 tantum
3675 2440 3789 2492 pra-

2215 2520 2398 2587 valuit,
2443 2530 2700 2592 quantum
2740 2521 2918 2574 omnia
2954 2518 3211 2574 sacriﬁcia
3247 2516 3435 2588 legalia
3488 2532 3603 2572 non
3635 2519 3792 2571 value-

2216 2622 2375 2668 runt:
2411 2628 2573 2667 unum
2609 2613 2751 2667 enim
2801 2610 2896 2665 fuit
2922 2620 2975 2666 et
3005 2611 3165 2665 semel
3204 2610 3469 2675 oblatum,
3526 2617 3583 2664 et
3613 2608 3792 2662 sufﬁcit

2217 2704 2268 2757 in
2304 2706 2686 2773 sempiternum
2732 2701 2795 2758 ad
2843 2701 3075 2757 tollenda
3107 2701 3281 2756 omnia
3315 2709 3538 2771 peccata
3584 2700 3796 2755 creden-

2217 2798 2369 2852 tium.
2405 2797 2692 2853 Pontilices
2736 2806 2912 2851 autem
2944 2795 3248 2850 Judaaorum
3284 2803 3597 2865 peccatores
3632 2802 3794 2857 erant,

2216 2898 2269 2943 et
2315 2889 2437 2943 ideo
2484 2904 2706 2943 necesse
2740 2888 3006 2943 habebant
3052 2903 3148 2957 pro
3197 2887 3304 2941 suis
3343 2885 3546 2939 dwlictis
3592 2885 3802 2941 hostias

2216 2980 2433 3047 oﬁerre,
2484 2990 2538 3037 et
2566 2981 2764 3036 idcirco
2793 2981 3053 3037 sacrilicia
3083 2980 3171 3036 illa
3202 2981 3449 3034 hominem
3477 2979 3797 3047 justiticare

2216 3088 2321 3129 non
2351 3084 2611 3143 poterant,
2652 3075 2773 3144 quia
2807 3074 3195 3128 inconveniens
3224 3082 3327 3126 erat
3354 3082 3410 3126 ut
3437 3086 3538 3139 pro
3564 3070 3802 3126 homine

530 3151 701 3223 jorem
736 3156 847 3224 ipse
878 3158 1081 3210 accedit
1111 3156 1175 3211 ad
1206 3157 1370 3212 Deum
1404 3157 1635 3227 Patrem,
1660 3158 1752 3214 sed
1794 3176 1889 3231 per
1916 3171 2109 3218 semet-
2138 3168 2182 3230 (Ζ
2214 3168 2459 3223 rationali
2500 3168 2815 3224 irrationale
2856 3170 3051 3224 animal
3094 3168 3396 3224 oﬁ‘erretur.
3440 3166 3798 3234 Quaerebatur

535 3244 706 3312 ipsum
762 3262 775 3299 :
844 3247 1070 3317 ideoque
1121 3258 1293 3319 potest
1343 3250 1549 3306 salvare
1600 3251 1651 3305 in
1701 3267 1759 3307 se
1806 3252 2104 3309 credentes.

533 3336 716 3393 Potest
743 3348 795 3393 et
827 3340 895 3393 ita
930 3341 1173 3411 intelligi,
1208 3344 1345 3413 quod
1378 3344 1503 3398 dicit
1536 3364 1547 3400 :
1588 3345 1806 3403 Salvare
1835 3347 1885 3402 in
1926 3364 2111 3419 perpe-

534 3436 681 3485 tuum
730 3440 901 3501 potest
929 3434 1245 3491 accedentes
1290 3454 1382 3505 per
1409 3440 1752 3509 semetipsum
1797 3441 1861 3495 ad
1894 3441 2057 3496 Deum
2093 3460 2109 3499 :

531 3539 653 3579 nam
687 3527 805 3597 quia
838 3528 955 3596 puri
986 3528 1227 3585 homines
1256 3545 1461 3599 sumus,
1508 3548 1601 3602 per
1632 3532 1779 3587 illum
1809 3535 2111 3591 accedimus

536 3616 602 3671 ad
634 3617 797 3672 Deum
824 3617 1031 3673 Patrem
1064 3622 1205 3690 (quia
1238 3622 1497 3676 mediator
1520 3624 1755 3679 existens
1786 3626 2110 3681 astatvultui

535 3708 627 3763 Dei
678 3724 771 3776 pro
811 3709 1014 3779 nobis),
1046 3712 1333 3781 dirigentes
1368 3730 1460 3783 per
1490 3716 1638 3770 illum
1687 3732 1872 3787 preces
1902 3729 2110 3775 nostras

531 3798 595 3852 ad
621 3798 851 3852 Patrem.
882 3798 1030 3856 Unde
1052 3803 1359 3859 sacerdotes
1385 3804 1642 3862 Ecclesiae
1673 3806 1827 3863 altari
1862 3808 2113 3863 assisten-

533 3897 613 3943 tes
644 3886 826 3943 dicunt
855 3906 867 3943 :
901 3890 1144 3960 Suscipe,
1178 3893 1422 3962 Domine,
1458 3911 1646 3965 preces
1679 3898 1855 3968 populi
1886 3900 1979 3965 tui,
2017 3914 2111 3969 per

530 3979 814 4035 Dominum
861 3992 1099 4039 nostrum
1149 3984 1330 4041 Jesum
1373 3986 1647 4044 Christum
1695 3990 1885 4045 Filium
1938 4001 2104 4047 tuum.

531 4072 601 4127 Et
628 4073 748 4143 quia
776 4089 987 4146 semper
1026 4077 1176 4147 vivit,
1221 4097 1431 4152 semper
1462 4084 1766 4154 interpellat
1804 4101 1898 4155 pro
1929 4088 2105 4144 nobis.

529 4166 635 4221 Alii
666 4181 794 4221 vero
839 4169 1112 4237 pontiﬁces
1140 4173 1263 4242 quia
1305 4189 1517 4244 semper
1554 4193 1658 4232 non
1690 4186 1863 4243 erant,
1896 4194 2108 4249 semper

525 4272 631 4313 non
665 4260 1094 4331 interpellabant.
1155 4263 1463 4336 lnterpellat
1490 4280 1667 4325 autem
1700 4286 1798 4341 pro
1832 4272 1985 4327 nobis
2012 4287 2109 4341 per

526 4351 629 4408 hoc
670 4354 809 4423 quod
855 4354 1137 4413 humanam
1182 4369 1424 4415 naturam
1463 4364 1751 4432 assumpsit
1790 4379 1888 4434 pro
1928 4364 2103 4431 nobis,

524 4456 682 4510 quam
708 4444 921 4500 assidue
951 4448 1181 4502 ostendit
1213 4450 1381 4505 vultui
1412 4450 1501 4506 Dei
1535 4468 1630 4521 pro
1657 4452 1832 4520 nobis,
1858 4464 1911 4509 et
1938 4455 2101 4508 mise-

2214 3261 2447 3331 pontifex
2476 3262 2591 3319 sine
2621 3274 2857 3332 peccato,
2888 3272 2941 3317 et
2969 3263 3140 3317 hostia
3169 3259 3526 3325 rationabilis,
3588 3276 3690 3315 nec
3719 3258 3795 3314 in-

2212 3354 2525 3410 veniebatur
2554 3373 2566 3409 :
2614 3354 2859 3410 inventus
2891 3363 2972 3409 est
3004 3370 3138 3409 unus
3168 3354 3283 3408 sine
3313 3360 3539 3423 peccato
3570 3348 3710 3405 Deus
3737 3360 3789 3405 et

2216 3449 2400 3516 homo,
2434 3456 2487 3502 et
2519 3447 2713 3502 obtulit
2740 3448 2974 3517 scipsum
3009 3444 3323 3501 rationabile
3352 3443 3682 3499 sacriﬁcium
3708 3458 3790 3511 pro

2213 3541 2384 3596 salute
2408 3540 2635 3595 hominis
2659 3541 2956 3595 rationalis.
2990 3540 3097 3595 Lex
3119 3539 3252 3593 enim
3279 3537 3519 3591 homines
3549 3536 3791 3591 constituit

2212 3632 2493 3687 sacerdotes
2548 3632 2893 3701 inﬁrmitatem
2936 3630 3190 3685 habentes.
3236 3626 3302 3684 Et
3347 3628 3495 3683 dixit
3547 3627 3785 3682 Dominus

2212 3724 2278 3779 ad
2306 3724 2519 3795 Moysen
2554 3742 2568 3778 :
2624 3726 2798 3795 Unges
2825 3726 3002 3779 Aaron
3034 3735 3085 3778 et
3119 3725 3254 3778 ﬁlios
3282 3721 3399 3794 ejus
3441 3721 3581 3777 mihi
3624 3722 3673 3777 in
3716 3736 3792 3777 sn-

2212 3817 2453 3872 cerdotes
2490 3833 2502 3869 :
2534 3815 2627 3871 sed
2657 3817 2780 3885 quia
2812 3817 2885 3871 illi
2916 3817 3304 3881 inﬁrmitatem,
3341 3816 3445 3870 hoc
3476 3824 3563 3870 est
3591 3824 3791 3887 peccata

2213 3905 2501 3974 habebant,
2533 3917 2588 3961 ut
2617 3924 2712 3977 pro
2747 3908 2951 3978 populi,
2996 3908 3063 3962 ita
3094 3922 3190 3977 pro
3211 3907 3321 3961 suis
3352 3904 3577 3961 delictis
3609 3905 3791 3959 hostias

2214 3998 2489 4055 oﬁerrcnt.
2516 3997 2619 4054 Istc
2645 4009 2820 4053 autem
2847 4009 2951 4052 tam
2979 4008 3169 4069 potens
3192 4011 3292 4064 est,
3319 4009 3376 4053 ut
3403 4014 3516 4053 non
3546 3998 3793 4068 indigeret

2216 4107 2313 4161 pro
2340 4107 2399 4146 se
2438 4089 2655 4157 oll'erre,
2706 4091 2796 4146 sed
2831 4091 3050 4164 insuper
3077 4092 3242 4147 semel
3275 4091 3459 4146 oblato
3491 4106 3605 4145 sure
3635 4090 3793 4145 carnis

2214 4184 2482 4239 sacriﬁcio
2510 4185 2746 4238 omnium
2780 4184 2934 4238 saluti
2965 4183 3256 4241 sufﬁceret.
3288 4182 3478 4238 Sermo
3506 4192 3684 4237 autem
3719 4186 3793 4253 jn-

2210 4275 2493 4347 risjurandi
2547 4276 2634 4347 qui
2680 4285 2793 4348 post
2849 4278 3007 4348 legem
3056 4282 3147 4343 est,
3204 4273 3402 4329 Filium
3450 4276 3509 4328 in
3560 4286 3795 4329 ceteram

2209 4370 2505 4440 perfectum.
2599 4371 2881 4439 Subaudi,
2975 4371 3249 4438 ostendit,
3320 4372 3438 4425 sive
3504 4366 3791 4441 perfectum

2210 4462 2486 4516 constituit
2542 4464 2902 4532 sacerdotem,
2959 4480 3066 4519 non
3124 4463 3435 4518 inﬁrmitate
3497 4473 3789 4533 gravatum,

524 4540 675 4627 rem"
723 4538 1014 4592 secundum
1063 4550 1338 4612 υιτδηιίιυθ
1367 4543 1746 4599 ευῧεῐθηιῖθῐη·
1795 4543 1941 4599 Talis
1970 4546 2104 4598 enim
2131 4558 2186 4617 D
2211 4552 2348 4609 sicut
2370 4555 2453 4610 lex
2481 4557 2755 4612 constituit
2795 4571 2919 4612 suos
2950 4566 3070 4627 post
3114 4557 3281 4626 legem
3311 4571 3325 4621 ;
3356 4556 3537 4609 factus
3567 4565 3659 4610 est
3701 4569 3792 4609 sero

536 4626 737 4681 decebat
774 4638 828 4682 ut
869 4630 1009 4683 nobis
1037 4642 1163 4685 esset
1191 4636 1425 4703 ponti/ea:
1452 4648 1679 4702 sanctus,
1711 4638 1974 4701 innocens,
2004 4638 2100 4690 int-

526 4717 774 4787 pollutus,
828 4732 1120 4790 segregatus
1147 4739 1177 4775 a
1204 4727 1571 4794 peccatoribus,
1606 4736 1652 4779 et
1694 4728 1937 4781 excelsior
1963 4729 2099 4781 oculis

525 4811 705 4880 factus.
751 4808 866 4865 Non
906 4826 1116 4868 eramus
1145 4814 1310 4883 digni,
1344 4829 1441 4871 nec
1474 4815 1911 4884 promerebamur
1940 4818 2097 4872 talem

526 4902 723 4958 habere
753 4906 1060 4974 pontiﬁcem
1095 4925 1107 4961 :
1143 4908 1235 4963 sed
1268 4923 1486 4964 necesse
1514 4918 1629 4963 erat
1652 4909 1824 4976 nobis,
1859 4918 1915 4964 ut
1939 4911 2095 4965 talem

522 4994 845 5052 haberemus
876 4999 1204 5067 pontiﬁcem,
1234 5002 1325 5070 qui
1354 5010 1495 5056 esset
1520 5011 1735 5057 sanctus
1764 5004 1813 5057 in
1844 5003 2099 5059 interiore

523 5089 759 5156 homine,
809 5090 1066 5146 innocens
1096 5092 1361 5159 manibus,
1415 5094 1691 5163 impolluto
1720 5109 1966 5164 corpore,
2015 5110 2100 5151 se-

516 5191 761 5249 gregatus
788 5196 813 5234 a
858 5184 1261 5251 peccatoribus;
1306 5184 1442 5240 idem
1476 5187 1544 5241 ab
1571 5189 1714 5242 omni
1749 5198 1969 5260 peccato
2000 5189 2100 5243 im-

519 5272 713 5336 muttis,
769 5282 823 5327 et
868 5287 898 5327 a
946 5278 1348 5331 conversatione
1396 5290 1735 5347 peccatorum
1792 5292 2090 5351 separatus.

516 5359 573 5414 ln
602 5361 701 5416 hoc
743 5362 887 5416 enim
940 5366 1034 5419 fuit
1065 5379 1366 5437 separatus,
1414 5371 1534 5440 quia
1564 5372 1654 5426 alii
1702 5371 1945 5426 homines
1975 5389 2093 5427 cum

516 5462 733 5521 peccato
780 5455 1173 5525 concipiuntur,
1218 5473 1271 5517 et
1321 5474 1629 5534 nascuntur,
1664 5476 1822 5532 atque
1881 5465 1947 5519 ab
1999 5466 2097 5523 hoc

515 5544 716 5598 saeculo
739 5560 859 5599 cum
892 5560 1112 5615 peccato
1138 5560 1411 5609 transeunt
1440 5573 1451 5608 :
1500 5554 1585 5609 hic
1616 5566 1790 5610 autem
1824 5558 1939 5612 sine
1970 5572 2095 5627 pec-

513 5644 633 5689 cato
676 5645 757 5689 est
796 5653 1103 5711 conceptus,
1148 5646 1263 5703 sine
1307 5660 1523 5717 peccato
1552 5660 1634 5705 est
1677 5661 1851 5716 natus,
1902 5661 1949 5707 et
1981 5655 2097 5710 sine

516 5737 737 5793 peccato
767 5728 833 5779 ah
859 5729 958 5785 hoc
1005 5738 1202 5791 mundo
1235 5743 1444 5795 transiit
1480 5760 1492 5795 :
1540 5745 1786 5812 quoniam
1820 5759 2093 5813 peccatum

516 5830 621 5870 non
656 5818 800 5882 fecit,
836 5835 932 5877 nec
961 5826 1110 5883 dolus
1141 5830 1386 5891 inventus
1412 5844 1494 5891 est
1527 5837 1576 5892 in
1610 5851 1701 5894 ore
1732 5837 1868 5908 ejus.
1904 5839 2094 5899 Factus

2204 4661 2292 4700 mo
2317 4646 2408 4701 Dei
2444 4646 2617 4702 Patris
2644 4648 2705 4701 ad
2733 4647 2900 4702 David
2931 4648 2997 4702 de
3023 4648 3238 4703 Christo
3269 4660 3388 4701 cum
3417 4643 3791 4717 jurejurando,

2207 4735 2297 4792 ubi
2331 4736 2568 4793 dicitur:
2601 4739 2809 4793 iuravit
2832 4740 3107 4803 Dominus,
3141 4748 3192 4793 ct
3215 4754 3318 4792 non
3344 4738 3643 4807 paenitebit
3666 4755 3791 4800 eum,

2204 4837 2255 4883 tu
2282 4844 2339 4884 es
2369 4832 2627 4886 sacerdos
2658 4832 2708 4885 in
2734 4839 3016 4886 teteruum.
3064 4831 3220 4885 Ponit
3247 4828 3335 4885 hic
3363 4832 3671 4900 Apostolus
3697 4832 3792 4886 Filii

2203 4937 2399 4977 nomen
2441 4924 2504 4978 ad
2546 4924 2944 4978 distinctionem
2990 4938 3289 4989 servorum,
3338 4922 3423 4993 qui
3482 4923 3709 4976 fuerunt
3752 4923 3793 4975 in

2202 5016 2317 5085 lege
2341 5035 2354 5071 :
2380 5018 2500 5086 quia
2525 5020 2662 5073 servi
2688 5019 2882 5072 inlirmi
2914 5017 3149 5082 fuerunt,
3175 5018 3285 5071 sive
3308 5018 3431 5087 quia
3457 5028 3791 5085 peceatores,

2200 5110 2312 5165 sive
2359 5110 2479 5181 quia
2532 5111 2788 5165 mortales
2831 5119 3033 5176 erant;
3089 5106 3280 5164 Filium
3317 5124 3441 5163 vero
3498 5110 3793 5177 perfectum

2202 5204 2457 5271 ostendit,
2491 5206 2609 5272 quia
2637 5218 2850 5272 semper
2876 5203 3001 5257 vivit
3029 5212 3084 5259 et
3114 5203 3229 5256 sine
3259 5214 3483 5272 peccato
3516 5212 3633 5257 est.

2271 5296 2397 5349 Car.
2427 5312 2537 5350 vut.
2578 5295 2867 5369 Capitulum
2893 5306 3064 5350 autem
3090 5314 3238 5367 super
3269 5314 3328 5350 ea
3367 5312 3483 5366 autc
3531 5296 3791 5351 dicuntur.

2201 5384 2309 5441 Hoc
2331 5395 2434 5453 est,
2468 5391 2708 5457 repetitio
2741 5403 2900 5457 super
2926 5405 2987 5442 ea
3021 5404 3139 5459 qua:
3166 5388 3414 5444 dicuntur
3437 5388 3509 5443 de
3535 5390 3787 5443 Christo:

2199 5496 2304 5550 quo
2332 5480 2474 5535 dicto
2506 5480 2770 5551 signiﬁcat
2797 5481 2996 5552 aliquid
3026 5498 3291 5536 summum
3325 5490 3377 5537 et
3408 5497 3696 5552 magnum,
3738 5486 3786 5531 ct

2199 5574 2348 5641 quasi
2394 5574 2837 5643 recapitulatione
2893 5575 3245 5644 praecedentis
3299 5574 3681 5645 dispositionis
3730 5570 3786 5625 ad

2199 5679 2309 5717 rem
2344 5665 2509 5732 ipsam
2542 5665 2761 5720 deducit
2792 5666 3112 5720 auditorem.
3156 5662 3334 5718 Talem
3378 5662 3636 5719 habemus
3668 5679 3786 5735 pon-

2200 5756 2407 5823 tiﬁcem.
2452 5756 2707 5821 Subaudi,
2739 5758 2953 5829 qualem
2981 5758 3225 5828 superius
3254 5756 3512 5822 diximus,
3543 5766 3782 5811 sanctum

2200 5845 2477 5917 videlicet,
2542 5848 2904 5917 innocentem,
2954 5849 3314 5921 impollutum,
3366 5860 3712 5920 segregatum
3757 5856 3787 5898 ε
