  <div class='ocr_page' id='page_1' title='image "/cluster/home/n/w/nwhite01/storage/ocr_20150623/68/hvd.32044015469331/372.png"; bbox 0 0 3968 6354; ppageno 0'>
   <div class='ocr_carea' id='block_1_1' title="bbox 272 272 379 328">
    <p class='ocr_par' dir='ltr' id='par_1_1' title="bbox 272 272 379 328">
     <span class='ocr_line' id='line_1_1' title="bbox 272 272 379 328; baseline -0.009 0"><span class='ocrx_word' id='word_1_1' title='bbox 272 272 379 328; x_wconf 74' lang='lat'><strong>733</strong></span> 
     </span>
    </p>
   </div>
   <div class='ocr_carea' id='block_1_2' title="bbox 1125 272 2685 344">
    <p class='ocr_par' dir='ltr' id='par_1_2' title="bbox 1125 272 2685 344">
     <span class='ocr_line' id='line_1_2' title="bbox 1125 272 2685 344; baseline 0.008 -13"><span class='ocrx_word' id='word_1_2' title='bbox 1125 274 1193 331; x_wconf 86' lang='lat' dir='ltr'><strong>IN</strong></span> <span class='ocrx_word' id='word_1_3' title='bbox 1232 272 1619 329; x_wconf 76' lang='lat' dir='ltr'><strong>EPISTOLAM</strong></span> <span class='ocrx_word' id='word_1_4' title='bbox 1659 272 1751 329; x_wconf 87' lang='lat' dir='ltr'><strong>AD</strong></span> <span class='ocrx_word' id='word_1_5' title='bbox 1792 274 2134 337; x_wconf 64' lang='lat' dir='ltr'><strong>HEBREOS</strong></span> <span class='ocrx_word' id='word_1_6' title='bbox 2168 282 2685 344; x_wconf 69' lang='lat' dir='ltr'><strong>COMMEN&#39;I&#39;ARIA.</strong></span> 
     </span>
    </p>
   </div>
   <div class='ocr_carea' id='block_1_3' title="bbox 3440 300 3538 356">
    <p class='ocr_par' dir='ltr' id='par_1_3' title="bbox 3440 300 3538 356">
     <span class='ocr_line' id='line_1_3' title="bbox 3440 300 3538 356; baseline 0.02 -2"><span class='ocrx_word' id='word_1_7' title='bbox 3440 300 3538 356; x_wconf 68' lang='lat'><strong>734</strong></span> 
     </span>
    </p>
   </div>
   <div class='ocr_carea' id='block_1_4' title="bbox 271 391 3536 477">
    <p class='ocr_par' dir='ltr' id='par_1_4' title="bbox 271 391 3536 477">
     <span class='ocr_line' id='line_1_4' title="bbox 271 391 3536 477; baseline 0.006 -27"><span class='ocrx_word' id='word_1_8' title='bbox 271 393 672 466; x_wconf 77' lang='lat' dir='ltr'><strong>peccatoribus,</strong></span> <span class='ocrx_word' id='word_1_9' title='bbox 725 400 778 449; x_wconf 87' lang='lat' dir='ltr'><strong>et</strong></span> <span class='ocrx_word' id='word_1_10' title='bbox 806 392 1015 464; x_wconf 87' lang='lat' dir='ltr'><strong>qualem</strong></span> <span class='ocrx_word' id='word_1_11' title='bbox 1045 392 1218 448; x_wconf 88' lang='lat' dir='ltr'><strong>adlmc</strong></span> <span class='ocrx_word' id='word_1_12' title='bbox 1245 392 1432 446; x_wconf 90' lang='lat' dir='ltr'><strong>dicturi</strong></span> <span class='ocrx_word' id='word_1_13' title='bbox 1463 405 1645 445; x_wconf 83' lang='lat' dir='ltr'><strong>sumus</strong></span> <span class='ocrx_word' id='word_1_14' title='bbox 1684 391 1736 446; x_wconf 93' lang='lat' dir='ltr'><strong>in</strong></span> <span class='ocrx_word' id='word_1_15' title='bbox 1766 406 1851 445; x_wconf 87' lang='lat' dir='ltr'><strong>se-</strong></span> <span class='ocrx_word' id='word_1_16' title='bbox 1878 394 1933 452; x_wconf 75' lang='grc' dir='ltr'>Α</span> <span class='ocrx_word' id='word_1_17' title='bbox 1961 393 2101 462; x_wconf 88' lang='lat' dir='ltr'><strong>plum</strong></span> <span class='ocrx_word' id='word_1_18' title='bbox 2132 398 2222 453; x_wconf 89' lang='lat' dir='ltr'><strong>Dei</strong></span> <span class='ocrx_word' id='word_1_19' title='bbox 2266 413 2506 458; x_wconf 88' lang='lat' dir='ltr'><strong>sanctum</strong></span> <span class='ocrx_word' id='word_1_20' title='bbox 2539 414 2641 472; x_wconf 87' lang='lat' dir='ltr'><strong>est,</strong></span> <span class='ocrx_word' id='word_1_21' title='bbox 2692 408 2831 477; x_wconf 89' lang='lat' dir='ltr'><strong>quod</strong></span> <span class='ocrx_word' id='word_1_22' title='bbox 2864 412 2994 465; x_wconf 83' lang='lat' dir='ltr'><strong>estis</strong></span> <span class='ocrx_word' id='word_1_23' title='bbox 3022 426 3133 467; x_wconf 88' lang='lat' dir='ltr'><strong>vos.</strong></span> <span class='ocrx_word' id='word_1_24' title='bbox 3179 412 3357 469; x_wconf 82' lang='lat' dir='ltr'><strong>Omnis</strong></span> <span class='ocrx_word' id='word_1_25' title='bbox 3405 420 3536 474; x_wconf 77' lang='lat' dir='ltr'><strong>enim</strong></span> 
     </span>
    </p>
   </div>
   <div class='ocr_carea' id='block_1_5' title="bbox 271 484 1855 559">
    <p class='ocr_par' dir='ltr' id='par_1_5' title="bbox 271 484 1855 559">
     <span class='ocr_line' id='line_1_5' title="bbox 271 484 1855 559; baseline -0.003 -16"><span class='ocrx_word' id='word_1_26' title='bbox 271 488 579 559; x_wconf 79' lang='lat' dir='ltr'><strong>quentibus.</strong></span> <span class='ocrx_word' id='word_1_27' title='bbox 614 487 715 552; x_wconf 84' lang='lat' dir='ltr'><strong>Qui</strong></span> <span class='ocrx_word' id='word_1_28' title='bbox 738 488 962 541; x_wconf 83' lang='lat' dir='ltr'><strong>consedit</strong></span> <span class='ocrx_word' id='word_1_29' title='bbox 990 487 1043 541; x_wconf 87' lang='lat' dir='ltr'><strong>in</strong></span> <span class='ocrx_word' id='word_1_30' title='bbox 1083 488 1291 542; x_wconf 71' lang='lat' dir='ltr'><strong>dextera</strong></span> <span class='ocrx_word' id='word_1_31' title='bbox 1316 486 1452 539; x_wconf 85' lang='lat' dir='ltr'><strong>sedis</strong></span> <span class='ocrx_word' id='word_1_32' title='bbox 1483 484 1855 555; x_wconf 80' lang='lat' dir='ltr'><strong>magnitudinis</strong></span> 
     </span>
    </p>
   </div>
   <div class='ocr_carea' id='block_1_6' title="bbox 268 576 1854 646">
    <p class='ocr_par' dir='ltr' id='par_1_6' title="bbox 268 576 1854 646">
     <span class='ocr_line' id='line_1_6' title="bbox 268 576 1854 646; baseline -0.004 -11"><span class='ocrx_word' id='word_1_33' title='bbox 268 581 324 635; x_wconf 85' lang='lat' dir='ltr'><strong>in</strong></span> <span class='ocrx_word' id='word_1_34' title='bbox 353 580 510 646; x_wconf 72' lang='lat' dir='ltr'><strong>coriis,</strong></span> <span class='ocrx_word' id='word_1_35' title='bbox 540 588 831 632; x_wconf 84' lang='lat' dir='ltr'><strong>sanctorum</strong></span> <span class='ocrx_word' id='word_1_36' title='bbox 852 579 1100 643; x_wconf 82' lang='lat' dir='ltr'><strong>minister,</strong></span> <span class='ocrx_word' id='word_1_37' title='bbox 1130 588 1174 632; x_wconf 89' lang='lat' dir='ltr'><strong>et</strong></span> <span class='ocrx_word' id='word_1_38' title='bbox 1206 576 1519 632; x_wconf 85' lang='lat' dir='ltr'><strong>tabernaculi</strong></span> <span class='ocrx_word' id='word_1_39' title='bbox 1550 576 1675 637; x_wconf 85' lang='lat' dir='ltr'><strong>veri,</strong></span> <span class='ocrx_word' id='word_1_40' title='bbox 1717 577 1854 645; x_wconf 83' lang='lat' dir='ltr'><strong>quod</strong></span> 
     </span>
    </p>
   </div>
   <div class='ocr_carea' id='block_1_7' title="bbox 269 667 1851 742">
    <p class='ocr_par' dir='ltr' id='par_1_7' title="bbox 269 667 1851 742">
     <span class='ocr_line' id='line_1_7' title="bbox 269 667 1851 742; baseline -0.004 -14"><span class='ocrx_word' id='word_1_41' title='bbox 269 672 383 742; x_wconf 71' lang='lat' dir='ltr'><strong>ﬁxit</strong></span> <span class='ocrx_word' id='word_1_42' title='bbox 413 671 571 737; x_wconf 81' lang='lat' dir='ltr'><strong>Deus,</strong></span> <span class='ocrx_word' id='word_1_43' title='bbox 594 681 640 725; x_wconf 88' lang='lat' dir='ltr'><strong>et</strong></span> <span class='ocrx_word' id='word_1_44' title='bbox 668 686 764 725; x_wconf 84' lang='lat' dir='ltr'><strong>non</strong></span> <span class='ocrx_word' id='word_1_45' title='bbox 791 672 959 726; x_wconf 79' lang='lat' dir='ltr'><strong>homo.</strong></span> <span class='ocrx_word' id='word_1_46' title='bbox 991 670 1186 726; x_wconf 86' lang='lat' dir='ltr'><strong>Sedem</strong></span> <span class='ocrx_word' id='word_1_47' title='bbox 1215 668 1595 741; x_wconf 91' lang='lat' dir='ltr'><strong>magnitudinis</strong></span> <span class='ocrx_word' id='word_1_48' title='bbox 1624 669 1673 723; x_wconf 93' lang='lat' dir='ltr'><strong>in</strong></span> <span class='ocrx_word' id='word_1_49' title='bbox 1700 667 1851 723; x_wconf 72' lang='lat' dir='ltr'><strong>cmlis</strong></span> 
     </span>
    </p>
   </div>
   <div class='ocr_carea' id='block_1_8' title="bbox 270 761 1850 834">
    <p class='ocr_par' dir='ltr' id='par_1_8' title="bbox 270 761 1850 834">
     <span class='ocr_line' id='line_1_8' title="bbox 270 761 1850 834; baseline -0.003 -14"><span class='ocrx_word' id='word_1_50' title='bbox 270 764 525 821; x_wconf 81' lang='lat' dir='ltr'><strong>debemus</strong></span> <span class='ocrx_word' id='word_1_51' title='bbox 566 763 807 831; x_wconf 87' lang='lat' dir='ltr'><strong>accipere</strong></span> <span class='ocrx_word' id='word_1_52' title='bbox 836 763 1223 834; x_wconf 76' lang='lat' dir='ltr'><strong>plenitudinem</strong></span> <span class='ocrx_word' id='word_1_53' title='bbox 1266 772 1503 833; x_wconf 79' lang='lat' dir='ltr'><strong>paterna:</strong></span> <span class='ocrx_word' id='word_1_54' title='bbox 1532 761 1850 831; x_wconf 85' lang='lat' dir='ltr'><strong>majestatis,</strong></span> 
     </span>
    </p>
   </div>
   <div class='ocr_carea' id='block_1_9' title="bbox 267 855 1851 926">
    <p class='ocr_par' dir='ltr' id='par_1_9' title="bbox 267 855 1851 926">
     <span class='ocr_line' id='line_1_9' title="bbox 267 855 1851 926; baseline -0.003 -12"><span class='ocrx_word' id='word_1_55' title='bbox 267 859 321 915; x_wconf 92' lang='lat' dir='ltr'><strong>in</strong></span> <span class='ocrx_word' id='word_1_56' title='bbox 352 873 452 925; x_wconf 88' lang='lat' dir='ltr'><strong>qua</strong></span> <span class='ocrx_word' id='word_1_57' title='bbox 485 856 650 910; x_wconf 78' lang='lat' dir='ltr'><strong>Filius</strong></span> <span class='ocrx_word' id='word_1_58' title='bbox 684 856 776 911; x_wconf 69' lang='lat' dir='ltr'><strong>Dei</strong></span> <span class='ocrx_word' id='word_1_59' title='bbox 806 856 959 912; x_wconf 89' lang='lat' dir='ltr'><strong>sedet</strong></span> <span class='ocrx_word' id='word_1_60' title='bbox 990 873 1003 912; x_wconf 89' lang='lat'><strong>:</strong></span> <span class='ocrx_word' id='word_1_61' title='bbox 1060 872 1178 925; x_wconf 77' lang='lat' dir='ltr'><strong>qua:</strong></span> <span class='ocrx_word' id='word_1_62' title='bbox 1205 857 1364 910; x_wconf 91' lang='lat' dir='ltr'><strong>etiam</strong></span> <span class='ocrx_word' id='word_1_63' title='bbox 1407 855 1716 926; x_wconf 78' lang='lat' dir='ltr'><strong>designatur</strong></span> <span class='ocrx_word' id='word_1_64' title='bbox 1758 870 1851 923; x_wconf 86' lang='lat' dir='ltr'><strong>per</strong></span> 
     </span>
    </p>
   </div>
   <div class='ocr_carea' id='block_1_10' title="bbox 268 946 1847 1020">
    <p class='ocr_par' dir='ltr' id='par_1_10' title="bbox 268 946 1847 1020">
     <span class='ocr_line' id='line_1_10' title="bbox 268 946 1847 1020; baseline 0 -19"><span class='ocrx_word' id='word_1_65' title='bbox 268 949 590 1003; x_wconf 80' lang='lat' dir='ltr'><strong>dexteram:</strong></span> <span class='ocrx_word' id='word_1_66' title='bbox 646 963 743 1003; x_wconf 88' lang='lat' dir='ltr'><strong>nec</strong></span> <span class='ocrx_word' id='word_1_67' title='bbox 788 959 871 1004; x_wconf 81' lang='lat' dir='ltr'><strong>est</strong></span> <span class='ocrx_word' id='word_1_68' title='bbox 928 948 1208 1020; x_wconf 87' lang='lat' dir='ltr'><strong>pueriliter</strong></span> <span class='ocrx_word' id='word_1_69' title='bbox 1253 946 1644 1018; x_wconf 90' lang='lat' dir='ltr'><strong>accipiendum,</strong></span> <span class='ocrx_word' id='word_1_70' title='bbox 1707 947 1847 1018; x_wconf 91' lang='lat' dir='ltr'><strong>quod</strong></span> 
     </span>
    </p>
   </div>
   <div class='ocr_carea' id='block_1_11' title="bbox 268 1039 1850 1111">
    <p class='ocr_par' dir='ltr' id='par_1_11' title="bbox 268 1039 1850 1111">
     <span class='ocr_line' id='line_1_11' title="bbox 268 1039 1850 1111; baseline 0 -15"><span class='ocrx_word' id='word_1_71' title='bbox 268 1041 409 1096; x_wconf 83' lang='lat' dir='ltr'><strong>Deus</strong></span> <span class='ocrx_word' id='word_1_72' title='bbox 438 1043 596 1096; x_wconf 88' lang='lat' dir='ltr'><strong>Pater</strong></span> <span class='ocrx_word' id='word_1_73' title='bbox 623 1041 895 1096; x_wconf 78' lang='lat' dir='ltr'><strong>dexteram</strong></span> <span class='ocrx_word' id='word_1_74' title='bbox 941 1051 1031 1097; x_wconf 90' lang='lat' dir='ltr'><strong>aut</strong></span> <span class='ocrx_word' id='word_1_75' title='bbox 1057 1043 1327 1097; x_wconf 84' lang='lat' dir='ltr'><strong>sinistram</strong></span> <span class='ocrx_word' id='word_1_76' title='bbox 1356 1039 1567 1106; x_wconf 82' lang='lat' dir='ltr'><strong>habeat,</strong></span> <span class='ocrx_word' id='word_1_77' title='bbox 1620 1041 1711 1110; x_wconf 86' lang='lat' dir='ltr'><strong>qui</strong></span> <span class='ocrx_word' id='word_1_78' title='bbox 1740 1042 1850 1111; x_wconf 86' lang='lat' dir='ltr'><strong>spi-</strong></span> 
     </span>
    </p>
   </div>
   <div class='ocr_carea' id='block_1_12' title="bbox 266 1133 1849 1206">
    <p class='ocr_par' dir='ltr' id='par_1_12' title="bbox 266 1133 1849 1206">
     <span class='ocr_line' id='line_1_12' title="bbox 266 1133 1849 1206; baseline -0.001 -17"><span class='ocrx_word' id='word_1_79' title='bbox 266 1135 399 1189; x_wconf 88' lang='lat' dir='ltr'><strong>ritus</strong></span> <span class='ocrx_word' id='word_1_80' title='bbox 428 1145 511 1190; x_wconf 88' lang='lat' dir='ltr'><strong>est</strong></span> <span class='ocrx_word' id='word_1_81' title='bbox 540 1135 712 1189; x_wconf 85' lang='lat' dir='ltr'><strong>omnia</strong></span> <span class='ocrx_word' id='word_1_82' title='bbox 744 1135 971 1206; x_wconf 91' lang='lat' dir='ltr'><strong>implens</strong></span> <span class='ocrx_word' id='word_1_83' title='bbox 998 1153 1009 1187; x_wconf 93' lang='lat'>:</span> <span class='ocrx_word' id='word_1_84' title='bbox 1042 1146 1100 1189; x_wconf 93' lang='lat' dir='ltr'><strong>ut</strong></span> <span class='ocrx_word' id='word_1_85' title='bbox 1129 1134 1200 1190; x_wconf 92' lang='lat' dir='ltr'><strong>ita</strong></span> <span class='ocrx_word' id='word_1_86' title='bbox 1230 1134 1413 1190; x_wconf 86' lang='lat' dir='ltr'><strong>sedeat</strong></span> <span class='ocrx_word' id='word_1_87' title='bbox 1440 1133 1610 1187; x_wconf 90' lang='lat' dir='ltr'><strong>Filius</strong></span> <span class='ocrx_word' id='word_1_88' title='bbox 1638 1134 1689 1188; x_wconf 91' lang='lat' dir='ltr'><strong>in</strong></span> <span class='ocrx_word' id='word_1_89' title='bbox 1718 1134 1849 1187; x_wconf 82' lang='lat' dir='ltr'><strong>dex-</strong></span> 
     </span>
    </p>
   </div>
   <div class='ocr_carea' id='block_1_13' title="bbox 265 1226 1845 1298">
    <p class='ocr_par' dir='ltr' id='par_1_13' title="bbox 265 1226 1845 1298">
     <span class='ocr_line' id='line_1_13' title="bbox 265 1226 1845 1298; baseline 0.002 -17"><span class='ocrx_word' id='word_1_90' title='bbox 265 1234 377 1281; x_wconf 90' lang='lat' dir='ltr'><strong>tera</strong></span> <span class='ocrx_word' id='word_1_91' title='bbox 408 1226 565 1291; x_wconf 86' lang='lat' dir='ltr'><strong>illius,</strong></span> <span class='ocrx_word' id='word_1_92' title='bbox 598 1227 734 1281; x_wconf 88' lang='lat' dir='ltr'><strong>sicut</strong></span> <span class='ocrx_word' id='word_1_93' title='bbox 755 1227 896 1283; x_wconf 83' lang='lat' dir='ltr'><strong>solet</strong></span> <span class='ocrx_word' id='word_1_94' title='bbox 916 1228 1105 1283; x_wconf 88' lang='lat' dir='ltr'><strong>sedere</strong></span> <span class='ocrx_word' id='word_1_95' title='bbox 1128 1226 1263 1281; x_wconf 89' lang='lat' dir='ltr'><strong>ﬁlius</strong></span> <span class='ocrx_word' id='word_1_96' title='bbox 1288 1230 1436 1298; x_wconf 84' lang='lat' dir='ltr'><strong>juxta</strong></span> <span class='ocrx_word' id='word_1_97' title='bbox 1465 1237 1668 1298; x_wconf 88' lang='lat' dir='ltr'><strong>patrem</strong></span> <span class='ocrx_word' id='word_1_98' title='bbox 1693 1243 1845 1284; x_wconf 91' lang='lat' dir='ltr'><strong>suum</strong></span> 
     </span>
    </p>
   </div>
   <div class='ocr_carea' id='block_1_14' title="bbox 262 1318 1845 1391">
    <p class='ocr_par' dir='ltr' id='par_1_14' title="bbox 262 1318 1845 1391">
     <span class='ocr_line' id='line_1_14' title="bbox 262 1318 1845 1391; baseline 0.003 -19"><span class='ocrx_word' id='word_1_99' title='bbox 262 1332 463 1387; x_wconf 85' lang='lat' dir='ltr'><strong>regem.</strong></span> <span class='ocrx_word' id='word_1_100' title='bbox 515 1318 644 1387; x_wconf 88' lang='lat' dir='ltr'><strong>Sed,</strong></span> <span class='ocrx_word' id='word_1_101' title='bbox 677 1319 813 1374; x_wconf 89' lang='lat' dir='ltr'><strong>sicut</strong></span> <span class='ocrx_word' id='word_1_102' title='bbox 840 1320 1096 1385; x_wconf 84' lang='lat' dir='ltr'><strong>diximus,</strong></span> <span class='ocrx_word' id='word_1_103' title='bbox 1130 1322 1520 1391; x_wconf 88' lang='lat' dir='ltr'><strong>plenitudinem</strong></span> <span class='ocrx_word' id='word_1_104' title='bbox 1549 1322 1845 1390; x_wconf 88' lang='lat' dir='ltr'><strong>majestatis</strong></span> 
     </span>
    </p>
   </div>
   <div class='ocr_carea' id='block_1_15' title="bbox 261 1415 1841 1484">
    <p class='ocr_par' dir='ltr' id='par_1_15' title="bbox 261 1415 1841 1484">
     <span class='ocr_line' id='line_1_15' title="bbox 261 1415 1841 1484; baseline 0.004 -18"><span class='ocrx_word' id='word_1_105' title='bbox 261 1426 631 1483; x_wconf 83' lang='lat' dir='ltr'><strong>summamque</strong></span> <span class='ocrx_word' id='word_1_106' title='bbox 678 1415 903 1483; x_wconf 80' lang='lat' dir='ltr'><strong>gloriam</strong></span> <span class='ocrx_word' id='word_1_107' title='bbox 956 1415 1298 1471; x_wconf 83' lang='lat' dir='ltr'><strong>beatitudinis</strong></span> <span class='ocrx_word' id='word_1_108' title='bbox 1344 1425 1398 1470; x_wconf 89' lang='lat' dir='ltr'><strong>et</strong></span> <span class='ocrx_word' id='word_1_109' title='bbox 1449 1415 1841 1484; x_wconf 75' lang='lat' dir='ltr'><strong>prOSperitatis,</strong></span> 
     </span>
    </p>
   </div>
   <div class='ocr_carea' id='block_1_16' title="bbox 260 1504 1843 1577">
    <p class='ocr_par' dir='ltr' id='par_1_16' title="bbox 260 1504 1843 1577">
     <span class='ocr_line' id='line_1_16' title="bbox 260 1504 1843 1577; baseline 0.002 -18"><span class='ocrx_word' id='word_1_110' title='bbox 260 1504 519 1563; x_wconf 86' lang='lat' dir='ltr'><strong>debemus</strong></span> <span class='ocrx_word' id='word_1_111' title='bbox 550 1523 642 1576; x_wconf 88' lang='lat' dir='ltr'><strong>per</strong></span> <span class='ocrx_word' id='word_1_112' title='bbox 673 1507 947 1563; x_wconf 85' lang='lat' dir='ltr'><strong>dexteram</strong></span> <span class='ocrx_word' id='word_1_113' title='bbox 975 1508 1294 1577; x_wconf 81' lang='lat' dir='ltr'><strong>intelligere,</strong></span> <span class='ocrx_word' id='word_1_114' title='bbox 1347 1507 1398 1561; x_wconf 92' lang='lat' dir='ltr'><strong>in</strong></span> <span class='ocrx_word' id='word_1_115' title='bbox 1433 1522 1535 1576; x_wconf 89' lang='lat' dir='ltr'><strong>qua</strong></span> <span class='ocrx_word' id='word_1_116' title='bbox 1566 1508 1731 1562; x_wconf 88' lang='lat' dir='ltr'><strong>Filius</strong></span> <span class='ocrx_word' id='word_1_117' title='bbox 1758 1523 1843 1563; x_wconf 87' lang='lat' dir='ltr'><strong>se-</strong></span> 
     </span>
    </p>
   </div>
   <div class='ocr_carea' id='block_1_17' title="bbox 258 1597 1839 1669">
    <p class='ocr_par' dir='ltr' id='par_1_17' title="bbox 258 1597 1839 1669">
     <span class='ocr_line' id='line_1_17' title="bbox 258 1597 1839 1669; baseline -0.001 -13"><span class='ocrx_word' id='word_1_118' title='bbox 258 1600 368 1657; x_wconf 90' lang='lat' dir='ltr'><strong>det.</strong></span> <span class='ocrx_word' id='word_1_119' title='bbox 426 1600 625 1656; x_wconf 89' lang='lat' dir='ltr'><strong>Sedere</strong></span> <span class='ocrx_word' id='word_1_120' title='bbox 671 1610 846 1654; x_wconf 90' lang='lat' dir='ltr'><strong>autem</strong></span> <span class='ocrx_word' id='word_1_121' title='bbox 893 1615 987 1669; x_wconf 88' lang='lat' dir='ltr'><strong>pro</strong></span> <span class='ocrx_word' id='word_1_122' title='bbox 1027 1598 1266 1654; x_wconf 86' lang='lat' dir='ltr'><strong>habitare</strong></span> <span class='ocrx_word' id='word_1_123' title='bbox 1313 1600 1545 1668; x_wconf 90' lang='lat' dir='ltr'><strong>ponitur.</strong></span> <span class='ocrx_word' id='word_1_124' title='bbox 1592 1597 1839 1655; x_wconf 80' lang='lat' dir='ltr'><strong>Pontifex</strong></span> 
     </span>
    </p>
   </div>
   <div class='ocr_carea' id='block_1_18' title="bbox 257 1690 1839 1763">
    <p class='ocr_par' dir='ltr' id='par_1_18' title="bbox 257 1690 1839 1763">
     <span class='ocr_line' id='line_1_18' title="bbox 257 1690 1839 1763; baseline -0.002 -15"><span class='ocrx_word' id='word_1_125' title='bbox 257 1707 388 1763; x_wconf 82' lang='lat' dir='ltr'><strong>ergo</strong></span> <span class='ocrx_word' id='word_1_126' title='bbox 420 1700 622 1759; x_wconf 92' lang='lat' dir='ltr'><strong>uoster,</strong></span> <span class='ocrx_word' id='word_1_127' title='bbox 678 1693 765 1761; x_wconf 90' lang='lat' dir='ltr'><strong>qui</strong></span> <span class='ocrx_word' id='word_1_128' title='bbox 796 1690 1039 1746; x_wconf 87' lang='lat' dir='ltr'><strong>consedit</strong></span> <span class='ocrx_word' id='word_1_129' title='bbox 1070 1690 1124 1745; x_wconf 92' lang='lat' dir='ltr'><strong>in</strong></span> <span class='ocrx_word' id='word_1_130' title='bbox 1152 1706 1358 1746; x_wconf 87' lang='lat' dir='ltr'><strong>summa</strong></span> <span class='ocrx_word' id='word_1_131' title='bbox 1389 1690 1557 1763; x_wconf 82' lang='lat' dir='ltr'><strong>gloria</strong></span> <span class='ocrx_word' id='word_1_132' title='bbox 1603 1700 1839 1761; x_wconf 65' lang='lat' dir='ltr'><strong>paterna:</strong></span> 
     </span>
    </p>
   </div>
   <div class='ocr_carea' id='block_1_19' title="bbox 1958 492 3537 564">
    <p class='ocr_par' dir='ltr' id='par_1_19' title="bbox 1958 492 3537 564">
     <span class='ocr_line' id='line_1_19' title="bbox 1958 492 3537 564; baseline 0.015 -23"><span class='ocrx_word' id='word_1_133' title='bbox 1958 492 2188 561; x_wconf 73' lang='lat' dir='ltr'><strong>pontifex</strong></span> <span class='ocrx_word' id='word_1_134' title='bbox 2234 495 2301 546; x_wconf 87' lang='lat' dir='ltr'><strong>ad</strong></span> <span class='ocrx_word' id='word_1_135' title='bbox 2331 495 2593 562; x_wconf 72' lang='lat' dir='ltr'><strong>o/ferenda</strong></span> <span class='ocrx_word' id='word_1_136' title='bbox 2633 516 2843 555; x_wconf 85' lang='lat' dir='ltr'><strong>munera</strong></span> <span class='ocrx_word' id='word_1_137' title='bbox 2873 513 2919 556; x_wconf 88' lang='lat' dir='ltr'><strong>et</strong></span> <span class='ocrx_word' id='word_1_138' title='bbox 2947 502 3140 559; x_wconf 81' lang='lat' dir='ltr'><strong>hostias</strong></span> <span class='ocrx_word' id='word_1_139' title='bbox 3165 510 3486 564; x_wconf 80' lang='lat' dir='ltr'><strong>constituitur</strong></span> <span class='ocrx_word' id='word_1_140' title='bbox 3523 528 3537 542; x_wconf 86' lang='grc'><strong>·</strong></span> 
     </span>
    </p>
   </div>
   <div class='ocr_carea' id='block_1_20' title="bbox 1960 584 3591 665">
    <p class='ocr_par' dir='ltr' id='par_1_20' title="bbox 1960 584 3591 665">
     <span class='ocr_line' id='line_1_20' title="bbox 1960 584 3591 665; baseline 0.015 -33"><span class='ocrx_word' id='word_1_141' title='bbox 1960 584 2095 635; x_wconf 79' lang='lat' dir='ltr'><strong>unde</strong></span> <span class='ocrx_word' id='word_1_142' title='bbox 2122 601 2319 639; x_wconf 83' lang='lat' dir='ltr'><strong>necesse</strong></span> <span class='ocrx_word' id='word_1_143' title='bbox 2348 596 2420 640; x_wconf 87' lang='lat' dir='ltr'><strong>est</strong></span> <span class='ocrx_word' id='word_1_144' title='bbox 2444 598 2494 641; x_wconf 87' lang='lat' dir='ltr'><strong>et</strong></span> <span class='ocrx_word' id='word_1_145' title='bbox 2543 588 2679 643; x_wconf 84' lang='lat' dir='ltr'><strong>hunc</strong></span> <span class='ocrx_word' id='word_1_146' title='bbox 2716 592 2898 647; x_wconf 79' lang='lat' dir='ltr'><strong>habere</strong></span> <span class='ocrx_word' id='word_1_147' title='bbox 2927 595 3122 664; x_wconf 76' lang='lat' dir='ltr'><strong>aliquid</strong></span> <span class='ocrx_word' id='word_1_148' title='bbox 3158 597 3292 663; x_wconf 80' lang='lat' dir='ltr'><strong>quod</strong></span> <span class='ocrx_word' id='word_1_149' title='bbox 3332 598 3531 665; x_wconf 65' lang='lat' dir='ltr'><strong>offerat.</strong></span> <span class='ocrx_word' id='word_1_150' title='bbox 3584 632 3591 638; x_wconf 88' lang='lat'><strong><em>-</em></strong></span> 
     </span>
    </p>
   </div>
   <div class='ocr_carea' id='block_1_21' title="bbox 1957 672 3529 758">
    <p class='ocr_par' dir='ltr' id='par_1_21' title="bbox 1957 672 3529 758">
     <span class='ocr_line' id='line_1_21' title="bbox 1957 672 3529 758; baseline 0.013 -32"><span class='ocrx_word' id='word_1_151' title='bbox 1957 672 2071 727; x_wconf 79' lang='lat' dir='ltr'><strong>Non</strong></span> <span class='ocrx_word' id='word_1_152' title='bbox 2106 684 2281 744; x_wconf 88' lang='lat' dir='ltr'><strong>potest</strong></span> <span class='ocrx_word' id='word_1_153' title='bbox 2306 693 2425 734; x_wconf 89' lang='lat' dir='ltr'><strong>esse</strong></span> <span class='ocrx_word' id='word_1_154' title='bbox 2453 682 2723 750; x_wconf 88' lang='lat' dir='ltr'><strong>sacerdos,</strong></span> <span class='ocrx_word' id='word_1_155' title='bbox 2760 683 2864 739; x_wconf 83' lang='lat' dir='ltr'><strong>nisi</strong></span> <span class='ocrx_word' id='word_1_156' title='bbox 2911 685 3097 742; x_wconf 80' lang='lat' dir='ltr'><strong>habeat</strong></span> <span class='ocrx_word' id='word_1_157' title='bbox 3129 690 3270 758; x_wconf 89' lang='lat' dir='ltr'><strong>quod</strong></span> <span class='ocrx_word' id='word_1_158' title='bbox 3297 690 3486 746; x_wconf 71' lang='lat' dir='ltr'><strong>oﬁ‘erat</strong></span> <span class='ocrx_word' id='word_1_159' title='bbox 3516 708 3529 747; x_wconf 92' lang='lat'><strong>:</strong></span> 
     </span>
    </p>
   </div>
   <div class='ocr_carea' id='block_1_22' title="bbox 1955 766 3532 851">
    <p class='ocr_par' dir='ltr' id='par_1_22' title="bbox 1955 766 3532 851">
     <span class='ocr_line' id='line_1_22' title="bbox 1955 766 3532 851; baseline 0.014 -34"><span class='ocrx_word' id='word_1_160' title='bbox 1955 766 2236 834; x_wconf 89' lang='lat' dir='ltr'><strong>pontiﬁces</strong></span> <span class='ocrx_word' id='word_1_161' title='bbox 2266 771 2406 824; x_wconf 88' lang='lat' dir='ltr'><strong>enim</strong></span> <span class='ocrx_word' id='word_1_162' title='bbox 2439 774 2634 829; x_wconf 85' lang='lat' dir='ltr'><strong>veteris</strong></span> <span class='ocrx_word' id='word_1_163' title='bbox 2667 777 2948 832; x_wconf 89' lang='lat' dir='ltr'><strong>sacerdotii</strong></span> <span class='ocrx_word' id='word_1_164' title='bbox 2991 781 3283 835; x_wconf 91' lang='lat' dir='ltr'><strong>secundum</strong></span> <span class='ocrx_word' id='word_1_165' title='bbox 3329 797 3532 851; x_wconf 86' lang='lat' dir='ltr'><strong>praece-</strong></span> 
     </span>
    </p>
   </div>
   <div class='ocr_carea' id='block_1_23' title="bbox 1953 859 3528 942">
    <p class='ocr_par' dir='ltr' id='par_1_23' title="bbox 1953 859 3528 942">
     <span class='ocr_line' id='line_1_23' title="bbox 1953 859 3528 942; baseline 0.013 -31"><span class='ocrx_word' id='word_1_166' title='bbox 1953 868 2102 928; x_wconf 90' lang='lat' dir='ltr'><strong>ptum</strong></span> <span class='ocrx_word' id='word_1_167' title='bbox 2134 859 2264 931; x_wconf 87' lang='lat' dir='ltr'><strong>legis</strong></span> <span class='ocrx_word' id='word_1_168' title='bbox 2303 879 2522 920; x_wconf 85' lang='lat' dir='ltr'><strong>munera</strong></span> <span class='ocrx_word' id='word_1_169' title='bbox 2553 876 2605 921; x_wconf 91' lang='lat' dir='ltr'><strong>et</strong></span> <span class='ocrx_word' id='word_1_170' title='bbox 2648 866 2849 925; x_wconf 87' lang='lat' dir='ltr'><strong>hostias</strong></span> <span class='ocrx_word' id='word_1_171' title='bbox 2880 886 2974 940; x_wconf 92' lang='lat' dir='ltr'><strong>pro</strong></span> <span class='ocrx_word' id='word_1_172' title='bbox 3026 873 3202 942; x_wconf 88' lang='lat' dir='ltr'><strong>populi</strong></span> <span class='ocrx_word' id='word_1_173' title='bbox 3232 873 3528 932; x_wconf 78' lang='lat' dir='ltr'><strong>offerebant</strong></span> 
     </span>
    </p>
   </div>
   <div class='ocr_carea' id='block_1_24' title="bbox 1952 950 3531 1034">
    <p class='ocr_par' dir='ltr' id='par_1_24' title="bbox 1952 950 3531 1034">
     <span class='ocr_line' id='line_1_24' title="bbox 1952 950 3531 1034; baseline 0.011 -28"><span class='ocrx_word' id='word_1_174' title='bbox 1952 950 2158 1009; x_wconf 84' lang='lat' dir='ltr'><strong>delictis</strong></span> <span class='ocrx_word' id='word_1_175' title='bbox 2189 971 2203 1020; x_wconf 89' lang='lat'>;</span> <span class='ocrx_word' id='word_1_176' title='bbox 2237 954 2478 1012; x_wconf 84' lang='lat' dir='ltr'><strong>Christus</strong></span> <span class='ocrx_word' id='word_1_177' title='bbox 2512 975 2636 1014; x_wconf 86' lang='lat' dir='ltr'><strong>vero</strong></span> <span class='ocrx_word' id='word_1_178' title='bbox 2664 960 2716 1016; x_wconf 93' lang='lat' dir='ltr'><strong>in</strong></span> <span class='ocrx_word' id='word_1_179' title='bbox 2746 965 3069 1034; x_wconf 88' lang='lat' dir='ltr'><strong>sempiterna</strong></span> <span class='ocrx_word' id='word_1_180' title='bbox 3100 966 3391 1023; x_wconf 85' lang='lat' dir='ltr'><strong>divinitatis</strong></span> <span class='ocrx_word' id='word_1_181' title='bbox 3420 986 3531 1024; x_wconf 74' lang='lat' dir='ltr'><strong>sua:</strong></span> 
     </span>
    </p>
   </div>
   <div class='ocr_carea' id='block_1_25' title="bbox 1953 1052 3522 1133">
    <p class='ocr_par' dir='ltr' id='par_1_25' title="bbox 1953 1052 3522 1133">
     <span class='ocr_line' id='line_1_25' title="bbox 1953 1052 3522 1133; baseline 0.012 -34"><span class='ocrx_word' id='word_1_182' title='bbox 1953 1057 2140 1102; x_wconf 90' lang='lat' dir='ltr'><strong>natura</strong></span> <span class='ocrx_word' id='word_1_183' title='bbox 2166 1063 2286 1103; x_wconf 92' lang='lat' dir='ltr'><strong>cum</strong></span> <span class='ocrx_word' id='word_1_184' title='bbox 2334 1066 2437 1104; x_wconf 91' lang='lat' dir='ltr'><strong>non</strong></span> <span class='ocrx_word' id='word_1_185' title='bbox 2470 1052 2689 1109; x_wconf 82' lang='lat' dir='ltr'><strong>haberet</strong></span> <span class='ocrx_word' id='word_1_186' title='bbox 2729 1057 2869 1126; x_wconf 90' lang='lat' dir='ltr'><strong>quod</strong></span> <span class='ocrx_word' id='word_1_187' title='bbox 2913 1059 3147 1126; x_wconf 76' lang='lat' dir='ltr'><strong>offerret,</strong></span> <span class='ocrx_word' id='word_1_188' title='bbox 3201 1064 3428 1133; x_wconf 80' lang='lat' dir='ltr'><strong>sumpsit.</strong></span> <span class='ocrx_word' id='word_1_189' title='bbox 3456 1080 3522 1118; x_wconf 80' lang='lat' dir='ltr'><strong>ex</strong></span> 
     </span>
    </p>
   </div>
   <div class='ocr_carea' id='block_1_26' title="bbox 1949 1140 3531 1212">
    <p class='ocr_par' dir='ltr' id='par_1_26' title="bbox 1949 1140 3531 1212">
     <span class='ocr_line' id='line_1_26' title="bbox 1949 1140 3531 1212; baseline 0.011 -20"><span class='ocrx_word' id='word_1_190' title='bbox 1949 1140 2108 1195; x_wconf 90' lang='lat' dir='ltr'><strong>nobis</strong></span> <span class='ocrx_word' id='word_1_191' title='bbox 2137 1143 2279 1211; x_wconf 90' lang='lat' dir='ltr'><strong>quod</strong></span> <span class='ocrx_word' id='word_1_192' title='bbox 2305 1158 2402 1212; x_wconf 88' lang='lat' dir='ltr'><strong>pro</strong></span> <span class='ocrx_word' id='word_1_193' title='bbox 2431 1146 2585 1201; x_wconf 87' lang='lat' dir='ltr'><strong>nobis</strong></span> <span class='ocrx_word' id='word_1_194' title='bbox 2615 1149 2833 1203; x_wconf 86' lang='lat' dir='ltr'><strong>oll&#39;erret</strong></span> <span class='ocrx_word' id='word_1_195' title='bbox 2864 1172 2876 1209; x_wconf 88' lang='lat'><strong>:</strong></span> <span class='ocrx_word' id='word_1_196' title='bbox 2910 1153 2960 1205; x_wconf 92' lang='lat' dir='ltr'><strong>id</strong></span> <span class='ocrx_word' id='word_1_197' title='bbox 2988 1164 3068 1207; x_wconf 88' lang='lat' dir='ltr'><strong>est</strong></span> <span class='ocrx_word' id='word_1_198' title='bbox 3091 1168 3306 1209; x_wconf 90' lang='lat' dir='ltr'><strong>carnem</strong></span> <span class='ocrx_word' id='word_1_199' title='bbox 3342 1156 3531 1209; x_wconf 89' lang='lat' dir='ltr'><strong>huma-</strong></span> 
     </span>
    </p>
   </div>
   <div class='ocr_carea' id='block_1_27' title="bbox 1950 1236 3525 1312">
    <p class='ocr_par' dir='ltr' id='par_1_27' title="bbox 1950 1236 3525 1312">
     <span class='ocr_line' id='line_1_27' title="bbox 1950 1236 3525 1312; baseline 0.011 -28"><span class='ocrx_word' id='word_1_200' title='bbox 1950 1248 2095 1302; x_wconf 86' lang='lat' dir='ltr'><strong>nam,</strong></span> <span class='ocrx_word' id='word_1_201' title='bbox 2146 1236 2381 1305; x_wconf 87' lang='lat' dir='ltr'><strong>seipsum</strong></span> <span class='ocrx_word' id='word_1_202' title='bbox 2413 1239 2676 1307; x_wconf 86' lang='lat' dir='ltr'><strong>videlicet,</strong></span> <span class='ocrx_word' id='word_1_203' title='bbox 2721 1258 2877 1312; x_wconf 87' lang='lat' dir='ltr'><strong>quem</strong></span> <span class='ocrx_word' id='word_1_204' title='bbox 2907 1246 3095 1301; x_wconf 87' lang='lat' dir='ltr'><strong>obtulit</strong></span> <span class='ocrx_word' id='word_1_205' title='bbox 3126 1248 3179 1301; x_wconf 88' lang='lat' dir='ltr'><strong>in</strong></span> <span class='ocrx_word' id='word_1_206' title='bbox 3208 1262 3299 1302; x_wconf 89' lang='lat' dir='ltr'><strong>ara</strong></span> <span class='ocrx_word' id='word_1_207' title='bbox 3330 1249 3525 1303; x_wconf 90' lang='lat' dir='ltr'><strong>crucis.</strong></span> 
     </span>
    </p>
   </div>
   <div class='ocr_carea' id='block_1_28' title="bbox 1948 1321 3526 1405">
    <p class='ocr_par' dir='ltr' id='par_1_28' title="bbox 1948 1321 3526 1405">
     <span class='ocr_line' id='line_1_28' title="bbox 1948 1321 3526 1405; baseline 0.013 -31"><span class='ocrx_word' id='word_1_208' title='bbox 1948 1321 2085 1387; x_wconf 89' lang='lat' dir='ltr'><strong>Quid</strong></span> <span class='ocrx_word' id='word_1_209' title='bbox 2125 1339 2251 1395; x_wconf 85' lang='lat' dir='ltr'><strong>ergo</strong></span> <span class='ocrx_word' id='word_1_210' title='bbox 2294 1334 2397 1380; x_wconf 89' lang='lat' dir='ltr'><strong>tam</strong></span> <span class='ocrx_word' id='word_1_211' title='bbox 2430 1339 2610 1396; x_wconf 87' lang='lat' dir='ltr'><strong>aptum</strong></span> <span class='ocrx_word' id='word_1_212' title='bbox 2639 1332 3010 1403; x_wconf 84' lang='lat' dir='ltr'><strong>immolationi,</strong></span> <span class='ocrx_word' id='word_1_213' title='bbox 3065 1352 3222 1405; x_wconf 90' lang='lat' dir='ltr'><strong>quam</strong></span> <span class='ocrx_word' id='word_1_214' title='bbox 3270 1352 3394 1392; x_wconf 90' lang='lat' dir='ltr'><strong>caro</strong></span> <span class='ocrx_word' id='word_1_215' title='bbox 3442 1354 3526 1393; x_wconf 91' lang='lat' dir='ltr'><strong>ra-</strong></span> 
     </span>
    </p>
   </div>
   <div class='ocr_carea' id='block_1_29' title="bbox 1948 1415 3528 1498">
    <p class='ocr_par' dir='ltr' id='par_1_29' title="bbox 1948 1415 3528 1498">
     <span class='ocr_line' id='line_1_29' title="bbox 1948 1415 3528 1498; baseline 0.008 -27"><span class='ocrx_word' id='word_1_216' title='bbox 1948 1415 2157 1471; x_wconf 84' lang='lat' dir='ltr'><strong>tionalis</strong></span> <span class='ocrx_word' id='word_1_217' title='bbox 2204 1433 2303 1487; x_wconf 91' lang='lat' dir='ltr'><strong>pro</strong></span> <span class='ocrx_word' id='word_1_218' title='bbox 2355 1420 2688 1476; x_wconf 82' lang='lat' dir='ltr'><strong>irrationali?</strong></span> <span class='ocrx_word' id='word_1_219' title='bbox 2744 1424 2947 1494; x_wconf 88' lang='lat' dir='ltr'><strong>etquid</strong></span> <span class='ocrx_word' id='word_1_220' title='bbox 2998 1437 3099 1481; x_wconf 90' lang='lat' dir='ltr'><strong>tam</strong></span> <span class='ocrx_word' id='word_1_221' title='bbox 3145 1429 3397 1483; x_wconf 91' lang='lat' dir='ltr'><strong>mundum</strong></span> <span class='ocrx_word' id='word_1_222' title='bbox 3432 1444 3528 1498; x_wconf 88' lang='lat' dir='ltr'><strong>pro</strong></span> 
     </span>
    </p>
   </div>
   <div class='ocr_carea' id='block_1_30' title="bbox 1947 1513 3527 1591">
    <p class='ocr_par' dir='ltr' id='par_1_30' title="bbox 1947 1513 3527 1591">
     <span class='ocr_line' id='line_1_30' title="bbox 1947 1513 3527 1591; baseline 0.006 -24"><span class='ocrx_word' id='word_1_223' title='bbox 1947 1513 2285 1578; x_wconf 88' lang='lat' dir='ltr'><strong>mundandis,</strong></span> <span class='ocrx_word' id='word_1_224' title='bbox 2342 1530 2499 1584; x_wconf 90' lang='lat' dir='ltr'><strong>quam</strong></span> <span class='ocrx_word' id='word_1_225' title='bbox 2531 1532 2745 1573; x_wconf 90' lang='lat' dir='ltr'><strong>carnem</strong></span> <span class='ocrx_word' id='word_1_226' title='bbox 2777 1519 2895 1575; x_wconf 88' lang='lat' dir='ltr'><strong>sine</strong></span> <span class='ocrx_word' id='word_1_227' title='bbox 2944 1519 3050 1574; x_wconf 91' lang='lat' dir='ltr'><strong>ulla</strong></span> <span class='ocrx_word' id='word_1_228' title='bbox 3101 1522 3422 1591; x_wconf 87' lang='lat' dir='ltr'><strong>contagione</strong></span> <span class='ocrx_word' id='word_1_229' title='bbox 3475 1531 3527 1577; x_wconf 86' lang='lat' dir='ltr'><strong>et</strong></span> 
     </span>
    </p>
   </div>
   <div class='ocr_carea' id='block_1_31' title="bbox 1946 1604 3517 1684">
    <p class='ocr_par' dir='ltr' id='par_1_31' title="bbox 1946 1604 3517 1684">
     <span class='ocr_line' id='line_1_31' title="bbox 1946 1604 3517 1684; baseline 0.005 -24"><span class='ocrx_word' id='word_1_230' title='bbox 1946 1604 2341 1660; x_wconf 88' lang='lat' dir='ltr'><strong>immaculatam</strong></span> <span class='ocrx_word' id='word_1_231' title='bbox 2371 1607 2565 1663; x_wconf 77' lang='lat' dir='ltr'><strong>offerre</strong></span> <span class='ocrx_word' id='word_1_232' title='bbox 2593 1609 2614 1663; x_wconf 72' lang='lat' dir='ltr'><strong>i</strong></span> <span class='ocrx_word' id='word_1_233' title='bbox 2662 1612 2729 1668; x_wconf 79' lang='lat' dir='ltr'><strong>Et</strong></span> <span class='ocrx_word' id='word_1_234' title='bbox 2754 1614 3001 1681; x_wconf 88' lang='lat' dir='ltr'><strong>quoniam</strong></span> <span class='ocrx_word' id='word_1_235' title='bbox 3032 1624 3255 1684; x_wconf 88' lang='lat' dir='ltr'><strong>quatuor</strong></span> <span class='ocrx_word' id='word_1_236' title='bbox 3288 1616 3341 1669; x_wconf 93' lang='lat' dir='ltr'><strong>in</strong></span> <span class='ocrx_word' id='word_1_237' title='bbox 3373 1617 3517 1670; x_wconf 91' lang='lat' dir='ltr'><strong>omni</strong></span> 
     </span>
    </p>
   </div>
   <div class='ocr_carea' id='block_1_32' title="bbox 1944 1699 3519 1772">
    <p class='ocr_par' dir='ltr' id='par_1_32' title="bbox 1944 1699 3519 1772">
     <span class='ocr_line' id='line_1_32' title="bbox 1944 1699 3519 1772; baseline 0.004 -19"><span class='ocrx_word' id='word_1_238' title='bbox 1944 1699 2210 1754; x_wconf 89' lang='lat' dir='ltr'><strong>sacriﬁcio</strong></span> <span class='ocrx_word' id='word_1_239' title='bbox 2239 1700 2625 1757; x_wconf 89' lang='lat' dir='ltr'><strong>consideranda</strong></span> <span class='ocrx_word' id='word_1_240' title='bbox 2649 1712 2791 1771; x_wconf 90' lang='lat' dir='ltr'><strong>sunt,</strong></span> <span class='ocrx_word' id='word_1_241' title='bbox 2825 1705 3097 1772; x_wconf 83' lang='lat' dir='ltr'><strong>videlicet,</strong></span> <span class='ocrx_word' id='word_1_242' title='bbox 3128 1707 3211 1761; x_wconf 89' lang='lat' dir='ltr'><strong>cui</strong></span> <span class='ocrx_word' id='word_1_243' title='bbox 3240 1706 3519 1771; x_wconf 71' lang='lat' dir='ltr'><strong>offeratur,</strong></span> 
     </span>
    </p>
   </div>
   <div class='ocr_carea' id='block_1_33' title="bbox 258 1775 3523 1865">
    <p class='ocr_par' dir='ltr' id='par_1_33' title="bbox 258 1775 3523 1865">
     <span class='ocr_line' id='line_1_33' title="bbox 258 1775 3523 1865; baseline 0.002 -22"><span class='ocrx_word' id='word_1_244' title='bbox 258 1787 556 1859; x_wconf 74' lang='lat' dir='ltr'><strong>maiestatis</strong></span> <span class='ocrx_word' id='word_1_245' title='bbox 586 1791 639 1844; x_wconf 90' lang='lat' dir='ltr'><strong>in</strong></span> <span class='ocrx_word' id='word_1_246' title='bbox 669 1788 840 1853; x_wconf 70' lang='lat' dir='ltr'><strong>caelis,</strong></span> <span class='ocrx_word' id='word_1_247' title='bbox 891 1795 1198 1841; x_wconf 91' lang='lat' dir='ltr'><strong>sanctorum</strong></span> <span class='ocrx_word' id='word_1_248' title='bbox 1232 1787 1474 1843; x_wconf 89' lang='lat' dir='ltr'><strong>minister</strong></span> <span class='ocrx_word' id='word_1_249' title='bbox 1516 1796 1597 1843; x_wconf 90' lang='lat' dir='ltr'><strong>est</strong></span> <span class='ocrx_word' id='word_1_250' title='bbox 1632 1802 1651 1841; x_wconf 85' lang='lat'><strong>:</strong></span> <span class='ocrx_word' id='word_1_251' title='bbox 1698 1785 1841 1857; x_wconf 91' lang='lat' dir='ltr'><strong>quod</strong></span> <span class='ocrx_word' id='word_1_252' title='bbox 1875 1775 1924 1838; x_wconf 88' lang='lat' dir='ltr'><strong>B</strong></span> <span class='ocrx_word' id='word_1_253' title='bbox 1951 1804 1981 1843; x_wconf 91' lang='lat' dir='ltr'><strong>a</strong></span> <span class='ocrx_word' id='word_1_254' title='bbox 2007 1804 2113 1859; x_wconf 88' lang='lat' dir='ltr'><strong>quo</strong></span> <span class='ocrx_word' id='word_1_255' title='bbox 2138 1791 2414 1859; x_wconf 78' lang='lat' dir='ltr'><strong>offeratur,</strong></span> <span class='ocrx_word' id='word_1_256' title='bbox 2446 1792 2571 1862; x_wconf 90' lang='lat' dir='ltr'><strong>quid</strong></span> <span class='ocrx_word' id='word_1_257' title='bbox 2596 1792 2869 1859; x_wconf 71' lang='lat' dir='ltr'><strong>offeratur,</strong></span> <span class='ocrx_word' id='word_1_258' title='bbox 2899 1810 2995 1864; x_wconf 89' lang='lat' dir='ltr'><strong>pro</strong></span> <span class='ocrx_word' id='word_1_259' title='bbox 3015 1794 3210 1865; x_wconf 88' lang='lat' dir='ltr'><strong>quibus</strong></span> <span class='ocrx_word' id='word_1_260' title='bbox 3236 1795 3490 1850; x_wconf 83' lang='lat' dir='ltr'><strong>oﬁ&#39;eratur</strong></span> <span class='ocrx_word' id='word_1_261' title='bbox 3510 1838 3523 1861; x_wconf 94' lang='lat'><strong>,</strong></span> 
     </span>
    </p>
   </div>
   <div class='ocr_carea' id='block_1_34' title="bbox 256 1880 1835 1952">
    <p class='ocr_par' dir='ltr' id='par_1_34' title="bbox 256 1880 1835 1952">
     <span class='ocr_line' id='line_1_34' title="bbox 256 1880 1835 1952; baseline -0.001 -16"><span class='ocrx_word' id='word_1_262' title='bbox 256 1882 463 1937; x_wconf 90' lang='lat' dir='ltr'><strong>duobus</strong></span> <span class='ocrx_word' id='word_1_263' title='bbox 491 1881 663 1936; x_wconf 91' lang='lat' dir='ltr'><strong>modis</strong></span> <span class='ocrx_word' id='word_1_264' title='bbox 706 1880 871 1950; x_wconf 89' lang='lat' dir='ltr'><strong>accipi</strong></span> <span class='ocrx_word' id='word_1_265' title='bbox 914 1889 1109 1951; x_wconf 85' lang='lat' dir='ltr'><strong>potest.</strong></span> <span class='ocrx_word' id='word_1_266' title='bbox 1169 1880 1400 1936; x_wconf 81' lang='lat' dir='ltr'><strong>Veniens</strong></span> <span class='ocrx_word' id='word_1_267' title='bbox 1429 1882 1625 1952; x_wconf 90' lang='lat' dir='ltr'><strong>quippe</strong></span> <span class='ocrx_word' id='word_1_268' title='bbox 1654 1880 1835 1935; x_wconf 73' lang='lat' dir='ltr'><strong>Domi~</strong></span> 
     </span>
    </p>
   </div>
   <div class='ocr_carea' id='block_1_35' title="bbox 256 1973 1838 2042">
    <p class='ocr_par' dir='ltr' id='par_1_35' title="bbox 256 1973 1838 2042">
     <span class='ocr_line' id='line_1_35' title="bbox 256 1973 1838 2042; baseline 0 -14"><span class='ocrx_word' id='word_1_269' title='bbox 256 1988 356 2028; x_wconf 80' lang='lat' dir='ltr'><strong>nus</strong></span> <span class='ocrx_word' id='word_1_270' title='bbox 387 1975 439 2027; x_wconf 90' lang='lat' dir='ltr'><strong>in</strong></span> <span class='ocrx_word' id='word_1_271' title='bbox 471 1973 721 2027; x_wconf 91' lang='lat' dir='ltr'><strong>mundum</strong></span> <span class='ocrx_word' id='word_1_272' title='bbox 752 1987 848 2042; x_wconf 89' lang='lat' dir='ltr'><strong>per</strong></span> <span class='ocrx_word' id='word_1_273' title='bbox 877 1973 1256 2028; x_wconf 89' lang='lat' dir='ltr'><strong>incarnationis</strong></span> <span class='ocrx_word' id='word_1_274' title='bbox 1286 1973 1692 2040; x_wconf 83' lang='lat' dir='ltr'><strong>exhibitionem,</strong></span> <span class='ocrx_word' id='word_1_275' title='bbox 1739 1974 1838 2028; x_wconf 88' lang='lat' dir='ltr'><strong>mi-</strong></span> 
     </span>
    </p>
   </div>
   <div class='ocr_carea' id='block_1_36' title="bbox 256 2064 1837 2137">
    <p class='ocr_par' dir='ltr' id='par_1_36' title="bbox 256 2064 1837 2137">
     <span class='ocr_line' id='line_1_36' title="bbox 256 2064 1837 2137; baseline 0.001 -19"><span class='ocrx_word' id='word_1_276' title='bbox 256 2064 503 2119; x_wconf 83' lang='lat' dir='ltr'><strong>nislravit</strong></span> <span class='ocrx_word' id='word_1_277' title='bbox 524 2065 721 2120; x_wconf 87' lang='lat' dir='ltr'><strong>sanctis</strong></span> <span class='ocrx_word' id='word_1_278' title='bbox 742 2066 1000 2135; x_wconf 86' lang='lat' dir='ltr'><strong>apostolis</strong></span> <span class='ocrx_word' id='word_1_279' title='bbox 1027 2066 1249 2135; x_wconf 83' lang='lat' dir='ltr'><strong>aliisque</strong></span> <span class='ocrx_word' id='word_1_280' title='bbox 1278 2065 1538 2131; x_wconf 88' lang='lat' dir='ltr'><strong>ﬁdelibus,</strong></span> <span class='ocrx_word' id='word_1_281' title='bbox 1565 2067 1723 2122; x_wconf 89' lang='lat' dir='ltr'><strong>etiam</strong></span> <span class='ocrx_word' id='word_1_282' title='bbox 1746 2066 1837 2137; x_wconf 89' lang='lat' dir='ltr'><strong>qui</strong></span> 
     </span>
    </p>
   </div>
   <div class='ocr_carea' id='block_1_37' title="bbox 255 2154 1834 2230">
    <p class='ocr_par' dir='ltr' id='par_1_37' title="bbox 255 2154 1834 2230">
     <span class='ocr_line' id='line_1_37' title="bbox 255 2154 1834 2230; baseline 0.004 -21"><span class='ocrx_word' id='word_1_283' title='bbox 255 2155 430 2212; x_wconf 91' lang='lat' dir='ltr'><strong>adhuc</strong></span> <span class='ocrx_word' id='word_1_284' title='bbox 459 2154 623 2211; x_wconf 87' lang='lat' dir='ltr'><strong>futuri</strong></span> <span class='ocrx_word' id='word_1_285' title='bbox 648 2166 791 2227; x_wconf 90' lang='lat' dir='ltr'><strong>sunt,</strong></span> <span class='ocrx_word' id='word_1_286' title='bbox 825 2173 1014 2227; x_wconf 90' lang='lat' dir='ltr'><strong>panem</strong></span> <span class='ocrx_word' id='word_1_287' title='bbox 1044 2158 1349 2213; x_wconf 89' lang='lat' dir='ltr'><strong>refectiouis</strong></span> <span class='ocrx_word' id='word_1_288' title='bbox 1378 2160 1524 2215; x_wconf 83' lang='lat' dir='ltr'><strong>verbi</strong></span> <span class='ocrx_word' id='word_1_289' title='bbox 1553 2160 1834 2230; x_wconf 84' lang='lat' dir='ltr'><strong>spiritalis,</strong></span> 
     </span>
    </p>
   </div>
   <div class='ocr_carea' id='block_1_38' title="bbox 253 2248 1832 2322">
    <p class='ocr_par' dir='ltr' id='par_1_38' title="bbox 253 2248 1832 2322">
     <span class='ocr_line' id='line_1_38' title="bbox 253 2248 1832 2322; baseline 0.003 -20"><span class='ocrx_word' id='word_1_290' title='bbox 253 2256 309 2303; x_wconf 86' lang='lat' dir='ltr'><strong>et</strong></span> <span class='ocrx_word' id='word_1_291' title='bbox 334 2258 513 2316; x_wconf 92' lang='lat' dir='ltr'><strong>potum</strong></span> <span class='ocrx_word' id='word_1_292' title='bbox 546 2248 803 2304; x_wconf 67' lang='lat' dir='ltr'><strong>doctrina:</strong></span> <span class='ocrx_word' id='word_1_293' title='bbox 840 2251 1183 2321; x_wconf 69' lang='lat' dir='ltr'><strong>evangelicm,</strong></span> <span class='ocrx_word' id='word_1_294' title='bbox 1218 2251 1439 2307; x_wconf 89' lang='lat' dir='ltr'><strong>dicens:</strong></span> <span class='ocrx_word' id='word_1_295' title='bbox 1473 2250 1529 2307; x_wconf 92' lang='lat' dir='ltr'><strong>Si</strong></span> <span class='ocrx_word' id='word_1_296' title='bbox 1554 2254 1673 2322; x_wconf 90' lang='lat' dir='ltr'><strong>quis</strong></span> <span class='ocrx_word' id='word_1_297' title='bbox 1701 2254 1832 2319; x_wconf 90' lang='lat' dir='ltr'><strong>sitit,</strong></span> 
     </span>
    </p>
   </div>
   <div class='ocr_carea' id='block_1_39' title="bbox 253 2338 1833 2413">
    <p class='ocr_par' dir='ltr' id='par_1_39' title="bbox 253 2338 1833 2413">
     <span class='ocr_line' id='line_1_39' title="bbox 253 2338 1833 2413; baseline 0.004 -23"><span class='ocrx_word' id='word_1_298' title='bbox 253 2338 435 2392; x_wconf 84' lang='lat' dir='ltr'><strong>veniat</strong></span> <span class='ocrx_word' id='word_1_299' title='bbox 458 2338 523 2392; x_wconf 90' lang='lat' dir='ltr'><strong>ad</strong></span> <span class='ocrx_word' id='word_1_300' title='bbox 548 2354 654 2404; x_wconf 91' lang='lat' dir='ltr'><strong>me,</strong></span> <span class='ocrx_word' id='word_1_301' title='bbox 684 2348 735 2394; x_wconf 91' lang='lat' dir='ltr'><strong>et</strong></span> <span class='ocrx_word' id='word_1_302' title='bbox 760 2340 929 2408; x_wconf 86' lang='lat' dir='ltr'><strong>bibat,</strong></span> <span class='ocrx_word' id='word_1_303' title='bbox 953 2351 1007 2395; x_wconf 91' lang='lat' dir='ltr'><strong>et</strong></span> <span class='ocrx_word' id='word_1_304' title='bbox 1033 2357 1046 2394; x_wconf 89' lang='lat'><strong>:</strong></span> <span class='ocrx_word' id='word_1_305' title='bbox 1081 2341 1270 2396; x_wconf 75' lang='lat' dir='ltr'><strong>Venite</strong></span> <span class='ocrx_word' id='word_1_306' title='bbox 1296 2342 1361 2397; x_wconf 91' lang='lat' dir='ltr'><strong>ad</strong></span> <span class='ocrx_word' id='word_1_307' title='bbox 1388 2358 1494 2410; x_wconf 91' lang='lat' dir='ltr'><strong>me,</strong></span> <span class='ocrx_word' id='word_1_308' title='bbox 1523 2357 1712 2397; x_wconf 90' lang='lat' dir='ltr'><strong>omnes</strong></span> <span class='ocrx_word' id='word_1_309' title='bbox 1743 2343 1833 2413; x_wconf 89' lang='lat' dir='ltr'><strong>qui</strong></span> 
     </span>
    </p>
   </div>
   <div class='ocr_carea' id='block_1_40' title="bbox 248 2428 1832 2503">
    <p class='ocr_par' dir='ltr' id='par_1_40' title="bbox 248 2428 1832 2503">
     <span class='ocr_line' id='line_1_40' title="bbox 248 2428 1832 2503; baseline 0.003 -20"><span class='ocrx_word' id='word_1_310' title='bbox 248 2429 503 2486; x_wconf 87' lang='lat' dir='ltr'><strong>laboratis</strong></span> <span class='ocrx_word' id='word_1_311' title='bbox 531 2438 585 2485; x_wconf 91' lang='lat' dir='ltr'><strong>et</strong></span> <span class='ocrx_word' id='word_1_312' title='bbox 610 2431 817 2486; x_wconf 89' lang='lat' dir='ltr'><strong>onerati</strong></span> <span class='ocrx_word' id='word_1_313' title='bbox 843 2432 993 2495; x_wconf 87' lang='lat' dir='ltr'><strong>estis,</strong></span> <span class='ocrx_word' id='word_1_314' title='bbox 1026 2441 1079 2488; x_wconf 92' lang='lat' dir='ltr'><strong>et</strong></span> <span class='ocrx_word' id='word_1_315' title='bbox 1108 2448 1207 2503; x_wconf 85' lang='lat' dir='ltr'><strong>ego</strong></span> <span class='ocrx_word' id='word_1_316' title='bbox 1232 2435 1468 2489; x_wconf 90' lang='lat' dir='ltr'><strong>reﬁciam</strong></span> <span class='ocrx_word' id='word_1_317' title='bbox 1496 2448 1613 2491; x_wconf 90' lang='lat' dir='ltr'><strong>vos.</strong></span> <span class='ocrx_word' id='word_1_318' title='bbox 1673 2428 1832 2490; x_wconf 83' lang='lat' dir='ltr'><strong>Mini-</strong></span> 
     </span>
    </p>
   </div>
   <div class='ocr_carea' id='block_1_41' title="bbox 246 2526 1833 2601">
    <p class='ocr_par' dir='ltr' id='par_1_41' title="bbox 246 2526 1833 2601">
     <span class='ocr_line' id='line_1_41' title="bbox 246 2526 1833 2601; baseline 0.003 -19"><span class='ocrx_word' id='word_1_319' title='bbox 246 2528 440 2582; x_wconf 84' lang='lat' dir='ltr'><strong>stravit</strong></span> <span class='ocrx_word' id='word_1_320' title='bbox 468 2528 574 2583; x_wconf 90' lang='lat' dir='ltr'><strong>illis</strong></span> <span class='ocrx_word' id='word_1_321' title='bbox 599 2528 758 2583; x_wconf 90' lang='lat' dir='ltr'><strong>etiam</strong></span> <span class='ocrx_word' id='word_1_322' title='bbox 800 2526 1180 2583; x_wconf 89' lang='lat' dir='ltr'><strong>documentum</strong></span> <span class='ocrx_word' id='word_1_323' title='bbox 1212 2528 1333 2583; x_wconf 89' lang='lat' dir='ltr'><strong>ﬁdei</strong></span> <span class='ocrx_word' id='word_1_324' title='bbox 1378 2537 1433 2584; x_wconf 90' lang='lat' dir='ltr'><strong>et</strong></span> <span class='ocrx_word' id='word_1_325' title='bbox 1480 2529 1704 2601; x_wconf 85' lang='lat' dir='ltr'><strong>gratiam</strong></span> <span class='ocrx_word' id='word_1_326' title='bbox 1738 2530 1833 2587; x_wconf 85' lang='lat' dir='ltr'><strong>ba-</strong></span> 
     </span>
    </p>
   </div>
   <div class='ocr_carea' id='block_1_42' title="bbox 246 2621 1831 2693">
    <p class='ocr_par' dir='ltr' id='par_1_42' title="bbox 246 2621 1831 2693">
     <span class='ocr_line' id='line_1_42' title="bbox 246 2621 1831 2693; baseline 0.003 -19"><span class='ocrx_word' id='word_1_327' title='bbox 246 2621 533 2691; x_wconf 89' lang='lat' dir='ltr'><strong>ptismatis,</strong></span> <span class='ocrx_word' id='word_1_328' title='bbox 566 2630 621 2676; x_wconf 91' lang='lat' dir='ltr'><strong>et</strong></span> <span class='ocrx_word' id='word_1_329' title='bbox 646 2622 881 2692; x_wconf 87' lang='lat' dir='ltr'><strong>insuper,</strong></span> <span class='ocrx_word' id='word_1_330' title='bbox 914 2622 1055 2693; x_wconf 90' lang='lat' dir='ltr'><strong>quod</strong></span> <span class='ocrx_word' id='word_1_331' title='bbox 1086 2622 1257 2692; x_wconf 87' lang='lat' dir='ltr'><strong>majus</strong></span> <span class='ocrx_word' id='word_1_332' title='bbox 1287 2622 1402 2689; x_wconf 92' lang='lat' dir='ltr'><strong>fuit,</strong></span> <span class='ocrx_word' id='word_1_333' title='bbox 1437 2632 1831 2678; x_wconf 87' lang='lat' dir='ltr'><strong>sacramentum</strong></span> 
     </span>
    </p>
   </div>
   <div class='ocr_carea' id='block_1_43' title="bbox 246 2713 1829 2784">
    <p class='ocr_par' dir='ltr' id='par_1_43' title="bbox 246 2713 1829 2784">
     <span class='ocr_line' id='line_1_43' title="bbox 246 2713 1829 2784; baseline 0.001 -16"><span class='ocrx_word' id='word_1_334' title='bbox 246 2713 632 2783; x_wconf 85' lang='lat' dir='ltr'><strong>redemptionis</strong></span> <span class='ocrx_word' id='word_1_335' title='bbox 676 2729 770 2784; x_wconf 88' lang='lat' dir='ltr'><strong>per</strong></span> <span class='ocrx_word' id='word_1_336' title='bbox 814 2716 1117 2784; x_wconf 87' lang='lat' dir='ltr'><strong>passionem</strong></span> <span class='ocrx_word' id='word_1_337' title='bbox 1167 2729 1342 2781; x_wconf 91' lang='lat' dir='ltr'><strong>suam,</strong></span> <span class='ocrx_word' id='word_1_338' title='bbox 1390 2722 1445 2770; x_wconf 89' lang='lat' dir='ltr'><strong>et</strong></span> <span class='ocrx_word' id='word_1_339' title='bbox 1471 2714 1829 2784; x_wconf 88' lang='lat' dir='ltr'><strong>cognitionem</strong></span> 
     </span>
    </p>
   </div>
   <div class='ocr_carea' id='block_1_44' title="bbox 241 2808 1832 2881">
    <p class='ocr_par' dir='ltr' id='par_1_44' title="bbox 241 2808 1832 2881">
     <span class='ocr_line' id='line_1_44' title="bbox 241 2808 1832 2881; baseline -0.003 -17"><span class='ocrx_word' id='word_1_340' title='bbox 241 2808 624 2881; x_wconf 82' lang='lat' dir='ltr'><strong>mysteriorum</strong></span> <span class='ocrx_word' id='word_1_341' title='bbox 667 2808 720 2863; x_wconf 92' lang='lat' dir='ltr'><strong>in</strong></span> <span class='ocrx_word' id='word_1_342' title='bbox 762 2808 879 2879; x_wconf 86' lang='lat' dir='ltr'><strong>lege</strong></span> <span class='ocrx_word' id='word_1_343' title='bbox 908 2815 962 2863; x_wconf 90' lang='lat' dir='ltr'><strong>et</strong></span> <span class='ocrx_word' id='word_1_344' title='bbox 991 2808 1285 2877; x_wconf 86' lang='lat' dir='ltr'><strong>prephetis,</strong></span> <span class='ocrx_word' id='word_1_345' title='bbox 1329 2821 1392 2861; x_wconf 91' lang='lat' dir='ltr'><strong>ac</strong></span> <span class='ocrx_word' id='word_1_346' title='bbox 1418 2816 1535 2875; x_wconf 87' lang='lat' dir='ltr'><strong>post</strong></span> <span class='ocrx_word' id='word_1_347' title='bbox 1562 2809 1832 2861; x_wconf 80' lang='lat' dir='ltr'><strong>ascensio-</strong></span> 
     </span>
    </p>
   </div>
   <div class='ocr_carea' id='block_1_45' title="bbox 242 2900 1830 2974">
    <p class='ocr_par' dir='ltr' id='par_1_45' title="bbox 242 2900 1830 2974">
     <span class='ocr_line' id='line_1_45' title="bbox 242 2900 1830 2974; baseline -0.003 -14"><span class='ocrx_word' id='word_1_348' title='bbox 242 2921 368 2960; x_wconf 90' lang='lat' dir='ltr'><strong>nem</strong></span> <span class='ocrx_word' id='word_1_349' title='bbox 392 2904 716 2961; x_wconf 80' lang='lat' dir='ltr'><strong>ministravit</strong></span> <span class='ocrx_word' id='word_1_350' title='bbox 740 2904 929 2960; x_wconf 90' lang='lat' dir='ltr'><strong>electis</strong></span> <span class='ocrx_word' id='word_1_351' title='bbox 953 2904 1090 2971; x_wconf 90' lang='lat' dir='ltr'><strong>suis,</strong></span> <span class='ocrx_word' id='word_1_352' title='bbox 1118 2911 1380 2974; x_wconf 84' lang='lat' dir='ltr'><strong>apparens</strong></span> <span class='ocrx_word' id='word_1_353' title='bbox 1404 2902 1457 2957; x_wconf 92' lang='lat' dir='ltr'><strong>in</strong></span> <span class='ocrx_word' id='word_1_354' title='bbox 1487 2902 1707 2957; x_wconf 90' lang='lat' dir='ltr'><strong>mundo.</strong></span> <span class='ocrx_word' id='word_1_355' title='bbox 1741 2900 1830 2955; x_wconf 90' lang='lat' dir='ltr'><strong>Di-</strong></span> 
     </span>
    </p>
   </div>
   <div class='ocr_carea' id='block_1_46' title="bbox 245 2995 1825 3058">
    <p class='ocr_par' dir='ltr' id='par_1_46' title="bbox 245 2995 1825 3058">
     <span class='ocr_line' id='line_1_46' title="bbox 245 2995 1825 3058; baseline -0.003 -6"><span class='ocrx_word' id='word_1_356' title='bbox 245 3004 402 3052; x_wconf 88' lang='lat' dir='ltr'><strong>catur</strong></span> <span class='ocrx_word' id='word_1_357' title='bbox 426 3007 478 3053; x_wconf 90' lang='lat' dir='ltr'><strong>et</strong></span> <span class='ocrx_word' id='word_1_358' title='bbox 500 2998 652 3053; x_wconf 83' lang='lat' dir='ltr'><strong>aliter</strong></span> <span class='ocrx_word' id='word_1_359' title='bbox 686 3016 700 3053; x_wconf 86' lang='lat'>:</span> <span class='ocrx_word' id='word_1_360' title='bbox 741 2997 1059 3053; x_wconf 88' lang='lat' dir='ltr'><strong>Sanctorum</strong></span> <span class='ocrx_word' id='word_1_361' title='bbox 1084 2995 1330 3051; x_wconf 86' lang='lat' dir='ltr'><strong>minister</strong></span> <span class='ocrx_word' id='word_1_362' title='bbox 1356 2995 1458 3051; x_wconf 90' lang='lat' dir='ltr'><strong>erit</strong></span> <span class='ocrx_word' id='word_1_363' title='bbox 1492 2997 1542 3050; x_wconf 89' lang='lat' dir='ltr'><strong>in</strong></span> <span class='ocrx_word' id='word_1_364' title='bbox 1569 2996 1825 3058; x_wconf 88' lang='lat' dir='ltr'><strong>futurum,</strong></span> 
     </span>
    </p>
   </div>
   <div class='ocr_carea' id='block_1_47' title="bbox 238 3089 1825 3159">
    <p class='ocr_par' dir='ltr' id='par_1_47' title="bbox 238 3089 1825 3159">
     <span class='ocr_line' id='line_1_47' title="bbox 238 3089 1825 3159; baseline -0.001 -17"><span class='ocrx_word' id='word_1_365' title='bbox 238 3090 455 3159; x_wconf 88' lang='lat' dir='ltr'><strong>quando</strong></span> <span class='ocrx_word' id='word_1_366' title='bbox 495 3091 842 3159; x_wconf 87' lang='lat' dir='ltr'><strong>semetipsum</strong></span> <span class='ocrx_word' id='word_1_367' title='bbox 885 3089 1207 3145; x_wconf 87' lang='lat' dir='ltr'><strong>ministrabit</strong></span> <span class='ocrx_word' id='word_1_368' title='bbox 1234 3089 1358 3153; x_wconf 87' lang='lat' dir='ltr'><strong>illis,</strong></span> <span class='ocrx_word' id='word_1_369' title='bbox 1403 3098 1460 3144; x_wconf 91' lang='lat' dir='ltr'><strong>et</strong></span> <span class='ocrx_word' id='word_1_370' title='bbox 1498 3096 1825 3159; x_wconf 87' lang='lat' dir='ltr'><strong>cognoscent</strong></span> 
     </span>
    </p>
   </div>
   <div class='ocr_carea' id='block_1_48' title="bbox 241 3182 1823 3254">
    <p class='ocr_par' dir='ltr' id='par_1_48' title="bbox 241 3182 1823 3254">
     <span class='ocr_line' id='line_1_48' title="bbox 241 3182 1823 3254; baseline 0 -17"><span class='ocrx_word' id='word_1_371' title='bbox 241 3196 366 3237; x_wconf 84' lang='lat' dir='ltr'><strong>eum</strong></span> <span class='ocrx_word' id='word_1_372' title='bbox 396 3198 516 3238; x_wconf 89' lang='lat' dir='ltr'><strong>eum</strong></span> <span class='ocrx_word' id='word_1_373' title='bbox 541 3183 696 3239; x_wconf 88' lang='lat' dir='ltr'><strong>Patre</strong></span> <span class='ocrx_word' id='word_1_374' title='bbox 726 3194 780 3239; x_wconf 90' lang='lat' dir='ltr'><strong>et</strong></span> <span class='ocrx_word' id='word_1_375' title='bbox 807 3184 1010 3254; x_wconf 89' lang='lat' dir='ltr'><strong>Spiritu</strong></span> <span class='ocrx_word' id='word_1_376' title='bbox 1040 3194 1227 3239; x_wconf 89' lang='lat' dir='ltr'><strong>sancto</strong></span> <span class='ocrx_word' id='word_1_377' title='bbox 1253 3184 1407 3239; x_wconf 90' lang='lat' dir='ltr'><strong>sicuti</strong></span> <span class='ocrx_word' id='word_1_378' title='bbox 1452 3191 1533 3238; x_wconf 91' lang='lat' dir='ltr'><strong>est</strong></span> <span class='ocrx_word' id='word_1_379' title='bbox 1564 3201 1576 3237; x_wconf 89' lang='lat'><strong>:</strong></span> <span class='ocrx_word' id='word_1_380' title='bbox 1619 3182 1823 3237; x_wconf 86' lang='lat' dir='ltr'><strong>scilicet</strong></span> 
     </span>
    </p>
   </div>
   <div class='ocr_carea' id='block_1_49' title="bbox 236 3273 1823 3351">
    <p class='ocr_par' dir='ltr' id='par_1_49' title="bbox 236 3273 1823 3351">
     <span class='ocr_line' id='line_1_49' title="bbox 236 3273 1823 3351; baseline -0.003 -18"><span class='ocrx_word' id='word_1_381' title='bbox 236 3292 359 3333; x_wconf 88' lang='lat' dir='ltr'><strong>cum</strong></span> <span class='ocrx_word' id='word_1_382' title='bbox 410 3276 617 3332; x_wconf 88' lang='lat' dir='ltr'><strong>dederit</strong></span> <span class='ocrx_word' id='word_1_383' title='bbox 658 3292 876 3347; x_wconf 81' lang='lat' dir='ltr'><strong>regnum</strong></span> <span class='ocrx_word' id='word_1_384' title='bbox 909 3292 1063 3331; x_wconf 89' lang='lat' dir='ltr'><strong>suum</strong></span> <span class='ocrx_word' id='word_1_385' title='bbox 1109 3276 1218 3331; x_wconf 92' lang='lat' dir='ltr'><strong>Deo</strong></span> <span class='ocrx_word' id='word_1_386' title='bbox 1263 3284 1315 3330; x_wconf 94' lang='lat' dir='ltr'><strong>et</strong></span> <span class='ocrx_word' id='word_1_387' title='bbox 1338 3274 1517 3351; x_wconf 76' lang='lat' dir='ltr'><strong>Patri.</strong></span> <span class='ocrx_word' id='word_1_388' title='bbox 1574 3273 1722 3331; x_wconf 89' lang='lat' dir='ltr'><strong>Unde</strong></span> <span class='ocrx_word' id='word_1_389' title='bbox 1769 3275 1823 3329; x_wconf 90' lang='lat' dir='ltr'><strong>in</strong></span> 
     </span>
    </p>
   </div>
   <div class='ocr_carea' id='block_1_50' title="bbox 238 3367 1824 3439">
    <p class='ocr_par' dir='ltr' id='par_1_50' title="bbox 238 3367 1824 3439">
     <span class='ocr_line' id='line_1_50' title="bbox 238 3367 1824 3439; baseline -0.001 -16"><span class='ocrx_word' id='word_1_390' title='bbox 238 3369 531 3439; x_wconf 83' lang='lat' dir='ltr'><strong>Evangelio</strong></span> <span class='ocrx_word' id='word_1_391' title='bbox 561 3370 628 3424; x_wconf 90' lang='lat' dir='ltr'><strong>de</strong></span> <span class='ocrx_word' id='word_1_392' title='bbox 656 3383 714 3425; x_wconf 90' lang='lat' dir='ltr'><strong>se</strong></span> <span class='ocrx_word' id='word_1_393' title='bbox 756 3369 854 3424; x_wconf 91' lang='lat' dir='ltr'><strong>sub</strong></span> <span class='ocrx_word' id='word_1_394' title='bbox 886 3382 1118 3438; x_wconf 90' lang='lat' dir='ltr'><strong>persona</strong></span> <span class='ocrx_word' id='word_1_395' title='bbox 1151 3367 1548 3438; x_wconf 88' lang='lat' dir='ltr'><strong>patrisfamilias</strong></span> <span class='ocrx_word' id='word_1_396' title='bbox 1578 3368 1824 3437; x_wconf 87' lang='lat' dir='ltr'><strong>loquens,</strong></span> 
     </span>
    </p>
   </div>
   <div class='ocr_carea' id='block_1_51' title="bbox 237 3463 1827 3535">
    <p class='ocr_par' dir='ltr' id='par_1_51' title="bbox 237 3463 1827 3535">
     <span class='ocr_line' id='line_1_51' title="bbox 237 3463 1827 3535; baseline -0.003 -13"><span class='ocrx_word' id='word_1_397' title='bbox 237 3466 369 3523; x_wconf 90' lang='lat' dir='ltr'><strong>dicit</strong></span> <span class='ocrx_word' id='word_1_398' title='bbox 396 3486 410 3521; x_wconf 86' lang='lat'><strong>;</strong></span> <span class='ocrx_word' id='word_1_399' title='bbox 441 3467 615 3522; x_wconf 85' lang='lat' dir='ltr'><strong>Amen</strong></span> <span class='ocrx_word' id='word_1_400' title='bbox 638 3466 759 3521; x_wconf 89' lang='lat' dir='ltr'><strong>dico</strong></span> <span class='ocrx_word' id='word_1_401' title='bbox 787 3466 959 3531; x_wconf 83' lang='lat' dir='ltr'><strong>vobis,</strong></span> <span class='ocrx_word' id='word_1_402' title='bbox 991 3464 1131 3534; x_wconf 89' lang='lat' dir='ltr'><strong>quod</strong></span> <span class='ocrx_word' id='word_1_403' title='bbox 1162 3465 1449 3535; x_wconf 79' lang='lat' dir='ltr'><strong>praeeinget</strong></span> <span class='ocrx_word' id='word_1_404' title='bbox 1477 3480 1534 3520; x_wconf 85' lang='lat' dir='ltr'><strong>se</strong></span> <span class='ocrx_word' id='word_1_405' title='bbox 1564 3474 1618 3519; x_wconf 92' lang='lat' dir='ltr'><strong>et</strong></span> <span class='ocrx_word' id='word_1_406' title='bbox 1666 3463 1827 3518; x_wconf 89' lang='lat' dir='ltr'><strong>faciet</strong></span> 
     </span>
    </p>
   </div>
   <div class='ocr_carea' id='block_1_52' title="bbox 236 3554 1826 3627">
    <p class='ocr_par' dir='ltr' id='par_1_52' title="bbox 236 3554 1826 3627">
     <span class='ocr_line' id='line_1_52' title="bbox 236 3554 1826 3627; baseline -0.004 -12"><span class='ocrx_word' id='word_1_407' title='bbox 236 3558 359 3615; x_wconf 88' lang='lat' dir='ltr'><strong>illos</strong></span> <span class='ocrx_word' id='word_1_408' title='bbox 386 3558 812 3627; x_wconf 88' lang='lat' dir='ltr'><strong>discumbere,et</strong></span> <span class='ocrx_word' id='word_1_409' title='bbox 836 3556 1100 3613; x_wconf 88' lang='lat' dir='ltr'><strong>transiens</strong></span> <span class='ocrx_word' id='word_1_410' title='bbox 1124 3555 1445 3611; x_wconf 88' lang='lat' dir='ltr'><strong>ministrabit</strong></span> <span class='ocrx_word' id='word_1_411' title='bbox 1475 3554 1601 3610; x_wconf 86' lang='lat' dir='ltr'><strong>illis.</strong></span> <span class='ocrx_word' id='word_1_412' title='bbox 1628 3554 1826 3609; x_wconf 84' lang='lat' dir='ltr'><strong>Trans-</strong></span> 
     </span>
    </p>
   </div>
   <div class='ocr_carea' id='block_1_53' title="bbox 236 3646 1823 3721">
    <p class='ocr_par' dir='ltr' id='par_1_53' title="bbox 236 3646 1823 3721">
     <span class='ocr_line' id='line_1_53' title="bbox 236 3646 1823 3721; baseline -0.004 -14"><span class='ocrx_word' id='word_1_413' title='bbox 236 3652 318 3707; x_wconf 87' lang='lat' dir='ltr'><strong>ire</strong></span> <span class='ocrx_word' id='word_1_414' title='bbox 355 3652 497 3707; x_wconf 90' lang='lat' dir='ltr'><strong>enim</strong></span> <span class='ocrx_word' id='word_1_415' title='bbox 536 3652 756 3716; x_wconf 90' lang='lat' dir='ltr'><strong>dicitur,</strong></span> <span class='ocrx_word' id='word_1_416' title='bbox 811 3653 933 3721; x_wconf 90' lang='lat' dir='ltr'><strong>quia</strong></span> <span class='ocrx_word' id='word_1_417' title='bbox 981 3651 1183 3706; x_wconf 88' lang='lat' dir='ltr'><strong>electos</strong></span> <span class='ocrx_word' id='word_1_418' title='bbox 1229 3664 1355 3704; x_wconf 88' lang='lat' dir='ltr'><strong>suos</strong></span> <span class='ocrx_word' id='word_1_419' title='bbox 1406 3648 1472 3703; x_wconf 90' lang='lat' dir='ltr'><strong>de</strong></span> <span class='ocrx_word' id='word_1_420' title='bbox 1515 3647 1716 3718; x_wconf 85' lang='lat' dir='ltr'><strong>judicio</strong></span> <span class='ocrx_word' id='word_1_421' title='bbox 1757 3646 1823 3702; x_wconf 90' lang='lat' dir='ltr'><strong>ad</strong></span> 
     </span>
    </p>
   </div>
   <div class='ocr_carea' id='block_1_54' title="bbox 238 3740 1824 3813">
    <p class='ocr_par' dir='ltr' id='par_1_54' title="bbox 238 3740 1824 3813">
     <span class='ocr_line' id='line_1_54' title="bbox 238 3740 1824 3813; baseline -0.003 -15"><span class='ocrx_word' id='word_1_422' title='bbox 238 3758 462 3813; x_wconf 85' lang='lat' dir='ltr'><strong>regnum</strong></span> <span class='ocrx_word' id='word_1_423' title='bbox 498 3744 724 3799; x_wconf 88' lang='lat' dir='ltr'><strong>transire</strong></span> <span class='ocrx_word' id='word_1_424' title='bbox 752 3742 935 3810; x_wconf 85' lang='lat' dir='ltr'><strong>faciet,</strong></span> <span class='ocrx_word' id='word_1_425' title='bbox 976 3744 1060 3797; x_wconf 86' lang='lat' dir='ltr'><strong>vel</strong></span> <span class='ocrx_word' id='word_1_426' title='bbox 1091 3742 1157 3795; x_wconf 90' lang='lat' dir='ltr'><strong>ad</strong></span> <span class='ocrx_word' id='word_1_427' title='bbox 1186 3741 1695 3811; x_wconf 89' lang='lat' dir='ltr'><strong>contemplationem</strong></span> <span class='ocrx_word' id='word_1_428' title='bbox 1727 3740 1824 3794; x_wconf 87' lang='lat' dir='ltr'><strong>hu-</strong></span> 
     </span>
    </p>
   </div>
   <div class='ocr_carea' id='block_1_55' title="bbox 243 3831 1819 3905">
    <p class='ocr_par' dir='ltr' id='par_1_55' title="bbox 243 3831 1819 3905">
     <span class='ocr_line' id='line_1_55' title="bbox 243 3831 1819 3905; baseline -0.003 -16"><span class='ocrx_word' id='word_1_429' title='bbox 243 3836 514 3890; x_wconf 86' lang='lat' dir='ltr'><strong>manitatis</strong></span> <span class='ocrx_word' id='word_1_430' title='bbox 540 3835 590 3890; x_wconf 90' lang='lat' dir='ltr'><strong>in</strong></span> <span class='ocrx_word' id='word_1_431' title='bbox 616 3836 910 3890; x_wconf 87' lang='lat' dir='ltr'><strong>divinitatis</strong></span> <span class='ocrx_word' id='word_1_432' title='bbox 929 3850 1040 3890; x_wconf 79' lang='lat' dir='ltr'><strong>sute</strong></span> <span class='ocrx_word' id='word_1_433' title='bbox 1062 3834 1419 3905; x_wconf 89' lang='lat' dir='ltr'><strong>cognitionem</strong></span> <span class='ocrx_word' id='word_1_434' title='bbox 1450 3848 1546 3888; x_wconf 90' lang='lat' dir='ltr'><strong>nos</strong></span> <span class='ocrx_word' id='word_1_435' title='bbox 1569 3831 1819 3887; x_wconf 88' lang='lat' dir='ltr'><strong>elevabit.</strong></span> 
     </span>
    </p>
   </div>
   <div class='ocr_carea' id='block_1_56' title="bbox 240 3924 1825 3996">
    <p class='ocr_par' dir='ltr' id='par_1_56' title="bbox 240 3924 1825 3996">
     <span class='ocr_line' id='line_1_56' title="bbox 240 3924 1825 3996; baseline -0.003 -13"><span class='ocrx_word' id='word_1_436' title='bbox 240 3928 565 3984; x_wconf 82' lang='lat' dir='ltr'><strong>Ministrabit</strong></span> <span class='ocrx_word' id='word_1_437' title='bbox 589 3929 718 3994; x_wconf 85' lang='lat' dir='ltr'><strong>illis,</strong></span> <span class='ocrx_word' id='word_1_438' title='bbox 748 3944 867 3983; x_wconf 91' lang='lat' dir='ltr'><strong>cum</strong></span> <span class='ocrx_word' id='word_1_439' title='bbox 897 3943 955 3984; x_wconf 90' lang='lat' dir='ltr'><strong>se</strong></span> <span class='ocrx_word' id='word_1_440' title='bbox 982 3937 1038 3983; x_wconf 91' lang='lat' dir='ltr'><strong>et</strong></span> <span class='ocrx_word' id='word_1_441' title='bbox 1081 3927 1296 3982; x_wconf 84' lang='lat' dir='ltr'><strong>Patrem</strong></span> <span class='ocrx_word' id='word_1_442' title='bbox 1326 3941 1445 3980; x_wconf 91' lang='lat' dir='ltr'><strong>cum</strong></span> <span class='ocrx_word' id='word_1_443' title='bbox 1470 3924 1671 3996; x_wconf 88' lang='lat' dir='ltr'><strong>Spiritu</strong></span> <span class='ocrx_word' id='word_1_444' title='bbox 1701 3938 1825 3979; x_wconf 88' lang='lat' dir='ltr'><strong>san-</strong></span> 
     </span>
    </p>
   </div>
   <div class='ocr_carea' id='block_1_57' title="bbox 241 4017 1822 4077">
    <p class='ocr_par' dir='ltr' id='par_1_57' title="bbox 241 4017 1822 4077">
     <span class='ocr_line' id='line_1_57' title="bbox 241 4017 1822 4077; baseline -0.003 -2"><span class='ocrx_word' id='word_1_445' title='bbox 241 4029 327 4076; x_wconf 86' lang='lat' dir='ltr'><strong>eto</strong></span> <span class='ocrx_word' id='word_1_446' title='bbox 354 4022 430 4076; x_wconf 84' lang='lat' dir='ltr'><strong>eis</strong></span> <span class='ocrx_word' id='word_1_447' title='bbox 460 4021 828 4077; x_wconf 87' lang='lat' dir='ltr'><strong>manifestabit</strong></span> <span class='ocrx_word' id='word_1_448' title='bbox 855 4039 867 4073; x_wconf 89' lang='lat'><strong>:</strong></span> <span class='ocrx_word' id='word_1_449' title='bbox 898 4035 1021 4074; x_wconf 87' lang='lat' dir='ltr'><strong>nam</strong></span> <span class='ocrx_word' id='word_1_450' title='bbox 1052 4020 1202 4074; x_wconf 90' lang='lat' dir='ltr'><strong>cibus</strong></span> <span class='ocrx_word' id='word_1_451' title='bbox 1223 4028 1275 4075; x_wconf 90' lang='lat' dir='ltr'><strong>et</strong></span> <span class='ocrx_word' id='word_1_452' title='bbox 1305 4020 1411 4073; x_wconf 89' lang='lat' dir='ltr'><strong>vita</strong></span> <span class='ocrx_word' id='word_1_453' title='bbox 1442 4018 1657 4072; x_wconf 88' lang='lat' dir='ltr'><strong>illorum</strong></span> <span class='ocrx_word' id='word_1_454' title='bbox 1685 4017 1822 4072; x_wconf 89' lang='lat' dir='ltr'><strong>visio</strong></span> 
     </span>
    </p>
   </div>
   <div class='ocr_carea' id='block_1_58' title="bbox 243 4108 1817 4180">
    <p class='ocr_par' dir='ltr' id='par_1_58' title="bbox 243 4108 1817 4180">
     <span class='ocr_line' id='line_1_58' title="bbox 243 4108 1817 4180; baseline -0.003 -12"><span class='ocrx_word' id='word_1_455' title='bbox 243 4121 442 4169; x_wconf 59' lang='lat' dir='ltr'><strong>sancta</strong></span> <span class='ocrx_word' id='word_1_456' title='bbox 476 4112 753 4166; x_wconf 82' lang='lat' dir='ltr'><strong>Trinitatis</strong></span> <span class='ocrx_word' id='word_1_457' title='bbox 779 4111 905 4176; x_wconf 91' lang='lat' dir='ltr'><strong>erit,</strong></span> <span class='ocrx_word' id='word_1_458' title='bbox 955 4111 1093 4165; x_wconf 89' lang='lat' dir='ltr'><strong>sicut</strong></span> <span class='ocrx_word' id='word_1_459' title='bbox 1148 4110 1261 4180; x_wconf 90' lang='lat' dir='ltr'><strong>ipse</strong></span> <span class='ocrx_word' id='word_1_460' title='bbox 1287 4108 1417 4164; x_wconf 86' lang='lat' dir='ltr'><strong>dicit</strong></span> <span class='ocrx_word' id='word_1_461' title='bbox 1463 4108 1529 4163; x_wconf 91' lang='lat' dir='ltr'><strong>ad</strong></span> <span class='ocrx_word' id='word_1_462' title='bbox 1560 4108 1770 4162; x_wconf 87' lang='lat' dir='ltr'><strong>Patrem</strong></span> <span class='ocrx_word' id='word_1_463' title='bbox 1798 4121 1817 4163; x_wconf 85' lang='lat'><strong>:</strong></span> 
     </span>
    </p>
   </div>
   <div class='ocr_carea' id='block_1_59' title="bbox 238 4201 1822 4275">
    <p class='ocr_par' dir='ltr' id='par_1_59' title="bbox 238 4201 1822 4275">
     <span class='ocr_line' id='line_1_59' title="bbox 238 4201 1822 4275; baseline -0.004 -12"><span class='ocrx_word' id='word_1_464' title='bbox 238 4208 365 4263; x_wconf 80' lang='lat' dir='ltr'><strong>Haec</strong></span> <span class='ocrx_word' id='word_1_465' title='bbox 391 4217 474 4263; x_wconf 88' lang='lat' dir='ltr'><strong>est</strong></span> <span class='ocrx_word' id='word_1_466' title='bbox 517 4208 622 4261; x_wconf 83' lang='lat' dir='ltr'><strong>vita</strong></span> <span class='ocrx_word' id='word_1_467' title='bbox 649 4217 868 4271; x_wconf 71' lang='lat' dir='ltr'><strong>aeterna,</strong></span> <span class='ocrx_word' id='word_1_468' title='bbox 920 4213 977 4260; x_wconf 93' lang='lat' dir='ltr'><strong>ut</strong></span> <span class='ocrx_word' id='word_1_469' title='bbox 1003 4213 1325 4275; x_wconf 86' lang='lat' dir='ltr'><strong>cognoscant</strong></span> <span class='ocrx_word' id='word_1_470' title='bbox 1371 4212 1423 4257; x_wconf 89' lang='lat' dir='ltr'><strong>te</strong></span> <span class='ocrx_word' id='word_1_471' title='bbox 1463 4216 1584 4257; x_wconf 88' lang='lat' dir='ltr'><strong>cum</strong></span> <span class='ocrx_word' id='word_1_472' title='bbox 1616 4201 1822 4271; x_wconf 87' lang='lat' dir='ltr'><strong>Spiritu</strong></span> 
     </span>
    </p>
   </div>
   <div class='ocr_carea' id='block_1_60' title="bbox 236 4295 1821 4368">
    <p class='ocr_par' dir='ltr' id='par_1_60' title="bbox 236 4295 1821 4368">
     <span class='ocr_line' id='line_1_60' title="bbox 236 4295 1821 4368; baseline -0.001 -19"><span class='ocrx_word' id='word_1_473' title='bbox 236 4308 445 4364; x_wconf 73' lang='lat' dir='ltr'><strong>sancto,</strong></span> <span class='ocrx_word' id='word_1_474' title='bbox 491 4308 544 4354; x_wconf 88' lang='lat' dir='ltr'><strong>et</strong></span> <span class='ocrx_word' id='word_1_475' title='bbox 571 4299 751 4353; x_wconf 83' lang='lat' dir='ltr'><strong>Jesum</strong></span> <span class='ocrx_word' id='word_1_476' title='bbox 775 4299 1044 4352; x_wconf 80' lang='lat' dir='ltr'><strong>Christum</strong></span> <span class='ocrx_word' id='word_1_477' title='bbox 1090 4313 1249 4368; x_wconf 89' lang='lat' dir='ltr'><strong>quem</strong></span> <span class='ocrx_word' id='word_1_478' title='bbox 1293 4295 1507 4360; x_wconf 91' lang='lat' dir='ltr'><strong>misisti,</strong></span> <span class='ocrx_word' id='word_1_479' title='bbox 1558 4308 1723 4348; x_wconf 90' lang='lat' dir='ltr'><strong>unum</strong></span> <span class='ocrx_word' id='word_1_480' title='bbox 1767 4300 1821 4349; x_wconf 90' lang='lat' dir='ltr'><strong>et</strong></span> 
     </span>
    </p>
   </div>
   <div class='ocr_carea' id='block_1_61' title="bbox 240 4388 1817 4459">
    <p class='ocr_par' dir='ltr' id='par_1_61' title="bbox 240 4388 1817 4459">
     <span class='ocr_line' id='line_1_61' title="bbox 240 4388 1817 4459; baseline -0.003 -14"><span class='ocrx_word' id='word_1_481' title='bbox 240 4406 425 4447; x_wconf 86' lang='lat' dir='ltr'><strong>verum</strong></span> <span class='ocrx_word' id='word_1_482' title='bbox 456 4392 642 4446; x_wconf 91' lang='lat' dir='ltr'><strong>Deum.</strong></span> <span class='ocrx_word' id='word_1_483' title='bbox 690 4391 1043 4443; x_wconf 89' lang='lat' dir='ltr'><strong>Tabernaculi</strong></span> <span class='ocrx_word' id='word_1_484' title='bbox 1065 4405 1276 4459; x_wconf 91' lang='lat' dir='ltr'><strong>quoque</strong></span> <span class='ocrx_word' id='word_1_485' title='bbox 1303 4390 1414 4443; x_wconf 91' lang='lat' dir='ltr'><strong>veri</strong></span> <span class='ocrx_word' id='word_1_486' title='bbox 1442 4388 1690 4443; x_wconf 89' lang='lat' dir='ltr'><strong>minister</strong></span> <span class='ocrx_word' id='word_1_487' title='bbox 1713 4394 1817 4453; x_wconf 90' lang='lat' dir='ltr'><strong>est,</strong></span> 
     </span>
    </p>
   </div>
   <div class='ocr_carea' id='block_1_62' title="bbox 239 4479 1815 4553">
    <p class='ocr_par' dir='ltr' id='par_1_62' title="bbox 239 4479 1815 4553">
     <span class='ocr_line' id='line_1_62' title="bbox 239 4479 1815 4553; baseline -0.004 -16"><span class='ocrx_word' id='word_1_488' title='bbox 239 4484 381 4553; x_wconf 89' lang='lat' dir='ltr'><strong>quod</strong></span> <span class='ocrx_word' id='word_1_489' title='bbox 411 4482 686 4537; x_wconf 79' lang='lat' dir='ltr'><strong>constituit</strong></span> <span class='ocrx_word' id='word_1_490' title='bbox 715 4483 827 4537; x_wconf 92' lang='lat' dir='ltr'><strong>sive</strong></span> <span class='ocrx_word' id='word_1_491' title='bbox 856 4480 1154 4549; x_wconf 89' lang='lat' dir='ltr'><strong>composuit</strong></span> <span class='ocrx_word' id='word_1_492' title='bbox 1186 4481 1347 4546; x_wconf 90' lang='lat' dir='ltr'><strong>Deus,</strong></span> <span class='ocrx_word' id='word_1_493' title='bbox 1399 4486 1451 4533; x_wconf 90' lang='lat' dir='ltr'><strong>et</strong></span> <span class='ocrx_word' id='word_1_494' title='bbox 1478 4494 1585 4533; x_wconf 92' lang='lat' dir='ltr'><strong>non</strong></span> <span class='ocrx_word' id='word_1_495' title='bbox 1612 4479 1772 4532; x_wconf 91' lang='lat' dir='ltr'><strong>homo</strong></span> <span class='ocrx_word' id='word_1_496' title='bbox 1802 4494 1815 4532; x_wconf 88' lang='lat'><strong>:</strong></span> 
     </span>
    </p>
   </div>
   <div class='ocr_carea' id='block_1_63' title="bbox 242 4570 1821 4644">
    <p class='ocr_par' dir='ltr' id='par_1_63' title="bbox 242 4570 1821 4644">
     <span class='ocr_line' id='line_1_63' title="bbox 242 4570 1821 4644; baseline -0.003 -14"><span class='ocrx_word' id='word_1_497' title='bbox 242 4577 293 4630; x_wconf 90' lang='lat' dir='ltr'><strong>id</strong></span> <span class='ocrx_word' id='word_1_498' title='bbox 324 4584 424 4637; x_wconf 85' lang='lat' dir='ltr'><strong>est,</strong></span> <span class='ocrx_word' id='word_1_499' title='bbox 450 4575 591 4639; x_wconf 80' lang='lat' dir='ltr'><strong>cteii,</strong></span> <span class='ocrx_word' id='word_1_500' title='bbox 618 4574 759 4644; x_wconf 90' lang='lat' dir='ltr'><strong>quod</strong></span> <span class='ocrx_word' id='word_1_501' title='bbox 790 4575 941 4629; x_wconf 88' lang='lat' dir='ltr'><strong>nobis</strong></span> <span class='ocrx_word' id='word_1_502' title='bbox 968 4575 1083 4642; x_wconf 84' lang='lat' dir='ltr'><strong>ipse</strong></span> <span class='ocrx_word' id='word_1_503' title='bbox 1108 4572 1466 4635; x_wconf 89' lang='lat' dir='ltr'><strong>administrat,</strong></span> <span class='ocrx_word' id='word_1_504' title='bbox 1500 4580 1555 4625; x_wconf 90' lang='lat' dir='ltr'><strong>ut</strong></span> <span class='ocrx_word' id='word_1_505' title='bbox 1576 4570 1821 4628; x_wconf 87' lang='lat' dir='ltr'><strong>claritate</strong></span> 
     </span>
    </p>
   </div>
   <div class='ocr_carea' id='block_1_64' title="bbox 245 4661 1824 4733">
    <p class='ocr_par' dir='ltr' id='par_1_64' title="bbox 245 4661 1824 4733">
     <span class='ocr_line' id='line_1_64' title="bbox 245 4661 1824 4733; baseline -0.003 -12"><span class='ocrx_word' id='word_1_506' title='bbox 245 4667 482 4722; x_wconf 88' lang='lat' dir='ltr'><strong>siderum</strong></span> <span class='ocrx_word' id='word_1_507' title='bbox 512 4668 649 4722; x_wconf 88' lang='lat' dir='ltr'><strong>illius</strong></span> <span class='ocrx_word' id='word_1_508' title='bbox 681 4669 1029 4722; x_wconf 87' lang='lat' dir='ltr'><strong>illustrcmur.</strong></span> <span class='ocrx_word' id='word_1_509' title='bbox 1061 4664 1482 4722; x_wconf 89' lang='lat' dir='ltr'><strong>Tabernaculum</strong></span> <span class='ocrx_word' id='word_1_510' title='bbox 1508 4664 1649 4719; x_wconf 91' lang='lat' dir='ltr'><strong>enim</strong></span> <span class='ocrx_word' id='word_1_511' title='bbox 1681 4661 1824 4733; x_wconf 89' lang='lat' dir='ltr'><strong>quod</strong></span> 
     </span>
    </p>
   </div>
   <div class='ocr_carea' id='block_1_65' title="bbox 240 4756 1822 4831">
    <p class='ocr_par' dir='ltr' id='par_1_65' title="bbox 240 4756 1822 4831">
     <span class='ocr_line' id='line_1_65' title="bbox 240 4756 1822 4831; baseline -0.004 -15"><span class='ocrx_word' id='word_1_512' title='bbox 240 4761 518 4816; x_wconf 82' lang='lat' dir='ltr'><strong>Beselehel</strong></span> <span class='ocrx_word' id='word_1_513' title='bbox 546 4761 845 4831; x_wconf 77' lang='lat' dir='ltr'><strong>Composuit</strong></span> <span class='ocrx_word' id='word_1_514' title='bbox 875 4761 927 4815; x_wconf 90' lang='lat' dir='ltr'><strong>in</strong></span> <span class='ocrx_word' id='word_1_515' title='bbox 958 4760 1191 4826; x_wconf 89' lang='lat' dir='ltr'><strong>deserto,</strong></span> <span class='ocrx_word' id='word_1_516' title='bbox 1241 4759 1353 4814; x_wconf 86' lang='lat' dir='ltr'><strong>sive</strong></span> <span class='ocrx_word' id='word_1_517' title='bbox 1380 4759 1518 4829; x_wconf 90' lang='lat' dir='ltr'><strong>quod</strong></span> <span class='ocrx_word' id='word_1_518' title='bbox 1569 4756 1822 4826; x_wconf 86' lang='lat' dir='ltr'><strong>templum</strong></span> 
     </span>
    </p>
   </div>
   <div class='ocr_carea' id='block_1_66' title="bbox 238 4852 1819 4923">
    <p class='ocr_par' dir='ltr' id='par_1_66' title="bbox 238 4852 1819 4923">
     <span class='ocr_line' id='line_1_66' title="bbox 238 4852 1819 4923; baseline -0.003 -13"><span class='ocrx_word' id='word_1_519' title='bbox 238 4855 494 4910; x_wconf 85' lang='lat' dir='ltr'><strong>Salomon</strong></span> <span class='ocrx_word' id='word_1_520' title='bbox 528 4855 650 4909; x_wconf 92' lang='lat' dir='ltr'><strong>fecit</strong></span> <span class='ocrx_word' id='word_1_521' title='bbox 681 4854 731 4908; x_wconf 92' lang='lat' dir='ltr'><strong>in</strong></span> <span class='ocrx_word' id='word_1_522' title='bbox 778 4866 916 4909; x_wconf 88' lang='lat' dir='ltr'><strong>terra</strong></span> <span class='ocrx_word' id='word_1_523' title='bbox 945 4854 1398 4923; x_wconf 85' lang='lat' dir='ltr'><strong>repromissionis,</strong></span> <span class='ocrx_word' id='word_1_524' title='bbox 1451 4868 1555 4906; x_wconf 92' lang='lat' dir='ltr'><strong>non</strong></span> <span class='ocrx_word' id='word_1_525' title='bbox 1588 4852 1684 4907; x_wconf 93' lang='lat' dir='ltr'><strong>fuit</strong></span> <span class='ocrx_word' id='word_1_526' title='bbox 1727 4866 1819 4906; x_wconf 87' lang='lat' dir='ltr'><strong>ve-</strong></span> 
     </span>
    </p>
   </div>
   <div class='ocr_carea' id='block_1_67' title="bbox 237 4946 1819 5019">
    <p class='ocr_par' dir='ltr' id='par_1_67' title="bbox 237 4946 1819 5019">
     <span class='ocr_line' id='line_1_67' title="bbox 237 4946 1819 5019; baseline -0.004 -14"><span class='ocrx_word' id='word_1_527' title='bbox 237 4965 354 5006; x_wconf 89' lang='lat' dir='ltr'><strong>rum</strong></span> <span class='ocrx_word' id='word_1_528' title='bbox 383 4966 397 5016; x_wconf 87' lang='lat'><strong>;</strong></span> <span class='ocrx_word' id='word_1_529' title='bbox 448 4960 501 5004; x_wconf 88' lang='lat' dir='ltr'><strong>et</strong></span> <span class='ocrx_word' id='word_1_530' title='bbox 531 4958 794 5005; x_wconf 88' lang='lat' dir='ltr'><strong>vetustate</strong></span> <span class='ocrx_word' id='word_1_531' title='bbox 822 4958 1192 5019; x_wconf 90' lang='lat' dir='ltr'><strong>consumptum</strong></span> <span class='ocrx_word' id='word_1_532' title='bbox 1221 4957 1325 5013; x_wconf 89' lang='lat' dir='ltr'><strong>est,</strong></span> <span class='ocrx_word' id='word_1_533' title='bbox 1356 4962 1455 5002; x_wconf 91' lang='lat' dir='ltr'><strong>nec</strong></span> <span class='ocrx_word' id='word_1_534' title='bbox 1483 4962 1694 5015; x_wconf 88' lang='lat' dir='ltr'><strong>semper</strong></span> <span class='ocrx_word' id='word_1_535' title='bbox 1724 4946 1819 5000; x_wconf 79' lang='lat' dir='ltr'><strong>du-</strong></span> 
     </span>
    </p>
   </div>
   <div class='ocr_carea' id='block_1_68' title="bbox 238 5044 1821 5116">
    <p class='ocr_par' dir='ltr' id='par_1_68' title="bbox 238 5044 1821 5116">
     <span class='ocr_line' id='line_1_68' title="bbox 238 5044 1821 5116; baseline 0 -17"><span class='ocrx_word' id='word_1_536' title='bbox 238 5061 356 5101; x_wconf 90' lang='lat' dir='ltr'><strong>rare</strong></span> <span class='ocrx_word' id='word_1_537' title='bbox 400 5047 616 5116; x_wconf 86' lang='lat' dir='ltr'><strong>potuit:</strong></span> <span class='ocrx_word' id='word_1_538' title='bbox 660 5046 885 5116; x_wconf 87' lang='lat' dir='ltr'><strong>ideoque</strong></span> <span class='ocrx_word' id='word_1_539' title='bbox 948 5045 1341 5101; x_wconf 83' lang='lat' dir='ltr'><strong>tabernaculum</strong></span> <span class='ocrx_word' id='word_1_540' title='bbox 1392 5059 1576 5099; x_wconf 90' lang='lat' dir='ltr'><strong>verum</strong></span> <span class='ocrx_word' id='word_1_541' title='bbox 1626 5044 1821 5099; x_wconf 74' lang='lat' dir='ltr'><strong>omium</strong></span> 
     </span>
    </p>
   </div>
   <div class='ocr_carea' id='block_1_69' title="bbox 238 5138 1821 5209">
    <p class='ocr_par' dir='ltr' id='par_1_69' title="bbox 238 5138 1821 5209">
     <span class='ocr_line' id='line_1_69' title="bbox 238 5138 1821 5209; baseline 0.001 -15"><span class='ocrx_word' id='word_1_542' title='bbox 238 5150 414 5205; x_wconf 67' lang='lat' dir='ltr'><strong>vocat,</strong></span> <span class='ocrx_word' id='word_1_543' title='bbox 442 5141 690 5209; x_wconf 89' lang='lat' dir='ltr'><strong>quoniam</strong></span> <span class='ocrx_word' id='word_1_544' title='bbox 715 5140 766 5193; x_wconf 89' lang='lat' dir='ltr'><strong>iu</strong></span> <span class='ocrx_word' id='word_1_545' title='bbox 792 5149 1047 5194; x_wconf 80' lang='lat' dir='ltr'><strong>:eternum</strong></span> <span class='ocrx_word' id='word_1_546' title='bbox 1073 5138 1253 5205; x_wconf 89' lang='lat' dir='ltr'><strong>stabit,</strong></span> <span class='ocrx_word' id='word_1_547' title='bbox 1281 5138 1529 5209; x_wconf 89' lang='lat' dir='ltr'><strong>nullaque</strong></span> <span class='ocrx_word' id='word_1_548' title='bbox 1554 5149 1821 5195; x_wconf 83' lang='lat' dir='ltr'><strong>vetustate</strong></span> 
     </span>
    </p>
   </div>
   <div class='ocr_carea' id='block_1_70' title="bbox 239 5233 1819 5304">
    <p class='ocr_par' dir='ltr' id='par_1_70' title="bbox 239 5233 1819 5304">
     <span class='ocr_line' id='line_1_70' title="bbox 239 5233 1819 5304; baseline -0.002 -15"><span class='ocrx_word' id='word_1_549' title='bbox 239 5244 605 5289; x_wconf 81' lang='lat' dir='ltr'><strong>consumatur.</strong></span> <span class='ocrx_word' id='word_1_550' title='bbox 660 5234 845 5289; x_wconf 91' lang='lat' dir='ltr'><strong>Potest</strong></span> <span class='ocrx_word' id='word_1_551' title='bbox 870 5243 921 5289; x_wconf 88' lang='lat' dir='ltr'><strong>et</strong></span> <span class='ocrx_word' id='word_1_552' title='bbox 950 5234 1127 5289; x_wconf 89' lang='lat' dir='ltr'><strong>altiori</strong></span> <span class='ocrx_word' id='word_1_553' title='bbox 1172 5247 1334 5288; x_wconf 90' lang='lat' dir='ltr'><strong>sensu</strong></span> <span class='ocrx_word' id='word_1_554' title='bbox 1366 5233 1607 5304; x_wconf 89' lang='lat' dir='ltr'><strong>intelligi,</strong></span> <span class='ocrx_word' id='word_1_555' title='bbox 1652 5243 1711 5288; x_wconf 92' lang='lat' dir='ltr'><strong>ut</strong></span> <span class='ocrx_word' id='word_1_556' title='bbox 1742 5242 1819 5288; x_wconf 80' lang='lat' dir='ltr'><strong>ta-</strong></span> 
     </span>
    </p>
   </div>
   <div class='ocr_carea' id='block_1_71' title="bbox 236 5328 1817 5397">
    <p class='ocr_par' dir='ltr' id='par_1_71' title="bbox 236 5328 1817 5397">
     <span class='ocr_line' id='line_1_71' title="bbox 236 5328 1817 5397; baseline -0.001 -13"><span class='ocrx_word' id='word_1_557' title='bbox 236 5328 585 5384; x_wconf 86' lang='lat' dir='ltr'><strong>bernaculum</strong></span> <span class='ocrx_word' id='word_1_558' title='bbox 632 5343 815 5384; x_wconf 81' lang='lat' dir='ltr'><strong>verum</strong></span> <span class='ocrx_word' id='word_1_559' title='bbox 860 5328 1191 5397; x_wconf 88' lang='lat' dir='ltr'><strong>accipiantur</strong></span> <span class='ocrx_word' id='word_1_560' title='bbox 1239 5328 1432 5381; x_wconf 73' lang='lat' dir='ltr'><strong>anima:</strong></span> <span class='ocrx_word' id='word_1_561' title='bbox 1485 5339 1817 5397; x_wconf 88' lang='lat' dir='ltr'><strong>sanctorum,</strong></span> 
     </span>
    </p>
   </div>
   <div class='ocr_carea' id='block_1_72' title="bbox 236 5421 1817 5492">
    <p class='ocr_par' dir='ltr' id='par_1_72' title="bbox 236 5421 1817 5492">
     <span class='ocr_line' id='line_1_72' title="bbox 236 5421 1817 5492; baseline 0.003 -18"><span class='ocrx_word' id='word_1_562' title='bbox 236 5422 432 5492; x_wconf 86' lang='lat' dir='ltr'><strong>quibus</strong></span> <span class='ocrx_word' id='word_1_563' title='bbox 460 5422 575 5491; x_wconf 88' lang='lat' dir='ltr'><strong>ipse</strong></span> <span class='ocrx_word' id='word_1_564' title='bbox 605 5422 768 5475; x_wconf 88' lang='lat' dir='ltr'><strong>Filius</strong></span> <span class='ocrx_word' id='word_1_565' title='bbox 798 5421 889 5476; x_wconf 87' lang='lat' dir='ltr'><strong>Dei</strong></span> <span class='ocrx_word' id='word_1_566' title='bbox 918 5421 1107 5491; x_wconf 88' lang='lat' dir='ltr'><strong>gaudia</strong></span> <span class='ocrx_word' id='word_1_567' title='bbox 1139 5422 1326 5491; x_wconf 82' lang='lat' dir='ltr'><strong>patriae</strong></span> <span class='ocrx_word' id='word_1_568' title='bbox 1366 5421 1601 5476; x_wconf 78' lang='lat' dir='ltr'><strong>caelestis</strong></span> <span class='ocrx_word' id='word_1_569' title='bbox 1641 5424 1817 5478; x_wconf 80' lang='lat' dir='ltr'><strong>admi-</strong></span> 
     </span>
    </p>
   </div>
   <div class='ocr_carea' id='block_1_73' title="bbox 238 5512 1813 5584">
    <p class='ocr_par' dir='ltr' id='par_1_73' title="bbox 238 5512 1813 5584">
     <span class='ocr_line' id='line_1_73' title="bbox 238 5512 1813 5584; baseline 0 -15"><span class='ocrx_word' id='word_1_570' title='bbox 238 5515 447 5571; x_wconf 88' lang='lat' dir='ltr'><strong>nistrat.</strong></span> <span class='ocrx_word' id='word_1_571' title='bbox 481 5522 536 5569; x_wconf 89' lang='lat' dir='ltr'><strong>et</strong></span> <span class='ocrx_word' id='word_1_572' title='bbox 564 5515 615 5569; x_wconf 90' lang='lat' dir='ltr'><strong>in</strong></span> <span class='ocrx_word' id='word_1_573' title='bbox 642 5515 834 5584; x_wconf 88' lang='lat' dir='ltr'><strong>quibus</strong></span> <span class='ocrx_word' id='word_1_574' title='bbox 865 5514 1105 5568; x_wconf 88' lang='lat' dir='ltr'><strong>habitare</strong></span> <span class='ocrx_word' id='word_1_575' title='bbox 1134 5513 1383 5583; x_wconf 89' lang='lat' dir='ltr'><strong>dignatur</strong></span> <span class='ocrx_word' id='word_1_576' title='bbox 1414 5532 1427 5567; x_wconf 90' lang='lat'><strong>:</strong></span> <span class='ocrx_word' id='word_1_577' title='bbox 1472 5512 1627 5581; x_wconf 84' lang='lat' dir='ltr'><strong>juxta</strong></span> <span class='ocrx_word' id='word_1_578' title='bbox 1670 5513 1813 5584; x_wconf 88' lang='lat' dir='ltr'><strong>quod</strong></span> 
     </span>
    </p>
   </div>
   <div class='ocr_carea' id='block_1_74' title="bbox 238 5609 1817 5681">
    <p class='ocr_par' dir='ltr' id='par_1_74' title="bbox 238 5609 1817 5681">
     <span class='ocr_line' id='line_1_74' title="bbox 238 5609 1817 5681; baseline 0.001 -16"><span class='ocrx_word' id='word_1_579' title='bbox 238 5626 332 5680; x_wconf 92' lang='lat' dir='ltr'><strong>per</strong></span> <span class='ocrx_word' id='word_1_580' title='bbox 362 5611 680 5681; x_wconf 88' lang='lat' dir='ltr'><strong>Prophetam</strong></span> <span class='ocrx_word' id='word_1_581' title='bbox 711 5611 838 5666; x_wconf 90' lang='lat' dir='ltr'><strong>dicit</strong></span> <span class='ocrx_word' id='word_1_582' title='bbox 871 5630 883 5664; x_wconf 90' lang='lat'>:</span> <span class='ocrx_word' id='word_1_583' title='bbox 932 5611 1244 5666; x_wconf 86' lang='lat' dir='ltr'><strong>luhahitabo</strong></span> <span class='ocrx_word' id='word_1_584' title='bbox 1276 5610 1328 5664; x_wconf 95' lang='lat' dir='ltr'><strong>in</strong></span> <span class='ocrx_word' id='word_1_585' title='bbox 1358 5609 1462 5664; x_wconf 92' lang='lat' dir='ltr'><strong>illis</strong></span> <span class='ocrx_word' id='word_1_586' title='bbox 1492 5618 1547 5664; x_wconf 86' lang='lat' dir='ltr'><strong>et</strong></span> <span class='ocrx_word' id='word_1_587' title='bbox 1577 5611 1817 5666; x_wconf 64' lang='lat' dir='ltr'><strong>inambu.</strong></span> 
     </span>
    </p>
   </div>
   <div class='ocr_carea' id='block_1_75' title="bbox 237 5713 1817 5782">
    <p class='ocr_par' dir='ltr' id='par_1_75' title="bbox 237 5713 1817 5782">
     <span class='ocr_line' id='line_1_75' title="bbox 237 5713 1817 5782; baseline 0.004 -13"><span class='ocrx_word' id='word_1_588' title='bbox 237 5715 379 5773; x_wconf 86' lang='lat' dir='ltr'><strong>labo.</strong></span> <span class='ocrx_word' id='word_1_589' title='bbox 447 5714 511 5768; x_wconf 83' lang='lat' dir='ltr'><strong>Et</strong></span> <span class='ocrx_word' id='word_1_590' title='bbox 545 5713 851 5782; x_wconf 81' lang='lat' dir='ltr'><strong>Apostolus,</strong></span> <span class='ocrx_word' id='word_1_591' title='bbox 910 5716 963 5769; x_wconf 91' lang='lat' dir='ltr'><strong>lu</strong></span> <span class='ocrx_word' id='word_1_592' title='bbox 1013 5715 1263 5771; x_wconf 77' lang='lat' dir='ltr'><strong>interiore</strong></span> <span class='ocrx_word' id='word_1_593' title='bbox 1314 5717 1529 5773; x_wconf 87' lang='lat' dir='ltr'><strong>homine</strong></span> <span class='ocrx_word' id='word_1_594' title='bbox 1575 5717 1817 5775; x_wconf 84' lang='lat' dir='ltr'><strong>habitare</strong></span> 
     </span>
    </p>
   </div>
   <div class='ocr_carea' id='block_1_76' title="bbox 240 5806 1814 5880">
    <p class='ocr_par' dir='ltr' id='par_1_76' title="bbox 240 5806 1814 5880">
     <span class='ocr_line' id='line_1_76' title="bbox 240 5806 1814 5880; baseline 0.003 -16"><span class='ocrx_word' id='word_1_595' title='bbox 240 5806 503 5867; x_wconf 75' lang='lat' dir='ltr'><strong>Christum</strong></span> <span class='ocrx_word' id='word_1_596' title='bbox 534 5823 626 5877; x_wconf 81' lang='lat' dir='ltr'><strong>per</strong></span> <span class='ocrx_word' id='word_1_597' title='bbox 657 5808 891 5865; x_wconf 83' lang='lat' dir='ltr'><strong>tidemiu</strong></span> <span class='ocrx_word' id='word_1_598' title='bbox 939 5810 1189 5867; x_wconf 78' lang='lat' dir='ltr'><strong>cordibus</strong></span> <span class='ocrx_word' id='word_1_599' title='bbox 1246 5811 1483 5877; x_wconf 78' lang='lat' dir='ltr'><strong>nostris;</strong></span> <span class='ocrx_word' id='word_1_600' title='bbox 1538 5820 1611 5880; x_wconf 83' lang='lat' dir='ltr'><strong>et,</strong></span> <span class='ocrx_word' id='word_1_601' title='bbox 1658 5809 1814 5868; x_wconf 81' lang='lat' dir='ltr'><strong>Tem-</strong></span> 
     </span>
    </p>
   </div>
   <div class='ocr_carea' id='block_1_77' title="bbox 1942 1882 3519 1961">
    <p class='ocr_par' dir='ltr' id='par_1_77' title="bbox 1942 1882 3519 1961">
     <span class='ocr_line' id='line_1_77' title="bbox 1942 1882 3519 1961; baseline 0.006 -25"><span class='ocrx_word' id='word_1_602' title='bbox 1942 1882 2056 1938; x_wconf 76' lang='lat' dir='ltr'><strong>htec</strong></span> <span class='ocrx_word' id='word_1_603' title='bbox 2105 1884 2264 1939; x_wconf 87' lang='lat' dir='ltr'><strong>etiam</strong></span> <span class='ocrx_word' id='word_1_604' title='bbox 2317 1889 2601 1955; x_wconf 88' lang='lat' dir='ltr'><strong>possumus</strong></span> <span class='ocrx_word' id='word_1_605' title='bbox 2651 1886 2735 1941; x_wconf 90' lang='lat' dir='ltr'><strong>hic</strong></span> <span class='ocrx_word' id='word_1_606' title='bbox 2784 1889 3021 1957; x_wconf 89' lang='lat' dir='ltr'><strong>reperire</strong></span> <span class='ocrx_word' id='word_1_607' title='bbox 3050 1890 3178 1943; x_wconf 89' lang='lat' dir='ltr'><strong>satis</strong></span> <span class='ocrx_word' id='word_1_608' title='bbox 3210 1890 3519 1961; x_wconf 87' lang='lat' dir='ltr'><strong>eleganter:</strong></span> 
     </span>
    </p>
   </div>
   <div class='ocr_carea' id='block_1_78' title="bbox 1942 1976 3512 2048">
    <p class='ocr_par' dir='ltr' id='par_1_78' title="bbox 1942 1976 3512 2048">
     <span class='ocr_line' id='line_1_78' title="bbox 1942 1976 3512 2048; baseline 0 -18"><span class='ocrx_word' id='word_1_609' title='bbox 1942 1976 2065 2046; x_wconf 89' lang='lat' dir='ltr'><strong>quia</strong></span> <span class='ocrx_word' id='word_1_610' title='bbox 2110 1979 2251 2032; x_wconf 91' lang='lat' dir='ltr'><strong>enim</strong></span> <span class='ocrx_word' id='word_1_611' title='bbox 2284 1978 2413 2032; x_wconf 90' lang='lat' dir='ltr'><strong>nulli</strong></span> <span class='ocrx_word' id='word_1_612' title='bbox 2446 1977 2765 2033; x_wconf 89' lang='lat' dir='ltr'><strong>sacriﬁcium</strong></span> <span class='ocrx_word' id='word_1_613' title='bbox 2796 1978 3039 2048; x_wconf 88' lang='lat' dir='ltr'><strong>debetur,</strong></span> <span class='ocrx_word' id='word_1_614' title='bbox 3092 1980 3192 2035; x_wconf 78' lang='lat' dir='ltr'><strong>nisi</strong></span> <span class='ocrx_word' id='word_1_615' title='bbox 3251 1982 3350 2035; x_wconf 90' lang='lat' dir='ltr'><strong>soli</strong></span> <span class='ocrx_word' id='word_1_616' title='bbox 3386 1980 3512 2046; x_wconf 81' lang='lat' dir='ltr'><strong>Deo,</strong></span> 
     </span>
    </p>
   </div>
   <div class='ocr_carea' id='block_1_79' title="bbox 1942 2068 3518 2139">
    <p class='ocr_par' dir='ltr' id='par_1_79' title="bbox 1942 2068 3518 2139">
     <span class='ocr_line' id='line_1_79' title="bbox 1942 2068 3518 2139; baseline 0.001 -15"><span class='ocrx_word' id='word_1_617' title='bbox 1942 2068 2183 2125; x_wconf 86' lang='lat' dir='ltr'><strong>Pontifex</strong></span> <span class='ocrx_word' id='word_1_618' title='bbox 2246 2079 2427 2125; x_wconf 87' lang='lat' dir='ltr'><strong>noster</strong></span> <span class='ocrx_word' id='word_1_619' title='bbox 2478 2070 2729 2125; x_wconf 91' lang='lat' dir='ltr'><strong>mundam</strong></span> <span class='ocrx_word' id='word_1_620' title='bbox 2781 2070 3008 2124; x_wconf 90' lang='lat' dir='ltr'><strong>hostiam</strong></span> <span class='ocrx_word' id='word_1_621' title='bbox 3065 2086 3159 2139; x_wconf 93' lang='lat' dir='ltr'><strong>pro</strong></span> <span class='ocrx_word' id='word_1_622' title='bbox 3206 2069 3357 2125; x_wconf 88' lang='lat' dir='ltr'><strong>nobis</strong></span> <span class='ocrx_word' id='word_1_623' title='bbox 3410 2072 3518 2125; x_wconf 87' lang='lat' dir='ltr'><strong>Deo</strong></span> 
     </span>
    </p>
   </div>
   <div class='ocr_carea' id='block_1_80' title="bbox 1941 2163 3519 2229">
    <p class='ocr_par' dir='ltr' id='par_1_80' title="bbox 1941 2163 3519 2229">
     <span class='ocr_line' id='line_1_80' title="bbox 1941 2163 3519 2229; baseline -0.001 -11"><span class='ocrx_word' id='word_1_624' title='bbox 1941 2163 2083 2218; x_wconf 85' lang='lat' dir='ltr'><strong>Patri</strong></span> <span class='ocrx_word' id='word_1_625' title='bbox 2115 2163 2327 2220; x_wconf 91' lang='lat' dir='ltr'><strong>obtulit.</strong></span> <span class='ocrx_word' id='word_1_626' title='bbox 2365 2165 2508 2220; x_wconf 87' lang='lat' dir='ltr'><strong>Idem</strong></span> <span class='ocrx_word' id='word_1_627' title='bbox 2532 2165 2771 2220; x_wconf 86' lang='lat' dir='ltr'><strong>existens</strong></span> <span class='ocrx_word' id='word_1_628' title='bbox 2797 2165 3052 2219; x_wconf 89' lang='lat' dir='ltr'><strong>sacerdos</strong></span> <span class='ocrx_word' id='word_1_629' title='bbox 3081 2164 3146 2219; x_wconf 90' lang='lat' dir='ltr'><strong>ad</strong></span> <span class='ocrx_word' id='word_1_630' title='bbox 3179 2165 3519 2229; x_wconf 90' lang='lat' dir='ltr'><strong>sacriﬁcium,</strong></span> 
     </span>
    </p>
   </div>
   <div class='ocr_carea' id='block_1_81' title="bbox 1939 2252 3522 2324">
    <p class='ocr_par' dir='ltr' id='par_1_81' title="bbox 1939 2252 3522 2324">
     <span class='ocr_line' id='line_1_81' title="bbox 1939 2252 3522 2324; baseline -0.001 -16"><span class='ocrx_word' id='word_1_631' title='bbox 1939 2253 2097 2308; x_wconf 81' lang='lat' dir='ltr'><strong>offert</strong></span> <span class='ocrx_word' id='word_1_632' title='bbox 2128 2255 2288 2308; x_wconf 89' lang='lat' dir='ltr'><strong>etiam</strong></span> <span class='ocrx_word' id='word_1_633' title='bbox 2320 2255 2644 2310; x_wconf 89' lang='lat' dir='ltr'><strong>sacriﬁcium</strong></span> <span class='ocrx_word' id='word_1_634' title='bbox 2678 2255 2788 2310; x_wconf 91' lang='lat' dir='ltr'><strong>Deo</strong></span> <span class='ocrx_word' id='word_1_635' title='bbox 2811 2255 2955 2309; x_wconf 86' lang='lat' dir='ltr'><strong>Patri</strong></span> <span class='ocrx_word' id='word_1_636' title='bbox 2987 2263 3262 2324; x_wconf 89' lang='lat' dir='ltr'><strong>acceptum</strong></span> <span class='ocrx_word' id='word_1_637' title='bbox 3298 2269 3390 2323; x_wconf 90' lang='lat' dir='ltr'><strong>per</strong></span> <span class='ocrx_word' id='word_1_638' title='bbox 3420 2252 3522 2307; x_wconf 83' lang='lat' dir='ltr'><strong>Ec-</strong></span> 
     </span>
    </p>
   </div>
   <div class='ocr_carea' id='block_1_82' title="bbox 1936 2347 3516 2419">
    <p class='ocr_par' dir='ltr' id='par_1_82' title="bbox 1936 2347 3516 2419">
     <span class='ocr_line' id='line_1_82' title="bbox 1936 2347 3516 2419; baseline -0.001 -17"><span class='ocrx_word' id='word_1_639' title='bbox 1936 2347 2155 2402; x_wconf 88' lang='lat' dir='ltr'><strong>clesiam</strong></span> <span class='ocrx_word' id='word_1_640' title='bbox 2187 2362 2363 2402; x_wconf 89' lang='lat' dir='ltr'><strong>suam.</strong></span> <span class='ocrx_word' id='word_1_641' title='bbox 2427 2349 2558 2403; x_wconf 91' lang='lat' dir='ltr'><strong>Dum</strong></span> <span class='ocrx_word' id='word_1_642' title='bbox 2590 2364 2717 2419; x_wconf 83' lang='lat' dir='ltr'><strong>ergo</strong></span> <span class='ocrx_word' id='word_1_643' title='bbox 2748 2364 2846 2404; x_wconf 90' lang='lat' dir='ltr'><strong>nos</strong></span> <span class='ocrx_word' id='word_1_644' title='bbox 2877 2348 3150 2403; x_wconf 82' lang='lat' dir='ltr'><strong>offerimus</strong></span> <span class='ocrx_word' id='word_1_645' title='bbox 3182 2358 3516 2403; x_wconf 88' lang='lat' dir='ltr'><strong>sacramenta</strong></span> 
     </span>
    </p>
   </div>
   <div class='ocr_carea' id='block_1_83' title="bbox 1935 2444 3515 2515">
    <p class='ocr_par' dir='ltr' id='par_1_83' title="bbox 1935 2444 3515 2515">
     <span class='ocr_line' id='line_1_83' title="bbox 1935 2444 3515 2515; baseline -0.002 -16"><span class='ocrx_word' id='word_1_646' title='bbox 1935 2444 2177 2512; x_wconf 88' lang='lat' dir='ltr'><strong>corporis</strong></span> <span class='ocrx_word' id='word_1_647' title='bbox 2207 2445 2343 2513; x_wconf 89' lang='lat' dir='ltr'><strong>ejus,</strong></span> <span class='ocrx_word' id='word_1_648' title='bbox 2378 2445 2491 2514; x_wconf 90' lang='lat' dir='ltr'><strong>ipse</strong></span> <span class='ocrx_word' id='word_1_649' title='bbox 2515 2444 2692 2499; x_wconf 72' lang='lat' dir='ltr'><strong>offert.</strong></span> <span class='ocrx_word' id='word_1_650' title='bbox 2727 2444 2787 2498; x_wconf 88' lang='lat' dir='ltr'><strong>Si</strong></span> <span class='ocrx_word' id='word_1_651' title='bbox 2817 2460 2937 2514; x_wconf 88' lang='lat' dir='ltr'><strong>ergo</strong></span> <span class='ocrx_word' id='word_1_652' title='bbox 2969 2452 3098 2497; x_wconf 83' lang='lat' dir='ltr'><strong>esset</strong></span> <span class='ocrx_word' id='word_1_653' title='bbox 3125 2459 3275 2515; x_wconf 86' lang='lat' dir='ltr'><strong>super</strong></span> <span class='ocrx_word' id='word_1_654' title='bbox 3304 2450 3515 2497; x_wconf 86' lang='lat' dir='ltr'><strong>terram.</strong></span> 
     </span>
    </p>
   </div>
   <div class='ocr_carea' id='block_1_84' title="bbox 1935 2532 3513 2591">
    <p class='ocr_par' dir='ltr' id='par_1_84' title="bbox 1935 2532 3513 2591">
     <span class='ocr_line' id='line_1_84' title="bbox 1935 2532 3513 2591; baseline -0.003 -1"><span class='ocrx_word' id='word_1_655' title='bbox 1935 2532 2169 2590; x_wconf 86' lang='lat' dir='ltr'><strong>Subaudi</strong></span> <span class='ocrx_word' id='word_1_656' title='bbox 2190 2536 2444 2589; x_wconf 91' lang='lat' dir='ltr'><strong>sacerdos</strong></span> <span class='ocrx_word' id='word_1_657' title='bbox 2467 2543 2714 2591; x_wconf 90' lang='lat' dir='ltr'><strong>terrenus</strong></span> <span class='ocrx_word' id='word_1_658' title='bbox 2735 2532 3027 2589; x_wconf 89' lang='lat' dir='ltr'><strong>secundum</strong></span> <span class='ocrx_word' id='word_1_659' title='bbox 3051 2533 3296 2588; x_wconf 91' lang='lat' dir='ltr'><strong>ordinem</strong></span> <span class='ocrx_word' id='word_1_660' title='bbox 3314 2535 3513 2587; x_wconf 86' lang='lat' dir='ltr'><strong>Aaron.</strong></span> 
     </span>
    </p>
   </div>
   <div class='ocr_carea' id='block_1_85' title="bbox 1938 2625 3512 2683">
    <p class='ocr_par' dir='ltr' id='par_1_85' title="bbox 1938 2625 3512 2683">
     <span class='ocr_line' id='line_1_85' title="bbox 1938 2625 3512 2683; baseline -0.001 -3"><span class='ocrx_word' id='word_1_661' title='bbox 1938 2625 2050 2680; x_wconf 86' lang='lat' dir='ltr'><strong>Nec</strong></span> <span class='ocrx_word' id='word_1_662' title='bbox 2072 2638 2195 2682; x_wconf 84' lang='lat' dir='ltr'><strong>esset</strong></span> <span class='ocrx_word' id='word_1_663' title='bbox 2215 2627 2475 2683; x_wconf 80' lang='lat' dir='ltr'><strong>sacerdos.</strong></span> <span class='ocrx_word' id='word_1_664' title='bbox 2509 2626 2811 2682; x_wconf 89' lang='lat' dir='ltr'><strong>Secundum</strong></span> <span class='ocrx_word' id='word_1_665' title='bbox 2834 2627 3073 2681; x_wconf 90' lang='lat' dir='ltr'><strong>ordinem</strong></span> <span class='ocrx_word' id='word_1_666' title='bbox 3100 2625 3512 2681; x_wconf 81' lang='lat' dir='ltr'><strong>Melchisedech.</strong></span> 
     </span>
    </p>
   </div>
   <div class='ocr_carea' id='block_1_86' title="bbox 1936 2717 3518 2789">
    <p class='ocr_par' dir='ltr' id='par_1_86' title="bbox 1936 2717 3518 2789">
     <span class='ocr_line' id='line_1_86' title="bbox 1936 2717 3518 2789; baseline -0.002 -15"><span class='ocrx_word' id='word_1_667' title='bbox 1936 2719 2063 2774; x_wconf 88' lang='lat' dir='ltr'><strong>Cum</strong></span> <span class='ocrx_word' id='word_1_668' title='bbox 2090 2730 2272 2774; x_wconf 87' lang='lat' dir='ltr'><strong>essent.</strong></span> <span class='ocrx_word' id='word_1_669' title='bbox 2330 2720 2647 2776; x_wconf 90' lang='lat' dir='ltr'><strong>Sacerdotes</strong></span> <span class='ocrx_word' id='word_1_670' title='bbox 2680 2720 2902 2775; x_wconf 87' lang='lat' dir='ltr'><strong>Levitici</strong></span> <span class='ocrx_word' id='word_1_671' title='bbox 2934 2720 3170 2789; x_wconf 86' lang='lat' dir='ltr'><strong>generis.</strong></span> <span class='ocrx_word' id='word_1_672' title='bbox 3226 2719 3326 2786; x_wconf 89' lang='lat' dir='ltr'><strong>Qui</strong></span> <span class='ocrx_word' id='word_1_673' title='bbox 3362 2717 3518 2786; x_wconf 57' lang='grc' dir='ltr'><strong>θίγεν·-</strong></span> 
     </span>
    </p>
   </div>
   <div class='ocr_carea' id='block_1_87' title="bbox 1932 2809 3512 2881">
    <p class='ocr_par' dir='ltr' id='par_1_87' title="bbox 1932 2809 3512 2881">
     <span class='ocr_line' id='line_1_87' title="bbox 1932 2809 3512 2881; baseline -0.001 -16"><span class='ocrx_word' id='word_1_674' title='bbox 1932 2820 2045 2866; x_wconf 83' lang='lat' dir='ltr'><strong>rent</strong></span> <span class='ocrx_word' id='word_1_675' title='bbox 2068 2811 2348 2866; x_wconf 86' lang='lat' dir='ltr'><strong>secundum</strong></span> <span class='ocrx_word' id='word_1_676' title='bbox 2372 2810 2532 2877; x_wconf 81' lang='lat' dir='ltr'><strong>legem</strong></span> <span class='ocrx_word' id='word_1_677' title='bbox 2563 2828 2795 2878; x_wconf 87' lang='lat' dir='ltr'><strong>munera,</strong></span> <span class='ocrx_word' id='word_1_678' title='bbox 2827 2811 2915 2881; x_wconf 82' lang='lat' dir='ltr'><strong>qui</strong></span> <span class='ocrx_word' id='word_1_679' title='bbox 2943 2810 3222 2881; x_wconf 74' lang='lat' dir='ltr'><strong>exemplari</strong></span> <span class='ocrx_word' id='word_1_680' title='bbox 3250 2818 3294 2863; x_wconf 88' lang='lat' dir='ltr'><strong>et</strong></span> <span class='ocrx_word' id='word_1_681' title='bbox 3322 2809 3512 2863; x_wconf 75' lang='lat' dir='ltr'><strong>umbra:</strong></span> 
     </span>
    </p>
   </div>
   <div class='ocr_carea' id='block_1_88' title="bbox 1933 2902 3512 2977">
    <p class='ocr_par' dir='ltr' id='par_1_88' title="bbox 1933 2902 3512 2977">
     <span class='ocr_line' id='line_1_88' title="bbox 1933 2902 3512 2977; baseline -0.003 -18"><span class='ocrx_word' id='word_1_682' title='bbox 1933 2905 2221 2960; x_wconf 85' lang='lat' dir='ltr'><strong>deserviunt</strong></span> <span class='ocrx_word' id='word_1_683' title='bbox 2248 2905 2547 2974; x_wconf 75' lang='lat' dir='ltr'><strong>cmlestium,</strong></span> <span class='ocrx_word' id='word_1_684' title='bbox 2576 2906 2707 2959; x_wconf 88' lang='lat' dir='ltr'><strong>sicut</strong></span> <span class='ocrx_word' id='word_1_685' title='bbox 2736 2920 3037 2977; x_wconf 83' lang='lat' dir='ltr'><strong>responsum</strong></span> <span class='ocrx_word' id='word_1_686' title='bbox 3061 2914 3133 2959; x_wconf 89' lang='lat' dir='ltr'><strong>est</strong></span> <span class='ocrx_word' id='word_1_687' title='bbox 3168 2902 3359 2975; x_wconf 82' lang='lat' dir='ltr'><strong>Moysi,</strong></span> <span class='ocrx_word' id='word_1_688' title='bbox 3400 2904 3512 2956; x_wconf 87' lang='lat' dir='ltr'><strong>cum</strong></span> 
     </span>
    </p>
   </div>
   <div class='ocr_carea' id='block_1_89' title="bbox 1931 2997 3513 3069">
    <p class='ocr_par' dir='ltr' id='par_1_89' title="bbox 1931 2997 3513 3069">
     <span class='ocr_line' id='line_1_89' title="bbox 1931 2997 3513 3069; baseline -0.003 -12"><span class='ocrx_word' id='word_1_689' title='bbox 1931 3010 2353 3057; x_wconf 79' lang='lat' dir='ltr'><strong>consummasset.</strong></span> <span class='ocrx_word' id='word_1_690' title='bbox 2406 3003 2481 3055; x_wconf 81' lang='lat' dir='ltr'><strong>Ac</strong></span> <span class='ocrx_word' id='word_1_691' title='bbox 2509 3002 2843 3069; x_wconf 76' lang='lat' dir='ltr'><strong>perfecisset.</strong></span> <span class='ocrx_word' id='word_1_692' title='bbox 2898 2997 3327 3053; x_wconf 81' lang='lat' dir='ltr'><strong>Tabernaculum.</strong></span> <span class='ocrx_word' id='word_1_693' title='bbox 3381 2998 3513 3052; x_wconf 87' lang='lat' dir='ltr'><strong>Ura-</strong></span> 
     </span>
    </p>
   </div>
   <div class='ocr_carea' id='block_1_90' title="bbox 1934 3091 3509 3161">
    <p class='ocr_par' dir='ltr' id='par_1_90' title="bbox 1934 3091 3509 3161">
     <span class='ocr_line' id='line_1_90' title="bbox 1934 3091 3509 3161; baseline 0.003 -14"><span class='ocrx_word' id='word_1_694' title='bbox 1934 3094 2057 3147; x_wconf 90' lang='lat' dir='ltr'><strong>culi.</strong></span> <span class='ocrx_word' id='word_1_695' title='bbox 2112 3092 2169 3147; x_wconf 89' lang='lat' dir='ltr'><strong>Si</strong></span> <span class='ocrx_word' id='word_1_696' title='bbox 2197 3102 2337 3148; x_wconf 89' lang='lat' dir='ltr'><strong>esset</strong></span> <span class='ocrx_word' id='word_1_697' title='bbox 2370 3101 2612 3146; x_wconf 89' lang='lat' dir='ltr'><strong>terrenus</strong></span> <span class='ocrx_word' id='word_1_698' title='bbox 2642 3091 2879 3160; x_wconf 88' lang='lat' dir='ltr'><strong>pontifex</strong></span> <span class='ocrx_word' id='word_1_699' title='bbox 2910 3106 3070 3161; x_wconf 90' lang='lat' dir='ltr'><strong>super</strong></span> <span class='ocrx_word' id='word_1_700' title='bbox 3113 3101 3332 3158; x_wconf 88' lang='lat' dir='ltr'><strong>terram,</strong></span> <span class='ocrx_word' id='word_1_701' title='bbox 3366 3093 3509 3151; x_wconf 90' lang='lat' dir='ltr'><strong>sicut</strong></span> 
     </span>
    </p>
   </div>
   <div class='ocr_carea' id='block_1_91' title="bbox 1934 3185 3505 3257">
    <p class='ocr_par' dir='ltr' id='par_1_91' title="bbox 1934 3185 3505 3257">
     <span class='ocr_line' id='line_1_91' title="bbox 1934 3185 3505 3257; baseline -0.003 -13"><span class='ocrx_word' id='word_1_702' title='bbox 1934 3189 2134 3252; x_wconf 81' lang='lat' dir='ltr'><strong>Aaron,</strong></span> <span class='ocrx_word' id='word_1_703' title='bbox 2184 3187 2268 3242; x_wconf 85' lang='lat' dir='ltr'><strong>vel</strong></span> <span class='ocrx_word' id='word_1_704' title='bbox 2316 3187 2450 3241; x_wconf 87' lang='lat' dir='ltr'><strong>alius</strong></span> <span class='ocrx_word' id='word_1_705' title='bbox 2476 3186 2767 3241; x_wconf 88' lang='lat' dir='ltr'><strong>secundum</strong></span> <span class='ocrx_word' id='word_1_706' title='bbox 2818 3185 3060 3239; x_wconf 90' lang='lat' dir='ltr'><strong>ordinem</strong></span> <span class='ocrx_word' id='word_1_707' title='bbox 3094 3185 3505 3257; x_wconf 77' lang='lat' dir='ltr'><strong>Melchisedech,</strong></span> 
     </span>
    </p>
   </div>
   <div class='ocr_carea' id='block_1_92' title="bbox 1928 3278 3510 3348">
    <p class='ocr_par' dir='ltr' id='par_1_92' title="bbox 1928 3278 3510 3348">
     <span class='ocr_line' id='line_1_92' title="bbox 1928 3278 3510 3348; baseline 0.001 -13"><span class='ocrx_word' id='word_1_708' title='bbox 1928 3279 2246 3335; x_wconf 87' lang='lat' dir='ltr'><strong>immortalis</strong></span> <span class='ocrx_word' id='word_1_709' title='bbox 2277 3288 2329 3333; x_wconf 88' lang='lat' dir='ltr'><strong>et</strong></span> <span class='ocrx_word' id='word_1_710' title='bbox 2384 3279 2499 3333; x_wconf 87' lang='lat' dir='ltr'><strong>sine</strong></span> <span class='ocrx_word' id='word_1_711' title='bbox 2530 3288 2766 3347; x_wconf 85' lang='lat' dir='ltr'><strong>peccato,</strong></span> <span class='ocrx_word' id='word_1_712' title='bbox 2797 3278 2885 3348; x_wconf 92' lang='lat' dir='ltr'><strong>qui</strong></span> <span class='ocrx_word' id='word_1_713' title='bbox 2926 3278 3203 3333; x_wconf 87' lang='lat' dir='ltr'><strong>sacriﬁciis</strong></span> <span class='ocrx_word' id='word_1_714' title='bbox 3249 3279 3510 3348; x_wconf 90' lang='lat' dir='ltr'><strong>potuisset</strong></span> 
     </span>
    </p>
   </div>
   <div class='ocr_carea' id='block_1_93' title="bbox 1928 3368 3506 3443">
    <p class='ocr_par' dir='ltr' id='par_1_93' title="bbox 1928 3368 3506 3443">
     <span class='ocr_line' id='line_1_93' title="bbox 1928 3368 3506 3443; baseline -0.002 -14"><span class='ocrx_word' id='word_1_715' title='bbox 1928 3372 2189 3429; x_wconf 87' lang='lat' dir='ltr'><strong>mundare</strong></span> <span class='ocrx_word' id='word_1_716' title='bbox 2229 3386 2398 3443; x_wconf 87' lang='lat' dir='ltr'><strong>genus</strong></span> <span class='ocrx_word' id='word_1_717' title='bbox 2444 3371 2753 3439; x_wconf 90' lang='lat' dir='ltr'><strong>humanum,</strong></span> <span class='ocrx_word' id='word_1_718' title='bbox 2808 3368 3213 3439; x_wconf 84' lang='lat' dir='ltr'><strong>perfectumque</strong></span> <span class='ocrx_word' id='word_1_719' title='bbox 3262 3370 3506 3437; x_wconf 89' lang='lat' dir='ltr'><strong>reddere,</strong></span> 
     </span>
    </p>
   </div>
   <div class='ocr_carea' id='block_1_94' title="bbox 1934 3461 3505 3535">
    <p class='ocr_par' dir='ltr' id='par_1_94' title="bbox 1934 3461 3505 3535">
     <span class='ocr_line' id='line_1_94' title="bbox 1934 3461 3505 3535; baseline -0.003 -13"><span class='ocrx_word' id='word_1_720' title='bbox 1934 3484 2041 3522; x_wconf 91' lang='lat' dir='ltr'><strong>non</strong></span> <span class='ocrx_word' id='word_1_721' title='bbox 2072 3474 2218 3522; x_wconf 89' lang='lat' dir='ltr'><strong>esset</strong></span> <span class='ocrx_word' id='word_1_722' title='bbox 2248 3466 2431 3535; x_wconf 90' lang='lat' dir='ltr'><strong>utique</strong></span> <span class='ocrx_word' id='word_1_723' title='bbox 2461 3465 2713 3520; x_wconf 89' lang='lat' dir='ltr'><strong>sacerdos</strong></span> <span class='ocrx_word' id='word_1_724' title='bbox 2757 3464 3049 3519; x_wconf 90' lang='lat' dir='ltr'><strong>secundum</strong></span> <span class='ocrx_word' id='word_1_725' title='bbox 3096 3461 3337 3518; x_wconf 88' lang='lat' dir='ltr'><strong>ordinem</strong></span> <span class='ocrx_word' id='word_1_726' title='bbox 3371 3462 3505 3517; x_wconf 72' lang='lat' dir='ltr'><strong>Mel-</strong></span> 
     </span>
    </p>
   </div>
   <div class='ocr_carea' id='block_1_95' title="bbox 1929 3554 3508 3627">
    <p class='ocr_par' dir='ltr' id='par_1_95' title="bbox 1929 3554 3508 3627">
     <span class='ocr_line' id='line_1_95' title="bbox 1929 3554 3508 3627; baseline -0.004 -11"><span class='ocrx_word' id='word_1_727' title='bbox 1929 3559 2214 3616; x_wconf 88' lang='lat' dir='ltr'><strong>chisedech</strong></span> <span class='ocrx_word' id='word_1_728' title='bbox 2245 3560 2298 3613; x_wconf 92' lang='lat' dir='ltr'><strong>in</strong></span> <span class='ocrx_word' id='word_1_729' title='bbox 2326 3568 2582 3613; x_wconf 60' lang='lat' dir='ltr'><strong>aeternum</strong></span> <span class='ocrx_word' id='word_1_730' title='bbox 2612 3575 2626 3612; x_wconf 91' lang='lat'><strong>:</strong></span> <span class='ocrx_word' id='word_1_731' title='bbox 2678 3556 2801 3627; x_wconf 91' lang='lat' dir='ltr'><strong>quia</strong></span> <span class='ocrx_word' id='word_1_732' title='bbox 2833 3556 2964 3611; x_wconf 90' lang='lat' dir='ltr'><strong>satis</strong></span> <span class='ocrx_word' id='word_1_733' title='bbox 2989 3564 3191 3621; x_wconf 88' lang='lat' dir='ltr'><strong>essent,</strong></span> <span class='ocrx_word' id='word_1_734' title='bbox 3236 3555 3322 3624; x_wconf 91' lang='lat' dir='ltr'><strong>qui</strong></span> <span class='ocrx_word' id='word_1_735' title='bbox 3350 3554 3508 3611; x_wconf 78' lang='lat' dir='ltr'><strong>offer-</strong></span> 
     </span>
    </p>
   </div>
   <div class='ocr_carea' id='block_1_96' title="bbox 1928 3648 3506 3723">
    <p class='ocr_par' dir='ltr' id='par_1_96' title="bbox 1928 3648 3506 3723">
     <span class='ocr_line' id='line_1_96' title="bbox 1928 3648 3506 3723; baseline -0.001 -16"><span class='ocrx_word' id='word_1_736' title='bbox 1928 3663 2051 3709; x_wconf 90' lang='lat' dir='ltr'><strong>rent</strong></span> <span class='ocrx_word' id='word_1_737' title='bbox 2093 3653 2285 3723; x_wconf 90' lang='lat' dir='ltr'><strong>legalia</strong></span> <span class='ocrx_word' id='word_1_738' title='bbox 2328 3667 2569 3707; x_wconf 88' lang='lat' dir='ltr'><strong>munera.</strong></span> <span class='ocrx_word' id='word_1_739' title='bbox 2623 3650 2727 3706; x_wconf 91' lang='lat' dir='ltr'><strong>Sed</strong></span> <span class='ocrx_word' id='word_1_740' title='bbox 2774 3650 2895 3719; x_wconf 91' lang='lat' dir='ltr'><strong>quia</strong></span> <span class='ocrx_word' id='word_1_741' title='bbox 2941 3653 3117 3705; x_wconf 82' lang='lat' dir='ltr'><strong>Aaron</strong></span> <span class='ocrx_word' id='word_1_742' title='bbox 3150 3661 3203 3705; x_wconf 89' lang='lat' dir='ltr'><strong>et</strong></span> <span class='ocrx_word' id='word_1_743' title='bbox 3246 3649 3340 3703; x_wconf 92' lang='lat' dir='ltr'><strong>ﬁlii</strong></span> <span class='ocrx_word' id='word_1_744' title='bbox 3389 3648 3506 3718; x_wconf 86' lang='lat' dir='ltr'><strong>ejus</strong></span> 
     </span>
    </p>
   </div>
   <div class='ocr_carea' id='block_1_97' title="bbox 1927 3746 3508 3814">
    <p class='ocr_par' dir='ltr' id='par_1_97' title="bbox 1927 3746 3508 3814">
     <span class='ocr_line' id='line_1_97' title="bbox 1927 3746 3508 3814; baseline -0.004 -12"><span class='ocrx_word' id='word_1_745' title='bbox 1927 3746 2183 3803; x_wconf 88' lang='lat' dir='ltr'><strong>mortales</strong></span> <span class='ocrx_word' id='word_1_746' title='bbox 2237 3753 2393 3801; x_wconf 89' lang='lat' dir='ltr'><strong>erant</strong></span> <span class='ocrx_word' id='word_1_747' title='bbox 2438 3754 2493 3800; x_wconf 89' lang='lat' dir='ltr'><strong>et</strong></span> <span class='ocrx_word' id='word_1_748' title='bbox 2534 3752 2865 3814; x_wconf 89' lang='lat' dir='ltr'><strong>peccatores,</strong></span> <span class='ocrx_word' id='word_1_749' title='bbox 2924 3751 3249 3813; x_wconf 84' lang='lat' dir='ltr'><strong>quapmpter</strong></span> <span class='ocrx_word' id='word_1_750' title='bbox 3278 3756 3381 3796; x_wconf 92' lang='lat' dir='ltr'><strong>non</strong></span> <span class='ocrx_word' id='word_1_751' title='bbox 3412 3756 3508 3810; x_wconf 82' lang='lat' dir='ltr'><strong>po-</strong></span> 
     </span>
    </p>
   </div>
   <div class='ocr_carea' id='block_1_98' title="bbox 1927 3833 3506 3912">
    <p class='ocr_par' dir='ltr' id='par_1_98' title="bbox 1927 3833 3506 3912">
     <span class='ocr_line' id='line_1_98' title="bbox 1927 3833 3506 3912; baseline -0.006 -14"><span class='ocrx_word' id='word_1_752' title='bbox 1927 3848 2104 3898; x_wconf 86' lang='lat' dir='ltr'><strong>terant</strong></span> <span class='ocrx_word' id='word_1_753' title='bbox 2153 3853 2323 3912; x_wconf 88' lang='lat' dir='ltr'><strong>genus</strong></span> <span class='ocrx_word' id='word_1_754' title='bbox 2365 3838 2654 3893; x_wconf 90' lang='lat' dir='ltr'><strong>humanum</strong></span> <span class='ocrx_word' id='word_1_755' title='bbox 2709 3836 3005 3906; x_wconf 89' lang='lat' dir='ltr'><strong>perfectum</strong></span> <span class='ocrx_word' id='word_1_756' title='bbox 3061 3834 3335 3894; x_wconf 83' lang='lat' dir='ltr'><strong>reddere;</strong></span> <span class='ocrx_word' id='word_1_757' title='bbox 3387 3833 3506 3889; x_wconf 90' lang='lat' dir='ltr'><strong>ideo</strong></span> 
     </span>
    </p>
   </div>
   <div class='ocr_carea' id='block_1_99' title="bbox 1926 3929 3505 4000">
    <p class='ocr_par' dir='ltr' id='par_1_99' title="bbox 1926 3929 3505 4000">
     <span class='ocr_line' id='line_1_99' title="bbox 1926 3929 3505 4000; baseline -0.006 -11"><span class='ocrx_word' id='word_1_758' title='bbox 1926 3934 2075 3989; x_wconf 83' lang='lat' dir='ltr'><strong>venit</strong></span> <span class='ocrx_word' id='word_1_759' title='bbox 2102 3931 2351 3988; x_wconf 90' lang='lat' dir='ltr'><strong>Christus</strong></span> <span class='ocrx_word' id='word_1_760' title='bbox 2380 3932 2497 3986; x_wconf 89' lang='lat' dir='ltr'><strong>sine</strong></span> <span class='ocrx_word' id='word_1_761' title='bbox 2547 3941 2764 3999; x_wconf 90' lang='lat' dir='ltr'><strong>peccato</strong></span> <span class='ocrx_word' id='word_1_762' title='bbox 2811 3930 2901 4000; x_wconf 91' lang='lat' dir='ltr'><strong>qui</strong></span> <span class='ocrx_word' id='word_1_763' title='bbox 2946 3929 2995 3983; x_wconf 91' lang='lat' dir='ltr'><strong>in</strong></span> <span class='ocrx_word' id='word_1_764' title='bbox 3038 3934 3301 3982; x_wconf 79' lang='lat' dir='ltr'><strong>teternum</strong></span> <span class='ocrx_word' id='word_1_765' title='bbox 3353 3941 3505 3980; x_wconf 91' lang='lat' dir='ltr'><strong>suum</strong></span> 
     </span>
    </p>
   </div>
   <div class='ocr_carea' id='block_1_100' title="bbox 1931 4020 3506 4093">
    <p class='ocr_par' dir='ltr' id='par_1_100' title="bbox 1931 4020 3506 4093">
     <span class='ocr_line' id='line_1_100' title="bbox 1931 4020 3506 4093; baseline -0.006 -13"><span class='ocrx_word' id='word_1_766' title='bbox 1931 4024 2291 4081; x_wconf 87' lang='lat' dir='ltr'><strong>sacerdotium</strong></span> <span class='ocrx_word' id='word_1_767' title='bbox 2323 4032 2549 4091; x_wconf 89' lang='lat' dir='ltr'><strong>teneret,</strong></span> <span class='ocrx_word' id='word_1_768' title='bbox 2599 4039 2803 4093; x_wconf 86' lang='lat' dir='ltr'><strong>suoque</strong></span> <span class='ocrx_word' id='word_1_769' title='bbox 2828 4021 3089 4078; x_wconf 86' lang='lat' dir='ltr'><strong>sacriﬁcio</strong></span> <span class='ocrx_word' id='word_1_770' title='bbox 3117 4035 3285 4091; x_wconf 88' lang='lat' dir='ltr'><strong>genus</strong></span> <span class='ocrx_word' id='word_1_771' title='bbox 3316 4020 3506 4074; x_wconf 87' lang='lat' dir='ltr'><strong>huma-</strong></span> 
     </span>
    </p>
   </div>
   <div class='ocr_carea' id='block_1_101' title="bbox 1927 4110 3506 4184">
    <p class='ocr_par' dir='ltr' id='par_1_101' title="bbox 1927 4110 3506 4184">
     <span class='ocr_line' id='line_1_101' title="bbox 1927 4110 3506 4184; baseline -0.004 -15"><span class='ocrx_word' id='word_1_772' title='bbox 1927 4130 2052 4169; x_wconf 88' lang='lat' dir='ltr'><strong>num</strong></span> <span class='ocrx_word' id='word_1_773' title='bbox 2082 4116 2469 4184; x_wconf 86' lang='lat' dir='ltr'><strong>perfectissime</strong></span> <span class='ocrx_word' id='word_1_774' title='bbox 2499 4116 2783 4171; x_wconf 89' lang='lat' dir='ltr'><strong>mundaret</strong></span> <span class='ocrx_word' id='word_1_775' title='bbox 2829 4134 2841 4169; x_wconf 89' lang='lat'><strong>:</strong></span> <span class='ocrx_word' id='word_1_776' title='bbox 2887 4131 2991 4169; x_wconf 92' lang='lat' dir='ltr'><strong>non</strong></span> <span class='ocrx_word' id='word_1_777' title='bbox 3041 4114 3160 4168; x_wconf 90' lang='lat' dir='ltr'><strong>talis</strong></span> <span class='ocrx_word' id='word_1_778' title='bbox 3202 4112 3386 4182; x_wconf 88' lang='lat' dir='ltr'><strong>quales</strong></span> <span class='ocrx_word' id='word_1_779' title='bbox 3427 4110 3506 4165; x_wconf 87' lang='lat' dir='ltr'><strong>illi</strong></span> 
     </span>
    </p>
   </div>
   <div class='ocr_carea' id='block_1_102' title="bbox 1924 4202 3507 4276">
    <p class='ocr_par' dir='ltr' id='par_1_102' title="bbox 1924 4202 3507 4276">
     <span class='ocr_line' id='line_1_102' title="bbox 1924 4202 3507 4276; baseline -0.006 -14"><span class='ocrx_word' id='word_1_780' title='bbox 1924 4205 2141 4261; x_wconf 80' lang='lat' dir='ltr'><strong>fuerunt</strong></span> <span class='ocrx_word' id='word_1_781' title='bbox 2190 4206 2283 4276; x_wconf 89' lang='lat' dir='ltr'><strong>qui</strong></span> <span class='ocrx_word' id='word_1_782' title='bbox 2314 4206 2605 4275; x_wconf 85' lang='lat' dir='ltr'><strong>exemplari</strong></span> <span class='ocrx_word' id='word_1_783' title='bbox 2656 4219 2709 4259; x_wconf 91' lang='lat' dir='ltr'><strong>et</strong></span> <span class='ocrx_word' id='word_1_784' title='bbox 2755 4206 2957 4259; x_wconf 73' lang='lat' dir='ltr'><strong>umbra:</strong></span> <span class='ocrx_word' id='word_1_785' title='bbox 2988 4204 3299 4257; x_wconf 90' lang='lat' dir='ltr'><strong>deserviunt</strong></span> <span class='ocrx_word' id='word_1_786' title='bbox 3346 4202 3507 4257; x_wconf 67' lang='lat' dir='ltr'><strong>coale-</strong></span> 
     </span>
    </p>
   </div>
   <div class='ocr_carea' id='block_1_103' title="bbox 1927 4290 3506 4365">
    <p class='ocr_par' dir='ltr' id='par_1_103' title="bbox 1927 4290 3506 4365">
     <span class='ocr_line' id='line_1_103' title="bbox 1927 4290 3506 4365; baseline -0.005 -12"><span class='ocrx_word' id='word_1_787' title='bbox 1927 4297 2111 4353; x_wconf 88' lang='lat' dir='ltr'><strong>stium.</strong></span> <span class='ocrx_word' id='word_1_788' title='bbox 2160 4296 2442 4365; x_wconf 84' lang='lat' dir='ltr'><strong>Exemplar</strong></span> <span class='ocrx_word' id='word_1_789' title='bbox 2469 4305 2551 4350; x_wconf 90' lang='lat' dir='ltr'><strong>est</strong></span> <span class='ocrx_word' id='word_1_790' title='bbox 2603 4296 2766 4363; x_wconf 86' lang='lat' dir='ltr'><strong>ﬁgura</strong></span> <span class='ocrx_word' id='word_1_791' title='bbox 2798 4303 2851 4348; x_wconf 92' lang='lat' dir='ltr'><strong>et</strong></span> <span class='ocrx_word' id='word_1_792' title='bbox 2890 4292 3204 4355; x_wconf 88' lang='lat' dir='ltr'><strong>similitudo,</strong></span> <span class='ocrx_word' id='word_1_793' title='bbox 3249 4307 3343 4360; x_wconf 89' lang='lat' dir='ltr'><strong>per</strong></span> <span class='ocrx_word' id='word_1_794' title='bbox 3368 4290 3506 4357; x_wconf 89' lang='lat' dir='ltr'><strong>quod</strong></span> 
     </span>
    </p>
   </div>
   <div class='ocr_carea' id='block_1_104' title="bbox 1926 4381 3508 4453">
    <p class='ocr_par' dir='ltr' id='par_1_104' title="bbox 1926 4381 3508 4453">
     <span class='ocr_line' id='line_1_104' title="bbox 1926 4381 3508 4453; baseline -0.004 -11"><span class='ocrx_word' id='word_1_795' title='bbox 1926 4388 2031 4442; x_wconf 88' lang='lat' dir='ltr'><strong>alia</strong></span> <span class='ocrx_word' id='word_1_796' title='bbox 2061 4401 2149 4441; x_wconf 86' lang='lat' dir='ltr'><strong>res</strong></span> <span class='ocrx_word' id='word_1_797' title='bbox 2177 4387 2517 4440; x_wconf 86' lang='lat' dir='ltr'><strong>ostenditur:</strong></span> <span class='ocrx_word' id='word_1_798' title='bbox 2564 4385 2708 4439; x_wconf 87' lang='lat' dir='ltr'><strong>sicut</strong></span> <span class='ocrx_word' id='word_1_799' title='bbox 2737 4385 2911 4453; x_wconf 87' lang='lat' dir='ltr'><strong>imago</strong></span> <span class='ocrx_word' id='word_1_800' title='bbox 2936 4396 3188 4451; x_wconf 83' lang='lat' dir='ltr'><strong>expressa</strong></span> <span class='ocrx_word' id='word_1_801' title='bbox 3223 4382 3274 4435; x_wconf 91' lang='lat' dir='ltr'><strong>in</strong></span> <span class='ocrx_word' id='word_1_802' title='bbox 3307 4381 3508 4450; x_wconf 84' lang='lat' dir='ltr'><strong>pariete</strong></span> 
     </span>
    </p>
   </div>
   <div class='ocr_carea' id='block_1_105' title="bbox 1929 4474 3509 4551">
    <p class='ocr_par' dir='ltr' id='par_1_105' title="bbox 1929 4474 3509 4551">
     <span class='ocr_line' id='line_1_105' title="bbox 1929 4474 3509 4551; baseline -0.003 -15"><span class='ocrx_word' id='word_1_803' title='bbox 1929 4481 2204 4551; x_wconf 81' lang='lat' dir='ltr'><strong>exemplar</strong></span> <span class='ocrx_word' id='word_1_804' title='bbox 2228 4488 2310 4536; x_wconf 88' lang='lat' dir='ltr'><strong>est</strong></span> <span class='ocrx_word' id='word_1_805' title='bbox 2334 4488 2388 4535; x_wconf 91' lang='lat' dir='ltr'><strong>et</strong></span> <span class='ocrx_word' id='word_1_806' title='bbox 2408 4480 2574 4549; x_wconf 88' lang='lat' dir='ltr'><strong>ﬁgura</strong></span> <span class='ocrx_word' id='word_1_807' title='bbox 2599 4478 2709 4533; x_wconf 80' lang='lat' dir='ltr'><strong>veri</strong></span> <span class='ocrx_word' id='word_1_808' title='bbox 2744 4478 2976 4532; x_wconf 89' lang='lat' dir='ltr'><strong>luminis.</strong></span> <span class='ocrx_word' id='word_1_809' title='bbox 3008 4475 3326 4532; x_wconf 88' lang='lat' dir='ltr'><strong>Sacerdotes</strong></span> <span class='ocrx_word' id='word_1_810' title='bbox 3349 4474 3509 4546; x_wconf 81' lang='lat' dir='ltr'><strong>igitur</strong></span> 
     </span>
    </p>
   </div>
   <div class='ocr_carea' id='block_1_106' title="bbox 1929 4572 3509 4643">
    <p class='ocr_par' dir='ltr' id='par_1_106' title="bbox 1929 4572 3509 4643">
     <span class='ocr_line' id='line_1_106' title="bbox 1929 4572 3509 4643; baseline -0.003 -12"><span class='ocrx_word' id='word_1_811' title='bbox 1929 4574 2236 4632; x_wconf 72' lang='lat' dir='ltr'><strong>Judteorum</strong></span> <span class='ocrx_word' id='word_1_812' title='bbox 2270 4573 2591 4643; x_wconf 84' lang='lat' dir='ltr'><strong>exemplari,</strong></span> <span class='ocrx_word' id='word_1_813' title='bbox 2627 4574 2674 4628; x_wconf 90' lang='lat' dir='ltr'><strong>id</strong></span> <span class='ocrx_word' id='word_1_814' title='bbox 2708 4581 2790 4627; x_wconf 92' lang='lat' dir='ltr'><strong>est</strong></span> <span class='ocrx_word' id='word_1_815' title='bbox 2819 4572 3003 4642; x_wconf 76' lang='lat' dir='ltr'><strong>figura:</strong></span> <span class='ocrx_word' id='word_1_816' title='bbox 3032 4582 3083 4627; x_wconf 87' lang='lat' dir='ltr'><strong>et</strong></span> <span class='ocrx_word' id='word_1_817' title='bbox 3114 4573 3316 4627; x_wconf 68' lang='lat' dir='ltr'><strong>umbra:</strong></span> <span class='ocrx_word' id='word_1_818' title='bbox 3347 4572 3509 4627; x_wconf 74' lang='lat' dir='ltr'><strong>cmic-</strong></span> 
     </span>
    </p>
   </div>
   <div class='ocr_carea' id='block_1_107' title="bbox 1927 4662 3507 4738">
    <p class='ocr_par' dir='ltr' id='par_1_107' title="bbox 1927 4662 3507 4738">
     <span class='ocr_line' id='line_1_107' title="bbox 1927 4662 3507 4738; baseline -0.005 -14"><span class='ocrx_word' id='word_1_819' title='bbox 1927 4668 2086 4725; x_wconf 90' lang='lat' dir='ltr'><strong>stium</strong></span> <span class='ocrx_word' id='word_1_820' title='bbox 2144 4667 2523 4738; x_wconf 87' lang='lat' dir='ltr'><strong>mysteriorum</strong></span> <span class='ocrx_word' id='word_1_821' title='bbox 2573 4664 2966 4730; x_wconf 85' lang='lat' dir='ltr'><strong>deserviebant,</strong></span> <span class='ocrx_word' id='word_1_822' title='bbox 3025 4664 3147 4735; x_wconf 88' lang='lat' dir='ltr'><strong>quia</strong></span> <span class='ocrx_word' id='word_1_823' title='bbox 3196 4664 3372 4718; x_wconf 89' lang='lat' dir='ltr'><strong>omnia</strong></span> <span class='ocrx_word' id='word_1_824' title='bbox 3420 4662 3507 4716; x_wconf 89' lang='lat' dir='ltr'><strong>illa</strong></span> 
     </span>
    </p>
   </div>
   <div class='ocr_carea' id='block_1_108' title="bbox 1928 4755 3505 4827">
    <p class='ocr_par' dir='ltr' id='par_1_108' title="bbox 1928 4755 3505 4827">
     <span class='ocr_line' id='line_1_108' title="bbox 1928 4755 3505 4827; baseline -0.004 -13"><span class='ocrx_word' id='word_1_825' title='bbox 1928 4758 2305 4814; x_wconf 86' lang='lat' dir='ltr'><strong>similitudines</strong></span> <span class='ocrx_word' id='word_1_826' title='bbox 2331 4766 2383 4813; x_wconf 92' lang='lat' dir='ltr'><strong>et</strong></span> <span class='ocrx_word' id='word_1_827' title='bbox 2406 4758 2588 4827; x_wconf 69' lang='lat' dir='ltr'><strong>ﬁgura:</strong></span> <span class='ocrx_word' id='word_1_828' title='bbox 2616 4765 2768 4813; x_wconf 90' lang='lat' dir='ltr'><strong>erant</strong></span> <span class='ocrx_word' id='word_1_829' title='bbox 2798 4757 3018 4811; x_wconf 89' lang='lat' dir='ltr'><strong>istorum</strong></span> <span class='ocrx_word' id='word_1_830' title='bbox 3042 4772 3158 4825; x_wconf 76' lang='lat' dir='ltr'><strong>qua:</strong></span> <span class='ocrx_word' id='word_1_831' title='bbox 3192 4756 3241 4809; x_wconf 91' lang='lat' dir='ltr'><strong>in</strong></span> <span class='ocrx_word' id='word_1_832' title='bbox 3268 4755 3505 4809; x_wconf 86' lang='lat' dir='ltr'><strong>Ecclesia</strong></span> 
     </span>
    </p>
   </div>
   <div class='ocr_carea' id='block_1_109' title="bbox 1926 4846 3505 4919">
    <p class='ocr_par' dir='ltr' id='par_1_109' title="bbox 1926 4846 3505 4919">
     <span class='ocr_line' id='line_1_109' title="bbox 1926 4846 3505 4919; baseline -0.006 -12"><span class='ocrx_word' id='word_1_833' title='bbox 1926 4852 2085 4908; x_wconf 90' lang='lat' dir='ltr'><strong>modo</strong></span> <span class='ocrx_word' id='word_1_834' title='bbox 2117 4852 2168 4906; x_wconf 91' lang='lat' dir='ltr'><strong>in</strong></span> <span class='ocrx_word' id='word_1_835' title='bbox 2198 4859 2422 4906; x_wconf 82' lang='lat' dir='ltr'><strong>veritate</strong></span> <span class='ocrx_word' id='word_1_836' title='bbox 2450 4858 2699 4919; x_wconf 91' lang='lat' dir='ltr'><strong>aguntur.</strong></span> <span class='ocrx_word' id='word_1_837' title='bbox 2752 4847 3001 4904; x_wconf 74' lang='lat' dir='ltr'><strong>Ctelestia</strong></span> <span class='ocrx_word' id='word_1_838' title='bbox 3032 4857 3213 4901; x_wconf 91' lang='lat' dir='ltr'><strong>autem</strong></span> <span class='ocrx_word' id='word_1_839' title='bbox 3250 4846 3505 4917; x_wconf 84' lang='lat' dir='ltr'><strong>mysteria</strong></span> 
     </span>
    </p>
   </div>
   <div class='ocr_carea' id='block_1_110' title="bbox 1928 4940 3507 5015">
    <p class='ocr_par' dir='ltr' id='par_1_110' title="bbox 1928 4940 3507 5015">
     <span class='ocr_line' id='line_1_110' title="bbox 1928 4940 3507 5015; baseline -0.004 -15"><span class='ocrx_word' id='word_1_840' title='bbox 1928 4946 2059 5001; x_wconf 91' lang='lat' dir='ltr'><strong>dicit</strong></span> <span class='ocrx_word' id='word_1_841' title='bbox 2102 4945 2384 5015; x_wconf 89' lang='lat' dir='ltr'><strong>spiritalia,</strong></span> <span class='ocrx_word' id='word_1_842' title='bbox 2439 4959 2557 5012; x_wconf 57' lang='lat' dir='ltr'><strong>quas</strong></span> <span class='ocrx_word' id='word_1_843' title='bbox 2599 4944 2976 4998; x_wconf 85' lang='lat' dir='ltr'><strong>observatores</strong></span> <span class='ocrx_word' id='word_1_844' title='bbox 3015 4954 3142 4993; x_wconf 91' lang='lat' dir='ltr'><strong>suos</strong></span> <span class='ocrx_word' id='word_1_845' title='bbox 3183 4941 3234 4993; x_wconf 92' lang='lat' dir='ltr'><strong>in</strong></span> <span class='ocrx_word' id='word_1_846' title='bbox 3287 4940 3507 4993; x_wconf 80' lang='lat' dir='ltr'><strong>veritate</strong></span> 
     </span>
    </p>
   </div>
   <div class='ocr_carea' id='block_1_111' title="bbox 1924 5030 3505 5095">
    <p class='ocr_par' dir='ltr' id='par_1_111' title="bbox 1924 5030 3505 5095">
     <span class='ocr_line' id='line_1_111' title="bbox 1924 5030 3505 5095; baseline -0.008 0"><span class='ocrx_word' id='word_1_847' title='bbox 1924 5040 1990 5095; x_wconf 86' lang='lat' dir='ltr'><strong>ad</strong></span> <span class='ocrx_word' id='word_1_848' title='bbox 2021 5039 2261 5094; x_wconf 75' lang='lat' dir='ltr'><strong>cmlestia</strong></span> <span class='ocrx_word' id='word_1_849' title='bbox 2288 5038 2510 5093; x_wconf 88' lang='lat' dir='ltr'><strong>ducunt.</strong></span> <span class='ocrx_word' id='word_1_850' title='bbox 2554 5038 2740 5093; x_wconf 88' lang='lat' dir='ltr'><strong>Nonne</strong></span> <span class='ocrx_word' id='word_1_851' title='bbox 2785 5038 3003 5093; x_wconf 73' lang='lat' dir='ltr'><strong>cmleste</strong></span> <span class='ocrx_word' id='word_1_852' title='bbox 3045 5036 3213 5088; x_wconf 89' lang='lat' dir='ltr'><strong>altare</strong></span> <span class='ocrx_word' id='word_1_853' title='bbox 3264 5042 3345 5088; x_wconf 89' lang='lat' dir='ltr'><strong>est</strong></span> <span class='ocrx_word' id='word_1_854' title='bbox 3378 5030 3505 5083; x_wconf 89' lang='lat' dir='ltr'><strong>tides</strong></span> 
     </span>
    </p>
   </div>
   <div class='ocr_carea' id='block_1_112' title="bbox 1922 5127 3506 5203">
    <p class='ocr_par' dir='ltr' id='par_1_112' title="bbox 1922 5127 3506 5203">
     <span class='ocr_line' id='line_1_112' title="bbox 1922 5127 3506 5203; baseline -0.01 -13"><span class='ocrx_word' id='word_1_855' title='bbox 1922 5140 2130 5199; x_wconf 85' lang='lat' dir='ltr'><strong>nostra,</strong></span> <span class='ocrx_word' id='word_1_856' title='bbox 2182 5132 2234 5185; x_wconf 91' lang='lat' dir='ltr'><strong>in</strong></span> <span class='ocrx_word' id='word_1_857' title='bbox 2262 5146 2366 5203; x_wconf 90' lang='lat' dir='ltr'><strong>qua</strong></span> <span class='ocrx_word' id='word_1_858' title='bbox 2415 5129 2691 5185; x_wconf 67' lang='lat' dir='ltr'><strong>oderimus</strong></span> <span class='ocrx_word' id='word_1_859' title='bbox 2725 5129 2963 5201; x_wconf 90' lang='lat' dir='ltr'><strong>quotidie</strong></span> <span class='ocrx_word' id='word_1_860' title='bbox 2990 5127 3260 5181; x_wconf 89' lang='lat' dir='ltr'><strong>orationes</strong></span> <span class='ocrx_word' id='word_1_861' title='bbox 3293 5130 3506 5177; x_wconf 72' lang='lat' dir='ltr'><strong>llOSll&#39;JS</strong></span> 
     </span>
    </p>
   </div>
   <div class='ocr_carea' id='block_1_113' title="bbox 1924 5226 3505 5303">
    <p class='ocr_par' dir='ltr' id='par_1_113' title="bbox 1924 5226 3505 5303">
     <span class='ocr_line' id='line_1_113' title="bbox 1924 5226 3505 5303; baseline -0.009 -11"><span class='ocrx_word' id='word_1_862' title='bbox 1924 5235 2067 5292; x_wconf 87' lang='lat' dir='ltr'><strong>Deo?</strong></span> <span class='ocrx_word' id='word_1_863' title='bbox 2107 5234 2251 5302; x_wconf 81' lang='lat' dir='ltr'><strong>Vide,</strong></span> <span class='ocrx_word' id='word_1_864' title='bbox 2295 5233 2479 5302; x_wconf 83' lang='lat' dir='ltr'><strong>inquit,</strong></span> <span class='ocrx_word' id='word_1_865' title='bbox 2510 5233 2680 5286; x_wconf 87' lang='lat' dir='ltr'><strong>omnia</strong></span> <span class='ocrx_word' id='word_1_866' title='bbox 2728 5231 2882 5303; x_wconf 77' lang='lat' dir='ltr'><strong>facito</strong></span> <span class='ocrx_word' id='word_1_867' title='bbox 2924 5229 3203 5284; x_wconf 81' lang='lat' dir='ltr'><strong>secundum</strong></span> <span class='ocrx_word' id='word_1_868' title='bbox 3243 5226 3505 5295; x_wconf 71' lang='lat' dir='ltr'><strong>exemplar</strong></span> 
     </span>
    </p>
   </div>
   <div class='ocr_carea' id='block_1_114' title="bbox 1921 5317 3503 5400">
    <p class='ocr_par' dir='ltr' id='par_1_114' title="bbox 1921 5317 3503 5400">
     <span class='ocr_line' id='line_1_114' title="bbox 1921 5317 3503 5400; baseline -0.006 -19"><span class='ocrx_word' id='word_1_869' title='bbox 1921 5326 2060 5400; x_wconf 88' lang='lat' dir='ltr'><strong>quod</strong></span> <span class='ocrx_word' id='word_1_870' title='bbox 2092 5327 2180 5380; x_wconf 84' lang='lat' dir='ltr'><strong>tibi</strong></span> <span class='ocrx_word' id='word_1_871' title='bbox 2206 5336 2458 5381; x_wconf 82' lang='lat' dir='ltr'><strong>ostensum</strong></span> <span class='ocrx_word' id='word_1_872' title='bbox 2483 5334 2557 5379; x_wconf 78' lang='lat' dir='ltr'><strong>est</strong></span> <span class='ocrx_word' id='word_1_873' title='bbox 2583 5326 2634 5378; x_wconf 89' lang='lat' dir='ltr'><strong>in</strong></span> <span class='ocrx_word' id='word_1_874' title='bbox 2663 5334 2846 5377; x_wconf 81' lang='lat' dir='ltr'><strong>monte.</strong></span> <span class='ocrx_word' id='word_1_875' title='bbox 2872 5321 3131 5389; x_wconf 88' lang='lat' dir='ltr'><strong>Quoniam</strong></span> <span class='ocrx_word' id='word_1_876' title='bbox 3164 5317 3374 5373; x_wconf 91' lang='lat' dir='ltr'><strong>auditus</strong></span> <span class='ocrx_word' id='word_1_877' title='bbox 3405 5332 3503 5371; x_wconf 85' lang='lat' dir='ltr'><strong>uo-</strong></span> 
     </span>
    </p>
   </div>
   <div class='ocr_carea' id='block_1_115' title="bbox 1922 5408 3503 5489">
    <p class='ocr_par' dir='ltr' id='par_1_115' title="bbox 1922 5408 3503 5489">
     <span class='ocr_line' id='line_1_115' title="bbox 1922 5408 3503 5489; baseline -0.008 -14"><span class='ocrx_word' id='word_1_878' title='bbox 1922 5429 2033 5476; x_wconf 89' lang='lat' dir='ltr'><strong>ster</strong></span> <span class='ocrx_word' id='word_1_879' title='bbox 2063 5419 2236 5474; x_wconf 90' lang='lat' dir='ltr'><strong>minus</strong></span> <span class='ocrx_word' id='word_1_880' title='bbox 2267 5430 2421 5489; x_wconf 89' lang='lat' dir='ltr'><strong>aptus</strong></span> <span class='ocrx_word' id='word_1_881' title='bbox 2456 5433 2576 5473; x_wconf 88' lang='lat' dir='ltr'><strong>esse</strong></span> <span class='ocrx_word' id='word_1_882' title='bbox 2618 5415 2823 5471; x_wconf 90' lang='lat' dir='ltr'><strong>videtur</strong></span> <span class='ocrx_word' id='word_1_883' title='bbox 2853 5414 2919 5469; x_wconf 89' lang='lat' dir='ltr'><strong>ad</strong></span> <span class='ocrx_word' id='word_1_884' title='bbox 2950 5411 3283 5483; x_wconf 69' lang='lat' dir='ltr'><strong>disciplinam</strong></span> <span class='ocrx_word' id='word_1_885' title='bbox 3324 5408 3468 5480; x_wconf 87' lang='lat' dir='ltr'><strong>perci</strong></span> <span class='ocrx_word' id='word_1_886' title='bbox 3498 5437 3503 5443; x_wconf 92' lang='lat'><em>-</em></span> 
     </span>
    </p>
   </div>
   <div class='ocr_carea' id='block_1_116' title="bbox 1922 5505 3504 5582">
    <p class='ocr_par' dir='ltr' id='par_1_116' title="bbox 1922 5505 3504 5582">
     <span class='ocr_line' id='line_1_116' title="bbox 1922 5505 3504 5582; baseline -0.007 -16"><span class='ocrx_word' id='word_1_887' title='bbox 1922 5512 2169 5582; x_wconf 89' lang='lat' dir='ltr'><strong>piendam</strong></span> <span class='ocrx_word' id='word_1_888' title='bbox 2208 5525 2364 5582; x_wconf 87' lang='lat' dir='ltr'><strong>quam</strong></span> <span class='ocrx_word' id='word_1_889' title='bbox 2395 5510 2561 5579; x_wconf 86' lang='lat' dir='ltr'><strong>visus,</strong></span> <span class='ocrx_word' id='word_1_890' title='bbox 2594 5522 2698 5564; x_wconf 91' lang='lat' dir='ltr'><strong>non</strong></span> <span class='ocrx_word' id='word_1_891' title='bbox 2726 5508 2870 5562; x_wconf 72' lang='lat' dir='ltr'><strong>enim</strong></span> <span class='ocrx_word' id='word_1_892' title='bbox 2913 5505 2984 5559; x_wconf 87' lang='lat' dir='ltr'><strong>ita</strong></span> <span class='ocrx_word' id='word_1_893' title='bbox 3020 5506 3198 5558; x_wconf 89' lang='lat' dir='ltr'><strong>animo</strong></span> <span class='ocrx_word' id='word_1_894' title='bbox 3230 5517 3504 5557; x_wconf 60' lang='lat' dir='ltr'><strong>commenu</strong></span> 
     </span>
    </p>
   </div>
   <div class='ocr_carea' id='block_1_117' title="bbox 1922 5597 3499 5675">
    <p class='ocr_par' dir='ltr' id='par_1_117' title="bbox 1922 5597 3499 5675">
     <span class='ocr_line' id='line_1_117' title="bbox 1922 5597 3499 5675; baseline -0.008 -15"><span class='ocrx_word' id='word_1_895' title='bbox 1922 5605 2110 5661; x_wconf 89' lang='lat' dir='ltr'><strong>damus</strong></span> <span class='ocrx_word' id='word_1_896' title='bbox 2149 5620 2269 5675; x_wconf 73' lang='lat' dir='ltr'><strong>qua)</strong></span> <span class='ocrx_word' id='word_1_897' title='bbox 2315 5603 2578 5671; x_wconf 87' lang='lat' dir='ltr'><strong>audimus,</strong></span> <span class='ocrx_word' id='word_1_898' title='bbox 2619 5600 2887 5674; x_wconf 89' lang='lat' dir='ltr'><strong>quomodo</strong></span> <span class='ocrx_word' id='word_1_899' title='bbox 2924 5599 3013 5655; x_wconf 88' lang='lat' dir='ltr'><strong>illa</strong></span> <span class='ocrx_word' id='word_1_900' title='bbox 3061 5613 3177 5670; x_wconf 86' lang='lat' dir='ltr'><strong>quae</strong></span> <span class='ocrx_word' id='word_1_901' title='bbox 3218 5597 3334 5666; x_wconf 90' lang='lat' dir='ltr'><strong>ipso</strong></span> <span class='ocrx_word' id='word_1_902' title='bbox 3383 5597 3499 5649; x_wconf 84' lang='lat' dir='ltr'><strong>visu</strong></span> 
     </span>
    </p>
   </div>
   <div class='ocr_carea' id='block_1_118' title="bbox 1923 5688 3500 5769">
    <p class='ocr_par' dir='ltr' id='par_1_118' title="bbox 1923 5688 3500 5769">
     <span class='ocr_line' id='line_1_118' title="bbox 1923 5688 3500 5769; baseline -0.008 -16"><span class='ocrx_word' id='word_1_903' title='bbox 1923 5699 2263 5769; x_wconf 88' lang='lat' dir='ltr'><strong>percipimus.</strong></span> <span class='ocrx_word' id='word_1_904' title='bbox 2314 5696 2437 5751; x_wconf 90' lang='lat' dir='ltr'><strong>Ideo</strong></span> <span class='ocrx_word' id='word_1_905' title='bbox 2486 5712 2589 5750; x_wconf 90' lang='lat' dir='ltr'><strong>non</strong></span> <span class='ocrx_word' id='word_1_906' title='bbox 2637 5694 2809 5750; x_wconf 90' lang='lat' dir='ltr'><strong>solum</strong></span> <span class='ocrx_word' id='word_1_907' title='bbox 2859 5694 3062 5757; x_wconf 90' lang='lat' dir='ltr'><strong>auditu,</strong></span> <span class='ocrx_word' id='word_1_908' title='bbox 3109 5706 3293 5746; x_wconf 83' lang='lat' dir='ltr'><strong>verum</strong></span> <span class='ocrx_word' id='word_1_909' title='bbox 3340 5688 3500 5745; x_wconf 85' lang='lat' dir='ltr'><strong>etiam</strong></span> 
     </span>
    </p>
   </div>
   <div class='ocr_carea' id='block_1_119' title="bbox 1920 5786 3496 5869">
    <p class='ocr_par' dir='ltr' id='par_1_119' title="bbox 1920 5786 3496 5869">
     <span class='ocr_line' id='line_1_119' title="bbox 1920 5786 3496 5869; baseline -0.006 -18"><span class='ocrx_word' id='word_1_910' title='bbox 1920 5794 2037 5851; x_wconf 80' lang='lat' dir='ltr'><strong>visu</strong></span> <span class='ocrx_word' id='word_1_911' title='bbox 2080 5794 2501 5869; x_wconf 78' lang='lat' dir='ltr'><strong>demonstratum</strong></span> <span class='ocrx_word' id='word_1_912' title='bbox 2550 5799 2632 5847; x_wconf 89' lang='lat' dir='ltr'><strong>est</strong></span> <span class='ocrx_word' id='word_1_913' title='bbox 2680 5789 2845 5863; x_wconf 73' lang='lat' dir='ltr'><strong>Moysi</strong></span> <span class='ocrx_word' id='word_1_914' title='bbox 2884 5805 2914 5846; x_wconf 87' lang='lat' dir='ltr'><strong>a</strong></span> <span class='ocrx_word' id='word_1_915' title='bbox 2952 5786 3178 5847; x_wconf 86' lang='lat' dir='ltr'><strong>Domino</strong></span> <span class='ocrx_word' id='word_1_916' title='bbox 3206 5787 3258 5844; x_wconf 91' lang='lat' dir='ltr'><strong>in</strong></span> <span class='ocrx_word' id='word_1_917' title='bbox 3290 5794 3496 5865; x_wconf 81' lang='lat' dir='ltr'><strong>monte,</strong></span> 
     </span>
    </p>
   </div>
  </div>
