3968 6354
493 341 599 398 735

1612 329 1914 389 PRIMASII
1954 324 2411 388 ADth'MEAANl
2451 332 2665 392 EPISC.

3693 339 3811 394 τις

494 462 637 536 quod
659 472 775 521 erat
802 462 1037 518 facturus
1062 464 1382 529 cooperante
1410 451 1711 517 Beselehel,
1739 452 1881 507 unde
1910 451 2076 507 dicit:
2110 448 2162 510 Α
2187 451 2374 508 decem
2422 454 2593 509 tribus
2642 454 3030 525 intelliguntur,
3064 471 3179 529 qua:
3225 464 3632 529 separaverunt
3676 474 3741 515 se
3771 473 3813 517 τ.

496 560 631 615 Vide
669 568 726 613 ut
754 558 931 612 omnia
968 554 1131 610 facias
1168 549 1463 608 secundum
1501 548 1646 602 illam
1675 546 2076 602 similitudinem

496 669 615 725 qua:
647 651 739 706 tibi
770 652 821 705 in
851 660 1032 704 monte
1071 656 1283 702 ostensa
1313 653 1414 698 est.
1448 640 1601 709 Quod
1634 649 1810 693 autem
1840 637 1968 692 dicit
2000 641 2079 692 in-

496 744 840 816 telligendum
868 750 946 797 est
976 751 1079 793 tam
1109 739 1175 793 de
1209 734 1531 791 tabernaculi
1560 731 1957 788 constructione
1988 744 2081 783 va-

495 852 787 907 sorumqne
816 834 929 904 ejus
961 846 1117 900 quam
1151 830 1216 884 de
1246 827 1523 882 sacriﬁciis
1552 836 1605 881 et
1645 824 1830 879 hostiis
1856 838 1973 894 qua:
2005 822 2075 877 ibi

492 931 721 989 oblaturi
749 937 918 983 erant.
946 924 1101 978 Nunc
1124 933 1294 976 autem
1316 920 1495 975 melius
1516 914 1724 972 sorti/us
1751 928 1825 971 est
1850 915 2081 969 ministe-

490 1029 641 1080 rium.
684 1019 981 1077 Sacerdotii
1012 1017 1255 1071 videlicet
1294 1014 1627 1083 dignitatem.
1664 1010 1867 1077 Quanto
1895 1017 1941 1062 et
1976 1025 2081 1063 me-

488 1117 629 1169 lioris
666 1112 943 1167 testamenti
977 1109 1227 1163 mediator
1252 1116 1327 1161 est
1355 1122 1371 1159 :
1398 1106 1533 1175 quod
1575 1104 1629 1157 in
1669 1102 1959 1156 melioribus
1997 1116 2079 1154 re-

486 1205 907 1278 promissionibus
940 1203 1190 1257 sancitum
1217 1209 1307 1254 est.
1344 1199 1455 1253 Hoc
1482 1205 1565 1252 est
1595 1196 1881 1259 ﬁrmatum,
1911 1206 2075 1250 statu-

489 1309 594 1351 tum
631 1306 687 1355 et
714 1296 1139 1351 corroboratum.
1187 1290 1345 1347 Vides
1388 1290 1602 1359 (inquit)
1643 1299 1842 1357 quanto
1891 1288 2078 1342 melior

486 1390 584 1445 ista
619 1390 909 1446 celebratio
937 1387 1025 1443 illa
1054 1400 1173 1456 quae
1208 1395 1331 1439 tunc
1375 1382 1631 1451 temporis
1673 1380 1957 1451 agebatur,
2003 1379 2077 1435 si-

488 1483 707 1553 quidem
746 1481 834 1535 illa
874 1478 941 1533 ad
979 1474 1252 1544 exemplar
1279 1482 1333 1529 et
1367 1474 1532 1540 ﬁgura
1570 1480 1673 1537 est,
1718 1471 1818 1525 ista
1858 1470 2074 1535 veritas,

492 1578 629 1632 sicut
674 1575 728 1630 in
771 1567 1063 1640 Evangelio
1111 1567 1346 1637 loquitur
1379 1582 1392 1619 :
1420 1564 1531 1619 Lex
1576 1579 1670 1633 per
1705 1564 1920 1634 Moysen
1951 1562 2077 1616 data

492 1678 595 1736 est,
624 1667 794 1738 gratia
823 1675 877 1721 et
902 1664 1097 1720 veritas
1136 1676 1229 1731 per
1263 1660 1443 1715 Jesum
1490 1658 1761 1712 Christum
1806 1656 1943 1711 facta
1972 1665 2072 1711 est.

492 1762 663 1827 Nunc,
696 1760 798 1815 hoc
826 1767 908 1813 est
935 1756 989 1812 in
1022 1755 1308 1811 novissima
1356 1752 1538 1807 mundi
1568 1760 1749 1818 aetate,
1783 1760 1930 1806 tanto
1962 1766 2073 1806 me-

2184 544 2343 600 domo
2372 545 2534 600 David
2568 546 2894 615 temporibus
2938 546 3259 615 Jeroboam;
3293 564 3389 620 per
3429 550 3669 604 domum
3701 565 3809 605 auc

2184 648 2289 694 tem
2332 639 2488 708 Juda,
2533 640 2650 695 dum
2692 642 2880 705 tribus,
2914 641 3047 697 Juda
3079 652 3133 697 et
3164 644 3448 714 Benjamin
3478 659 3615 699 cum
3652 646 3799 703 trin

2182 732 2518 797 sacerdotali,
2568 749 2684 802 quae
2732 733 3075 789 adhaeserunt
3120 735 3300 790 domui
3345 735 3547 791 David.
3596 736 3783 793 Alliou

2183 834 2362 879 autem
2393 825 2660 880 intellectu
2694 841 2788 893 per
2818 836 3096 896 utramque
3134 828 3351 883 domum
3393 828 3677 885 debemus
3708 828 3785 883 iu-

2182 916 2422 986 telligere
2443 931 2629 972 omnes
2652 926 2754 972 tam
2786 933 2848 973 ex
2880 918 3079 973 ludatis
3104 934 3260 989 quam
3284 935 3348 975 ex
3379 920 3652 991 gentibus
3674 935 3789 974 ere-

2180 1009 2392 1075 dentes,
2425 1012 2513 1081 qui
2544 1011 2707 1067 Deum
2738 1021 2885 1068 recte
2916 1012 3243 1082 conﬁtendo,
3272 1014 3413 1084 quod
3447 1013 3790 1083 interpreta-

2180 1110 2267 1157 tur
2302 1101 2488 1169 Jutlas,
2528 1102 2642 1156 veri
2680 1101 2950 1169 Israelita,
2999 1104 3101 1159 hoc
3140 1113 3222 1159 est
3269 1105 3437 1159 Deum
3471 1113 3671 1159 mente
3714 1106 3790 1159 ri-

2180 1193 2370 1248 dentes
2411 1203 2555 1262 sunt,
2602 1194 2793 1263 quibus
2832 1195 2973 1251 Deus
3016 1197 3239 1265 perfecit
3277 1206 3439 1267 atque
3482 1197 3788 1266 complevit

2178 1286 2586 1343 Testamentum
2644 1302 2880 1354 novum,
2912 1290 3138 1359 gratiam
3192 1289 3398 1345 scilicet
3466 1289 3782 1362 Evangelii.

2180 1377 2582 1434 Testamentum
2627 1390 2805 1435 autem
2846 1395 3043 1435 novum
3071 1381 3283 1447 dicitur,
3314 1380 3381 1436 ad
3409 1380 3782 1436 differentiam

2180 1471 2398 1527 veteris.
2437 1471 2506 1527 Ut
2533 1487 2663 1528 vero
2694 1473 2851 1527 altius
2878 1472 3138 1540 dicamus,
3166 1483 3318 1530 vetus
3358 1474 3781 1549 Testamentum

2182 1566 2247 1622 ad
2271 1566 2372 1621 hoc
2392 1566 2611 1633 dicitur,
2635 1581 2701 1623 eo
2722 1566 2864 1637 quod
2892 1566 3162 1623 hominem
3188 1567 3242 1622 in
3267 1576 3550 1623 vetustate
3576 1570 3778 1639 peccati

2180 1658 2409 1729 positum
2440 1673 2635 1713 novum
2666 1658 2897 1715 reddere
2927 1675 3033 1715 non
3066 1661 3293 1717 valebat.
3320 1664 3389 1715 At
3410 1675 3555 1716 vero
3586 1676 3776 1715 novum

2179 1753 2580 1809 Testamentum
2611 1762 2692 1809 est
2740 1753 2963 1824 dictum,
3012 1768 3077 1810 eo
3121 1754 3262 1822 quod
3301 1763 3578 1819 veterem,
3617 1753 3671 1808 id
3704 1763 3779 1809 est

490 1853 592 1911 lius
646 1849 997 1907 ministerium
1053 1848 1272 1903 sortitus
1327 1853 1409 1899 est
1459 1842 1742 1899 sacerdotii
1789 1842 2063 1910 Christus,
2099 1834 2149 1894 B
2176 1852 2396 1916 peccato
2426 1844 2622 1900 veteris
2651 1844 2884 1901 hominis
2910 1844 3040 1900 Ade:
3061 1846 3539 1914 commaculatum,
3575 1860 3771 1901 novum

489 1960 647 2018 quam
677 1943 865 1999 fuisset
903 1938 1033 1995 illud
1072 1939 1263 2007 legale,
1297 1945 1496 2007 quanto
1535 1944 1590 1991 et
1628 1934 1864 1990 melioris
1904 1944 2069 1990 testa-

488 2040 653 2096 menti
702 2036 962 2092 mediator
1002 2042 1084 2089 est
1114 2049 1128 2086 :
1154 2039 1354 2103 quanto
1394 2029 1616 2085 meliora
1664 2037 1790 2085 sunt
1829 2028 2071 2085 coelestia

489 2130 737 2195 terrenis,
763 2138 963 2183 aeterna
1006 2122 1404 2195 temporalibus,
1439 2130 1588 2176 tanto
1628 2120 1867 2176 melioris
1899 2128 2069 2176 testa-

486 2221 655 2279 menti
680 2221 834 2276 dator
862 2227 943 2275 est
968 2217 1146 2285 Jesus,
1176 2224 1230 2272 et
1257 2224 1403 2271 tanto
1428 2213 1737 2271 melioribus
1760 2213 2070 2283 promissio-

485 2316 643 2371 nibus
683 2314 1053 2369 conﬁrmatum
1094 2319 1196 2366 est.
1252 2309 1397 2364 Istud
1449 2316 1825 2364 testamentum
1874 2308 2069 2363 etenim

487 2406 801 2478 temporalia
830 2420 892 2460 ac
917 2415 1127 2460 terrena
1155 2403 1518 2475 promittebat,
1551 2402 1739 2459 dicens
1764 2420 1775 2455 :
1803 2402 1858 2458 Si
1888 2402 2073 2459 volue-

486 2503 606 2558 ritis
647 2511 703 2557 et
744 2499 1020 2556 audieritis
1062 2514 1167 2563 me,
1218 2496 1357 2552 bona
1407 2503 1567 2552 terrae
1614 2494 1937 2561 comedetis;
1968 2502 2021 2549 et
2054 2512 2066 2548 :

486 2594 724 2650 Observa
770 2608 889 2664 quae
940 2590 1193 2662 praecipio
1234 2590 1350 2655 tibi,
1381 2598 1437 2644 ut
1480 2591 1555 2644 sis
1598 2589 1869 2659 longaevus
1911 2602 2072 2658 super

486 2694 715 2751 terram;
743 2693 1043 2754 caeteraque
1086 2682 1150 2739 iis
1188 2683 1380 2738 similia
1412 2682 1728 2752 promittens
1759 2681 2069 2749 temporalia

486 2788 645 2849 atque
671 2786 903 2835 terrena.
938 2777 1142 2832 Novum
1182 2791 1330 2843 vero,
1360 2775 1501 2846 quod
1536 2788 1631 2846 per
1660 2772 1931 2829 Christum
1973 2772 2070 2828 da-

487 2880 596 2926 tum
624 2880 725 2941 est,
762 2870 1025 2940 promittit
1064 2884 1126 2924 ac
1165 2868 1350 2923 tribuit
1386 2868 1623 2922 coelestia
1652 2875 1707 2921 et
1734 2873 1965 2932 terrena,
1994 2864 2072 2919 vi-

484 2971 698 3032 tamque
727 2963 1016 3032 perfectam
1048 2975 1143 3030 per
1180 2958 1405 3029 gratiam
1434 2958 1792 3029 baptismatis,
1826 2968 1879 3011 et
1911 2956 2069 3011 fidem

485 3054 769 3110 dominicae
817 3052 1100 3123 passionis,
1126 3060 1180 3107 et
1208 3050 1576 3105 remissionem
1610 3051 1846 3106 omnium
1876 3064 2067 3120 pecca-

485 3154 680 3202 torum.
711 3146 776 3202 Et
802 3162 815 3199 :
846 3146 946 3213 Qui
968 3142 1261 3200 crediderit
1283 3150 1336 3197 et
1356 3141 1654 3210 baptizatus
1684 3142 1863 3207 fuerit,
1889 3142 2070 3198 salvus

2176 1936 2376 1992 efﬁciat
2407 1936 2459 1991 in
2496 1936 2816 2006 baptismate
2847 1952 2941 2007 per
2972 1938 3130 1994 ﬁdem
3164 1938 3450 1994 dominica:
3481 1940 3770 2010 passionis,

2176 2027 2320 2098 quod
2372 2042 2479 2082 non
2525 2036 2609 2082 est
2650 2027 2828 2084 simile
2857 2028 3200 2085 Testamento
3232 2030 3436 2098 Veteri,
3472 2030 3628 2101 quod
3660 2030 3773 2086 fecit

2176 2136 2297 2177 cum
2331 2121 2570 2190 patribus
2599 2136 2809 2189 eorum,
2842 2123 2965 2192 quia
2996 2122 3126 2179 illud
3161 2133 3376 2179 terrena
3418 2124 3773 2195 promittebat

2175 2223 2238 2266 ac
2270 2211 2600 2280 temporalia,
2650 2222 2703 2267 et
2754 2214 3101 2283 praecipiebat
3140 2215 3398 2285 carnalia,
3453 2215 3607 2270 istud
3651 2231 3771 2271 vero

2176 2310 2379 2358 aeterna
2418 2312 2470 2359 et
2514 2304 2752 2360 coelestia
2806 2306 3087 2373 promittit,
3128 2309 3451 2378 prmcipiens
3484 2310 3765 2379 spiritalia.

2174 2395 2326 2465 Quod
2355 2410 2483 2451 vero
2513 2396 2668 2465 dixit,
2697 2396 2752 2451 ln
2787 2397 2874 2452 die
2900 2412 3005 2469 qua
3036 2399 3366 2468 apprehendi
3394 2415 3626 2455 manum
3657 2402 3769 2457 illo-

2174 2502 2314 2554 rum,
2349 2496 2407 2542 ut
2455 2487 2738 2543 educerem
2784 2503 2878 2544 eos
2929 2490 2996 2545 de
3044 2498 3185 2546 terra
3234 2490 3476 2561 (Egypti,
3516 2508 3763 2564 magnam

2173 2582 2594 2637 familiaritatem
2619 2598 2770 2637 suam
2797 2583 3139 2654 omnipotens
3161 2583 3302 2638 Deus
3321 2586 3584 2650 ostendit,
3610 2600 3761 2653 quam

2174 2674 2424 2732 exhibuit
2454 2676 2529 2730 illi
2562 2677 2759 2746 populo
2788 2694 2801 2729 :
2828 2692 2976 2733 more
3013 2680 3155 2733 enim
3198 2677 3483 2733 mulierum
3528 2678 3765 2749 loquitur

2175 2782 2353 2824 sermo
2391 2768 2627 2839 divinus,
2658 2785 2778 2841 qua:
2827 2770 3003 2826 solent
3052 2773 3393 2840 parvulorum
3442 2786 3644 2827 manus
3672 2786 3765 2841 apo

2173 2862 2530 2933 prehendere,
2561 2872 2614 2918 et
2646 2863 2957 2934 plerumque
2979 2862 3045 2917 ad
3074 2877 3133 2917 se
3162 2862 3476 2930 conducere,
3504 2863 3763 2931 plerum-

2173 2969 2277 3026 que
2303 2955 2465 3010 etiam
2489 2952 2591 3008 huc
2617 2955 2848 3025 illucque
2869 2953 3218 3010 sustentando
3248 2955 3354 3009 illos
3377 2967 3439 3008 ne
3463 2952 3750 3020 labantur,

2175 3056 2232 3102 ut
2264 3056 2385 3118 pote
2417 3050 2598 3102 ﬁrmos
2624 3062 2840 3118 gressus
2869 3047 3044 3102 adhuc
3084 3063 3190 3102 non
3229 3046 3490 3112 habentes,
3516 3046 3603 3100 sic
3625 3061 3757 3099 om-

2179 3143 2431 3214 nipotens
2460 3144 2618 3210 Deus,
2648 3157 2767 3199 cum
2798 3142 2887 3198 ille
2915 3143 3140 3215 populus
3169 3143 3380 3213 puerilis
3403 3157 3466 3196 ac
3492 3141 3761 3211 parvulus

483 3239 613 3304 erit;
641 3247 694 3293 et
724 3254 737 3291 :
767 3236 899 3305 Quia
927 3245 1081 3291 erunt
1112 3233 1269 3289 electi
1306 3232 1447 3287 sicut
1483 3233 1657 3303 angeli
1699 3232 1790 3288 Dei
1824 3233 1876 3287 in
1908 3232 2066 3289 coelo.
2097 3212 2146 3279 α
2178 3250 2341 3309 esset,
2376 3242 2495 3312 quia
2526 3257 2700 3312 neque
2732 3255 2944 3312 gressus
2973 3240 3127 3295 bona:
3157 3239 3477 3311 operationis
3500 3238 3758 3304 habebat,

483 3330 549 3387 Et
578 3330 792 3397 insuper
817 3328 959 3399 quod
989 3327 1163 3398 majus
1189 3334 1293 3393 est,
1315 3325 1457 3395 quod
1483 3325 1677 3381 dicitur
1698 3324 1749 3379 in
1774 3326 2068 3397 Evangelio

482 3421 705 3480 Joannis
731 3438 745 3475 :
769 3420 1036 3491 Quotqum
1060 3417 1276 3489 (inquit)
1304 3427 1623 3488 receperunt
1650 3432 1795 3483 eum,
1823 3417 1970 3472 dedit
1988 3417 2068 3474 eis

481 3524 804 3588 potestatem
851 3512 989 3567 ﬁlios
1032 3511 1130 3568 Dei
1169 3511 1304 3567 ﬁeri.
1350 3511 1493 3567 Ecce
1528 3510 1797 3580 quomodo
1834 3509 2066 3566 melioris

480 3607 786 3664 testamenti
816 3606 1081 3662 mediator
1116 3614 1171 3661 et
1214 3606 1370 3659 dator
1410 3611 1494 3659 est
1532 3601 1801 3669 Christus,
1838 3611 1893 3658 et
1929 3617 2067 3672 quo-

480 3699 641 3754 modo
692 3695 1003 3752 melioribus
1052 3694 1500 3765 promissionibus
1544 3694 1917 3749 confirmatum
1962 3704 2061 3751 est.

478 3789 537 3845 ln
565 3788 669 3843 hoc
694 3801 909 3858 quoque
945 3785 1138 3841 melius
1168 3785 1527 3840 sacerdotium
1556 3785 1777 3840 sortitus
1807 3793 1910 3855 est,
1943 3788 2065 3857 quia

480 3879 612 3936 illud
639 3878 1073 3946 fuittemporale,
1108 3877 1250 3931 istud
1279 3885 1561 3932 aeternum.
1604 3876 1735 3934 lllud
1778 3894 1885 3934 non
1918 3889 2065 3950 pote-

480 3983 565 4028 rat
601 3972 875 4026 hominem
914 3969 1228 4040 jttstificare,
1259 3985 1357 4026 nec
1399 3985 1621 4041 regnum
1663 3972 1925 4027 ccelorum
1956 3974 2066 4029 suis

480 4060 916 4119 observatoribus
946 4076 1214 4128 reserare;
1248 4062 1386 4119 istud
1418 4078 1548 4120 vero
1570 4072 1625 4120 et
1649 4064 1883 4134 perfecte
1904 4066 2065 4138 justi-

479 4156 605 4211 ﬁcat
640 4154 935 4221 hominem,
981 4154 1266 4227 statimque
1314 4172 1536 4226 regnum
1567 4158 1828 4214 caelorum
1864 4160 2061 4229 aperit.

476 4250 742 4309 Mediator
766 4259 941 4306 autem
975 4252 1281 4306 testamenti
1306 4251 1609 4322 appellatur
1642 4252 1916 4320 Dominus,
1939 4253 2062 4323 quia

476 4345 615 4401 sicut
644 4342 853 4416 Moyses
884 4342 1146 4399 mediator
1187 4342 1289 4398 fuit
1326 4343 1466 4400 inter
1507 4344 1671 4400 Deum
1701 4356 1754 4400 et
1786 4346 2059 4417 populum,

474 4435 636 4491 verba
667 4435 761 4491 Dei
788 4435 853 4489 ad
886 4435 1136 4505 populum
1168 4435 1431 4504 referens,
1463 4436 1765 4509 iterumque
1793 4440 1969 4510 populi
1993 4438 2061 4495 ad

478 4528 668 4591 Deum,
694 4527 765 4580 ita
805 4535 860 4581 et
885 4526 1128 4581 Christus
1156 4528 1319 4582 verba
1346 4528 1439 4583 Dei
1468 4528 1643 4585 Patris
1672 4531 1827 4586 nobis
1856 4534 2056 4601 retulit,

476 4620 776 4688 iterumque
805 4627 984 4673 nostra
1011 4619 1171 4673 refert
1205 4620 1269 4673 ad
1302 4620 1472 4676 illum.
1506 4622 1795 4679 Transiens
1826 4624 2057 4693 Aposto-

475 4714 558 4771 lus
591 4728 622 4769 a
662 4710 940 4767 sacerdote
977 4718 1031 4766 et
1066 4712 1351 4779 sacriﬁcio,
1396 4722 1522 4769 tunc
1560 4716 1773 4771 demum
1806 4727 1861 4773 et
1891 4728 2057 4775 testa-

476 4804 643 4865 menti
672 4803 1026 4860 differentiam
1054 4803 1199 4871 facit,
1228 4804 1412 4860 dicens
1442 4823 1453 4858 :
1491 4805 1631 4860 Nam
1661 4808 1706 4861 si
1732 4808 1869 4865 illud
1890 4813 2052 4880 prius.

474 4901 898 4958 Testamentum.
938 4897 1103 4969 Culpa
1147 4906 1406 4965 vacasset,
1462 4915 1562 4952 non
1608 4901 1780 4970 utique
1822 4907 2051 4960 secundi.

472 4991 825 5050 Testamenti.
858 4988 1022 5044 Locus
1050 4989 1405 5058 inquireretnr.
1439 4989 1549 5045 Hoc
1575 4999 1679 5058 est,
1720 4994 1765 5046 si
1805 4992 1935 5050 illud
1976 5004 2055 5053 te-

471 5101 793 5151 stamentum
816 5091 948 5162 legis
978 5098 1194 5160 peccata
1224 5100 1408 5160 posset
1440 5090 1672 5159 auferre,
1712 5102 1769 5149 ut
1796 5095 2051 5153 observa-

472 5198 616 5244 tores
643 5186 725 5243 sui
751 5184 1099 5253 inculpabiles
1130 5194 1330 5251 essent,
1358 5200 1462 5241 non
1490 5187 2051 5249 secundi’l‘estamenti

470 5282 619 5338 locus
666 5282 1076 5350 relinqueretur,
1111 5278 1204 5333 sed
1254 5280 1373 5349 quia
1419 5279 1550 5334 illttd
1598 5296 1701 5336 nou
1742 5282 1839 5339 fuit
1873 5287 2047 5353 perfe-

468 5384 635 5441 ctum,
666 5373 758 5427 illo
798 5372 1009 5427 sublato
1061 5371 1307 5424 iuventus
1336 5380 1417 5426 est
1466 5372 1616 5429 locus
1645 5384 1801 5445 aptus
1829 5379 2047 5433 secundi

464 5465 817 5523 Testamenti.
843 5464 1129 5533 Sequitur:
1155 5462 1453 5533 Vituperans
1476 5465 1610 5519 enim
1629 5483 1731 5521 eos.
1757 5468 1809 5521 ld
1824 5478 1924 5535 est,
1943 5485 2046 5526 non

465 5558 767 5629 approbatis
796 5558 985 5628 dignos
1013 5557 1058 5609 la
1074 5555 1185 5615 ide.
1220 5555 1378 5610 Dicit.
1409 5558 1508 5611 Per
1553 5560 1887 5629 prophetam.
1916 5563 2049 5617 Ecce

465 5653 573 5705 dies
602 5650 827 5717 veniunt,
856 5651 977 5703 dicit
1010 5648 1051 5702 ε
1062 5650 1282 5715 ominus,
1314 5659 1359 5703 et
1387 5653 1748 5705 consummabo
1777 5669 1928 5723 super
1957 5655 2046 5707 do-

462 5764 601 5803 mum
636 5745 820 5812 lsrael,
848 5757 895 5803 et
928 5764 1080 5816 super
1126 5747 1328 5801 domum
1357 5748 1519 5815 Juda,
1563 5756 1914 5804 testamentum
1953 5770 2045 5807 no-

464 5855 600 5898 rum.
620 5838 885 5907 Quantum
909 5839 974 5899 ad
996 5839 1227 5908 litteram
1251 5842 1503 5910 pertinet,
1528 5854 1620 5911 per
1638 5840 1853 5900 domum
1878 5844 2041 5904 Israel

2173 3349 2346 3405 neque
2372 3334 2760 3402 fortitudinem,
2794 3349 2898 3403 qua
2924 3348 2981 3390 se
3007 3344 3189 3405 posset
3219 3333 3509 3388 exsolvere
3538 3332 3610 3387 de
3636 3331 3759 3403 jugo

2172 3428 2612 3498 opprimentium,
2656 3429 2884 3484 tetendit
2926 3429 2975 3484 ei
3024 3442 3237 3483 manum
3279 3442 3457 3492 suam,
3506 3441 3758 3497 magnum

2170 3520 2420 3576 videlicet
2449 3520 2711 3575 auxilium
2760 3522 2976 3591 pietatis
3012 3535 3145 3587 sum,
3179 3530 3234 3576 et
3275 3519 3516 3576 extraxit
3543 3535 3670 3575 eum
3697 3520 3757 3573 de

2173 3614 2389 3671 fornace
2422 3614 2618 3680 ferrea,
2646 3613 2867 3670 trahens
2894 3614 2957 3669 ad
2981 3613 3337 3684 cognitionem
3368 3629 3550 3679 suam,
3572 3625 3629 3669 et
3655 3629 3757 3667 am-

2171 3706 2359 3777 plexus
2410 3707 2763 3776 gratissimos,
2809 3706 3073 3776 simulque
3111 3705 3383 3760 deducens
3424 3720 3526 3773 per
3566 3704 3754 3760 deserti

2173 3798 2503 3865 vastitatem,
2534 3797 2831 3853 introduxit
2862 3798 2914 3852 in
2942 3806 3138 3853 terram
3170 3795 3419 3852 omnibus
3452 3796 3753 3852 meliorem.

2169 3888 2276 3946 Sed
2304 3891 2427 3959 quia
2457 3904 2561 3943 non
2593 3898 3005 3960 permanserunt
3044 3889 3099 3945 in
3128 3898 3453 3945 testamento
3487 3890 3635 3959 ejus,
3668 3890 3758 3946 hoc

2169 3991 2271 4047 est,
2303 3996 2410 4036 non
2440 3992 2789 4037 servaverunt
2819 3983 2960 4053 quod
2993 3990 3314 4053 praeceptum
3346 3990 3433 4038 est
3464 3984 3548 4039 eis
3581 3984 3637 4039 in
3667 3982 3757 4038 Te-

2168 4082 2459 4140 stamento,
2508 4073 2743 4144 neglexit
2768 4088 2881 4141 eos,
2918 4075 3018 4131 hoc
3057 4084 3160 4144 est,
3193 4075 3399 4131 dimisit
3437 4091 3539 4132 eos
3572 4080 3658 4133 ire
3685 4091 3756 4131 se-

2167 4166 2398 4222 cundum
2418 4165 2685 4223 desideria
2706 4168 2883 4223 cordis
2900 4182 3106 4235 eorum,
3126 4168 3283 4238 juxta
3302 4168 3448 4238 quod
3478 4168 3755 4225 Psalmista

2166 4259 2327 4315 dixit.
2372 4259 2674 4314 Notandum
2717 4269 2893 4315 autem
2931 4261 3085 4331 quia,
3128 4274 3247 4315 cum
3297 4260 3537 4316 dixisset
3583 4273 3756 4315 sermo

2163 4351 2397 4421 divinus,
2426 4351 2705 4408 Perﬁciam
2729 4362 3126 4419 testamentum,
3155 4353 3359 4409 addidit
3384 4371 3396 4407 :
3422 4352 3556 4408 Non
3583 4370 3756 4409 secun-

2165 4446 2289 4501 dum
2327 4454 2683 4501 testamentum
2712 4448 2845 4516 quod
2889 4448 2985 4517 feci
3027 4464 3143 4502 cum
3183 4447 3415 4518 patribus
3445 4465 3657 4503 eorum.
3690 4448 3755 4503 Ne

2163 4536 2301 4594 forte
2349 4537 2517 4594 Judaei
2568 4547 2787 4608 possent
2833 4538 3151 4594 oblatrando
3193 4539 3376 4594 dicere
3416 4538 3552 4594 illud
3602 4549 3756 4595 testa-

2164 4640 2402 4688 mentum
2434 4630 2815 4686 destruendum
2847 4645 2989 4698 esse,
3017 4630 3085 4686 de
3114 4645 3218 4701 quo
3245 4630 3382 4685 dixit
3409 4630 3680 4701 Abrahae,
3707 4632 3753 4685 In

2163 4724 2370 4781 semine
2397 4734 2487 4780 tuo
2516 4723 2899 4780 benedicentur
2920 4738 3105 4780 omnes
3130 4732 3317 4793 gentes
3337 4764 3356 4792 ,
3383 4724 3633 4781 discrete
3654 4740 3756 4780 ms-

2161 4822 2433 4878 nifestavit
2458 4821 2526 4877 de
2555 4835 2661 4891 quo
2690 4820 3018 4890 loqueretur,
3053 4834 3173 4876 cum
3206 4819 3489 4875 subintulit
3527 4837 3542 4876 :
3576 4820 3656 4876 In
3684 4822 3756 4874 die

2158 4930 2259 4986 qua
2297 4914 2610 4984 apprehendi
2645 4929 2853 4966 manum
2889 4913 3130 4978 illorum,
3177 4922 3233 4966 ut
3268 4914 3535 4968 educerem
3576 4931 3672 4969 eos
3700 4916 3756 4968 de

2158 5018 2296 5062 terra
2327 5004 2568 5077 zEgypti,
2599 5007 2838 5077 quoniam
2866 5006 2966 5076 ipsi
3001 5022 3105 5060 non
3137 4986 3538 5079 permanserunt
3585 5010 3651 5061 in
3684 5018 3755 5062 te-

2155 5112 2404 5158 stamento
2446 5119 2577 5171 meo,
2615 5111 2663 5157 et
2699 5118 2790 5173 ego
2827 5101 3031 5173 neglexi
3073 5118 3177 5171 eos,
3210 5102 3333 5156 dicit
3365 5102 3655 5159 Dominus.
3685 5102 3756 5158 De

2154 5194 2272 5266 lege
2297 5196 2439 5252 enim
2472 5195 2573 5249 hoc
2602 5194 2763 5261 dixit,
2795 5209 2951 5264 quam
2979 5194 3421 5266 quinquagesima
3445 5196 3536 5251 die
3566 5211 3755 5267 egres-

2154 5284 2321 5341 sionis
2357 5286 2566 5341 illorum
2597 5286 2667 5341 de
2699 5295 2835 5341 terra
2866 5285 3082 5355 ZEgypti
3105 5287 3281 5341 datam
3311 5301 3433 5342 esse
3458 5298 3686 5344 constat
3705 5289 3753 5343 in

2152 5387 2334 5433 monte
2357 5378 2529 5446 Sinai,
2553 5379 2604 5432 in
2631 5394 2733 5448 qua
2758 5394 2864 5433 non
2890 5388 3300 5448 permanserunt
3326 5390 3510 5450 patres
3530 5397 3750 5449 eorum,

2150 5479 2245 5533 sed
2279 5478 2523 5533 fecerunt
2557 5477 2777 5533 vitulum
2810 5479 2860 5533 in
2891 5480 3050 5545 Oreb,
3095 5491 3149 5536 et
3197 5480 3582 5539 adoraverunt.
3616 5485 3748 5540 Nam

2151 5569 2279 5623 illud
2304 5570 2444 5639 quod
2488 5569 2689 5639 pepigit
2708 5585 2827 5625 cum
2861 5573 3150 5640 Abraham,
3180 5574 3233 5629 in
3261 5574 3476 5631 Christo
3506 5579 3749 5648 comple-

2149 5669 2257 5716 tum
2286 5671 2385 5725 est,
2412 5662 2461 5717 in
2494 5677 2599 5731 quo
2624 5664 3008 5723 benedicentur
3036 5682 3222 5723 omnes
3242 5678 3446 5737 gentes.
3484 5671 3624 5735 Quia
3655 5674 3749 5725 hoc

2145 5768 2220 5813 est
2243 5769 2593 5813 testamentum
2621 5760 2759 5829 quod
2781 5760 3044 5831 disponam
3070 5762 3242 5815 domui
3264 5760 3452 5817 Israel.
3477 5764 3747 5820 Omnibus

2144 5851 2352 5908 scilicet
2389 5852 2752 5912 credentibus.
2794 5852 2924 5912 Post
2971 5853 3079 5912 dies
3124 5854 3266 5929 illos,
3296 5856 3425 5916 dicit
3455 5857 3739 5927 Dominus,
