3968 6354
186 371 291 426 757
316 346 331 357 “

1040 379 1111 437 ΙΝ
1150 378 1530 437 EPISTOLAM
1572 378 1661 434 AD
1705 377 2046 440 ΙΙΕΒΠᾸΞΟΞ
2085 386 2611 450 COMMENTARIA.

3328 364 3337 370 ’
3358 404 3465 462 758

190 488 324 542 dabo
347 489 479 559 leges
506 507 643 548 meas
672 492 723 549 iu
746 501 909 551 mente
935 512 1132 563 eorum,
1165 508 1210 552 et
1247 499 1300 552 in
1337 498 1574 553 cordibus
1603 513 1780 554 eorum
1809 498 1861 560 Α
1887 510 2135 559 tustatcm
2180 506 2409 580 redegit,
2439 508 2553 565 sive
2584 517 2849 567 vetustum
2889 515 3125 571 ostendit
3167 516 3291 573 illud
3324 518 3464 587 quod

188 585 563 651 superscribam
602 602 687 641 eas
715 602 733 640 :
764 599 809 643 et
853 605 939 644 ero
979 591 1048 645 eis
1086 593 1138 644 in
1185 592 1371 660 Deum,
1414 602 1459 647 et
1500 593 1598 664 ipsi
1638 602 1785 649 erunt

189 673 317 725 mihi
344 674 396 726 in
424 678 695 745 populum.
728 677 794 732 Et
840 696 939 733 non
982 680 1178 735 docebit
1216 684 1564 754 unusquisque
1610 685 1786 753 proxi-

189 783 332 821 mum
352 785 525 835 suum,
555 782 603 824 et
631 773 974 844 unusquisque
1004 777 1217 844 fratrem
1238 793 1411 842 suum,
1444 778 1618 832 dicens
1647 777 1785 832 :Co-

189 875 377 930 guosce
407 859 707 930 Dominum,
749 866 990 933 quoniam
1023 882 1197 922 omnes
1234 868 1396 923 scient
1426 886 1503 924 me
1533 886 1563 923 a
1589 870 1787 941 majore

190 968 350 1023 usque
370 955 438 1008 ad
460 957 708 1011 minorem
736 974 911 1012 eorum
936 976 955 1015 :
977 961 1097 1030 quia
1138 962 1393 1032 propitius
1422 978 1510 1017 ero
1537 963 1786 1032 iniquita-

192 1044 329 1099 tibus
355 1062 550 1116 eorum,
595 1058 642 1103 et
684 1058 944 1118 peccatum
971 1067 1147 1106 eorum
1190 1070 1294 1108 non
1334 1055 1652 1109 memorabor
1678 1072 1789 1110 ant-

199 1137 360 1208 plius.
390 1139 577 1209 Magna
622 1140 873 1196 distantia
925 1142 1064 1198 inter
1106 1145 1274 1213 legem
1320 1154 1373 1200 et
1409 1146 1601 1215 legem,
1650 1146 1788 1202 inter

194 1232 516 1301 scripturam
542 1241 594 1287 et
623 1234 966 1303 scripturam,
994 1235 1134 1292 inter
1162 1237 1409 1293 doctores
1441 1237 1573 1308 legis
1601 1238 1788 1294 docto-

194 1337 388 1394 resque
430 1325 719 1394 Evangelii,
756 1326 896 1381 inter
938 1326 1169 1382 litteram
1202 1340 1252 1382 et
1284 1329 1507 1399 gratiam
1536 1329 1789 1399 spiritalis

197 1416 586 1489 intelligentiae.
630 1418 761 1473 Nam
806 1420 980 1475 littera
1010 1420 1143 1491 legis
1172 1421 1367 1488 scripta
1401 1432 1481 1476 est
1510 1422 1563 1476 in
1598 1422 1789 1478 tabulis

194 1510 440 1581 lapideis,
474 1512 641 1581 gratia
670 1520 845 1566 autem
878 1512 1131 1582 spiritalis
1162 1512 1530 1581 intelligentia:
1558 1513 1677 1567 data
1708 1521 1791 1568 est

197 1602 444 1659 ﬁdelibus
487 1619 585 1674 per
628 1602 883 1673 Spiritum
915 1612 1159 1659 sanctum
1198 1603 1251 1659 in
1291 1604 1475 1670 corde,
1511 1620 1607 1674 per
1630 1620 1789 1674 quem

197 1694 450 1766 Spiritum
474 1698 705 1753 cbaritas
737 1697 829 1753 Dei
851 1697 1044 1753 diti‘nsa
1072 1708 1153 1753 est
1177 1699 1227 1752 in
1253 1700 1506 1755 cordibus
1531 1700 1785 1754 ﬁdelium.

200 1789 314 1846 Hoc
340 1800 517 1847 autem
545 1790 685 1861 quod
713 1790 862 1856 dicit,
890 1790 1035 1845 Dabo
1062 1793 1204 1861 leges
1230 1806 1378 1847 meas
1408 1791 1459 1846 in
1491 1802 1669 1846 mente
1699 1806 1790 1847 eo-

1889 607 2000 653 erat
2032 600 2192 667 prius.
2228 600 2381 657 Unde
2412 614 2464 658 et
2496 606 2768 677 subjuugit
2799 624 2812 661 :
2847 610 2996 676 Quod
3023 621 3188 665 autent
3227 619 3443 682 antiqua

1889 700 1971 743 tur
1992 700 2040 744 et
2066 697 2298 759 senescit,
2330 712 2486 767 prope
2507 699 2768 752 interitum
2797 711 2888 755 est.
2914 703 3075 770 Quasi
3104 706 3326 772 diceret,
3351 707 3472 777 quis

1886 797 2066 840 sermo
2097 785 2312 843 divinus
2342 804 2437 859 per
2468 791 2566 846 hoc
2598 793 2735 860 qttod
2760 794 2913 861 dixit,
2947 795 3346 854 Testamentum
3379 815 3469 855 n0-

1888 892 2011 932 vum
2052 878 2310 945 futurum,
2342 883 2579 939 ostendit
2621 896 2888 942 vetustum
2930 905 3050 945 esse
3100 893 3266 961 prius.
3313 893 3476 949 Datur

1888 969 2059 1052 igitur
2096 972 2313 1042 intelligi
2360 976 2506 1046 quia,
2537 978 2582 1033 si
2628 980 2935 1051 antiquatur
2991 993 3043 1037 et
3082 994 3347 1041 vetustum
3395 995 3476 1043 est

1888 1065 2039 1132 prius
2056 1064 2556 1136 Testamentum,in
2586 1074 2828 1141 proximo
2846 1085 2929 1130 est
2952 1085 3004 1130 ut
3037 1079 3265 1134 intereat
3292 1081 3448 1135 ﬁnem

1889 1168 1995 1225 que
2035 1158 2279 1228 accipiat.
2330 1160 2441 1215 Hoc
2496 1177 2624 1219 vero
2671 1166 3073 1236 intelligendum
3126 1180 3209 1224 est
3261 1189 3363 1226 non
3410 1172 3476 1229 de

1891 1252 2173 1318 praeceptis
2200 1253 2321 1307 vitzc
2348 1269 2411 1309 ac
2442 1271 2675 1326 morum,
2702 1259 2754 1313 in
2782 1262 2975 1331 quibus
3006 1264 3086 1318 lex
3118 1280 3317 1325 manet.
3348 1281 3478 1319 cnn-

1892 1341 2120 1395 cordans
2153 1343 2205 1397 in
2240 1343 2547 1416 Evangelia,
2575 1351 2668 1404 sed
2703 1351 2768 1405 de
2799 1354 3063 1409 mandatis
3094 1357 3475 1413 sacriﬁciorum

1890 1434 2207 1490 carnalium.
2253 1436 2308 1491 In
2358 1441 2551 1507 quibus
2598 1442 2918 1500 adveniente
2963 1463 3119 1517 quem
3168 1454 3475 1518 praeﬁgura-

1890 1526 2039 1596 bant,
2074 1529 2232 1584 ﬁnem
2265 1544 2549 1601 acceptura
2577 1548 2691 1588 erat
2724 1536 2830 1591 lex.

1961 1624 2091 1679 CAP.
2126 1639 2199 1678 ιχ.
2228 1624 2427 1679 Habuit
2455 1629 2661 1696 quidem
2684 1639 2730 1683 et
2759 1632 2902 1701 prius
2933 1635 3329 1705 jttstiﬁcationes
3371 1635 3479 1688 cul-

1894 1724 2022 1769 tura:
2046 1724 2091 1770 et
2118 1727 2349 1770 sanctum
2372 1721 2635 1775 sreculare.
2671 1722 2821 1777 Prius
2850 1726 3479 1794 (inquit)'l'estan‘tenlum

1895 1807 2509 1877 habuitjustilicationes
2534 1813 2754 1866 cultura:
2783 1831 2795 1867 :
2825 1817 2950 1883 quia
2982 1834 3077 1886 per
3104 1818 3343 1873 divinum
3367 1820 3480 1873 eul-

196 1896 339 1947 rum,
367 1890 422 1937 et
459 1882 510 1936 in
552 1881 804 1936 cordibus
843 1895 1028 1936 eorum
1069 1883 1298 1938 scribam
1339 1898 1451 1951 eas,
1487 1884 1790 1953 specialiter

1897 1905 2007 1952 tum
2035 1898 2469 1968 justilicahantur
2502 1901 2746 1958 homines
2773 1919 2801 1957 a
2832 1881 3121 1962 levioribus
3152 1910 3342 1978 culpis.
3381 1910 3481 1963 lla-

196 1972 265 2029 ad
296 1973 395 2031 SS.
428 1975 695 2044 apostolos
733 1974 980 2041 pertinet,
1024 1975 1113 2043 qui
1159 1978 1383 2045 gratiam
1428 1975 1558 2029 Novi
1600 1975 1786 2030 Testa-

201 2066 367 2120 menti
416 2081 521 2121 non
569 2065 867 2120 habuerunt
908 2066 1160 2136 scriptam
1205 2067 1257 2121 in
1301 2066 1494 2122 tabulis
1535 2067 1782 2136 lapideis,

201 2170 375 2225 neque
404 2156 456 2211 in
490 2158 836 2223 membranis,
871 2157 966 2213 sed
1013 2158 1066 2213 in
1107 2136 1286 2214 nﬁnte
1314 2168 1367 2213 et
1394 2158 1645 2214 cordibus
1675 2160 1785 2215 suis

199 2248 457 2304 divinitus
500 2249 801 2312 habuerunt
829 2260 1120 2307 exaratam.
1154 2253 1391 2308 Primum
1433 2254 1649 2319 quidem
1691 2255 1788 2310 do-

198 2339 450 2401 minicam
481 2343 808 2411 passionem,
838 2343 1049 2412 quando
1077 2345 1237 2414 (sicut
1274 2344 1553 2398 Matthceus
1584 2344 1785 2416 narrat)

198 2433 446 2487 ascendit
474 2434 528 2487 in
560 2445 817 2500 monlem,
851 2435 1028 2504 ibique
1074 2449 1192 2489 cum
1228 2433 1307 2489 eis
1337 2435 1483 2489 illum
1518 2435 1786 2504 prolixum

199 2540 503 2585 sermonem
538 2526 721 2583 habuit
751 2527 839 2582 ubi
871 2527 1133 2584 institutio
1178 2528 1339 2584 totius
1370 2527 1620 2599 perfecta:
1661 2529 1787 2585 vitae

197 2620 524 2677 continetur.
555 2621 802 2678 Secundo
829 2638 957 2679 vero
980 2632 1101 2693 post
1131 2624 1579 2684 resurrectionem
1611 2639 1785 2691 suam,

199 2713 412 2784 quando
441 2714 602 2787 (sicut
628 2714 799 2771 Lucas
829 2718 1075 2787 testatur)
1111 2718 1324 2788 aperuit
1353 2716 1431 2772 eis
1459 2732 1697 2785 sensum,
1727 2725 1791 2775 ut

197 2804 561 2879 intelligerent
600 2809 778 2865 omnia
809 2826 927 2880 quae
970 2811 1165 2881 scripta
1194 2820 1347 2867 erant
1374 2812 1425 2867 in
1453 2816 1569 2881 lege
1598 2813 1784 2885 Moysi,

198 2906 253 2953 et
282 2898 575 2969 pr0phetis,
606 2910 662 2955 et
695 2901 917 2957 Psalmis
941 2902 1005 2957 de
1030 2905 1166 2974 ipso.
1194 2905 1394 2961 Deinde
1423 2922 1553 2961 vero
1580 2907 1791 2965 decimo

197 2990 289 3047 die
332 2994 661 3049 ascensionis
702 3009 815 3050 suae
858 2994 1068 3050 discunt
1096 2997 1349 3067 quidquid
1382 2998 1694 3053 mortalibus
1722 2999 1791 3055 de

198 3082 314 3139 Deo
350 3084 627 3140 sciendum
673 3094 807 3141 erat.
853 3086 1133 3154 Quomodo
1180 3099 1399 3159 possent
1445 3092 1790 3162 evangelista:

198 3184 346 3231 tanta
371 3178 624 3234 miracula
655 3193 718 3234 ac
748 3180 907 3234 verba
948 3181 1187 3237 ctelestia
1218 3192 1339 3250 post
1370 3181 1488 3251 ejus
1513 3184 1789 3240 ascensio-

1892 1991 2006 2046 buit
2051 2000 2107 2046 et
2151 2002 2394 2047 sanctum
2439 1996 2720 2060 saeculare,
2767 1998 2819 2049 in
2857 2013 2963 2067 quo
3002 2001 3182 2055 saeculi
3216 2002 3480 2071 homines,

1891 2084 1993 2140 hoc
2024 2094 2105 2140 est
2136 2087 2363 2156 gentiles
2402 2086 2469 2141 ad
2500 2087 2831 2143 Judaismum
2872 2100 3215 2147 transeuntes
3258 2096 3481 2163 recipie-

1889 2178 1981 2235 bat
2007 2196 2020 2233 :
2049 2190 2193 2249 patet
2215 2182 2377 2237 etiam
2403 2198 2507 2237 non
2536 2184 2707 2238 solum
2731 2184 2952 2254 Judaris,
2976 2188 3068 2242 sed
3098 2190 3258 2243 etiam
3292 2191 3483 2245 talibus

1894 2273 2197 2343 gentilibus.
2255 2274 2511 2330 Sanctum
2567 2292 2695 2347 ergo
2749 2279 3040 2345 Steculare,
3099 2281 3271 2336 locum
3328 2290 3485 2336 vocat

1890 2365 2148 2419 atriorum
2181 2364 2267 2418 ubi
2308 2365 2535 2435 gentiles
2568 2368 2783 2422 stabant
2825 2369 2891 2423 ad
2937 2372 3196 2425 orandum
3240 2384 3358 2441 post
3384 2372 3482 2428 .lu-

1891 2453 2056 2509 datos.
2091 2454 2499 2509 Tabernaculum
2526 2458 2662 2531 enim
2692 2459 2885 2527 factum
2916 2471 2987 2514 est
3028 2462 3269 2530 primunt,
3300 2466 3350 2516 in
3380 2481 3481 2533 quo

1890 2557 2033 2603 erant
2063 2548 2369 2602 candelabra
2413 2559 2462 2602 et
2499 2567 2690 2613 mensa,
2722 2560 2768 2604 et
2811 2553 3089 2622 propositio
3122 2570 3330 2623 panum,
3360 2572 3476 2626 qua:

1891 2651 2068 2698 sancta
2097 2642 2302 2696 dicitur.
2336 2642 2455 2717 l‘jon
2489 2645 2556 2698 de
2587 2644 2680 2697 illo
2718 2645 3065 2701 tabernaculo
3108 2646 3478 2717 disputaturus

1894 2734 1982 2791 hic
2008 2736 2320 2805 Apostolus,
2351 2736 2491 2806 quod
2524 2735 2735 2807 Moyses
2766 2735 2893 2791 fecit
2923 2739 2975 2792 in
3006 2752 3212 2807 eremo,
3249 2739 3333 2794 ubi
3367 2748 3485 2795 tan-

1895 2830 2170 2885 tummodo
2220 2844 2381 2884 unum
2423 2828 2806 2884 candelabrum
2852 2830 2950 2885 fuit
2984 2848 2999 2886 :
3029 2832 3124 2886 sed
3168 2833 3236 2888 de
3285 2832 3486 2903 templo

1894 2921 2038 2993 quod
2088 2931 2272 2990 postea
2322 2920 2576 2977 Salomon
2621 2920 2902 2977 aediﬁcavit
2943 2922 2995 2977 in
3033 2922 3353 2987 Jerusalem,
3392 2923 3484 2980 tibi

1894 3012 2111 3070 fuerunt
2152 3012 2303 3083 plura
2340 3012 2682 3067 candelabra.
2718 3012 2872 3070 Unde
2906 3014 3046 3085 quod
3089 3017 3313 3087 primum
3334 3015 3484 3081 dicit,

1894 3120 2002 3159 non
2029 3115 2107 3160 est
2132 3105 2473 3159 referendum
2501 3105 2566 3158 ad
2594 3116 2822 3175 tempus,
2848 3109 2941 3161 sed
2969 3107 3149 3176 potius
3169 3109 3235 3161 ad
3264 3108 3437 3162 locum
3466 3125 3478 3160 :

1896 3196 2025 3251 dicit
2058 3197 2199 3250 enim
2236 3196 2364 3251 illud
2397 3196 2651 3265 templum
2697 3198 3001 3253 Salomonis
3039 3199 3227 3254 beatus
3255 3199 3487 3269 Aposto-

194 3283 323 3324 nem
368 3271 625 3339 scribere,
676 3272 778 3337 nisi
828 3288 893 3328 ea
940 3274 991 3328 in
1035 3274 1278 3328 cordium
1313 3274 1505 3329 tabulis
1535 3276 1788 3333 divinitus
1814 3269 1861 3331 C
1894 3288 1976 3343 lus
2008 3286 2114 3341 duo
2142 3286 2519 3352 tabernacula;
2549 3295 2603 3342 et
2644 3288 2871 3356 primum
2911 3289 3124 3359 quidem
3164 3289 3481 3347 tabernae".

193 3370 416 3417 exarata
446 3364 742 3419 haberent?
771 3365 1036 3436 praecipue
1064 3364 1121 3419 Β.
1154 3365 1411 3433 Joannes,
1444 3370 1531 3438 qui
1559 3368 1626 3423 65
1648 3384 1789 3425 anno

197 3465 323 3523 post
353 3455 558 3511 Domini
595 3457 965 3514 ascensionem
1000 3457 1351 3529 Evangelium
1391 3460 1630 3532 scripsit,
1657 3478 1785 3533 quo‘

196 3547 363 3605 modo
390 3561 573 3619 posset
602 3558 804 3605 tantam
828 3548 1159 3607 divinitatem
1184 3551 1325 3606 illius
1350 3554 1611 3624 proferre,
1629 3568 1787 3624 quam

194 3640 317 3709 ipse
344 3642 600 3699 Dominus
631 3644 708 3699 eis
748 3644 985 3713 protulit,
1020 3646 1251 3701 maxime
1299 3653 1458 3702 nocte
1498 3662 1600 3717 qua
1641 3661 1788 3703 eom-

199 3734 498 3802 prehensus
526 3735 641 3791 est?
669 3735 775 3791 Nos
812 3744 990 3793 autem
1021 3738 1215 3807 partim
1258 3738 1312 3793 in
1351 3739 1627 3806 cordibus,
1670 3739 1788 3810 plc-

196 3829 324 3884 nius
350 3836 525 3883 autem
556 3829 609 3884 in
644 3829 969 3886 membranis
997 3832 1254 3902 scriptum
1289 3830 1572 3897 habemus,
1597 3832 1663 3887 ab
1686 3831 1788 3888 illis

197 3919 355 3977 nobis
403 3921 671 3990 relictum,
715 3931 773 3977 ut
824 3922 877 3977 in
924 3920 1007 3979 his
1055 3923 1366 3979 meditando
1411 3938 1785 3979 exerceamur.

200 4012 354 4079 Quod
407 4024 584 4069 autem
627 4012 903 4084 subjungit
946 4031 958 4065 :
994 4012 1113 4068 Non
1162 4014 1377 4070 docebit
1426 4016 1790 4084 unusquisque

199 4108 504 4176 proximum
534 4119 710 4171 suum,
742 4114 797 4161 et
836 4106 1202 4176 unusquisque
1244 4106 1466 4162 fratrem
1507 4121 1682 4173 suum,
1708 4106 1791 4159 di-

201 4211 331 4254 cens
353 4216 366 4253 :
390 4198 667 4271 Cognosce
706 4196 1014 4263 Dominum,
1056 4213 1161 4253 non
1186 4207 1268 4253 est
1296 4198 1360 4252 ad
1394 4213 1631 4268 prmsens
1655 4207 1791 4253 tem-

132 4319 135 4321 »
200 4307 302 4363 pus
349 4293 709 4361 referendum,
754 4294 842 4348 ubi
885 4292 1115 4348 invicem
1168 4291 1454 4359 docemur;
1504 4292 1624 4358 sed,
1653 4293 1791 4347 sicut

201 4386 332 4439 dicit
348 4385 405 4438 Β.
423 4385 771 4455 Augustinus,
787 4384 911 4439 dum
935 4385 1244 4454 loqueretur
1256 4385 1512 4453 pr0plteta
1528 4384 1791 4439 Jeremias

202 4478 269 4533 de
298 4477 471 4546 primo
514 4476 723 4532 Domini
764 4478 1017 4543 adventu,
1050 4476 1227 4531 subito
1268 4478 1531 4530 convertit
1575 4477 1788 4531 oculum

204 4570 401 4627 mentis
428 4569 495 4624 ad
523 4568 838 4638 secundum,
873 4577 995 4639 post
1036 4583 1193 4638 quem
1228 4583 1385 4624 nemo
1419 4567 1634 4625 docebit
1669 4584 1791 4639 pro-

203 4771 300 4813 ncs
332 4756 510 4825 electi,
543 4756 699 4826 positi
724 4756 777 4812 in
806 4756 923 4827 eius
952 4756 1426 4823 contemplatione,
1458 4756 1713 4812 videbunt
1736 4768 1791 4813 et

201 4859 533 4921 cognoscent
573 4851 725 4906 illum
765 4851 920 4906 sicuti
949 4862 1031 4907 est
1058 4870 1069 4904 :
1102 4867 1225 4906 nam
1258 4852 1311 4906 in
1349 4853 1598 4921 praesenti
1631 4852 1789 4924 (sicut

201 4946 460 5016 diximus)
487 4946 744 5001 docemur
776 4944 1027 5001 invicem.
1068 4944 1257 5000 Postea
1302 4954 1642 5015 peccatorum
1676 4945 1790 4999 illo-

202 5055 317 5095 rum
352 5054 459 5093 non
488 5040 591 5095 erit
633 5051 838 5093 memor
870 5055 883 5090 :
914 5038 1165 5108 quoniam
1196 5052 1382 5091 omnes
1409 5038 1692 5107 exspoliati
1723 5038 1789 5093 ab

200 5130 349 5185 omni
393 5129 525 5187 faece
565 5128 908 5185 mortalitatis
937 5138 991 5183 et
1028 5129 1387 5197 corruptionis
1416 5131 1656 5200 corporis
1688 5130 1790 5184 im-

202 5222 561 5278 mutabilitate
587 5232 747 5292 atque
775 5228 1016 5291 peccato,
1058 5221 1466 5276 resurrectionis
1498 5222 1667 5291 gloria
1698 5222 1793 5277 do-

200 5315 335 5381 nati,
386 5314 661 5387 fulgebunt
710 5317 846 5370 sicut
898 5314 1070 5385 angeli
1125 5313 1214 5367 Dei
1261 5315 1313 5368 in
1365 5316 1525 5370 etelo.
1561 5313 1794 5371 Dicenda

201 5420 371 5462 amem
396 5423 598 5475 novum,
630 5407 866 5462 veteravit
894 5407 1055 5479 prius.
1082 5405 1315 5462 Sumens
1335 5405 1624 5476 Apostolus
1658 5408 1792 5462 lidu-

201 5502 339 5554 ciam
374 5508 428 5555 et
456 5503 827 5555 auctoritatem
857 5515 921 5555 ex
962 5498 1123 5554 dictis
1163 5498 1507 5568 pr0plieticis,
1540 5499 1626 5553 ubi
1659 5501 1794 5555 dici-

205 5602 290 5645 tur
315 5608 328 5645 :
355 5591 752 5647 Consummabo
776 5599 1148 5646 testamentum
1173 5604 1369 5646 novum
1395 5604 1555 5660 super
1576 5593 1791 5649 domum

207 5685 389 5753 lsrael,
432 5685 665 5740 ostendit
704 5684 834 5741 illud
877 5684 987 5754 jam
1026 5684 1277 5753 liquidius
1325 5699 1445 5740 esse
1478 5686 1790 5742 ﬁniendum.

210 5777 425 5831 Dicente
473 5777 689 5846 (inquit)
735 5778 841 5830 Deo
889 5791 983 5846 per
1023 5776 1358 5846 prophetam,
1396 5777 1795 5835 Consummabo

208 5872 610 5929 Testamentum
642 5883 863 5939 novum,
891 5870 1153 5927 veteravit
1184 5869 1360 5943 prius:
1383 5870 1482 5928 hoc
1511 5881 1596 5929 est
1626 5874 1677 5929 in
1705 5889 1793 5935 ve-

1894 3379 2001 3434 lum
2025 3380 2257 3449 appellat
2275 3380 2418 3434 illam
2441 3390 2645 3448 partem
2671 3382 2855 3449 templi
2879 3383 2966 3437 ubi
2990 3390 3145 3437 erant
3165 3383 3483 3439 candelabra

1894 3479 1947 3527 et
1988 3486 2174 3526 mensa
2221 3485 2383 3540 super
2413 3487 2569 3542 quam
2626 3472 2961 3543 ponebantur
3005 3474 3287 3529 duodecim
3321 3490 3485 3544 panes

1893 3561 2080 3627 calidi,
2126 3576 2221 3618 sex
2270 3561 2413 3627 hinc,
2445 3571 2498 3619 et
2543 3577 2640 3619 sex
2681 3564 2838 3631 inde;
2870 3574 2924 3621 et
2964 3580 3127 3635 super
3172 3581 3337 3637 panes
3364 3568 3484 3623 duae

1897 3664 2101 3726 patera:
2134 3671 2309 3711 aurea:
2356 3656 2528 3725 plentc
2562 3657 2743 3723 thure,
2778 3673 2877 3712 una
2922 3657 3045 3713 hinc
3073 3668 3129 3714 et
3158 3660 3304 3725 hinc,
3331 3669 3386 3715 et
3410 3660 3488 3715 al-

1894 3756 2007 3802 tera
2039 3747 2185 3816 inde,
2213 3757 2476 3819 erantque
2504 3749 2575 3803 ibi
2599 3764 2628 3803 a
2654 3748 2876 3805 sabbato
2898 3766 3065 3819 usque
3091 3752 3156 3806 ad
3180 3752 3483 3808 sabbatum.

1893 3843 2021 3897 Erat
2046 3841 2207 3898 etiam
2250 3842 2323 3897 ibi
2352 3842 2524 3897 altare
2562 3858 2805 3908 aureum,
2835 3845 2920 3899 ubi
2950 3844 3273 3901 offerebatur
3304 3848 3485 3901 incen-

1891 3950 2009 3991 sum
2046 3935 2408 4006 thymiamatis
2432 3950 2590 3990 mane
2637 3945 2691 3990 et
2733 3949 2955 4005 veSperc
2983 3954 2996 3991 :
3028 3952 3150 3993 cum
3190 3954 3291 4009 qua
3337 3947 3486 4008 parte

1894 4027 2079 4097 templi
2137 4028 2544 4097 comprehendit
2601 4028 2768 4083 altare
2826 4029 3291 4096 holocaustorum,
3341 4034 3485 4101 quod

1894 4131 2012 4177 erat
2048 4121 2147 4175 sub
2193 4122 2315 4175 divo
2357 4132 2481 4174 ante
2524 4118 2667 4174 fores
2700 4122 2880 4187 templi
2926 4122 3159 4191 Domini,
3197 4126 3247 4178 in
3277 4140 3383 4193 quo
3410 4134 3488 4179 ta-

1894 4212 2184 4268 bernaculo
2216 4212 2364 4267 licite
2398 4210 2837 4281 ingrediebantur
2869 4213 3178 4267 sacerdotes
3215 4224 3270 4269 et
3299 4217 3487 4285 reliqui

1896 4304 2125 4358 ministri
2176 4304 2438 4373 quotidie.
2491 4300 2796 4355 Secundum
2850 4312 3029 4354 autem
3083 4304 3488 4360 tabernaculum

1896 4396 2008 4449 vult
2037 4394 2262 4464 intelligi
2301 4403 2485 4448 sancta
2525 4400 2856 4457 sanctorum,
2900 4391 3046 4444 illam
3086 4392 3335 4447 videlicet
3369 4410 3491 4465 par-

1899 4498 2005 4542 tem
2045 4486 2226 4554 templi
2282 4500 2402 4555 quae
2450 4483 2789 4538 di\'idl'billlll'
2823 4483 3023 4552 pariete
3058 4484 3128 4539 20
3159 4485 3483 4556 cubitorum,

1858 4634 1871 4641 ,
1897 4590 1951 4637 et
1979 4581 2099 4636 velo
2124 4579 2265 4650 quod
2295 4577 2560 4648 pendebat
2586 4585 2713 4631 ante
2743 4575 3021 4646 parietem,
3053 4578 3140 4631 ubi
3166 4578 3489 4637 intrinsecus

204 4663 407 4717 simum
437 4676 612 4728 suum,
642 4670 699 4717 ut
726 4670 1013 4732 cognoscat
1037 4661 1318 4716 Dominum
1351 4678 1365 4717 :
1393 4663 1645 4731 quoniam
1674 4678 1790 4717 om-
1817 4659 1872 4719 D

1896 4686 2011 4732 erat
2039 4689 2161 4729 arca
2192 4673 2356 4744 Moysi
2388 4673 2669 4725 continens
2713 4669 2765 4723 in
2810 4684 2869 4725 se
2904 4670 3109 4724 tabulas
3146 4672 3302 4739 legis,
3327 4684 3379 4727 et
3404 4690 3490 4727 ur—

1898 4787 2018 4827 nam
2046 4785 2260 4825 auream
2304 4768 2354 4823 in
2392 4782 2494 4836 qua
2538 4772 2653 4821 erat
2694 4780 2915 4831 manna,
2950 4764 3094 4834 virga
3139 4781 3349 4836 quoque
3384 4775 3488 4821 Aa-

1896 4880 1993 4920 ron
2023 4878 2143 4935 qua:
2171 4860 2483 4917 fronduerat
2507 4877 2519 4910 :
2549 4858 2662 4928 ipsa
2689 4868 2867 4911 autem
2894 4859 3051 4927 plano
3075 4858 3351 4913 schemate
3374 4871 3490 4914 erat

1897 4959 2057 5023 facta,
2100 4959 2326 5026 ideoque
2375 4968 2539 5021 super
2581 4952 2723 5005 illam
2772 4960 2887 5006 erat
2936 4949 3108 5003 tabula
3152 4966 3337 5019 aurea,
3372 4969 3487 5020 qun

1898 5050 2266 5121 appellabatur
2305 5044 2750 5115 propitiatorium.
2783 5059 2849 5097 eo
2887 5041 3026 5109 quod
3077 5039 3200 5095 inde
3247 5041 3487 5109 lnquere-

1904 5155 1988 5199 tur
2021 5142 2274 5196 Dominus
2322 5136 2489 5208 Moysi
2528 5146 2583 5192 et
2614 5133 3002 5190 sacerdotibus.
3036 5133 3101 5186 Et
3129 5148 3290 5201 super
3318 5135 3485 5200 ip~aiu

1900 5251 2079 5291 arcam
2112 5240 2267 5289 erant
2304 5230 2408 5285 duo
2446 5228 2743 5294 cherubim,
2778 5228 2864 5297 qui
2912 5227 3007 5280 alis
3052 5228 3162 5279 suis
3203 5227 3491 5278 oliunthta-

1899 5326 2027 5382 baut
2057 5325 2291 5379 tabulam
2320 5321 2695 5392 propitiatorii,
2732 5318 3006 5387 versisque
3040 5317 3273 5372 vultibus
3308 5322 3483 5385 reSpi-

1899 5418 2114 5474 ciebant
2145 5416 2197 5470 in
2230 5414 2679 5484 propitiatorium.
2718 5410 2775 5465 In
2809 5409 2947 5464 istud
2988 5409 3280 5464 secundum
3315 5411 3491 5464 tabi-r-

1900 5507 2170 5571 naculum,
2206 5505 2309 5558 hoc
2339 5511 2421 5557 est
2458 5501 2509 5556 in
2535 5501 2728 5557 Sancta
2760 5508 3089 5565 sanctorum,
3125 5513 3285 5553 nemo
3313 5499 3489 5569 ingre-

1902 5600 2169 5664 diebatur,
2202 5597 2303 5650 nisi
2333 5596 2479 5650 solus
2509 5592 2747 5663 pontifex
2779 5592 2944 5646 semel
2982 5594 3034 5646 in
3063 5607 3223 5647 anno.
3252 5595 3489 5662 Accepto

1903 5692 2161 5762 sanguine
2189 5692 2242 5744 in
2273 5692 2491 5742 vasculo
2521 5686 2919 5756 ingrediebatur
2947 5684 3085 5739 intra
3118 5696 3368 5741 oraturus
3396 5704 3491 5757 pro

1904 5787 2123 5857 populo,
2152 5784 2376 5853 septima
2403 5780 2610 5835 decima
2643 5778 2890 5834 videlicet
2918 5779 3002 5833 die
3031 5782 3244 5848 septimi
3282 5794 3312 5835 a
3344 5780 3491 5835 festi-

1904 5880 2068 5937 vitate
2092 5874 2348 5949 paschali,
2375 5887 2495 5949 qua:
2526 5871 2642 5929 dies
2672 5870 2885 5945 quidem
2911 5871 3279 5944 appellabatur
3304 5871 3492 5944 Pr0pi-
