3968 6354
490 442 593 501 739

1610 433 1905 491 PRIMASII
1946 428 2390 489 ADRUMETANI
2432 432 2640 491 EPlSC.

3670 438 3781 493 τι)

490 558 745 616 tiationis.
793 558 849 615 In
899 556 1190 614 crastinum
1228 561 1405 611 autem
1449 553 1767 623 sequebatur
1798 549 2059 607 festivitas
2086 546 2139 606 Δ
2166 558 2286 605 aute
2326 550 2475 621 cujus
2524 552 2685 606 etiam
2732 551 2873 606 fores
2913 560 3027 607 erat
3073 552 3239 607 altare
3280 552 3775 608 holocaustorum.

488 651 992 707 Tabernaculorum.
1017 648 1338 719 Spiritalitcr
1364 656 1537 701 autem
1571 648 1635 701 ad
1670 645 1798 700 illud
1832 645 2061 715 primum

488 743 911 809 tabernaculum,
942 742 1030 796 ubi
1068 740 1374 795 sacerdotes
1416 739 1559 794 licite
1605 737 2059 809 ingrediebantur,

487 845 681 891 statum
714 836 985 906 praesentis
1016 833 1272 890 Ecclesiae
1314 833 1598 903 signiﬁcat,
1636 831 1721 886 ubi
1760 841 1883 886 sunt
1913 831 2061 899 plura

486 929 821 993 candelabra,
855 927 1020 982 sancti
1054 926 1302 981 videlicet
1333 924 1726 995 prmdicatores,
1757 924 1843 991 qui
1878 921 1977 975 sibi
2009 930 2063 976 et

490 1020 605 1072 aliis
654 1019 828 1073 lucent
876 1019 1040 1073 verbo
1084 1026 1141 1073 et
1177 1016 1453 1085 exemplis.
1490 1014 1584 1069 Vel
1625 1014 1783 1068 etiam
1823 1012 1909 1067 ubi
1940 1020 2063 1066 sunt

486 1112 621 1165 dona
662 1111 887 1181 Spiritus
931 1109 1119 1176 Sancti,
1160 1110 1353 1181 quibus
1402 1109 1636 1163 ﬁdelium
1666 1107 1829 1162 corda
1859 1106 2059 1162 illumi-

489 1210 701 1266 n'antur,
735 1202 820 1270 qui
856 1216 947 1270 per
979 1200 1135 1255 ﬁdem
1168 1201 1220 1255 in
1256 1199 1493 1254 Ecclesia
1531 1199 1847 1252 consistunt.
1886 1198 1981 1252 Est
2010 1204 2062 1253 et

485 1308 668 1348 mensa
716 1293 829 1362 Dei,
878 1295 1125 1349 videlicet
1175 1294 1470 1363 Scriptura,
1511 1292 1578 1347 de
1625 1307 1730 1362 qua
1781 1291 2059 1346 Psalmista

486 1384 608 1439 dicit
634 1404 646 1438 :
674 1385 879 1441 Parasti
911 1389 961 1441 in
990 1397 1277 1456 conspectu
1313 1401 1432 1440 meo
1461 1400 1721 1440 mensam.
1752 1385 1847 1438 Est
1868 1394 1919 1439 et
1940 1398 2064 1455 pro-

485 1477 676 1543 positio
709 1492 902 1543 panum
944 1476 995 1531 in
1036 1492 1237 1543 mensa,
1272 1477 1574 1531 intellectus
1602 1475 1852 1531 videlicet
1892 1489 2062 1531 sacrm

483 1568 796 1639 Scriptura},
827 1584 931 1640 quo
961 1569 1197 1639 quotidie
1239 1569 1550 1624 reﬁciuntur
1581 1570 1772 1623 animae
1802 1566 2056 1621 ﬁdelium.

486 1661 775 1715 Possumus
800 1671 852 1716 et
884 1676 1074 1731 panem
1108 1662 1405 1732 intelligere
1440 1677 1631 1731 corpus
1662 1671 1712 1715 et
1750 1661 2060 1728 sanguinem

484 1751 717 1819 Domini,
746 1752 887 1823 quod
919 1755 969 1807 in
998 1753 1220 1809 ecclesia
1248 1764 1614 1809 consecratur.
1664 1752 1783 1807 Post
1815 1753 2062 1807 relamen-

487 1858 593 1899 tum
630 1856 798 1899 autem
847 1847 1123 1901 secundum
1173 1848 1553 1901 tabernaculum
1592 1855 1663 1901 est
1700 1847 1836 1918 quod
1877 1848 2062 1900 dicitur

2169 640 2381 710 Semper
2408 644 2683 699 introibant
2710 645 2997 700 sacerdotes
3026 647 3398 713 sacriﬁciorum
3429 648 3609 717 spiris
3641 664 3777 701 ron-

2164 745 2494 791 summantes.
2520 737 2635 792 Non
2664 746 2743 792 est
2767 738 2835 793 ita
2860 736 3285 808 intelligendum,
3307 741 3450 809 quod
3478 743 3530 796 in
3560 744 3775 811 tempto

2165 839 2325 897 super
2354 827 2519 883 altare
2548 830 2747 885 incensi
2780 830 2981 885 hostias
3007 832 3260 888 ollerrcnt
3300 844 3389 889 aut
3413 835 3492 889 ibi
3527 836 3773 904 periec-

2165 928 2282 972 rent
2316 920 2578 975 sacriﬁcia
2611 921 2977 988 victimarum;
3022 924 3115 979 sed
3156 927 3329 993 potius
3356 928 3767 983 sacriﬁciorum

2165 1011 2342 1068 ofﬁcia
2371 1029 2653 1083 possumus
2674 1016 2917 1084 accipere
2940 1017 3234 1084 incensum,
3259 1020 3322 1074 ad
3350 1021 3495 1090 quod
3524 1022 3771 1077 οσετεηο

2165 1105 2289 1161 dum
2318 1121 2531 1176 semper
2558 1108 2989 1178 ingrediebantur
3036 1110 3344 1166 sacerdotes
3386 1128 3558 1167 mane
3585 1123 3643 1166 et
3679 1130 3770 1168 ve-

2165 1212 2352 1266 spere;
2383 1199 2492 1255 sive
2537 1211 2908 1255 consummato
2956 1211 3011 1258 et
3056 1203 3291 1271 perfecto
3326 1205 3608 1260 sacriﬁcio
3641 1219 3769 1263 ante

2166 1288 2419 1357 templum
2466 1290 2520 1345 in
2562 1291 2715 1345 altari
2756 1292 3187 1350 boloeaustorum
3228 1309 3446 1365 semper
3478 1299 3764 1367 ingredie-

2165 1379 2355 1435 bantur
2401 1382 2453 1436 in
2507 1383 2760 1453 templum
2805 1398 2925 1439 cum
2978 1386 3216 1441 incenso.
3260 1388 3443 1443 Potest
3491 1399 3549 1444 et
3606 1394 3763 1446 tertio

2165 1472 2325 1527 modo
2346 1473 2591 1543 intelligi,
2610 1483 2691 1540 ut,
2713 1475 2850 1530 sicut
2866 1478 3109 1546 superius
3132 1477 3383 1545 diximus,
3402 1494 3531 1534 cum
3555 1484 3762 1552 templo

2165 1563 2332 1619 altare
2360 1564 2518 1619 etiam
2563 1564 2996 1623 bolocaustorum
3036 1569 3528 1638 comprehenderit,
3557 1589 3629 1627 ac
3672 1591 3761 1642 per

2165 1654 2266 1710 hoc
2296 1671 2323 1709 a
2352 1666 2503 1727 parte
2533 1665 2699 1714 totum
2725 1660 2894 1715 voluit
2929 1662 3384 1731 comprehendere
3413 1681 3429 1720 :
3464 1676 3758 1735 utrumque

2164 1756 2338 1802 tamen
2372 1764 2468 1817 pro
2495 1764 2621 1805 vero
2647 1752 2813 1820 accipi
2858 1762 3054 1821 potest.
3088 1752 3153 1807 In
3184 1755 3277 1808 lioc
3312 1757 3543 1809 secundo
3589 1768 3757 1812 autem

2162 1842 2314 1896 semel
2356 1842 2410 1895 in
2438 1859 2571 1897 anno
2600 1844 2737 1897 solus
2775 1845 3004 1913 pontifex
3042 1862 3141 1900 non
3176 1848 3285 1899 sine
3316 1848 3575 1918 sanguine
3612 1866 3756 1918 qm

487 1936 681 1991 Sancta
706 1947 1019 2002 sanctorum,
1046 1954 1257 1991 aureum
1295 1937 1481 1992 habens
1527 1936 1867 2003 thuribnlum,
1896 1946 1943 1992 et
1972 1955 2058 1992 arv
2090 1941 2135 2000 B
2161 1930 2364 1997 Olferret
2392 1949 2483 2001 pro
2534 1949 2626 1987 sua
2663 1942 2711 1988 et
2749 1935 2924 2005 pepuli
2962 1936 3274 2005 ignorantia.
3318 1936 3640 1993 Secundum
3684 1950 3753 1993 ta:

484 2045 597 2083 cam
628 2031 909 2085 testamenti
957 2031 1336 2085 circumtextum
1379 2047 1443 2084 ea:
1481 2032 1621 2084 omni
1652 2040 1797 2101 parte
1826 2047 1974 2095 auro,
2008 2031 2060 2084 in

485 2137 583 2187 qua
622 2138 751 2176 urna
780 2139 958 2190 aurea,
999 2120 1189 2177 habens
1226 2139 1433 2189 manna,
1474 2134 1519 2177 et
1562 2124 1702 2194 virga
1747 2124 1919 2177 Aaron
1948 2140 2061 2194 qua:

484 2214 806 2284 fronduerat,
836 2225 881 2269 et
904 2214 1089 2268 tabula:
1116 2215 1415 2269 testamenti.
1440 2214 1515 2269 De
1548 2214 1628 2269 his
1654 2215 1896 2284 singulis,
1928 2230 2061 2286 quo-

484 2306 643 2360 modo
667 2317 723 2361 et
750 2306 978 2376 qualiter
1005 2314 1187 2361 essent
1216 2306 1477 2373 ordinata,
1506 2307 1794 2361 secundum
1828 2307 2058 2363 litteram

484 2397 644 2464 paulo
673 2397 916 2465 superius
939 2397 1263 2451 elucidatum
1297 2406 1380 2451 est
1407 2415 1418 2449 :
1452 2408 1775 2468 quapropter
1799 2400 2058 2469 spiritalia

484 2488 739 2556 mysteria
770 2488 1065 2543 videamus.
1109 2488 1474 2544 Velameutum
1508 2501 1625 2560 post
1660 2492 1801 2560 quod
1831 2501 1946 2547 erat
1976 2502 2057 2546 ta-

483 2575 852 2643 bernaculum,
896 2578 1037 2648 quod
1086 2579 1453 2651 appellabatur
1505 2579 1699 2637 Sancta
1750 2592 2057 2639 sanctorum

487 2682 642 2722 causa
688 2683 796 2723 sua:
837 2670 1110 2740 dignitatis
1139 2671 1303 2741 (sicut
1346 2672 1562 2728 Cantica
1604 2675 1955 2747 canticorum)
1987 2678 2058 2731 si-

484 2760 701 2830 gniﬁcat
728 2762 946 2828 ctelum,
990 2773 1109 2833 post
1145 2765 1282 2835 quod
1315 2766 1454 2820 Deus
1497 2766 1547 2820 in
1590 2767 1842 2823 interiora
1875 2770 2057 2838 patria:

485 2855 740 2910 ccelcstis.
792 2855 1012 2912 Elevato
1052 2858 1169 2912 velo
1214 2858 1609 2928 ingrediebatur
1656 2861 1890 2930 pontifex
1935 2876 2055 2916 cum

486 2947 743 3016 sanguine
771 2947 824 3001 in
852 2948 1047 3003 Sancta
1077 2959 1381 3005 sanctorum
1418 2961 1664 3006 oraturus
1695 2967 1791 3023 pro
1817 2952 2010 3023 p0pulo
2040 2972 2052 3005 :

486 3050 539 3095 et
570 3040 825 3096 Dominus
857 3042 1099 3099 Pontifex
1133 3053 1314 3099 noster
1341 3060 1460 3100 cum
1503 3045 1762 3117 sanguine
1794 3046 2056 3118 passionis

479 3144 610 3198 suae,
659 3131 841 3186 eadem
871 3133 1117 3202 passione
1145 3144 1355 3205 peracta
1400 3146 1636 3191 reserato
1670 3137 1827 3205 coelo,
1862 3136 2055 3193 Sancta

482 3232 783 3276 sanctorum
835 3226 1163 3293 penetravit,
1211 3226 1299 3281 ubi
1358 3228 1571 3284 assidue
1622 3229 1788 3284 Deum
1841 3229 2053 3284 Patrem

2160 2026 2532 2093 bernaculum,
2575 2027 2625 2081 in
2665 2027 2803 2095 quod
2843 2028 2994 2082 solus
3034 2029 3271 2098 pontifex
3309 2044 3434 2085 cum
3489 2035 3753 2099 sanguine

2161 2116 2558 2187 ingrediebatur
2586 2118 2847 2187 signiﬁcat
2880 2119 3131 2173 interiora
3156 2119 3342 2189 patrias
3370 2120 3638 2175 caelestis.
3668 2122 3753 2177 Ille

2162 2222 2289 2264 vero
2314 2208 2549 2277 pontifex
2572 2209 2813 2278 designat
2839 2210 3132 2277 Christum,
3157 2213 3246 2281 qui
3273 2213 3441 2269 semel
3475 2213 3751 2283 ingressus

2160 2310 2242 2355 est
2261 2302 2454 2356 Sancta
2492 2312 2798 2356 sanctorum
2841 2302 2980 2356 intra
3019 2304 3189 2357 velum
3230 2301 3447 2372 impleta
3492 2307 3746 2374 passione

2161 2408 2254 2447 sua
2298 2408 2311 2446 :
2354 2402 2411 2447 ut
2449 2392 2662 2447 assistat
2702 2407 2838 2447 nunc
2876 2394 3043 2448 vultui
3082 2393 3175 2448 Dei
3216 2409 3312 2462 pro
3352 2398 3512 2451 nobis
3559 2413 3745 2466 orans,

2163 2501 2268 2542 non
2310 2501 2405 2555 pro
2442 2487 2585 2555 suis,
2640 2486 2734 2541 sed
2776 2501 2871 2554 pro
2913 2490 3108 2542 nostris
3144 2485 3374 2542 delictis.
3451 2487 3569 2544 Nisi
3615 2490 3747 2547 forte

2160 2581 2369 2636 dicatur
2396 2595 2551 2635 orare
2581 2595 2675 2651 pro
2703 2580 2834 2645 suis,
2877 2589 3091 2650 propter
3116 2582 3551 2639 communionem
3584 2598 3743 2653 quam

2162 2672 2320 2731 habet
2356 2688 2475 2729 cum
2516 2687 2740 2744 corpore
2777 2687 2905 2737 suo,
2947 2672 3085 2743 quod
3122 2680 3204 2728 est
3242 2673 3482 2729 Ecclesia
3524 2693 3539 2729 :
3605 2676 3746 2731 unde

2159 2766 2287 2821 dicit
2316 2766 2367 2821 in
2393 2766 2641 2834 passione
2669 2783 2679 2818 :
2709 2765 2849 2820 Deus
2880 2778 3049 2827 mens,
3084 2764 3224 2820 Deus
3254 2780 3425 2832 meus,
3456 2781 3629 2835 quare
3660 2782 3746 2823 me

2159 2857 2534 2928 dereliquisti‘t
2574 2857 2756 2928 Longe
2793 2872 2821 2911 a
2853 2860 3024 2912 salute
3063 2871 3181 2911 mea
3222 2858 3379 2912 verba
3418 2858 3745 2914 delictorum

2161 2964 2421 3004 meorum.
2464 2950 2592 3017 Qtne
2616 2957 2738 3003 sunt
2762 2949 2902 3004 enim
2931 2948 3092 3003 verba
3119 2948 3433 3014 delictorum,
3466 2949 3570 3004 nisi
3602 2964 3735 3005 cor—

2160 3047 2302 3115 poris
2330 3044 2465 3115 ejus,
2490 3046 2626 3115 quod
2655 3060 2752 3101 nos
2778 3045 2994 3100 sumus?
3020 3047 3132 3116 ipse
3158 3046 3292 3103 enim
3316 3056 3582 3115 peccatum
3611 3062 3728 3103 non

2163 3138 2306 3204 fecit,
2342 3154 2439 3194 nec
2467 3138 2623 3193 dolus
2652 3140 2897 3193 inventus
2927 3147 3008 3195 est
3036 3139 3086 3193 in
3117 3153 3213 3194 ore
3240 3138 3369 3207 ejus.
3396 3137 3505 3191 Hoc
3531 3138 3742 3208 signiﬁ-

2159 3240 2303 3286 cante
2332 3232 2529 3303 Spiritu
2565 3240 2739 3285 sancto
2778 3231 3003 3286 nondum
3042 3232 3363 3301 propalatam
3392 3248 3501 3285 esse
3536 3242 3742 3286 sancto-

480 3321 665 3366 exorat
686 3328 784 3383 pro
810 3315 983 3371 nobis.
1017 3315 1073 3371 ln
1102 3316 1314 3373 Sanetis
1342 3329 1646 3375 sanctorum
1671 3331 1785 3376 erat
1808 3321 2047 3376 thuribu-
2079 3327 2126 3392 (ζ
2159 3340 2271 3377 rum
2300 3325 2452 3378 viam.
2495 3322 2548 3377 ld
2576 3332 2678 3389 est,
2720 3324 2818 3378 hoc
2856 3322 3187 3393 significante
3219 3324 3417 3393 Spiritu
3455 3336 3650 3381 sancto
3674 3326 3737 3381 ad

480 3407 611 3473 lum,
644 3410 765 3479 quia
792 3410 1038 3467 Christus
1068 3414 1121 3468 in
1151 3417 1371 3471 secretis
1417 3419 1601 3487 patriae
1648 3419 1883 3474 caelestis
1927 3435 2058 3475 con-

478 3499 639 3566 sistit,
670 3516 764 3571 per
790 3518 948 3573 quem
987 3506 1258 3562 orationes
1284 3518 1515 3567 nostras
1541 3509 1609 3563 ad
1642 3509 1807 3565 Deum
1843 3511 2054 3567 Patrem

478 3590 774 3661 dirigimus.
824 3596 963 3649 Area
1019 3599 1321 3653 testamenti
1376 3601 1727 3656 circumtexta
1786 3617 1851 3657 ex
1908 3602 2054 3657 omni

477 3695 628 3754 parte
650 3700 801 3751 auro,
825 3702 950 3742 caro
971 3698 1050 3743 est
1076 3690 1287 3745 Domini
1314 3692 1628 3759 Salvatoris,
1653 3694 1741 3763 qui
1765 3703 1948 3750 auctor
1972 3704 2055 3751 est

479 3776 756 3846 utriusque
797 3781 1123 3846 testamenti,
1151 3790 1206 3837 et
1242 3782 1330 3851 qui
1376 3783 1600 3839 interius
1646 3784 1832 3853 plenus
1861 3786 2055 3842 divini-

480 3875 603 3931 tate,
631 3869 864 3922 exterius
898 3870 1191 3940 refulgebat
1222 3874 1418 3931 virtute
1445 3876 1821 3934 miraculorum
1857 3881 2051 3936 verbo-

476 3973 699 4026 rumque
738 3960 1057 4016 cmlestium.
1103 3964 1156 4019 lu
1200 3980 1332 4021 auro
1362 3969 1500 4024 solet
1534 3970 1748 4027 claritas
1788 3975 2051 4030 sermonis

477 4046 771 4117 designari,
801 4052 940 4107 sicut
966 4052 1237 4125 Sapientia
1261 4057 1389 4115 dicit
1430 4079 1442 4114 :
1486 4060 1815 4135 Concupisce
1842 4068 2051 4137 sapien-

478 4140 601 4194 tiam
634 4142 771 4198 sicut
797 4160 1004 4201 aurum.
1042 4147 1180 4205 Urna
1221 4166 1379 4207 aurea
1414 4154 1615 4211 habens
1647 4174 1863 4225 manna,
1891 4160 2049 4217 Chri-

473 4240 588 4287 stus
615 4246 716 4304 eSI,
746 4236 798 4291 in
828 4254 934 4308 quo
966 4256 1154 4296 manna
1178 4243 1470 4301 divinitatis
1492 4258 1593 4317 est,
1620 4250 1710 4321 qui
1738 4252 1870 4307 dixit
1898 4270 1913 4310 :
1938 4255 2049 4325 Ego

471 4340 587 4380 sum
622 4329 769 4397 panis
798 4332 971 4399 vivus,
999 4333 1088 4403 qui
1117 4334 1183 4389 de
1209 4336 1347 4391 coelo
1377 4338 1644 4395 descendi.
1682 4342 1839 4413 Virga
1866 4344 2045 4400 Aaron

468 4433 587 4487 qua:
628 4418 955 4489 fronduerat,
989 4426 1327 4482 sacerdotum
1376 4428 1625 4499 dignitas,
1667 4450 1786 4503 qua:
1830 4451 2045 4504 semper

469 4510 622 4565 ﬁeret
653 4513 703 4567 in
734 4516 971 4585 Christo,
1023 4520 1136 4574 sive
1172 4523 1407 4591 potentia
1456 4524 1751 4596 imperialis
1781 4536 1882 4584 est.
1916 4529 2045 4585 Duae

473 4603 662 4660 tabulae
695 4609 995 4664 testamenti
1024 4610 1077 4665 in
1101 4626 1223 4668 arca
1254 4615 1359 4669 duo
1395 4626 1518 4671 sunt
1559 4627 1872 4674 testamenta
1914 4634 2046 4677 con-

2161 3416 2402 3489 Moysen,
2446 3415 2678 3471 nondum
2716 3416 2929 3472 venisse
2954 3416 3244 3482 Christum,
3285 3417 3376 3485 qui
3412 3419 3585 3473 semel
3623 3433 3738 3475 cum

2159 3512 2417 3581 sanguine
2460 3510 2722 3582 passionis
2763 3527 2873 3567 sua:
2931 3513 3303 3582 ingrederetur
3345 3512 3617 3568 calorum
3654 3528 3737 3569 se-

2158 3614 2321 3658 creta.
2364 3604 2522 3671 Quasi
2559 3604 2758 3660 direret
2789 3604 2905 3659 aliis
2936 3605 3139 3671 verbis,
3172 3605 3294 3660 ldeo
3323 3606 3475 3660 solus
3506 3605 3737 3676 pontifex

2158 3690 2293 3748 cum
2318 3696 2574 3765 sanguine
2614 3695 2843 3750 intrabat
2878 3696 3043 3751 semel
3084 3697 3134 3751 in
3166 3698 3360 3751 Sancta
3401 3708 3730 3765 sanctorum,

2158 3795 2215 3840 ut
2245 3786 2531 3853 discamus,
2563 3788 2683 3858 quia
2713 3788 2932 3844 cmleste
2966 3803 3183 3857 regnum
3216 3788 3601 3844 inaccessibile
3628 3796 3733 3843 erat

2156 3877 2329 3933 adhuc
2357 3880 2689 3946 mortalibus,
2735 3880 3078 3950 quoadusque
3120 3880 3326 3935 veniret
3347 3880 3625 3947 Christus,
3654 3881 3737 3952 qui

2156 3972 2363 4040 expleta
2396 3971 2639 4040 passione
2670 3973 2901 4042 aperiret
2932 3971 3083 4027 nobis
3105 3972 3322 4043 ianuam
3352 3975 3544 4041 patria:
3574 3963 3738 4029 celeJ

2154 4062 2272 4129 stis,
2304 4072 2541 4117 reserato
2578 4062 2716 4128 velo,
2756 4063 2807 4117 id
2834 4070 2915 4121 est
2941 4063 3121 4120 cmlo:
3155 4063 3389 4119 nondum
3423 4065 3571 4120 enim
3627 4080 3736 4119 ma-

2155 4152 2346 4209 nifesta
2390 4163 2503 4210 erat
2549 4164 2855 4209 sanctorum
2890 4156 3005 4223 via,
3044 4154 3374 4227 ingrediendi
3415 4156 3470 4210 in
3513 4160 3738 4227 patriam

2153 4253 2457 4319 caelestem;
2490 4253 2603 4308 sive
2640 4268 2746 4309 non
2789 4254 3119 4310 manifestata
3159 4255 3515 4326 intelligentia
3557 4274 3573 4312 :
3617 4258 3736 4327 quia

2152 4346 2468 4415 ignorabant
2496 4347 2739 4403 homines
2766 4348 2893 4419 quid
2916 4350 3279 4421 signiﬁcarent
3321 4352 3413 4406 illa
3455 4356 3735 4423 mysteria.

2151 4438 2260 4494 Nec
2286 4449 2527 4509 putemus
2555 4439 2681 4495 illuc
2700 4456 2797 4495 nos
2828 4455 2932 4495 non
2958 4455 3112 4511 posse
3140 4441 3367 4511 ingredi,
3390 4445 3517 4513 quia
3555 4444 3736 4513 ponti-

2153 4532 2237 4587 fex
2262 4540 2444 4588 noster
2472 4532 2616 4603 prior
2642 4533 2911 4603 ingressus
2941 4543 3023 4589 est
3054 4552 3067 4588 ί
3104 4534 3218 4604 ipse
3247 4551 3479 4604 namque
3510 4536 3647 4591 dicit
3677 4536 3737 4591 ad

2150 4625 2363 4681 Patrem
2387 4642 2402 4680 :
2426 4626 2602 4691 Pater,
2632 4626 2772 4691 volo,
2802 4626 2891 4680 ubi
2927 4641 3025 4697 ego
3064 4642 3205 4696 sum,
3246 4636 3299 4682 et
3337 4628 3425 4682 isti
3465 4629 3580 4682 sint
3624 4644 3736 4684 me-

468 4697 728 4753 sistentia.
762 4700 1009 4771 Sequitur
1035 4721 1046 4756 :
1077 4704 1245 4776 Super
1272 4726 1385 4779 quae
1412 4719 1577 4763 erant.
1611 4712 1724 4767 Hoc
1746 4722 1848 4779 est,
1881 4730 2042 4784 super
2070 4729 2126 4791 Ι)
2150 4732 2291 4773 cum.
2335 4718 2400 4772 Et
2437 4718 2559 4773 alibi
2586 4733 2600 4771 :
2630 4716 2727 4773 Ubi
2757 4732 2856 4789 ego
2884 4733 3025 4786 sum,
3067 4719 3172 4773 illic
3205 4730 3256 4774 et
3296 4720 3543 4775 minister
3587 4734 3739 4776 meus

467 4807 664 4849 arcam.
701 4793 953 4852 Cherubin
1001 4801 1178 4871 gloriae
1222 4804 1572 4858 obumbrantia
1603 4806 2038 4876 propitiatorium.

470 4882 583 4937 Duo
604 4883 859 4942 cherubin
893 4892 1119 4960 tegentia
1153 4894 1292 4964 (quae
1324 4895 1741 4966 interpretantur
1767 4896 2041 4969 plenitudo

465 4980 725 5054 scientiae)
758 4983 862 5041 duo
901 4996 1025 5045 sunt
1070 4996 1407 5059 testamenta,
1441 4991 1494 5047 in
1534 4992 1725 5062 quibus
1766 4994 2043 5063 plenitudo

463 5082 543 5125 est
574 5075 829 5143 scientiae,
860 5093 978 5148 qua:
1007 5088 1189 5149 tegunt
1214 5080 1503 5149 Christum,
1535 5085 1627 5153 qui
1669 5094 1750 5140 est
1779 5085 2040 5156 propitia-

462 5166 533 5220 tiu
562 5184 655 5237 pro
686 5172 918 5241 peccatis
951 5192 964 5225 :
991 5174 1111 5244 quia
1142 5175 1193 5229 in
1224 5175 1400 5233 divina
1446 5177 1719 5249 Scriptura
1760 5181 1909 5236 latet.
1963 5181 2039 5236 De

459 5268 639 5335 quibus
661 5272 910 5327 omnibus.
942 5274 1078 5341 Quid
1112 5278 1350 5347 mysterii
1375 5279 1427 5333 in
1452 5293 1512 5334 se
1536 5279 1786 5335 habeant.
1816 5282 1938 5337 Non
1966 5291 2040 5336 est

459 5361 610 5415 modo
641 5365 915 5421 dicendum
966 5385 1054 5439 per
1094 5370 1316 5439 singula.
1358 5371 1623 5427 Fortassis
1654 5373 1772 5429 ideo
1802 5374 2037 5442 reticuit,

460 5456 578 5523 quia
628 5460 806 5515 multis
847 5461 1181 5519 sermonibus
1233 5478 1367 5534 opus
1419 5464 1687 5519 habebant
1720 5483 1733 5521 :
1766 5465 1877 5519 sive
1914 5466 2038 5535 quia

459 5545 683 5603 necdum
724 5560 878 5609 erant
924 5568 1145 5621 capaces
1190 5558 1366 5610 omnia
1411 5563 1646 5624 portare.
1686 5554 1782 5609 liis
1811 5572 1930 5611 vero
1964 5558 2038 5611 ita

457 5640 763 5707 compositis.
815 5644 877 5696 Et
923 5644 1206 5712 ordinatis,
1248 5662 1366 5716 qua:
1408 5645 1638 5700 diximus
1681 5661 1800 5701 esse
1844 5656 1947 5701 tam
1982 5649 2033 5703 in

458 5730 627 5797 primo
679 5734 1018 5792 tabernaculo
1064 5754 1218 5807 quam
1268 5739 1321 5792 in
1371 5738 1651 5794 secundo:
1689 5738 1788 5794 hoc
1827 5749 1930 5807 est,
1976 5740 2032 5795 in

452 5822 643 5881 Sancta
676 5834 1001 5883 sanctorum.
1032 5828 1096 5883 In
1126 5832 1289 5901 priori
1312 5832 1517 5902 quidem
1544 5830 1889 5902 tabernaculo,
1926 5833 2027 5889 hoc

452 5930 482 5971 ο
517 5925 533 5969 ι
562 5918 611 5971 iu
642 5918 729 5972 illa
766 5928 912 5989 parte
952 5920 1137 5987 templi
1170 5921 1259 5977 ubi
1285 5931 1341 5976 et
1367 5922 1537 5979 altare
1576 5926 1779 5989 incensi
1808 5942 1942 6000 erat,
1973 5944 2031 5991 et

2150 4811 2272 4865 erit.
2315 4811 2381 4865 Et.
2417 4812 2535 4881 quia
2577 4810 2749 4865 adhuc
2792 4810 3047 4880 templum
3086 4812 3290 4877 stabat,
3331 4819 3547 4881 quando
3596 4816 3739 4883 Apo-

2145 4902 2314 4958 stolus
2354 4901 2452 4957 ism
2491 4902 2823 4971 loquebatur,
2868 4912 2921 4957 et
2961 4918 3181 4958 munera
3220 4903 3429 4973 legalia,
3484 4904 3738 4974 quamvis

2146 4995 2263 5052 sine
2292 5011 2475 5061 causa,
2508 4996 2577 5051 ibi
2609 4996 2992 5063 offerebantur,
3028 4997 3149 5052 ideo
3176 4997 3471 5067 Subiunxit,
3502 4998 3736 5054 dicens:

2143 5090 2323 5144 Adhuc
2347 5091 2514 5159 priore
2554 5088 2874 5143 tabernaculo
2914 5090 3122 5146 habente
3146 5100 3337 5145 statum
3366 5106 3385 5146 :
3410 5108 3545 5161 quas.
3597 5092 3736 5147 Sub-

2142 5182 2263 5237 audi
2295 5197 2399 5237 res.
2431 5180 2691 5236 Parabola
2719 5190 2811 5235 est.
2882 5182 2991 5236 lloc
3019 5192 3101 5237 est
3133 5182 3298 5251 ﬁgura
3324 5192 3379 5237 et
3406 5183 3733 5238 similitudo.

2149 5274 2412 5344 Temporis
2441 5276 2695 5329 instantis.
2737 5274 2859 5329 Sive
2900 5274 3177 5344 praesentis
3208 5292 3219 5327 :
3256 5274 3399 5345 quod
3430 5277 3579 5330 enim
3614 5293 3739 5347 age-

2144 5368 2300 5424 batur
2331 5370 2380 5425 iu
2412 5370 2609 5440 templo
2640 5380 2761 5423 tunc
2794 5367 3078 5437 temporis,
3109 5367 3272 5438 ﬁgura
3310 5379 3428 5422 erat
3457 5377 3512 5422 et
3538 5369 3739 5423 simili-

2144 5460 2274 5515 tudo
2313 5460 2463 5515 istius
2490 5460 2731 5517 veritatis
2788 5475 2903 5530 qure
2932 5461 3091 5515 etiam
3132 5459 3184 5514 in
3212 5460 3451 5515 Ecclesia
3493 5461 3739 5528 comple-

2142 5550 2316 5605 batur.
2345 5550 2598 5621 Sequitur
2624 5568 2635 5604 :
2665 5548 2824 5604 Juxta
2852 5566 3024 5621 quam.
3058 5549 3384 5606 Subauditur
3411 5550 3733 5620 parabolam

2141 5643 2254 5697 sive
2282 5642 2524 5713 ﬁguram.
2568 5644 2782 5698 Munera
2808 5654 2854 5698 et
2880 5644 3057 5697 hostia:
3086 5642 3394 5710 offeruntur.
3434 5642 3631 5698 Adhuc
3664 5640 3733 5697 ibi

2143 5751 2172 5790 a
2198 5736 2582 5791 sacerdotibus.
2628 5737 2775 5803 ρηω.
2817 5738 3055 5803 Munera,
3092 5737 3173 5791 vel
3204 5736 3414 5789 hostiae.
3448 5734 3571 5788 Non
3602 5751 3730 5804 pos-

2138 5842 2254 5885 sunt
2292 5832 2565 5901 perfectum
2603 5833 2770 5901 facere
2806 5835 3099 5886 servientem
3129 5834 3286 5902 juxta
3335 5829 3727 5883 conscientiam.

2141 5922 2477 5978 Conscientia
2510 5924 2702 5979 dicitur
2728 5924 2903 5980 cordis
2934 5923 3181 5990 scientia,
3219 5936 3311 5991 per
3339 5936 3498 5992 quam
3527 5919 3728 5977 intelli-
