3968 6354
180 322 281 386 7M

1037 345 1102 403 lN
1142 332 1529 407 ertsromu
1571 350 1661 407 sn
1701 350 2039 415 uesanos
2078 345 2597 421 eorumnum;

3336 361 3440 434 ἠεξ

176 448 321 516 gitur
357 462 508 506 mens
546 449 794 511 hominis.
840 450 933 513 Illa
971 458 1215 532 (,inquit)
1256 476 1479 518 munera
1517 466 1752 521 carnalia
1780 471 1832 530 Α
1860 480 2101 539 pontem,
2144 474 2196 528 id
2236 485 2316 530 est
2354 477 2489 532 viam
2528 477 2748 546 justitim
2786 479 2851 535 ad
2898 483 3120 552 patriam
3161 485 3435 546 cmlestem

178 555 287 595 non
314 550 560 610 poterant
590 548 880 615 perfectum
921 553 1147 609 reddere
1184 555 1508 611 servientem
1552 559 1604 610 in
1644 558 1761 627 lege

177 631 511 701 perfectione
558 638 787 705 mentis,
828 641 949 711 quia
984 658 1089 699 non
1128 645 1375 700 valebant
1414 656 1645 703 mentem
1680 649 1763 719 ju-

173 724 433 794 stilicare,
456 727 583 784 dum
612 745 719 786 non
752 734 1005 791 tollebant
1032 748 1248 807 peccata
1282 757 1293 792 ι
1324 741 1591 797 neminem
1616 745 1758 798 enim

176 814 245 869 ad
279 816 570 884 perfectum
601 821 821 883 adduxit
850 825 967 892 lex,
998 829 1093 883 sed
1124 830 1176 883 in
1204 830 1397 900 quibus
1426 846 1489 886 ex
1521 835 1760 891 maxima

176 913 329 973 parte
356 908 631 965 inundatio
658 912 791 983 legis
822 919 1121 989 constabat,
1154 921 1545 989 subsequenter
1574 935 1759 981 esten.

174 993 280 1059 dit,
321 996 567 1067 inquiens
617 1019 629 1057 :
674 1002 1011 1062 Solummodo
1049 1010 1103 1063 in
1139 1011 1262 1065 cibis
1285 1052 1301 1078 ,
1341 1020 1391 1067 et
1428 1014 1481 1067 in
1519 1016 1717 1082 potibus
1738 1058 1755 1085 ,

179 1093 225 1140 st
260 1088 413 1145 uariis
461 1090 868 1162 baptismatibus,
914 1106 961 1151 et
1001 1099 1208 1167 iustitiis
1251 1103 1440 1157 carnis.
1499 1105 1757 1174 Subaudi,

182 1176 460 1237 videbatur
502 1184 795 1253 perfectum
843 1186 1019 1244 facere
1064 1192 1411 1248 servientem.
1479 1192 1652 1264 Usque
1688 1196 1758 1251 ad

182 1277 377 1340 tempus
403 1274 747 1335 correctionis.
792 1277 845 1331 Id
878 1290 959 1334 est
999 1282 1385 1340 melioratiouis
1424 1295 1477 1341 et
1505 1287 1759 1343 emenda,

182 1361 359 1423 tionis.
412 1363 697 1436 Impositis.
751 1370 867 1426 istis
901 1370 1123 1441 justitiis
1160 1376 1353 1429 carnis.
1406 1376 1497 1431 liae
1535 1376 1758 1447 justitia

180 1458 423 1514 carnales
453 1459 505 1515 in
529 1461 827 1519 differentia
855 1465 1118 1533 ciborum,
1147 1475 1203 1522 et
1230 1476 1469 1536 potuum,
1499 1483 1562 1522 ac
1584 1469 1760 1524 vario-

179 1566 293 1607 rum
324 1552 722 1624 baptismatum,
748 1557 860 1614 sive
886 1559 1231 1627 lavationum,
1262 1577 1428 1631 usque
1453 1562 1519 1617 ad
1550 1570 1757 1632 tempus

177 1641 427 1701 dominici
456 1646 718 1705 adventus
754 1649 1017 1720 impositae
1044 1652 1276 1717 fuerunt,
1306 1654 1444 1711 sicut
1470 1664 1523 1711 et
1553 1655 1758 1726 reliqua

174 1751 295 1805 qua:
325 1739 378 1794 in
404 1740 568 1810 ﬁgura
596 1743 887 1811 agebantur
912 1762 926 1801 :
952 1745 1178 1802 Domino
1203 1755 1384 1802 autem
1414 1748 1751 1817 adveniente,

1862 563 2183 619 ascendendi
2224 566 2379 622 nobis
2416 570 2735 624 exhibuerit.
2779 572 2893 627 Alia
2938 577 3213 631 translatio
3254 579 3434 649 habet,

1860 651 2107 708 Christus
2143 656 2437 713 adveniens
2475 658 2716 715 Pontifex
2758 661 3053 720 futurorum
3098 684 3110 719 :
3154 668 3253 723 nisi
3293 670 3436 725 enim
3510 686 3513 689 '

1860 745 2203 815 advenisset,
2255 764 2586 819 nequaquam
2629 755 2801 809 futura
2842 756 2975 811 bona
3015 760 3168 816 nobis
3207 762 3435 818 adinini-

1860 847 2101 905 strasset,
2134 856 2304 911 neque
2342 845 2616 900 assisteret
2653 848 2819 902 vultui
2855 851 2943 904 Dei
2987 866 3081 920 pro
3121 855 3292 910 nobis.
3336 856 3437 912 No-

1859 930 2078 984 tandum
2120 934 2243 1011 quia
2286 950 2391 989 non
2430 936 2561 992 dixit
2600 940 2917 1009 simpliciter
2956 944 3241 1013 Apostolus
3282 949 3431 1006 illum

1860 1023 2131 1089 assistere,
2174 1026 2266 1080 sed
2312 1044 2403 1095 per
2443 1031 2837 1088 tabernaculum
2869 1051 2882 1089 :
2910 1051 3038 1093 usus
3077 1040 3240 1094 etiam
3278 1055 3433 1095 com-

1861 1113 2099 1180 parativo
2134 1115 2325 1183 gradu,
2367 1117 2551 1174 dicens
2584 1138 2597 1174 :
2628 1124 2865 1191 Amplius
2903 1136 2958 1181 et
2997 1127 3324 1195 perfectius:
3356 1138 3437 1185 ta-

1860 1202 2203 1261 bernaculum
2240 1216 2417 1264 autem
2462 1227 2555 1276 per
2581 1216 2721 1282 quod
2761 1217 2962 1272 assistit
2988 1221 3097 1275 Deo
3129 1221 3297 1289 Patri,
3339 1223 3437 1277 hu-

1861 1294 2087 1349 manitas
2119 1297 2259 1352 illius
2284 1316 2294 1353 :
2322 1302 2572 1369 quoniam
2596 1304 2696 1360 nisi
2721 1306 2883 1363 homo
2905 1309 3075 1378 fleret,
3103 1327 3431 1386 nequaquam

1860 1384 1971 1440 Deo
2000 1384 2142 1442 Patri
2171 1391 2429 1448 assistere
2453 1404 2654 1463 posset.
2686 1398 3109 1459 Tabernaculum
3133 1384 3435 1475 ergo,ﬁcor-

1859 1488 1958 1544 pus
1982 1477 2194 1534 Domini
2222 1483 2453 1551 amplius
2480 1496 2562 1540 est
2593 1488 2935 1545 tabernaculo
2960 1494 3151 1565 Moysi,
3182 1497 3433 1552 taberna-

1856 1568 1979 1623 culo
1999 1584 2211 1639 quoque
2230 1573 2531 1630 Salomonis
2554 1592 2569 1634 ;
2595 1577 2718 1646 quia
2752 1580 2841 1634 illa
2867 1583 3111 1638 manibus
3134 1587 3429 1642 carnalium

1857 1657 2134 1719 hominum
2162 1662 2295 1718 facta
2320 1676 2445 1720 sunt
2470 1684 2482 1719 :
2518 1668 2619 1723 hoc
2644 1684 2771 1726 vero
2802 1672 2939 1729 intra
2969 1684 3179 1731 uterum
3215 1679 3436 1749 virginis

1858 1751 1975 1809 sine
2020 1755 2227 1810 semine
2257 1756 2376 1822 viri,
2425 1758 2584 1813 totius
2615 1762 2888 1819 Trinitatis
2938 1782 3100 1835 opere
3144 1770 3431 1840 efflgiatum

174 1840 434 1887 correctae
465 1843 610 1900 sunt,
645 1835 745 1891 hoc
772 1846 855 1891 est
890 1839 1210 1907 emendatae,
1241 1849 1293 1896 et
1332 1841 1386 1895 in
1414 1843 1603 1897 melius
1641 1859 1758 1898 mu-
1784 1843 1833 1904 B
1859 1852 1941 1898 est
1972 1860 1987 1901 :
2017 1846 2130 1900 sive
2160 1847 2213 1901 in
2250 1847 2350 1903 hoc
2379 1851 2607 1919 amplius
2633 1863 2687 1908 et
2718 1858 2886 1925 majus
2916 1859 3022 1915 illis
3051 1835 3431 1931 tabernaculis,

175 1928 321 1976 tatas.
363 1923 495 1978 Nam
527 1940 621 1993 per
649 1927 843 1983 munda
873 1929 1142 1995 animalia,
1169 1946 1287 2001 quae
1319 1932 1402 1987 lex
1434 1934 1674 2003 praecipit
1700 1943 1756 1990 ut

173 2016 422 2083 edantur,
462 2019 848 2089 signiﬁcantur,
879 2024 1077 2078 munda
1116 2038 1306 2093 opera;
1349 2040 1443 2090 per
1481 2026 1755 2083 immunda

178 2119 308 2161 vero
347 2108 615 2177 animalia,
647 2112 920 2169 immunda
959 2128 1120 2181 opera
1160 2114 1549 2186 intelliguntur,
1579 2133 1608 2173 a
1638 2119 1757 2188 qui-

176 2194 279 2253 bus
318 2198 690 2259 abstinendum
723 2213 826 2259 est.
888 2205 990 2261 Per
1020 2216 1173 2276 potus
1214 2223 1342 2264 vero
1380 2212 1626 2279 mundos,
1660 2212 1756 2268 do-

173 2288 401 2347 ctrinam
462 2295 945 2352 ecclesiasticorum
986 2300 1253 2366 virorum;
1321 2316 1416 2367 per
1454 2303 1755 2359 immundos

174 2392 323 2445 vero,
356 2380 648 2443 doctrinam
675 2385 1047 2444 haereticorum
1083 2390 1432 2447 nihilominus
1456 2393 1753 2463 intelligere

176 2470 454 2533 debemus.
498 2476 572 2533 De
612 2478 1017 2549 baptismatibus
1047 2500 1174 2542 vero
1199 2486 1505 2549 indecorum
1547 2492 1754 2561 plenius

175 2569 229 2641 in
259 2570 549 2641 Evangelia
576 2575 736 2631 Marci
768 2577 979 2648 legitur,
1014 2581 1102 2636 ubi
1142 2582 1517 2653 vituperabant
1561 2585 1752 2642 Phari-

167 2665 264 2721 smi
298 2665 579 2723 Dominum
608 2675 663 2723 et
686 2671 980 2742 discipulos
1010 2673 1146 2743 ejus,
1203 2691 1307 2731 non
1351 2676 1475 2733 lotis
1511 2679 1755 2736 manibus

164 2757 535 2827 manducare:
569 2776 756 2820 omnes
794 2763 937 2819 enim
978 2765 1274 2822 levationes
1313 2782 1500 2824 eorum
1540 2772 1754 2826 nomine

173 2847 429 2917 baptismi
457 2850 723 2921 designat.
752 2846 1054 2925 Aliquando
1081 2866 1173 2912 aut
1200 2873 1389 2915 manus
1417 2861 1754 2918 solummodo

168 2940 385 3009 lavant,
428 2942 712 3013 aliquando
751 2946 944 3017 pedes,
983 2948 1271 3019 aliquando
1310 2960 1479 3007 totum
1531 2967 1750 3023 corpus,

164 3033 383 3101 quando
408 3044 500 3090 aut
524 3036 723 3107 aliquid
752 3038 1081 3096 immundum
1110 3044 1444 3113 contingunt,
1468 3054 1559 3100 aut
1588 3044 1751 3101 etiam

162 3124 215 3183 si
266 3126 332 3183 ad
379 3138 651 3185 mortuum
705 3130 1071 3200 ingrediuntur
1115 3150 1128 3187 :
1183 3134 1276 3189 sed
1325 3134 1523 3190 frustra
1570 3136 1752 3191 lavant

1854 1936 1981 2003 quia
2040 1937 2537 2009 divinitas,Verbi,
2585 1960 2705 2015 quae
2753 1955 2861 2002 tota
2907 1965 3014 2005 non
3064 1963 3235 2022 potest
3284 1971 3432 2011 com-

1858 2030 2115 2096 preh’endi
2156 2031 2206 2087 iu
2242 2034 2585 2092 tabernaculo
2621 2054 2781 2095 manu
2824 2042 2980 2110 facto,
3014 2046 3065 2099 in
3097 2047 3192 2103 illo
3218 2049 3432 2109 homine

1861 2120 2173 2189 plenissime
2236 2126 2525 2194 requiescit
2583 2144 2599 2182 :
2668 2131 2953 2199 perfectius
3018 2138 3130 2191 sive
3192 2143 3429 2198 sanctius

1856 2212 1909 2265 in
1946 2211 2049 2268 hoc
2078 2224 2157 2269 est
2196 2213 2304 2271 illis
2340 2218 2719 2287 tabernaculis,
2761 2226 2883 2294 quia
2923 2238 3169 2283 neutrum
3216 2231 3427 2289 illorum

1854 2303 1956 2358 sibi
2006 2305 2363 2363 ministrantes
2409 2312 2745 2369 sanctificare
2773 2356 2789 2383 ,
2844 2319 3211 2392 perfectasque
3255 2325 3430 2384 facere

1855 2402 2050 2463 potest.
2083 2396 2234 2462 Quod
2262 2398 2418 2464 dixit,
2450 2399 2565 2456 Non
2598 2419 2756 2460 manu
2786 2405 3003 2475 factum,
3035 2417 3281 2482 exposuit
3310 2417 3423 2486 ipse

1853 2485 2037 2541 dicens
2064 2505 2078 2542 :
2106 2488 2155 2543 id
2180 2499 2279 2558 est,
2308 2506 2414 2546 non
2442 2492 2597 2563 hujus
2619 2498 2905 2555 creationis
2926 2502 3077 2574 cujus
3099 2520 3198 2561 nos
3220 2485 3429 2576 sumus,

1853 2577 1973 2644 quia
2005 2593 2109 2634 non
2143 2582 2237 2636 fuit
2269 2583 2405 2637 virili
2445 2586 2653 2642 semine
2681 2600 3008 2659 concretum.
3050 2596 3155 2652 iste
3182 2608 3265 2654 est
3294 2600 3428 2671 lapis

1852 2686 2008 2741 quem
2036 2672 2161 2728 vidit
2185 2674 2368 2730 Daniel
2395 2676 2689 2735 abscissum
2716 2681 2782 2737 de
2806 2696 2989 2742 monte
3016 2688 3133 2744 sine
3156 2692 3422 2759 manibus,

1855 2761 1955 2817 hoc
1974 2772 2056 2818 est
2075 2764 2142 2819 de
2170 2767 2364 2834 populo
2384 2767 2689 2826 Judaeorum
2720 2783 2904 2830 uatum
2933 2778 3049 2833 sine
3074 2782 3277 2837 semine
3319 2785 3423 2840 viri

1853 2860 1909 2908 et
1936 2850 2076 2909 coit'u
2107 2858 2349 2913 masculi.
2393 2859 2572 2930 Neque
2599 2879 2690 2933 per
2731 2868 3026 2937 sanguinem
3054 2870 3311 2927 hircorum
3337 2883 3429 2929 aut

1854 2946 2148 3015 vitulorum,
2180 2949 2268 3005 sed
2294 2968 2383 3020 per
2404 2955 2672 3023 proprium
2696 2960 2999 3031 sanguinem
3023 2964 3245 3021 introivit
3272 2970 3428 3023 semel

1853 3038 1907 3091 in
1935 3049 2113 3093 sancta
2136 3050 2328 3096 wterna
2352 3044 2696 3115 redemptione
2723 3051 2941 3107 inuenta.
2986 3054 3098 3111 Non
3137 3073 3256 3113 cum
3295 3074 3426 3115 san-

1851 3130 2013 3200 guine
2036 3131 2282 3199 legalium
2309 3134 2639 3204 animalium,
2670 3154 2700 3193 a
2729 3157 2835 3210 quo
2856 3144 3090 3211 perfecte
3113 3148 3425 3215 justificatio

165 3232 363 3274 manus
383 3227 541 3289 atque
562 3235 777 3291 corpus,
809 3222 933 3279 dum
958 3232 1309 3280 contemnunt
1337 3226 1481 3282 fonte
1503 3226 1747 3283 Salvato-
1777 3216 1821 3278 C
1855 3234 1957 3275 ιιοη
1999 3230 2205 3290 Pomm
2233 3222 2367 3291 dari:
2408 3226 2505 3281 sed
2543 3242 2665 3283 cum
2707 3234 2963 3301 ωηευίηο
3007 3238 3268 3305 Passionis
3314 3256 3426 3297 ευω

157 3312 240 3369 ris
264 3312 439 3379 ablui;
463 3328 583 3369 nam
604 3314 743 3384 quod
768 3314 1029 3385 Propheta
1052 3316 1181 3372 dicit
1205 3334 1217 3371 :
1243 3316 1540 3385 Lavamini,
1564 3319 1748 3375 mundi

162 3414 372 3471 estote,
413 3414 467 3462 et
510 3408 837 3464 mundamini
882 3410 971 3478 qui
1011 3409 1162 3466 fertis
1210 3425 1335 3467 vasa
1374 3411 1613 3481 Domini,
1668 3412 1745 3471 illi

158 3496 504 3554 solummodo
542 3500 827 3555 carnaliter
866 3501 1235 3573 intelligebant
1261 3520 1273 3558 :
1303 3518 1425 3560 cum
1466 3504 1641 3574 potius
1679 3504 1746 3562 de

160 3589 437 3645 lavatione
482 3590 821 3661 baptismatis
869 3592 1067 3651 Christi
1113 3606 1164 3651 et
1209 3596 1468 3653 munditia
1520 3611 1745 3666 cperum

156 3680 363 3741 dictum
413 3682 501 3738 sit.
571 3684 673 3739 Ista
724 3686 905 3742 omnia
954 3686 1204 3756 imposita
1254 3680 1407 3746 er‘ant
1459 3704 1626 3760 usque
1676 3688 1743 3747 ad

157 3779 373 3843 tempus
421 3777 797 3847 correctionis,
842 3778 942 3835 hoc
982 3788 1066 3836 est
1112 3780 1179 3836 ad
1238 3790 1445 3852 tempus
1489 3782 1744 3839 dominici

158 3863 425 3921 adventus
456 3880 471 3921 :
514 3878 696 3937 postea
734 3886 865 3927 vero
902 3873 1177 3931 immutata
1215 3886 1337 3931 sunt
1375 3892 1403 3932 a
1434 3877 1647 3934 Christo
1685 3878 1743 3934 in

164 3956 362 4014 melius
390 3975 405 4024 ;
441 3961 563 4028 quia
591 3962 716 4021 dum
747 3964 1029 4020 carnaliter
1055 3967 1498 4035 observabantur,
1531 3973 1743 4027 mundi-

164 4048 299 4105 tiam
340 4054 579 4121 corports
625 4051 1026 4122 adimplebant;
1078 4055 1205 4111 dum
1250 4073 1379 4113 vero
1432 4060 1742 4128 spiritaliter

157 4149 447 4208 cmperunt
483 4139 781 4208 observari,
814 4143 1128 4200 munditiam
1170 4146 1358 4202 animm
1399 4151 1596 4218 pariter
1633 4166 1743 4208 cte-

160 4232 702 4299 perunt'observare.
763 4234 995 4293 Christus
1024 4246 1192 4293 autent
1229 4241 1469 4298 assistens
1494 4242 1742 4314 Pontifex

154 4323 455 4382 futurorum
478 4328 748 4394 bonorum,
774 4345 861 4397 per
885 4332 1110 4399 amplius
1132 4342 1178 4388 et
1205 4336 1476 4403 perfectius
1507 4338 1742 4389 taberna-

155 4417 351 4483 culum,
384 4434 484 4471 non
514 4436 674 4473 manu
703 4423 913 4489 factum,
943 4424 999 4476 id
1025 4434 1099 4478 est
1130 4441 1232 4479 non
1263 4427 1417 4496 hujus
1446 4426 1735 4481 creationis.

156 4508 403 4567 Pontifex
424 4508 729 4565 Judasorum
760 4514 851 4581 qui
880 4515 1049 4569 semel
1078 4516 1131 4569 in
1165 4529 1306 4569 anno
1330 4532 1451 4572 cum
1484 4519 1739 4587 sanguine

1853 3310 2088 3366 introivit
2117 3312 2168 3367 in
2200 3315 2423 3380 patriam
2466 3317 2742 3375 cmiestem
2776 3338 2791 3377 :
2819 3337 2925 3392 quo
2953 3328 3209 3396 sanguine
3237 3344 3429 3389 omnes

1848 3412 1976 3459 sunt
2002 3404 2265 3475 redempti
2294 3410 2633 3479 perfectaque
2656 3412 2947 3481 justiiicati,
2982 3433 3088 3473 non
3119 3422 3419 3491 temporali,

1847 3496 1941 3551 sed
1967 3503 2163 3551 aeterna
2190 3498 2553 3568 redemptione
2579 3519 2593 3556 :
2619 3503 2685 3557 de
2710 3504 2807 3561 hac
2836 3507 3199 3580 redemptione
3225 3513 3425 3570 dicitur

1848 3600 1945 3655 per
1965 3587 2273 3644 Zachariam
2301 3608 2312 3642 :
2339 3590 2584 3649 Visitavit
2615 3609 2733 3666 nos,
2759 3606 2813 3654 et
2842 3598 2967 3656 fecit
2997 3603 3417 3674 redemptionem

1848 3678 2016 3747 plebis
2040 3694 2173 3735 suae.
2217 3680 2533 3752 Redemptio
2572 3694 2748 3741 autem
2790 3688 2856 3744 ad
2894 3693 3130 3760 captivos
3168 3697 3422 3764 pertinet,

1846 3778 1900 3824 ct
1928 3786 2026 3826 nos
2055 3772 2248 3842 captivi
2280 3789 2522 3843 eramus,
2550 3777 2794 3847 captivati
2826 3794 2856 3835 a
2885 3782 3130 3851 diabolo,
3162 3783 3217 3840 in
3245 3786 3420 3855 primo

1845 3874 2067 3935 parente
2094 3877 2295 3923 nostro.
2337 3870 2397 3925 Si
2423 3872 2559 3927 enim
2588 3874 2796 3943 sanguis
2844 3873 3101 3930 hircorum
3152 3888 3201 3932 et
3241 3890 3425 3935 tauro-

1846 3973 1981 4025 rum,
2009 3967 2054 4012 et
2083 3959 2212 4015 cinis
2243 3962 2415 4016 vitula:
2442 3979 2680 4034 aspersus
2708 3967 2993 4036 inquinatos
3032 3971 3316 4040 sanctiﬁcat
3350 3974 3417 4027 ad

1843 4050 2246 4105 emendationem
2285 4054 2480 4122 carnis,
2522 4065 2713 4125 quanto
2761 4074 2923 4128 magis
2961 4062 3166 4130 sanguis
3207 4063 3419 4131 Christi,

1842 4141 1926 4208 qui
1950 4157 2039 4209 per
2068 4140 2322 4211 Spiritum
2348 4156 2579 4199 sanctum
2605 4150 2927 4217 semetipsum
2956 4154 3135 4206 obtulit
3174 4156 3424 4213 immacu-

1842 4231 2004 4287 latum
2028 4231 2156 4299 Deo,
2184 4236 2475 4289 emundabit
2506 4241 2867 4294 conscientiam
2895 4252 3120 4297 nostram
3149 4246 3212 4298 ab
3242 4251 3415 4315 operi-

1843 4322 1934 4377 bus
1972 4326 2183 4378 mortuis
2225 4327 2293 4378 ad
2330 4327 2649 4382 serviendum
2686 4327 2793 4383 Deo
2830 4332 3048 4386 viventi!
3100 4336 3153 4388 Si
3199 4342 3415 4407 sanguis

1841 4414 2145 4469 animalium
2176 4415 2611 4473 irrationabilium
2637 4429 2841 4487 poterat
2861 4437 3077 4479 carnem
3101 4428 3412 4495 emundare,

1841 4514 1894 4560 et
1931 4505 2074 4559 sicut
2122 4514 2249 4561 tunc
2292 4509 2546 4577 temporis
2592 4509 2906 4579 videbatur,
2960 4516 3414 4587 sanctilicabatur,

155 4597 419 4659 introibat
446 4599 581 4657 intra
609 4603 784 4658 velum
824 4604 877 4659 in
904 4604 1097 4661 Sancta
1126 4617 1456 4681 sanctorum,
1486 4622 1737 4671 oraturus

1848 4596 1886 4650 si
1931 4595 2048 4667 quis
2091 4596 2395 4654 immundus
2444 4613 2693 4669 aspersus
2744 4602 2934 4659 fuisset
2981 4606 3069 4661 illo
3116 4614 3413 4681 sanguine:

158 4701 259 4755 pro
301 4690 517 4758 populo,
560 4692 829 4749 Christum
873 4695 1151 4754 Dominum
1196 4699 1552 4771 significabat,
1599 4705 1741 4759 sicut

149 4777 262 4847 jam
287 4778 465 4835 multis
488 4780 539 4837 in
563 4782 694 4839 locis
713 4784 1042 4843 declaratum
1064 4799 1147 4845 est
1167 4806 1182 4844 :
1206 4791 1296 4861 qui
1326 4806 1444 4848 cum
1477 4796 1738 4865 sanguine

154 4871 421 4941 passionis
441 4888 570 4942 suae,
595 4886 835 4934 reserato
855 4880 1014 4947 caelo,
1034 4883 1306 4953 ingressus
1324 4896 1529 4943 secreta
1554 4889 1738 4957 patriae

153 4962 430 5031 cmlestis,
475 4966 569 5022 ubi
614 4982 755 5023 nunc
801 4972 1003 5026 assistit
1044 4973 1214 5030 vultui
1261 4975 1356 5031 Dei
1412 4991 1511 5045 pro
1557 4978 1734 5034 nobis.

153 5053 401 5113 Pontifex
454 5067 635 5114 autem
676 5060 975 5117 futurorum
1014 5064 1273 5120 bonorum
1323 5066 1526 5124 duobus
1565 5070 1734 5127 modis

152 5147 472 5217 appellatur.
516 5149 716 5207 Futura
746 5153 889 5209 enim
912 5152 1051 5210 bona
1078 5171 1198 5225 quae
1237 5157 1354 5226 ipse
1384 5158 1538 5214 nobis
1565 5160 1736 5216 admi-

154 5238 426 5307 nistravit,
467 5242 682 5299 fuerunt
722 5245 887 5301 verba
933 5246 1202 5313 cmlestia,
1249 5248 1497 5304 nativitas
1542 5251 1730 5320 ipsius,

152 5326 474 5401 baptismus,
500 5336 701 5403 passio,
725 5336 1068 5402 resurrectio,
1096 5338 1343 5397 remissio
1370 5350 1729 5410 peccatorum,

153 5419 495 5491 perfectaque
535 5423 849 5494 justilicatio
892 5444 905 5480 :
948 5442 1068 5498 quas
1116 5428 1318 5487 idcirco
1367 5430 1541 5487 futura
1591 5434 1729 5489 bona

151 5512 507 5582 appellantur,
537 5519 622 5572 vel
654 5519 778 5587 quia
809 5520 1077 5590 mysteriis
1104 5522 1437 5593 prazfigurata
1468 5533 1612 5591 sunt,
1645 5524 1731 5582 vel

150 5604 312 5661 etiam
338 5608 464 5677 quia
495 5610 747 5677 praedicta
776 5620 905 5673 sunt
933 5612 987 5668 in
1017 5611 1213 5671 divinis
1243 5616 1494 5671 oraculis.
1539 5616 1728 5674 Altiori

151 5702 328 5751 autem
380 5697 655 5757 intellectu
706 5701 880 5763 futura
924 5704 1062 5759 bona
1107 5721 1393 5776 possumus
1444 5709 1726 5779 accipere,

149 5787 336 5854 gaudia
362 5792 547 5861 patriae
575 5792 829 5860 cmlestis,
863 5810 980 5864 quae
1012 5797 1170 5852 nobis
1201 5814 1292 5868 per
1319 5798 1593 5856 Christum
1626 5801 1729 5857 mi-

152 5879 374 5947 nistrata
402 5892 571 5949 sunt:
614 5884 753 5951 unde
778 5894 833 5967 et
859 5886 1103 5956 Pontifex
1134 5891 1453 5961 appellatur,
1486 5907 1551 5953 eo
1581 5893 1723 5965 quod

1842 4688 2008 4743 multo
2054 4690 2224 4758 magis
2268 4691 2485 4760 sanguis
2512 4689 2707 4748 Christi
2752 4703 2961 4765 poterat
3002 4701 3259 4757 mundare
3296 4706 3414 4760 ani-

1840 4795 2004 4848 mam,
2042 4790 2098 4837 et
2124 4782 2438 4851 plenissime
2473 4783 2803 4855 justiﬁcare;
2841 4790 2934 4845 sed
2966 4807 3031 4846 ne
3060 4796 3177 4861 quis
3207 4806 3415 4861 putaret

1840 4871 2052 4941 plenam
2090 4873 2521 4944 justificationcm
2561 4888 2615 4933 et
2652 4882 3080 4938 emendationem
3124 4865 3412 4952 provenire

1837 4965 2148 5034 aSpersione
2176 4967 2316 5022 illius
2348 4970 2619 5039 sanguinis
2647 4971 2851 5042 legalis,
2883 4974 3157 5032 subintulit
3187 4983 3414 5048 Aposto.

1839 5059 1921 5113 lus
1953 5062 2128 5115 carnis
2153 5061 2583 5119 emundationem
2628 5067 2921 5123 secundum
2947 5069 3114 5138 legem
3142 5086 3233 5139 per
3259 5072 3407 5127 illum

1837 5150 1953 5206 dari
2003 5168 2018 5206 :
2066 5153 2218 5222 quasi
2264 5154 2490 5222 diceret,
2529 5158 2903 5215 Sanctiticatur
2930 5161 3144 5231 quidem
3174 5178 3321 5232 caro,
3354 5174 3410 5219 et

1837 5243 2177 5313 emundatur,
2229 5259 2444 5318 propter
2490 5250 2623 5321 legis
2662 5263 2986 5323 prmceptum
3029 5272 3043 5308 :
3092 5256 3185 5310 sed
3231 5268 3407 5313 tamen

1834 5336 2011 5393 anima
2037 5352 2142 5392 non
2170 5340 2433 5407 expiatur.
2459 5342 2678 5405 Addidit
2701 5362 2913 5416 quoque
2943 5346 3255 5403 differentia:
3285 5365 3411 5404 cau-

1831 5443 1967 5494 sam,
2003 5446 2097 5499 per
2133 5448 2289 5502 quam
2334 5433 2719 5494 demonsiravit
2760 5438 2908 5494 illum
2944 5442 3250 5509 sanguinem
3292 5442 3409 5497 aui.

1833 5524 2053 5579 malium
2094 5540 2200 5582 non
2240 5541 2359 5584 esse
2399 5529 2816 5597 immaculatum,
2858 5532 3042 5589 dicens
3067 5532 3133 5587 de
3158 5531 3407 5591 Christo:

1832 5614 1930 5683 Qui
1963 5631 2055 5684 per
2082 5617 2339 5686 Spiritum
2370 5630 2609 5675 sanctum
2640 5623 2984 5693 semetipsum
3010 5623 3198 5683 obtulit
3228 5626 3409 5682 immav

1830 5708 2062 5762 culatum
2097 5709 2222 5764 Deo.
2256 5711 2489 5779 Spiritus
2520 5722 2735 5765 sanctus
2763 5714 2852 5782 qui
2886 5715 3108 5783 replevit
3138 5698 3281 5773 illum
3314 5718 3409 5773 ho-

1830 5798 2026 5854 minem
2069 5802 2121 5855 in
2153 5811 2303 5857 utero
2344 5804 2614 5871 virginali,
2648 5806 2939 5861 custodivit
2974 5822 3093 5863 eum
3125 5818 3180 5862 ut
3210 5810 3411 5879 absque

1831 5903 2050 5965 peccato
2074 5896 2139 5951 ab
2160 5895 2262 5952 hoc
2286 5895 2482 5952 mundo
2516 5899 2787 5970 transiret,
2818 5909 3066 5970 essetque
3095 5902 3413 5968 immaculata
