3968 6354
535 331 640 389 743

1628 319 1928 382 ΡΒΙΜΑΞΙΙ
1968 315 2424 378 ADRUMETANI
2460 315 2673 376 EPISC.

3738 313 3862 372 τιι

535 459 643 504 tum
688 447 1040 514 sacrificium,
1092 443 1146 501 in
1195 444 1415 500 odorem
1472 443 1752 498 suavitatis
1795 441 1906 496 Deo
1952 439 2119 492 Patri.
2153 437 2463 508 Agenerali
2487 441 2786 504 vocatione,
2810 439 2876 495 de
2896 452 2999 510 qua
3024 436 3279 493 Dominus
3299 435 3411 491 ait:
3439 432 3606 492 Multi
3637 435 3858 498 vocati,

537 541 859 595 Emundabit
901 539 1280 594 conscientiam
1335 547 1604 601 nostram,
1651 532 1702 588 id
1751 541 1834 587 est
1883 541 2116 585 mentem

537 642 796 689 nostram.
837 633 918 687 Ab
956 632 1205 702 Operibus
1243 629 1486 684 mortuis.
1529 628 1702 698 Opera
1746 635 1958 680 mortua
1999 631 2126 677 sunt

537 736 751 799 peccata
784 742 901 797 qua:
947 725 1180 778 animam
1230 723 1481 778 occidunt
1522 740 1533 774 :
1571 723 1712 777 sicut
1751 721 1894 776 enim
1944 718 2124 771 anima

541 823 675 876 vivit
722 819 1022 883 virtutibus,
1071 833 1188 887 qua:
1232 832 1396 886 opera
1444 817 1564 871 vitae
1612 815 1947 885 appellantur
1991 829 2004 862 :
2050 810 2123 865 ita

541 916 766 970 moritur
795 915 935 968 vitiis
964 921 1019 968 et
1045 911 1299 981 peccatis,
1329 910 1595 977 simulque
1624 907 1855 963 trahitur
1882 905 1947 960 ad
1975 919 2125 958 mor-

537 1015 642 1062 tem
688 1017 900 1060 :i-ternze
942 1005 1278 1074 perditionis,
1304 1012 1354 1058 et
1404 1003 1540 1057 bene
1566 1003 1716 1066 dixit,
1766 999 1834 1054 ab
1873 997 2126 1067 operibus

538 1099 764 1153 mortuis
799 1116 810 1150 :
846 1099 890 1152 si
935 1099 1053 1167 quis
1096 1099 1239 1152 enim
1283 1099 1333 1151 in
1378 1098 1494 1167 lege
1535 1097 1787 1164 tangebat
1832 1103 2122 1163 mortuum,

539 1191 911 1259 pollucbatur,
983 1200 1160 1244 tamen
1229 1189 1540 1258 aspersione
1594 1187 1870 1256 sanguinis
1943 1197 2126 1255 postea

537 1283 893 1339 mundabatur
924 1300 938 1338 :
965 1284 1214 1338 similiter
1239 1284 1324 1353 qui
1357 1283 1594 1337 imitatus
1625 1282 1778 1335 fuerit
1812 1295 1948 1350 opus
1977 1294 2125 1334 mor-

537 1386 639 1432 tua:
677 1383 904 1444 animas,
947 1379 1284 1447 inquinatus,
1315 1386 1491 1430 tamen
1526 1392 1621 1446 per
1646 1375 1803 1429 fidem
1844 1373 2127 1429 dominicas

537 1471 799 1538 passionis
833 1471 1139 1524 mandatur.
1168 1471 1268 1537 Qui
1290 1472 1435 1526 enim
1463 1470 1699 1538 tetigerit
1724 1469 1920 1537 picem,
1955 1467 2128 1536 inqui-

539 1564 755 1616 nabitur
778 1563 846 1615 ab
873 1578 964 1617 ea:
987 1564 1089 1616 hoc
1113 1571 1218 1628 est,
1246 1564 1288 1616 si
1314 1577 1406 1630 per
1434 1561 1798 1630 pcenitentiam
1823 1569 1877 1614 et
1896 1561 2126 1628 gratiam

537 1652 872 1720 baptismatis
901 1653 1017 1722 quis
1050 1653 1204 1706 fuerit
1249 1652 1462 1706 ablutus
1495 1653 1562 1706 ab
1593 1651 1846 1720 operibus
1877 1652 2124 1717 mortuis,

536 1742 581 1797 si
611 1743 797 1797 eadem
831 1745 1020 1798 iterum
1053 1744 1308 1813 attigerit,
1340 1744 1809 1799 contaminabitur.
1842 1744 2124 1814 Sequitur:

2222 534 2315 588 scd
2355 535 2507 603 pauci
2545 534 2730 600 electi;
2771 534 2865 588 scd
2903 533 2971 588 de
3006 533 3092 588 illa
3131 533 3196 588 de
3234 547 3336 600 qua
3379 531 3524 585 idem
3581 531 3858 598 egregius

2223 630 2543 700 praedicator
2571 631 2675 690 ait.
2717 630 2940 698 loquens
2967 628 3034 683 de
3066 628 3249 683 electis
3284 646 3296 678 :
3329 627 3482 694 Quos
3521 625 3850 694 prmscivit,

2224 723 2324 777 hos
2354 733 2408 778 et
2450 723 2881 791 praedestinavit;
2915 731 2969 778 et
3007 737 3140 792 quos
3171 721 3618 785 praedestinavit,
3651 720 3759 774 hos
3797 731 3852 776 et

2223 819 2465 883 vocavit;
2492 828 2546 872 et
2576 833 2711 885 quos
2737 815 2968 879 vocavit,
3003 815 3100 870 hos
3131 827 3185 870 et
3209 815 3555 884 justiﬁcavit.
3595 812 3846 867 Titqu

2227 919 2403 966 autem
2436 921 2653 964 (eterna:
2683 909 3015 964 haereditatis
3044 925 3107 962 ex
3138 917 3287 977 parte
3329 907 3379 960 in
3428 906 3705 971 ιιι-ωεξηιί
3748 921 3850 959 s:e-

2230 1001 2352 1056 culo
2375 1001 2486 1071 jam
2520 1001 2877 1070 possidemus,
2911 1001 3066 1054 nobis
3114 1015 3142 1053 a
3189 999 3412 1054 Domino
3441 1000 3643 1053 datum
3675 998 3848 1053 Evan-

2226 1096 2445 1165 gelium,
2476 1093 2725 1148 videlicet
2749 1093 2892 1146 illius
2911 1092 3054 1162 quod
3085 1092 3466 1147 observatores
3516 1107 3661 1146 suos
3691 1101 3844 1146 ater-

2230 1187 2421 1240 naliter
2445 1201 2565 1240 cum
2599 1185 2706 1239 Deo
2739 1185 2862 1239 facit
2898 1185 3077 1238 vivere
3120 1201 3134 1236 :
3168 1185 3390 1253 gratiam
3425 1184 3684 1252 Spiritus
3735 1199 3840 1238 san-

2228 1280 2324 1347 cti,
2364 1281 2735 1336 remissionem
2774 1288 3139 1349 peccatorum,
3193 1280 3567 1349 cognitionem
3608 1295 3763 1333 suam
3792 1291 3838 1334 et

2231 1386 2438 1441 pacem,
2473 1387 2631 1441 quam
2668 1371 2822 1426 nobis
2859 1372 3074 1441 reliquit
3112 1385 3339 1442 pergens
3367 1370 3436 1424 ad
3482 1373 3831 1440 passionem:

2231 1462 2421 1518 Pacem
2457 1465 2670 1534 (inquit)
2702 1465 2945 1533 relinquo
2975 1465 3143 1518 vobis.
3197 1463 3358 1517 Istum
3385 1464 3626 1531 quidem
3677 1464 3833 1520 mere-

2230 1554 2411 1609 ditatis
2456 1556 2664 1608 titulum
2708 1555 2857 1624 quasi
2899 1555 3113 1609 arrltam
3157 1554 3210 1607 in
3252 1556 3511 1622 prasenti
3548 1555 3824 1616 habemus.

2229 1647 2324 1702 sed
2352 1647 2638 1717 perfectius
2662 1647 2817 1702 nobis
2840 1647 3177 1716 supplebitur
3198 1662 3317 1702 cum
3348 1647 3458 1701 erit
3485 1647 3644 1702 Dens
3672 1649 3825 1701 omnia

2234 1740 2286 1794 in
2317 1741 2592 1806 omnibus,
2637 1755 2757 1794 cum
2791 1741 3071 1796 tradiderit
3098 1741 3343 1796 Christus
3371 1756 3618 1811 regnum
3658 1741 3760 1795 Deo
3785 1751 3827 1795 et

538 1834 620 1888 Ad
648 1834 984 1890 serviendum
1019 1836 1124 1889 Deo
1156 1836 1376 1890 viventi.
1435 1837 1530 1890 llic
1565 1836 1840 1905 aptissime
1891 1834 2127 1890 ostendit
2159 1827 2206 1888 B
2235 1833 2396 1900 Patri,
2432 1849 2552 1890 cum
2587 1834 2845 1889 fuerimus
2873 1836 3112 1905 perducti
3137 1837 3203 1890 ad
3231 1835 3421 1906 gaudia
3457 1836 3661 1904 patriae
3689 1837 3826 1889 etsie-

536 1925 658 1996 quia
725 1942 889 1996 opera
941 1938 1146 1982 mortua
1198 1928 1458 1984 habentes
1501 1945 1606 1983 non
1654 1938 1877 1998 possunt
1923 1932 2130 1984 servire

534 2035 664 2074 vero
692 2030 745 2075 et
773 2022 891 2074 vivo
920 2022 1052 2087 Deo,
1111 2024 1233 2092 quia
1262 2023 1350 2076 illa
1383 2033 1589 2078 mortua
1618 2033 1742 2077 sunt
1795 2032 1846 2077 et
1880 2021 2008 2076 falsa
2037 2038 2050 2073 :
2085 2021 2129 2075 si

536 2111 678 2166 enim
708 2114 796 2182 qui
826 2125 1094 2168 mortuum
1122 2124 1211 2169 aut
1241 2116 1437 2185 aliquid
1490 2116 1823 2170 immundum
1855 2114 2125 2185 tangebat,

537 2220 642 2259 non
673 2207 959 2275 oportebat
985 2223 1109 2264 eum
1144 2208 1344 2262 intrare
1378 2208 1430 2262 in
1458 2209 1715 2278 templum
1745 2223 1756 2260 :
1789 2217 1987 2277 quanto
2020 2223 2133 2261 ma-

535 2296 616 2366 gis
645 2297 764 2367 quis
789 2311 997 2353 mortua
1032 2314 1194 2368 opera
1228 2301 1452 2366 habens,
1483 2315 1586 2354 non
1621 2301 1818 2368 poterit
1848 2300 2050 2355 intrare
2079 2299 2128 2354 in

533 2388 767 2442 omium?
798 2389 863 2440 Et
888 2389 1003 2442 ideo
1031 2389 1145 2442 novi
1167 2387 1474 2442 Testamenti
1505 2391 1754 2444 mediator
1776 2400 1866 2453 est,
1894 2402 1946 2444 ut
1972 2399 2133 2446 morte

535 2480 892 2534 intercedente.
972 2481 1098 2536 Sive
1154 2483 1560 2537 interveniente.
1619 2482 1686 2536 In
1733 2483 2132 2548 redemptionem

536 2587 713 2627 earum
752 2574 1228 2643 prwvaricationum
1269 2590 1381 2642 qua:
1423 2584 1567 2630 erant
1607 2577 1698 2629 sub
1740 2577 1898 2644 priori
1951 2577 2130 2632 Testa-

536 2673 748 2730 mento,
799 2667 1240 2734 repromissionem
1298 2668 1593 2738 accipiant,
1649 2669 1738 2737 qui
1796 2669 1960 2721 vocati
2012 2675 2130 2721 sunt

535 2766 738 2810 wternw
770 2758 1100 2815 ha’reditatis.
1147 2759 1245 2813 Ubi
1282 2761 1416 2814 enim
1451 2770 1837 2823 testamentum,
1875 2775 2012 2813 mors
2044 2776 2132 2813 ne-

535 2862 674 2902 cesse
711 2859 783 2902 est
826 2850 1123 2906 intercedat.
1173 2851 1276 2906 Seu
1319 2853 1660 2908 interveniat.
1695 2852 1999 2906 Testatoris.
2038 2852 2132 2906 Te-

535 2949 839 2994 stamentum
869 2945 1002 2996 enim
1045 2945 1095 2995 in
1125 2945 1334 2997 mortuis
1375 2948 1736 3012 conﬁrmatum
1776 2955 1847 2999 est
1877 2946 2125 3015 alioquin.

537 3029 594 3086 Id
619 3041 703 3086 est
723 3033 896 3090 aliter.
940 3034 1186 3089 Nondum
1207 3036 1355 3090 valet.
1385 3037 1617 3092 Firmum
1642 3047 1724 3093 est
1747 3047 2125 3094 testamentum

538 3119 678 3177 Dum
708 3125 842 3179 vivit.
889 3127 999 3182 Ille.
1037 3129 1140 3195 Qui
1169 3139 1378 3184 testatus
1408 3141 1503 3186 est.
1551 3132 1720 3202 Leges
1752 3131 2010 3187 humanas
2043 3132 2128 3187 hic

2233 1929 2362 1991 stis,
2404 1929 2455 1981 in
2495 1943 2600 1997 qua
2647 1927 2808 1982 futuri
2856 1938 2979 1984 sunt
3025 1930 3179 1985 electi
3223 1930 3365 1984 sicut
3407 1928 3604 1998 angeli
3656 1929 3742 1982 Dei
3782 1929 3824 1982 in

2233 2020 2373 2075 celo
2399 2019 2642 2074 videntes
2669 2021 2833 2076 Deum
2875 2022 3028 2076 sicuti
3054 2029 3153 2077 est.
3213 2021 3280 2076 Et
3301 2021 3418 2076 haec
3444 2021 3558 2076 erit
3607 2020 3824 2090 perfecta

2234 2113 2521 2168 brereditas
2571 2115 2889 2182 electorum,
2931 2131 3090 2185 quam
3121 2115 3367 2170 Christus
3414 2115 3474 2170 in
3526 2124 3708 2170 morte
3744 2129 3818 2170 sua

2235 2209 2590 2264 confirmavit.
2626 2209 2772 2264 Unde
2802 2226 2891 2264 nec
2921 2211 3144 2281 primunt
3177 2211 3382 2280 quidem
3420 2210 3541 2264 sine
3592 2211 3821 2279 sanguine

2235 2302 2526 2356 dedicatum
2571 2310 2666 2356 est.
2701 2303 2756 2358 Id
2789 2312 2890 2370 est,
2932 2305 3305 2358 confirmatum
3347 2313 3404 2359 et
3431 2312 3814 2359 consecratum.

2234 2393 2390 2449 Lecto
2421 2397 2552 2449 enim
2588 2397 2727 2449 omni
2752 2397 2993 2450 mandato
3031 2396 3153 2466 tegis
3191 2413 3220 2448 a
3248 2394 3430 2466 Moyse
3473 2397 3714 2450 universo
3745 2411 3820 2464 po-

2235 2489 2378 2558 pulo,
2403 2491 2659 2560 accipiens
2686 2491 2988 2561 sanguinem
3029 2490 3307 2543 vitulorum
3358 2500 3402 2544 et
3430 2491 3700 2544 hircorum
3721 2507 3821 2544 cast

2235 2598 2368 2650 aqua
2397 2593 2444 2635 et
2468 2583 2586 2636 lana
2610 2583 2842 2636 coccinea
2864 2592 2909 2636 et
2937 2585 3180 2653 hyssOpo,
3211 2584 3384 2649 ipsum
3411 2599 3624 2652 quoque
3654 2585 3819 2637 librant

2235 2684 2281 2729 et
2311 2691 2508 2729 omnem
2538 2675 2782 2746 papulum
2808 2676 3042 2741 aspersit.
3074 2676 3262 2729 Omnia
3289 2675 3389 2730 ista
3423 2675 3479 2730 in
3511 2676 3690 2744 ﬁgura
3712 2690 3821 2746 age

2236 2767 2433 2823 bantur
2468 2786 2479 2821 :
2516 2783 2637 2822 nam
2667 2769 2863 2823 vitulus
2901 2769 3012 2834 ille,
3042 2769 3131 2839 qui
3175 2769 3496 2840 plerumque
3527 2770 3819 2825 sacerdotis

2235 2869 2372 2927 erat,
2404 2860 2672 2915 Christum
2705 2861 3062 2932 signiﬁcabat,
3094 2861 3180 2930 qui
3215 2877 3374 2918 verus
3409 2862 3688 2918 Sacerdos
3719 2861 3825 2919 exi-

2235 2961 2384 3007 stens
2413 2953 2669 3019 vitulum,
2705 2954 2804 3008 hoc
2834 2963 2944 3023 est,
2979 2955 3316 3024 semetipsum
3344 2954 3532 3008 obtulit
3562 2953 3683 3008 Deo
3713 2954 3826 3008 Pa-

2237 3046 2302 3097 tri
2334 3044 2384 3096 in
2413 3058 2505 3098 ara
2534 3045 2730 3099 crucis.
2781 3045 2883 3101 Iste
2909 3055 2992 3100 est
3022 3046 3220 3102 vitulus
3241 3061 3385 3116 quem
3415 3056 3573 3115 pater
3605 3055 3829 3102 macta-

2235 3136 2312 3190 vit
2351 3151 2448 3206 pro
2488 3118 2794 3193 reversione
2838 3138 2931 3193 lilii
2971 3139 3198 3209 prodigi.
3245 3139 3426 3194 Hircus
3464 3153 3690 3208 quoque
3733 3140 3818 3208 qui

534 3213 748 3270 videtur
775 3217 1064 3287 Apostolus
1106 3230 1324 3290 tangere
1349 3237 1469 3292 quae
1511 3225 1688 3279 solent
1721 3233 2128 3293 testamentum,
2159 3212 2205 3276 C
2238 3244 2332 3300 pro
2367 3239 2588 3299 peccato
2632 3231 2978 3299 atterebatur,
3023 3233 3272 3287 eumdem
3298 3232 3577 3288 Christum
3621 3232 3814 3302 signiti-

535 3308 677 3380 quod
713 3309 846 3366 alter
879 3312 1033 3366 alteri
1074 3313 1199 3369 facit
1225 3314 1292 3370 de
1325 3316 1642 3372 hatreditate
1669 3333 1764 3372 sua
1797 3319 2006 3373 firmum
2054 3318 2132 3374 fa-

534 3417 680 3472 cere,
709 3421 984 3477 quousque
1017 3417 1240 3464 testator
1279 3409 1449 3478 ipsius
1491 3413 1799 3467 testamenti
1836 3423 2009 3467 morte
2048 3413 2129 3467 in-

534 3501 870 3556 terveniente
915 3501 1250 3569 discesserit;
1303 3517 1516 3560 mortuo
1562 3521 1690 3560 vero
1738 3505 1828 3559 illo
1870 3516 2128 3562 testatore

535 3591 625 3661 qui
667 3601 1044 3648 testamentum
1086 3596 1230 3661 feeit,
1262 3598 1481 3652 omnino
1518 3598 1626 3668 jam
1669 3598 1880 3652 ﬁrmum
1923 3608 2121 3654 manet.

534 3684 593 3737 In
642 3685 781 3740 hunc
821 3686 1036 3740 modum
1092 3697 1466 3744 testamentum
1518 3691 1642 3744 vita:
1689 3703 1938 3759 aeternae,
1984 3692 2126 3762 quod

535 3791 564 3830 a
588 3776 802 3832 Christo
823 3781 1148 3849 accepimus,
1178 3797 1281 3835 non
1308 3785 1463 3836 aliter
1492 3783 1647 3838 nobis
1670 3785 1881 3839 firmum
1908 3801 2124 3841 manere

535 3869 749 3937 poterit,
778 3870 881 3924 nisi
909 3871 1022 3940 ipse
1049 3882 1220 3927 morte
1248 3889 1341 3928 sua
1372 3875 1502 3930 illud
1526 3876 1858 3932 roborasset.
1896 3877 2122 3932 Tantum

534 3951 676 4015 enim
706 3971 819 4015 erat
850 3974 1124 4032 peccatum
1156 3977 1417 4034 nostrum,
1447 3978 1503 4023 ut
1535 3969 1691 4025 aliter
1721 3985 1826 4025 non
1859 3971 2125 4040 potuisse-

534 4065 654 4106 mus
718 4054 907 4108 redimi
946 4065 998 4110 et
1037 4057 1259 4126 salvari,
1313 4060 1413 4115 nisi
1457 4062 1762 4131 nnigenitus
1803 4063 1898 4118 Dei
1951 4062 2121 4118 Filius

533 4159 632 4215 pro
662 4145 814 4200 nobis
845 4159 1174 4215 moreretur;
1204 4161 1257 4206 et
1283 4153 1402 4221 quia
1429 4153 1494 4208 ad
1520 4154 1650 4208 illud
1682 4155 2119 4225 consequendum

532 4237 673 4305 qttod
720 4239 832 4308 ipse
882 4243 1219 4310 promiserat,
1275 4245 1471 4314 indigni
1519 4261 1755 4310 eramus,
1805 4251 1918 4316 ipse
1964 4248 2121 4304 nobis

529 4339 704 4382 morte
733 4343 825 4382 sua
860 4333 1125 4386 mediator
1157 4333 1327 4389 factus
1356 4345 1460 4400 est,
1495 4345 1552 4390 ut
1585 4353 1678 4406 per
1705 4354 1856 4391 suam
1891 4347 2119 4398 mortem

531 4415 844 4488 iudebitam,
887 4423 1032 4479 illam
1073 4442 1190 4494 qua:
1229 4429 1384 4482 nobis
1419 4428 1712 4485 debebatur
1741 4432 1998 4486 auferret.
2056 4431 2121 4486 Et

531 4511 652 4576 quia
685 4513 924 4566 fortassis
950 4527 1198 4582 poterant
1224 4519 1371 4572 multi
1417 4521 1594 4573 minus
1624 4522 1843 4589 perfecti
1871 4522 2119 4577 dubitare

533 4600 600 4656 de
649 4606 1092 4670 promissionibus
1142 4610 1392 4679 Domini,
1449 4615 1682 4669 maxime
1736 4631 1799 4670 ex
1863 4631 1926 4671 eo
1979 4617 2116 4685 quod

2228 4605 2521 4674 fortitudo,
2580 4626 2682 4678 qua
2738 4610 2992 4664 interiora
3053 4622 3230 4666 n05tra
3288 4623 3594 4681 purgantur

533 4704 777 4751 mortuus
804 4707 905 4763 est,
935 4701 1084 4769 quasi
1119 4701 1385 4769 infirmus,
1417 4704 1606 4759 beatus
1636 4706 1926 4774 Apostolus
1956 4724 2121 4778 expo-

532 4791 607 4842 nit
633 4792 900 4861 exempla,
921 4808 987 4847 ex
1019 4798 1288 4850 communi
1315 4797 1702 4852 consuetudine
1730 4797 1904 4867 legum
1935 4799 2122 4856 huma-

531 4899 717 4938 narum
766 4889 1056 4944 ostendens
1095 4891 1216 4960 quia
1262 4905 1368 4945 non
1415 4891 1715 4946 viventibus
1757 4895 2122 4964 testatoribns,

529 4974 622 5028 sed
673 4979 1061 5047 morientibus,
1117 4981 1395 5036 lirmantur
1448 4991 1801 5046 testamenta,
1851 4981 2119 5038 fortitudi-

531 5081 764 5136 nemque
795 5071 1063 5138 accipiunt
1103 5090 1114 5124 :
1147 5073 1384 5142 quandiu
1416 5077 1556 5128 enim
1586 5075 1714 5130 vivit
1746 5084 1991 5142 testator,
2024 5092 2120 5146 po-

528 5166 633 5214 test
675 5160 957 5218 immntare
987 5166 1312 5218 sententiam
1347 5179 1535 5230 suam;
1569 5176 1897 5237 quapropter
1930 5166 2119 5222 volens

527 5253 816 5321 Apostolus
858 5268 978 5309 esse
1021 5255 1233 5308 firmum
1287 5265 1662 5311 testamentum
1704 5258 1845 5328 quod
1873 5257 2120 5313 Christus

527 5343 681 5397 nobis
726 5344 950 5410 dimisit,
1001 5345 1141 5401 idem
1185 5346 1333 5414 dicit,
1380 5349 1626 5418 inquiens
1659 5368 1670 5403 :
1703 5349 1950 5405 Christus
1991 5349 2116 5404 novi

525 5435 850 5492 Testamenti
877 5439 1138 5494 mediator
1174 5449 1277 5508 est,
1307 5449 1362 5495 ut
1393 5451 1563 5494 morte
1598 5457 1692 5496 sua
1725 5443 2118 5496 interveniente

525 5529 578 5584 in
611 5531 1036 5602 redemptionem
1067 5533 1280 5588 illarum
1318 5536 1821 5603 praevaricationum
1861 5549 1976 5603 quas
2006 5550 2112 5590 non

523 5632 772 5691 poterant
825 5625 1024 5681 auferri
1084 5635 1136 5680 et
1194 5627 1364 5680 deleri
1421 5627 1472 5681 in
1538 5626 1704 5694 priori
1733 5625 2113 5696 Testamento,

524 5715 715 5770 deletae
761 5729 937 5774 autem
962 5726 1087 5774 sunt
1127 5730 1222 5786 per
1258 5719 1584 5788 passionem,
1631 5726 1689 5771 ut
1734 5719 2116 5787 repromissio-

524 5823 648 5865 ncm
694 5821 907 5867 :eterna:
964 5809 1294 5866 haereditatis
1343 5809 1608 5881 accipiant
1667 5810 1745 5863 illi
1796 5810 1884 5880 qtti
1937 5812 2111 5865 vocati

525 5913 651 5966 sunt
694 5913 894 5963 πίει-ηδ
940 5905 1266 5962 vocatione:
1301 5919 1423 5961 nam
1472 5919 1576 5960 non
1633 5903 1869 5977 loquitur
1913 5903 1999 5961 hic
2041 5903 2112 5964 de

2233 3332 2340 3390 cat,
2383 3325 2471 3394 qui
2507 3340 2602 3394 pro
2645 3327 3012 3394 peccatoribus
3064 3327 3271 3380 oblatus
3321 3333 3406 3379 est
3438 3342 3451 3376 :
3484 3325 3643 3393 juxta
3687 3323 3812 3394 quod

2233 3415 2373 3471 idem
2403 3417 2689 3485 Apostolus
2717 3418 2850 3471 alias
2879 3417 2952 3472 ait
2977 3434 2991 3472 :
3023 3417 3156 3472 Eum
3187 3417 3276 3486 qui
3307 3431 3414 3470 non
3447 3425 3678 3470 noverat
3706 3430 3810 3482 pec-

2231 3519 2432 3572 catum,
2466 3507 2608 3563 Deus
2635 3508 2792 3562 Pater
2820 3523 2918 3577 pro
2944 3508 3098 3562 nobis
3120 3517 3397 3576 peccatum
3429 3505 3560 3561 fecit
3585 3523 3599 3559 :
3627 3507 3722 3561 hoc
3742 3513 3808 3559 est

2233 3597 2461 3652 hostiam
2495 3613 2590 3666 pro
2614 3608 2865 3666 peccato;
2899 3599 3038 3668 quod
3071 3599 3212 3653 enim
3246 3607 3400 3653 vetus
3419 3599 3805 3653 Testamentum

2230 3691 2489 3759 sanguine
2519 3705 2823 3762 respersum
2850 3701 2932 3746 est
2961 3690 3027 3745 ad
3057 3691 3555 3757 conﬁrmationem,
3583 3691 3805 3746 similiter

2230 3790 2284 3836 et
2319 3782 2547 3852 p0pulus
2590 3781 2765 3852 typicc
2804 3781 3204 3852 signiﬁcabatur
3249 3781 3518 3850 sanguine
3565 3779 3805 3849 passionis

2228 3875 2425 3931 Christi
2453 3891 2647 3930 novum
2679 3875 3077 3931 Testamentum
3109 3876 3557 3936 conﬁrmandum,
3588 3885 3643 3929 et
3670 3888 3808 3945 popu-

2228 3966 2339 4021 lum
2383 3968 2690 4022 credentem
2732 3967 3116 4022 mundandum.
3162 3970 3314 4038 Aqua
3357 3977 3543 4022 autem
3586 3981 3691 4036 qua
3726 3979 3802 4033 po—

2227 4057 2386 4127 pulus
2413 4059 2814 4126 aspergebatur,
2843 4074 2979 4128 aqua
3002 4067 3085 4114 est
3109 4058 3469 4126 baptismatis,
3504 4071 3615 4127 qua
3647 4056 3804 4110 ﬁdeles

2228 4149 2638 4220 perfunduntur.
2669 4152 2812 4206 Lana
2839 4153 3088 4207 coccinea
3117 4151 3430 4206 charitatem
3463 4151 3699 4216 Christi,
3723 4162 3804 4218 qua

2225 4255 2324 4310 pro
2364 4243 2519 4298 nobis
2565 4259 2755 4312 passus
2797 4255 2910 4309 est,
2942 4254 2996 4300 et
3032 4247 3099 4300 de
3137 4259 3240 4314 qua
3284 4245 3411 4298 alibi
3456 4245 3668 4300 dicitur
3695 4263 3705 4297 ε
3736 4244 3805 4298 Sic

2225 4335 2368 4390 Deus
2415 4337 2604 4391 dilexit
2652 4338 2928 4403 mundum,
2978 4346 3036 4392 ut
3079 4337 3419 4406 Unigenitum
3465 4353 3631 4391 suum
3679 4337 3804 4389 daret

2227 4441 2323 4496 pro
2350 4428 2569 4483 mundo.
2607 4429 2882 4500 liyssopns
2910 4429 3072 4484 herba
3105 4429 3318 4483 humilis
3346 4439 3427 4483 est
3448 4470 3464 4493 ,
3496 4440 3552 4484 et
3588 4430 3646 4484 in
3679 4439 3804 4496 [ιρις-λ

2226 4532 2474 4584 nascens,
2523 4535 2618 4589 per
2667 4535 2824 4590 quam
2863 4520 3138 4576 humilitas
3177 4521 3492 4588 designatur
3523 4520 3722 4576 Christi
3765 4527 3804 4574 et

3648 4630 3660 4664 ζ
3707 4623 3804 4664 nam

2227 4698 2386 4768 hujus
2438 4700 2618 4755 herbae
2663 4717 2860 4771 genere
2890 4703 3198 4772 pulmonum
3227 4704 3354 4757 vitia
3388 4706 3572 4758 solent
3634 4703 3803 4760 curari.

2226 4786 2409 4843 Potest
2452 4799 2505 4844 et
2551 4805 2644 4859 per
2693 4795 2982 4864 liy550pnm
3033 4794 3345 4862 paenitentia
3399 4794 3662 4864 intelligi,
3709 4806 3806 4860 qua

2225 4880 2433 4936 fortiter
2457 4893 2669 4950 peracta
2699 4884 2954 4939 interiora
2984 4886 3104 4939 vitia
3130 4888 3327 4940 mentis
3355 4897 3572 4955 purgat.
3612 4886 3806 4940 Diei-2.5:

2224 4971 2328 5025 Hic
2370 4975 2580 5044 sanguis
2622 4980 2905 5031 testamenti
2947 4979 3085 5046 quod
3123 4978 3380 5032 mandavit
3422 4981 3492 5031 ad
3537 4995 3641 5034 vos
3673 4979 3808 5032 Deus.

2223 5066 2384 5134 Quasi
2413 5070 2620 5124 diceret
2652 5090 2664 5124 :
2696 5072 2809 5126 haec
2838 5085 2920 5126 est
2954 5071 3291 5127 confirmatio
3321 5072 3481 5140 hujus
3514 5069 3810 5128 testamenti

2222 5160 2365 5228 quod
2397 5163 2668 5217 mandavit
2695 5163 2760 5217 ad
2790 5179 2884 5217 vos
2910 5164 3085 5218 Deus:
3117 5164 3218 5218 iste
3248 5166 3466 5234 sanguis
3502 5168 3812 5234 praeﬁgura-

2223 5249 2316 5304 bat
2358 5252 2504 5306 illum
2543 5253 2853 5318 sanguinem
2885 5255 2972 5322 qui
3009 5255 3076 5310 de
3118 5255 3285 5310 latere
3319 5254 3519 5309 Christi
3562 5258 3625 5310 in
3669 5266 3812 5308 cruce

2224 5345 2460 5396 manavit
2506 5360 2516 5396 :
2565 5343 2666 5398 hoc
2697 5348 2956 5416 sanguine
2987 5345 3234 5401 Christus
3262 5355 3317 5401 et
3347 5360 3449 5400 nos
3478 5347 3740 5413 aspersit,
3768 5353 3814 5398 et

2226 5441 2603 5490 teStamentum
2633 5451 2787 5491 suum
2817 5439 3176 5502 confirmavit,
3209 5440 3346 5494 sicut
3377 5440 3491 5509 ipse
3517 5439 3661 5495 dixit
3731 5437 3814 5493 llic

2224 5539 2307 5586 est
2329 5532 2544 5601 sanguis
2567 5532 3054 5592 noviTestamenti,
3081 5533 3134 5588 in
3162 5533 3536 5588 remissionem
3578 5543 3815 5604 peccato~

2222 5636 2361 5675 rum.
2396 5619 2567 5674 Etiam
2591 5623 2975 5679 tabernaculum
2997 5635 3043 5679 et
3066 5627 3236 5680 omnia
3260 5641 3380 5680 vasa
3407 5626 3688 5680 ministerii
3708 5641 3816 5679 san-

2221 5717 2374 5784 guine
2394 5716 2625 5769 similiter
2646 5720 2886 5787 aspersit.
2920 5718 3344 5774 Tabernaculum
3377 5719 3451 5774 illi
3481 5714 3811 5788 intelligendi

2220 5819 2345 5864 sunt
2372 5809 2438 5865 de
2461 5811 2651 5880 quibus
2678 5827 2772 5884 per
2795 5815 3108 5885 prophetam
3135 5814 3274 5870 Deus
3303 5813 3428 5870 dicit
3457 5829 3471 5866 :
3501 5811 3811 5867 lnhabitabo

2220 5901 2347 5970 illis,
2380 5917 2432 5961 et
2478 5907 2848 5976 iuambttlabo;
2899 5914 2956 5965 et
2997 5906 3065 5966 de
3110 5905 3307 5982 quibus
3349 5902 3641 5979 Apostolus
3691 5899 3809 5962 alibi
