3968 6354
179 347 289 408 785

1038 342 1106 401 IN
1145 337 1534 402 EPISTOLAM
1572 334 1663 394 AD
1708 328 2053 395 IIEBILEOS
2090 333 2611 397 COMMENTARIA.

3351 350 3461 410 746

181 468 312 524 dicit
341 484 355 523 :
387 463 668 536 Templum
709 461 805 519 Dei
843 470 1086 518 sanctum
1129 469 1230 528 est,
1279 460 1420 530 quod
1469 459 1597 515 estis
1639 471 1756 512 vos.
1789 451 1844 508 Α
1871 467 1991 506 nam
2019 454 2313 510 secundum
2351 457 2492 527 quod
2525 459 2667 516 Deus
2693 467 2798 528 cst,
2835 463 3037 537 ubique
3067 474 3171 534 est,
3199 478 3252 526 et
3279 474 3458 528 omnia

181 559 325 616 Vasa
357 572 484 610 vero
510 557 716 611 diversa
751 554 937 609 ﬁdeles
967 563 1092 607 sunt
1122 553 1380 608 Ecclesiae
1408 551 1622 630 diversa,
1647 550 1771 604 ofﬁ-

183 655 266 710 cia
299 653 558 708 habentes
591 668 604 703 :
635 650 852 719 quidam
880 649 1078 702 etenim
1108 654 1233 700 sunt
1266 659 1390 699 vasa
1424 642 1766 712 praedicatio-

183 750 293 813 nis,
324 747 464 802 sicut
493 744 711 810 Paulus,
745 743 812 798 de
839 757 945 812 quo
978 740 1237 795 Dominus
1264 739 1330 792 ad
1361 737 1624 792 Ananiam
1657 737 1767 790 ait:

187 839 296 894 Vas
339 836 620 893 electionis
663 843 746 889 est
781 833 909 889 mihi
947 833 1068 887 iste.
1101 830 1324 899 Quidam
1368 844 1499 884 vero
1529 828 1772 883 diversos

185 931 384 1002 gradus
423 945 486 983 ac
536 929 687 984 varia
724 927 900 984 ofﬁcia
937 925 1154 991 habent,
1187 939 1307 994 qua:
1345 922 1486 978 idem
1528 922 1772 992 egregius

187 1037 620 1082 commemorans
658 1020 787 1074 dicit
819 1036 833 1073 :
866 1019 972 1074 Alii
1003 1018 1160 1074 datur
1190 1031 1285 1086 per
1311 1015 1565 1085 Spiritum
1597 1027 1775 1068 sermo

189 1115 489 1184 sapientiae,
538 1111 626 1166 alii
672 1125 852 1166 sermo
897 1109 1157 1174 scientiae,
1204 1107 1292 1162 alii
1347 1106 1647 1174 prophetia,
1686 1105 1776 1159 alii

191 1223 387 1279 genera
431 1205 763 1275 linguarum,
813 1202 904 1256 alii
952 1201 1120 1274 gratia
1168 1199 1538 1266 curationum,
1585 1207 1638 1252 et
1687 1196 1777 1252 alii

191 1312 352 1373 atque
379 1301 465 1356 alii
495 1301 703 1356 diversa
741 1299 883 1353 dona
924 1297 1143 1364 habent,
1177 1311 1294 1366 quae
1332 1293 1557 1364 singulis
1585 1292 1776 1346 horum

192 1393 389 1450 dividit
425 1393 652 1462 Spiritus
693 1400 911 1446 sanctus
955 1397 1113 1459 prout
1156 1388 1287 1442 vult.
1344 1384 1775 1440 Tabernaculum

191 1500 323 1556 ergo
346 1494 400 1540 et
424 1485 602 1540 omnia
624 1497 749 1537 vasa
776 1483 916 1536 illius
941 1479 1201 1550 sanguine
1227 1486 1608 1547 asperguntur,
1655 1475 1779 1546 quia

193 1578 515 1634 universa‘is
539 1575 775 1630 Ecclesia
801 1588 924 1627 cum
952 1571 1200 1626 omnibus
1228 1570 1328 1625 sibi
1355 1569 1782 1624 ministrantibus

195 1672 458 1741 sanguine
487 1666 752 1735 passionis
777 1664 974 1719 Christi
1005 1663 1310 1718 mundatur.
1357 1659 1428 1715 Et
1456 1662 1632 1715 omnia
1660 1676 1784 1731 pene

195 1761 250 1816 in
275 1760 523 1832 sanguine
545 1757 882 1824 mandantur,
910 1755 1188 1811 secundum
1218 1756 1376 1823 legem
1407 1769 1426 1806 :
1457 1765 1502 1807 et
1531 1753 1639 1808 sine
1665 1769 1786 1808 san-

1875 545 2082 613 implet,
2126 564 2226 602 nec
2255 549 2306 602 in
2339 553 2640 607 manufacla
2685 553 2960 613 hominum
3008 560 3237 626 introiit,
3270 564 3363 618 sed
3408 567 3461 621 in

1874 639 2048 706 ipsum
2077 640 2295 709 cmlum,
2316 641 2558 712 jussione
2588 646 2682 701 Dei
2714 661 2980 717 creatum;
3008 667 3109 707 nec
3132 651 3268 709 hanc
3289 655 3461 711 solam

1874 731 2229 791 dilferentiam
2274 739 2550 807 ostendit,
2585 742 2678 796 sed
2726 745 2885 798 etiam
2931 748 3233 814 pontiﬁcem
3276 752 3466 820 proxi-

1875 840 2021 880 mum
2049 825 2326 895 factorem,
2353 840 2408 885 ut
2426 842 2678 901 appareat
2705 837 2874 892 vultui
2900 838 2989 894 Dei
3016 855 3116 912 pro
3135 842 3290 898 nobis
3315 859 3330 898 :
3356 843 3460 901 hoc

1877 927 1978 983 est,
2010 925 2066 972 ut
2095 919 2329 990 seipsum
2362 923 2617 979 exhibeat
2649 931 2949 996 prmscntia:
2980 941 3239 1001 paternas,
3273 935 3460 990 nobis-

1878 1025 1979 1080 que
2007 1011 2155 1066 illum
2183 1015 2471 1082 propitium
2495 1017 2704 1075 reddat.
2727 1020 2878 1077 Unde
2900 1021 3134 1080 Joannes
3164 1026 3290 1081 dicit
3316 1045 3329 1080 :
3355 1028 3469 1082 Ad-

1881 1109 2125 1156 vocatum
2155 1104 2413 1160 habemus
2445 1108 2584 1176 apud
2615 1109 2829 1165 Patrem
2866 1113 3047 1168 Jesum
3078 1115 3382 1185 Chrismm,
3411 1129 3468 1174 et

1880 1191 1997 1261 ipse
2015 1204 2099 1248 est
2115 1197 2424 1265 prapitiatio
2443 1213 2540 1267 pro
2564 1203 2794 1267 peccatis
2812 1204 3029 1259 nostris.
3050 1205 3230 1274 Neque
3253 1218 3307 1261 ut
3333 1226 3470 1279 stepe

1880 1284 2062 1352 oﬂ'erat
2091 1289 2430 1358 semetipsum,
2464 1294 2890 1361 quemadmodum
2935 1299 3170 1366 pontifex
3225 1300 3384 1354 intrat
3413 1303 3468 1355 in

1882 1376 2079 1431 Sancta
2102 1396 2191 1448 per
2215 1382 2444 1451 singulos
2474 1399 2637 1438 annos
2665 1386 2716 1439 in
2745 1387 2996 1457 sanguine
3017 1390 3206 1445 alieno.
3229 1392 3469 1461 Alioquin

1883 1469 2140 1538 oportebat
2162 1486 2274 1524 eum
2295 1472 2582 1541 frequenter
2603 1476 2710 1545 pati
2730 1475 2793 1528 ab
2817 1478 3012 1546 origine
3035 1481 3230 1538 mundi.
3247 1457 3366 1537 Non
3386 1494 3472 1540 est
3522 1457 3530 1476 ‘

1884 1562 2130 1619 Christus
2157 1565 2223 1619 ad
2255 1565 2358 1621 hoc
2386 1567 2660 1637 ingressus
2702 1571 2753 1624 in
2786 1572 2982 1627 Sancta
3017 1583 3327 1630 sanctorum
3352 1617 3366 1643 ,
3411 1587 3472 1633 ut

1884 1670 2030 1725 saepe
2073 1659 2419 1727 semetipsum
2460 1660 2686 1728 offerat,
2735 1665 3186 1733 quemadmodum
3229 1669 3471 1738 pontifex

1888 1749 2195 1805 Judmorum
2239 1751 2639 1821 ingrediebatur
2668 1755 2720 1808 in
2750 1755 2945 1811 Sancta
2981 1774 3075 1827 per
3107 1760 3345 1829 singulos
3377 1779 3474 1817 an-

195 1853 367 1925 guinis
387 1851 631 1919 eﬁ'usione
659 1866 760 1903 non
789 1849 846 1918 ﬁt
874 1849 1125 1903 remissio.
1143 1848 1320 1914 Quare
1347 1847 1482 1902 dixit
1511 1864 1526 1901 :
1555 1846 1698 1902 Pene
1728 1846 1782 1902 in
1815 1822 1863 1882 Β
1891 1858 1989 1898 nos
2015 1861 2026 1896 :
2062 1859 2235 1914 neque
2257 1860 2375 1900 cum
2400 1847 2661 1915 sanguine
2686 1847 2881 1915 alieno,
2906 1849 3001 1905 sed
3027 1866 3154 1939 cum.
3170 1868 3269 1910 suo
3293 1872 3306 1908 :
3340 1872 3447 1926 quo

196 1943 457 2012 sanguine
478 1941 801 1996 mundantur
821 1940 1021 2007 omnia,
1043 1939 1336 1996 secundum
1360 1942 1535 2009 legem
1561 1954 1575 1990 :
1599 1950 1652 1996 et
1673 1940 1790 1996 sine

197 2032 472 2102 sanguinis
501 2031 762 2087 elfusione
789 2047 893 2086 non
927 2031 982 2086 ﬁt
1013 2030 1299 2086 remissio?
1328 2031 1580 2100 quoniam
1606 2031 1656 2084 in
1680 2031 1790 2086 illis

201 2140 310 2178 non
332 2132 450 2178 erat
470 2122 703 2192 perfecta
727 2122 1024 2188 mundatio,
1052 2138 1224 2192 neque
1248 2121 1484 2192 perfecta
1505 2121 1784 2189 remissio;

199 2230 427 2287 corpora
449 2220 611 2284 enim,
637 2227 890 2288 quantum
913 2217 977 2270 ad
1001 2217 1169 2286 legem
1192 2217 1442 2285 pertinet,
1466 2216 1791 2270 mandaban-

199 2316 288 2362 tur
325 2310 656 2377 aspersione,
697 2308 811 2362 sive
849 2307 1111 2362 eﬁusione
1150 2306 1423 2374 sanguinis
1453 2306 1785 2371 animalium,

199 2399 441 2469 leviaque
463 2411 677 2469 peccata
700 2401 1099 2464 relaxabantur;
1125 2399 1218 2453 sed
1243 2401 1296 2452 in
1320 2399 1419 2453 hoc
1439 2400 1559 2467 quia
1583 2397 1785 2467 majora

200 2490 426 2545 crimina
450 2506 552 2544 non
577 2491 812 2556 tollebat,
839 2505 1013 2560 neque
1037 2493 1330 2559 perfectum
1363 2492 1634 2546 hominem
1665 2493 1786 2546 red-

198 2583 379 2650 debat,
426 2599 531 2638 non
572 2593 686 2639 erat
724 2585 954 2654 perfecta
988 2584 1264 2638 mundatio
1295 2603 1308 2638 :
1344 2586 1575 2654 perfecta
1607 2594 1783 2642 autem

198 2676 474 2730 mundatio
504 2685 558 2730 et
593 2675 840 2730 remissio
886 2677 940 2730 in
981 2678 1243 2749 sanguine
1271 2677 1467 2732 Christi
1516 2680 1783 2746 consistit,

196 2767 289 2836 qui
319 2783 414 2836 pro
444 2767 599 2820 nobis
629 2766 776 2820 fusus
808 2777 891 2822 est
921 2768 974 2820 in
1003 2770 1374 2823 remissionem
1407 2779 1780 2838 peccatorum;

195 2859 315 2914 sine
343 2859 495 2927 cujus
540 2859 814 2929 sanguinis
845 2858 1102 2914 ell'usionc
1133 2875 1292 2914 nemo
1322 2860 1622 2915 redimitur.
1671 2861 1784 2915 Ne-

195 2968 334 3006 cesse
357 2962 426 3005 est
448 2968 564 3020 ergo
591 2953 902 3021 exemplaria
927 2953 1130 3019 quidem
1151 2955 1424 3006 caelestium
1448 2954 1546 3006 his.
1571 2953 1785 3008 Sacriﬁ-

193 3044 298 3099 ciis
319 3053 372 3098 ct
399 3044 820 3113 aspersionibus.
850 3043 1095 3096 Mundari
1136 3059 1155 3098 :
1203 3044 1316 3113 ipsa
1361 3053 1534 3098 autem
1563 3045 1785 3098 coelestia

1891 1938 2034 1992 niam
2067 1939 2205 2008 ipse,
2236 1941 2327 2010 qui
2357 1951 2439 1996 est
2463 1943 2717 1998 sacerdos
2746 1952 2800 1998 et
2829 1938 3172 2012 sacriﬁcium,
3202 1949 3365 2004 semel
3394 1965 3474 2004 se-

1892 2031 2180 2099 metipsum
2237 2033 2431 2088 obtulit
2462 2033 2513 2088 in
2545 2049 2638 2089 ara
2668 2037 2881 2101 crucis;
2912 2045 2970 2090 at
3010 2051 3139 2093 vero
3184 2054 3473 2111 resurgens

1887 2125 1996 2193 jam
2013 2141 2134 2179 mon
2165 2126 2390 2180 moritur
2420 2144 2434 2180 :
2465 2143 2611 2183 mors
2642 2128 2690 2183 ci
2724 2129 2858 2183 ultra
2904 2145 3012 2187 non
3063 2131 3423 2186 dominabitur
3456 2150 3472 2188 :

1892 2231 1990 2270 nec
2013 2227 2094 2272 est
2119 2233 2340 2272 necesse
2368 2228 2425 2272 ut
2449 2220 2676 2288 amplius
2703 2222 2961 2276 moriatur
2985 2239 2999 2286 ;
3024 2223 3275 2292 quoniam
3302 2223 3366 2277 ad
3394 2238 3474 2277 sa-

1891 2305 2056 2360 lutem
2109 2309 2349 2362 omnium
2397 2310 2730 2365 credentium
2763 2315 2897 2368 satis
2939 2314 3133 2369 sufﬁcit
3161 2331 3263 2368 una
3294 2319 3476 2386 passio

1889 2396 2028 2466 ejus.
2064 2398 2311 2467 Alioquin
2343 2417 2356 2453 :
2388 2399 2490 2454 hoc
2511 2409 2612 2467 est,
2641 2403 2862 2458 sialiter
2888 2416 3054 2472 esset,
3081 2413 3139 2460 ut
3163 2407 3326 2460 semel
3358 2421 3475 2474 pas-

1888 2504 1981 2544 sus
2012 2505 2114 2544 non
2139 2492 2437 2560 prodesset,
2468 2495 2666 2562 saepius
2687 2496 2971 2564 oportebat
2998 2513 3118 2552 eum
3145 2498 3380 2566 cruciﬁgi
3406 2497 3473 2550 ab

1889 2583 2096 2652 origine
2124 2585 2307 2639 mundi
2343 2603 2356 2638 :
2387 2586 2486 2640 hoc
2513 2595 2615 2652 est,
2647 2598 2776 2656 quot
2805 2589 3022 2644 fuerunt
3052 2590 3229 2656 electi,
3264 2599 3316 2644 et
3342 2598 3474 2658 quot

1889 2675 2054 2730 futuri
2086 2687 2232 2744 sunt,
2265 2692 2362 2746 pro
2387 2679 2612 2747 singulis
2639 2680 2776 2734 mori
2806 2681 2952 2735 illum
2986 2690 3276 2750 oporteret,
3302 2680 3346 2735 si
3380 2694 3476 2735 eos

1888 2770 2157 2823 redimere
2183 2770 2346 2824 vellet
2379 2788 2391 2822 :
2420 2771 2512 2825 sed
2542 2772 2715 2826 noluit
2737 2771 2835 2825 nisi
2861 2780 3062 2826 tantum
3091 2772 3260 2826 semel
3287 2772 3424 2826 mori
3456 2813 3474 2839 ,

1889 2861 2010 2930 quia
2037 2877 2140 2915 una
2168 2871 2341 2916 morte
2372 2863 2513 2917 illius
2535 2863 2830 2931 redemptio
2853 2864 2984 2918 facta
3010 2875 3110 2918 est.
3129 2863 3284 2918 Nunc
3305 2873 3478 2917 autem

1888 2952 2042 3005 semel
2072 2952 2124 3006 in
2152 2956 2586 3009 consummatione
2628 2955 2957 3009 swculorum.
2993 2955 3104 3009 Iloc
3143 2963 3246 3023 est,
3277 2955 3329 3009 in
3371 2955 3476 3010 line

1889 3044 2252 3114 surculorum,
2288 3047 2337 3099 in
2391 3048 2677 3100 novissima
2732 3057 2908 3102 astate.
2967 3048 3049 3100 Ad
3096 3049 3476 3100 destitutionem

192 3138 490 3191 melioribus
528 3138 708 3190 hostiis
758 3138 1071 3189 mandantur
1118 3151 1269 3203 quam
1318 3137 1450 3191 istis.
1508 3136 1782 3191 Sacriﬁcia
1805 3179 1862 3248 Ο
1891 3137 2086 3203 peccati
2116 3153 2206 3205 per
2234 3137 2452 3190 hostiam
2479 3153 2625 3190 suam
2653 3142 2917 3207 apparuit.
2943 3139 3054 3192 [loc
3093 3148 3195 3203 est,
3229 3154 3326 3207 per
3354 3153 3478 3191 cor-

195 3229 385 3248 ...λεΔ
428 3227 748 3248 __-____.-_:-
827 3227 877 3248 ε,.
913 3238 985 3248 __.
1017 3230 1230 3248 ,ευ-,ω
1283 3235 1328 3248 ,.
1379 3227 1777 3248 ,ε,,,ε.ε.--,.ε,,,,,
1895 3241 1992 3248 ___-
2033 3242 2181 3248 ,ηυμ
2277 3229 2408 3248 μη,
3293 3229 3472 3248 nu--.

192 3229 389 3297 legalia
421 3227 751 3296 exemplaria
775 3265 793 3293 ,
827 3227 877 3280 id
909 3238 991 3281 est
1016 3230 1234 3295 ﬁguram
1277 3235 1331 3281 et
1376 3227 1781 3282 similitudinem

189 3328 389 3384 vocat;
419 3319 519 3372 ista
559 3328 762 3384 autem,
786 3334 903 3387 qua:
936 3320 1097 3372 modo
1120 3319 1172 3372 in
1201 3319 1429 3375 Veritate
1459 3321 1512 3374 in
1543 3321 1784 3376 Ecclesia

191 3412 565 3476 celebrantur,
593 3411 829 3466 coelestia
855 3412 1110 3480 appellat,
1140 3413 1191 3464 id
1222 3419 1305 3466 est
1348 3413 1632 3482 spiritalia,
1653 3428 1785 3482 quo-

191 3510 346 3563 niam
367 3508 715 3578 spiritualiter
739 3517 865 3563 sunt
882 3507 1118 3579 agenda;
1145 3507 1254 3561 sive
1276 3507 1536 3576 coelestia,
1561 3523 1626 3563 eo
1644 3509 1785 3580 quod

192 3601 328 3656 illos
355 3601 443 3670 qui
474 3603 523 3653 in
555 3600 780 3654 veritate
807 3616 870 3653 ea
901 3600 1200 3666 celebrant,
1224 3601 1292 3654 ad
1321 3601 1561 3656 caelestia
1590 3602 1788 3670 perdu-

193 3701 347 3747 cant.
383 3692 718 3759 Exemplaria
745 3733 761 3758 ,
795 3691 988 3760 inquit,
1021 3693 1258 3747 caelestia
1302 3693 1682 3763 mysteriorum
1727 3707 1789 3749 ac

192 3802 383 3843 rerum
428 3803 548 3857 qua:
577 3788 629 3841 in
662 3789 776 3856 lege
823 3789 1151 3856 agebantur,
1199 3789 1250 3842 in
1292 3788 1510 3860 ﬁguram
1559 3791 1788 3844 istorum

192 3899 322 3954 qua:
351 3883 508 3938 modo
538 3884 589 3936 in
621 3883 860 3937 Ecclesia
891 3883 1262 3952 complentur,
1309 3896 1532 3937 necesse
1561 3896 1677 3938 erat
1710 3891 1791 3938 ta-

191 3976 343 4030 libus
370 3975 650 4030 sacriﬁciis
697 3975 889 4046 typicis
923 3987 976 4029 et
1021 3976 1422 4041 aSpersionibus
1455 3977 1748 4046 ﬁgurativis
1771 4020 1787 4047 ,

195 4082 324 4136 quas
357 4081 480 4121 vera
514 4065 946 4134 prteﬁgurabaut,
976 4066 1028 4119 in
1055 4067 1171 4136 lege
1199 4067 1295 4120 uti.
1323 4066 1442 4134 Ipsa
1467 4079 1644 4123 autem
1676 4084 1790 4123 cm-

197 4163 384 4227 lestia,
417 4161 467 4215 id
500 4171 584 4216 est
612 4159 897 4229 spiritalia,
922 4175 1040 4230 qua:
1071 4160 1125 4213 in
1158 4161 1383 4214 veritate
1405 4161 1566 4215 modo
1598 4163 1649 4215 in
1686 4161 1792 4216 Ec-

203 4255 367 4310 clesia
399 4253 762 4320 celebrantur,
786 4251 1096 4307 melioribus
1119 4250 1311 4307 hostiis
1334 4253 1662 4306 mundanlur
1679 4254 1794 4307 istis

206 4349 468 4420 legalibus
502 4367 513 4400 :
549 4351 813 4415 sanguine
841 4347 1091 4400 videlicet
1124 4344 1390 4414 passionis
1419 4344 1638 4400 Christi.
1659 4345 1796 4400 Nam

210 4441 332 4511 quia
363 4439 676 4505 quarrebant
704 4452 832 4490 vera
874 4436 1161 4500 sacriﬁcia,
1195 4437 1388 4502 quibus
1409 4435 1646 4503 perfecte
1670 4451 1794 4506 pos-

155 4563 161 4593 ;
207 4539 331 4585 εειιι
361 4529 606 4582 homines
636 4526 917 4593 mundari,
951 4541 1051 4580 nec
1089 4526 1528 4592 inveniebantur,
1570 4542 1794 4584 necesse

155 4611 168 4620 ’
210 4621 313 4677 fuit
340 4619 524 4673 tandiu
549 4633 767 4674 manere
796 4619 905 4683 illa,
926 4634 1202 4690 quousque
1226 4635 1350 4674 vera
1377 4622 1642 4677 venirent.
1671 4621 1794 4679 Non

207 4711 342 4765 enim
360 4711 410 4763 in
432 4713 726 4781 manufacta
749 4711 901 4767 Jesus
922 4713 1170 4780 introivit,
1185 4714 1502 4779 exemplaria
1524 4731 1756 4769 verorum
1770 4734 1791 4784 ,-

206 4805 297 4860 sed
327 4807 380 4857 in
423 4805 589 4874 ipsum
631 4806 831 4872 calum,
865 4817 919 4858 ut
946 4819 1191 4876 appareat
1222 4823 1354 4860 nunc
1380 4809 1538 4861 vultui
1571 4808 1668 4863 Dei
1694 4825 1788 4880 pro

207 4897 375 4953 nobis.
403 4897 514 4950 Non
550 4897 778 4962 introiit,
813 4898 1006 4966 inquit,
1037 4900 1194 4954 Jesus
1224 4900 1275 4954 in
1307 4902 1626 4958 mauulactis
1661 4920 1673 4956 :
1705 4919 1794 4958 su-

208 4989 395 5057 baudi,
417 5005 534 5058 quae
560 4999 686 5043 sunt
711 4992 1038 5058 exemplaria
1069 5007 1338 5048 verorum.
1372 4993 1667 5049 Manufacta
1699 5010 1796 5066 ap-

209 5083 374 5150 pellat
427 5083 619 5137 Sancta
651 5095 984 5150 sanctorum,
1015 5100 1136 5154 quae
1163 5087 1392 5152 primum
1416 5089 1664 5143 manibus
1694 5090 1793 5144 Be-

211 5177 413 5232 selehel
442 5177 581 5230 facta
609 5187 735 5231 sunt
763 5177 815 5232 in
843 5192 1026 5233 eremo
1045 5219 1058 5243 ,
1089 5193 1153 5233 ac
1183 5188 1366 5245 postea
1397 5179 1650 5236 similiter
1674 5196 1792 5236 ma-

214 5267 372 5323 nibus
391 5271 760 5335 operariorum
794 5271 845 5324 in
871 5269 1069 5339 templo
1103 5270 1428 5335 Salomonis,
1463 5274 1515 5328 in
1543 5289 1662 5344 quae
1686 5291 1793 5332 non

210 5359 415 5416 introiit
436 5361 612 5427 Iesus,
641 5361 734 5417 sed
760 5362 814 5416 in
838 5362 1010 5430 ipsum
1036 5364 1256 5429 coelum,
1279 5364 1418 5432 quod
1440 5380 1546 5418 non
1573 5376 1656 5420 est
1679 5380 1792 5420 ma-

211 5451 367 5507 nibus
411 5452 690 5507 hominum
723 5452 921 5508 factum
949 5493 965 5518 ,
1005 5454 1097 5509 sed
1139 5455 1382 5524 jussione
1420 5463 1476 5511 et
1517 5456 1792 5512 voluntate

213 5543 305 5598 Dei
341 5541 498 5599 Verbi
529 5553 828 5598 extentum.
877 5545 1041 5613 igitur
1080 5545 1169 5600 illa
1203 5545 1419 5600 fuerunt
1465 5548 1790 5618 exemplaria

209 5643 268 5689 et
297 5636 460 5705 figura
492 5650 739 5690 verorum
770 5653 785 5690 :
819 5637 938 5707 quia
969 5638 1068 5692 ista
1101 5653 1226 5692 vera
1256 5639 1453 5694 Sancta
1486 5649 1789 5696 sanctorum

214 5725 646 5796 pneﬁgurabant,
676 5744 796 5796 quae
821 5727 1067 5784 Christus
1097 5732 1263 5786 semel
1298 5732 1535 5786 intravit.
1568 5730 1794 5790 Introire

213 5829 387 5881 autem
417 5819 600 5874 Jesum
627 5820 855 5875 dicimus
891 5823 1186 5880 secundum
1217 5823 1268 5880 id
1300 5825 1444 5897 quod
1481 5825 1644 5881 homo
1673 5834 1791 5893 est;

498 5933 772 5994 Ρηιιοι..
819 5932 1108 6000 LXVIII.

1894 3241 1994 3295 pus
2031 3242 2221 3294 suum,
2267 3229 2410 3298 quod
2441 3229 2564 3285 fecit
2608 3230 2836 3285 hostiam
2884 3244 2982 3299 pro
3022 3241 3258 3298 peccato.
3293 3229 3474 3284 Semel

1892 3321 2111 3390 (inquit)
2139 3322 2192 3376 in
2225 3322 2331 3376 ﬁne
2361 3322 2683 3377 saeculorum
2739 3324 2805 3376 ad
2846 3322 2948 3375 hoc
2978 3324 3242 3391 apparuit,
3269 3331 3325 3376 ut
3380 3338 3477 3391 per

1892 3411 2122 3466 hostiam
2154 3428 2305 3467 suam
2335 3413 2637 3469 destrueret
2665 3424 2940 3482 peccatum
2967 3430 2981 3468 :
3017 3414 3209 3469 merito
3241 3425 3365 3468 tunc
3390 3429 3479 3482 ap-

1893 3506 2092 3574 paruit,
2122 3506 2337 3576 quando
2370 3507 2536 3562 multa
2564 3516 2753 3572 erant,
2797 3516 2855 3561 ut
2905 3508 3217 3562 ostenderet
3261 3508 3478 3564 divitias

1893 3600 2080 3668 gratia:
2112 3616 2256 3666 suae;
2290 3602 2334 3654 si
2361 3603 2502 3656 enim
2526 3602 2578 3656 in
2609 3601 2872 3672 principio
2895 3601 3068 3666 ﬁeret,
3093 3601 3336 3656 fortassis
3358 3603 3480 3656 nul-

1896 3692 1979 3746 lus
2005 3694 2268 3759 crederet,
2303 3702 2358 3749 et
2388 3693 2488 3749 hoc
2511 3694 2679 3749 semel
2712 3695 2762 3748 in
2797 3694 3261 3749 consummatione
3293 3709 3483 3759 pecca—

1900 3795 2075 3840 torum
2094 3802 2189 3855 per
2212 3787 2484 3856 pr0prium
2518 3788 2856 3857 sanguinem,
2883 3802 2986 3841 non
3007 3802 3101 3855 per
3128 3786 3384 3839 alienum.
3412 3785 3482 3840 Et

1896 3883 2321 3951 quemadmodum
2347 3891 2596 3936 statutum
2617 3891 2691 3936 est
2721 3881 3010 3935 hominibus
3029 3881 3182 3934 semel
3197 3880 3349 3944 mori,
3372 3887 3484 3949 post

1899 3977 1993 4027 hoc
2023 3985 2188 4028 autem
2209 3975 2471 4045 judicium
2499 3990 2518 4028 :
2547 3975 2621 4026 sic
2651 3983 2697 4026 et
2738 3973 2971 4028 Christus
3001 3971 3157 4025 semel
3179 3970 3378 4026 oblatus
3417 3970 3486 4024 ad

1899 4066 2176 4118 multorum
2199 4064 2549 4119 exhauriendo
2593 4073 2838 4134 peccata;
2889 4065 3108 4118 secundo
3140 4063 3248 4116 sine
3278 4072 3484 4131 peccato

1900 4159 2164 4228 apparebit
2193 4157 2599 4227 exspectantibus
2635 4174 2686 4210 se
2716 4158 2768 4209 in
2797 4157 3034 4209 salutem.
3069 4155 3222 4210 Sicut
3253 4154 3486 4208 homini-

1901 4249 2003 4303 bus
2033 4256 2289 4303 statutum
2323 4257 2406 4302 est
2434 4263 2496 4302 ac
2527 4248 2822 4312 decretum,
2856 4257 2913 4300 ut
2952 4261 3056 4298 non
3090 4245 3298 4312 possint
3323 4244 3481 4308 mori,

1902 4343 2006 4396 nisi
2053 4341 2254 4405 semel;
2288 4350 2471 4408 postea
2519 4351 2697 4394 autem
2742 4338 3009 4405 accipiunt
3035 4337 3291 4404 judicium
3327 4355 3340 4390 :
3384 4337 3487 4391 hoc

1904 4439 2008 4496 est,
2041 4439 2200 4500 prout
2243 4430 2610 4498 unusquisque
2649 4429 2814 4499 gessit
2853 4429 2904 4482 in
2951 4443 3208 4498 corpore,
3245 4428 3360 4484 sive
3391 4429 3486 4482 bo-

1821 4553 1882 4620 Χ)
1908 4538 2058 4590 num,
2089 4523 2205 4578 sive
2230 4522 2428 4577 malum
2460 4534 2475 4574 :
2507 4521 2586 4575 sic
2612 4530 2664 4575 et
2694 4519 2940 4574 Christus
2969 4521 3135 4574 semel
3163 4518 3375 4574 oblatus
3403 4527 3486 4575 est

1906 4632 1936 4671 a
1967 4615 2256 4685 semetipso
2286 4615 2352 4668 ad
2382 4615 2672 4668 multorum
2705 4612 2938 4668 tollenda
2984 4621 3232 4683 peccata;
3265 4627 3363 4667 nec
3391 4627 3486 4680 po-

1903 4718 2007 4766 test
2036 4708 2267 4778 amplius
2297 4707 2455 4776 mori,
2489 4705 2582 4761 sed
2615 4719 2787 4774 neque
2827 4705 3150 4776 indigemus.
3179 4705 3484 4758 Notandum

1900 4814 2104 4869 autem,
2125 4801 2190 4856 ad
2217 4801 2509 4857 multorum
2535 4799 2768 4854 tollenda
2798 4809 3014 4867 peccata
3037 4797 3183 4851 illum
3209 4810 3328 4852 esse
3347 4796 3490 4850 obla-

1900 4903 2036 4960 tum,
2056 4904 2236 4949 etnon
2264 4892 2500 4949 omnium
2530 4909 2543 4946 :
2569 4892 2694 4962 quia
2717 4905 2822 4945 non
2843 4903 3032 4943 omnes
3055 4887 3310 4942 credituri
3335 4896 3482 4942 sunt.

1901 4988 2032 5045 Tale
2054 4989 2179 5058 quid
2208 5000 2262 5043 et
2283 4989 2398 5054 ipse
2422 4989 2679 5042 Dominus
2705 4985 2963 5054 apostolis
2996 4998 3012 5037 :
3045 4983 3143 5037 llic
3166 4991 3248 5037 est
3268 4980 3486 5048 sanguis

1899 5099 2052 5138 meus
2085 5081 2211 5136 novi
2236 5081 2566 5135 Testamenti
2595 5121 2610 5146 ,
2643 5081 2732 5150 qui
2777 5094 2872 5147 pro
2898 5076 3049 5132 vobis
3079 5087 3132 5132 et
3176 5091 3274 5145 pro
3303 5072 3486 5129 multis

1900 5175 2204 5231 ell‘undetur
2235 5175 2287 5229 in
2315 5173 2690 5229 remissionem
2723 5179 3086 5243 peccatorum.
3120 5168 3274 5238 Quod
3304 5175 3484 5222 autem

1901 5268 2178 5339 sequitur:
2201 5267 2451 5323 Secundo
2479 5267 2596 5322 sine
2624 5277 2844 5336 peccato
2865 5263 3146 5335 apparebit
3170 5269 3488 5330 exspectano

1901 5361 2042 5415 tibus
2073 5376 2132 5416 se
2164 5363 2214 5414 in
2248 5360 2506 5426 salutem,
2553 5360 2659 5414 tale
2685 5367 2768 5414 est
2794 5373 2855 5412 ac
2887 5358 2932 5412 si
2965 5356 3171 5411 diceret
3199 5371 3214 5408 :
3245 5353 3484 5409 Primum

1901 5455 2114 5525 quidem
2142 5455 2389 5524 apparuit
2417 5454 2506 5508 ille
2537 5469 2632 5522 per
2661 5452 2890 5506 hostiam
2935 5465 3085 5505 suam
3105 5491 3120 5516 ,
3154 5449 3256 5504 hoc
3284 5456 3363 5501 est
3391 5461 3486 5516 per

1902 5561 2096 5618 corpus
2126 5545 2380 5610 mortale,
2416 5544 2559 5615 quod
2605 5544 2704 5598 fuit
2751 5543 2922 5597 hostia
2966 5557 3063 5611 pro
3098 5547 3351 5611 peccato;
3396 5552 3481 5593 se-

1903 5639 2077 5693 eundo
2116 5647 2293 5692 autem
2359 5635 2639 5704 apparebit
2679 5633 2796 5688 sine
2841 5634 3014 5688 hostia
3069 5648 3165 5702 pro
3194 5639 3413 5702 peccato
3467 5648 3482 5685 :

1903 5733 2023 5802 quia
2049 5747 2154 5786 non
2177 5731 2278 5787 erit
2295 5731 2404 5799 jam
2430 5729 2600 5783 hostia
2625 5743 2721 5796 pro
2744 5737 2988 5797 peccato,
3017 5727 3157 5782 sicut
3179 5725 3326 5795 prius
3350 5723 3482 5777 fuit:

1903 5840 2009 5881 non
2039 5824 2180 5882 enim
2223 5823 2418 5895 poterit
2458 5819 2711 5893 deinceps
2743 5821 2898 5877 mori.
2948 5820 3100 5875 Sicut
3144 5820 3288 5876 enim
3319 5829 3486 5886 unus,

2975 5932 3054 6006 25
