3968 6354
476 304 579 358 m
1608 268 1919 351 rantA'su‘
1947 278 2395 352 ADRUMETANI
2433 294 2644 356 EPISC.
3671 306 3806 363 ’με

478 419 701 492 quisque
749 425 991 474 nostrum
1025 426 1142 488 post
1186 425 1417 473 mortem
1459 413 1649 483 recipit
1681 414 1837 483 juxta
1893 424 2061 481 Opera
2087 408 2414 470 Acerdotes
2446 416 2612 469 nostri
2658 416 2898 486 quotidie
2927 418 3068 476 idem
3100 434 3208 477 non
3240 428 3446 493 agunt,
3489 423 3632 477 dum
3670 438 3807 480 non

474 532 569 574 sua
592 562 606 587 ,
637 517 709 570 ita
745 513 990 568 Christus
1019 512 1225 566 devicta
1274 518 1447 563 morte
1472 548 1485 572 ,
1520 514 1575 562 et
1612 505 1809 574 adepto
1848 518 2011 574 regno
2037 549 2051 572 ,
2159 504 2391 561 offerunt
2416 508 2640 565 assidue
2661 511 3268 570 sacriﬁciumlOﬁ‘erunt
3297 515 3545 586 quidem,
3572 517 3687 572 sed
3722 519 3804 572 ad

474 614 709 671 secundo
739 609 1015 681 apparebit
1045 602 1477 675 exspectantibus
1502 614 1561 656 se
1598 600 1650 655 in
1683 599 1911 655 salutem
1939 639 1955 666 ,
1995 604 2057 653 ut
2160 596 2588 655 recordationem
2613 601 2801 657 mortis
2827 603 2945 672 ejus
2973 622 2985 657 :
3015 614 3069 661 et
3100 608 3221 677 quia
3244 621 3344 662 nos
3363 608 3621 678 quotidie
3644 623 3803 680 pec-

469 715 619 784 juste
645 706 875 765 vindicet
903 717 1049 770 suos,
1077 702 1165 772 qui
1195 698 1390 769 injuste
1418 710 1606 768 passus
1631 703 1715 751 est
1745 694 1812 751 ab
1842 694 2051 751 alienis.

475 807 665 864 Melior
692 812 776 860 est
801 803 925 875 hare
963 794 1226 867 apparitio
1258 791 1697 861 exspectantibus
1725 804 1786 845 se
1816 789 1869 843 in
1906 788 2054 844 salu-

476 914 606 967 tem,
625 903 794 969 quam
822 890 1122 951 communis
1149 889 1307 955 visio,
1337 887 1403 941 de
1433 900 1535 956 qua
1563 884 1761 939 dicitur
1796 900 1807 934 :
1840 881 2056 938 Videbit

475 1009 596 1050 eum
644 990 816 1046 omnis
846 984 1052 1049 oculus,
1084 990 1138 1038 et
1167 980 1256 1051 qui
1294 994 1413 1034 eum
1443 982 1800 1048 pupugerunt.
1835 973 1945 1028 Hoc
1972 983 2056 1029 est

476 1099 601 1155 ergo
624 1080 857 1138 secundo
889 1090 1147 1146 apparere
1189 1074 1307 1127 sine
1336 1080 1579 1143 peccato,
1611 1070 1721 1139 jam
1747 1083 1853 1124 non
1883 1068 2054 1123 videri

474 1179 529 1232 in
556 1172 907 1232 similitudine
936 1169 1112 1224 carnis
1144 1164 1380 1236 peccati;
1409 1163 1503 1218 sed
1549 1176 1645 1217 nec
1674 1161 1899 1216 aliorum
1934 1171 2058 1229 pec-

474 1279 591 1325 cata
618 1274 919 1339 portantem
953 1264 1003 1318 in
1036 1275 1262 1329 corpore
1289 1272 1387 1313 suo
1409 1270 1570 1324 super
1591 1255 1816 1324 lignum,
1841 1253 1979 1308 sicut
2002 1253 2055 1307 in

472 1364 646 1433 primo
684 1360 915 1415 adventu
958 1356 1123 1420 fecit;
1175 1368 1274 1408 nec
1322 1350 1647 1406 intervenire
1688 1348 1922 1418 amplius
1962 1362 2058 1418 pro

472 1454 729 1525 peccatis,
762 1452 855 1507 sed
884 1448 1171 1504 vindictam
1205 1458 1461 1501 exercere
1494 1444 1547 1498 in
1578 1449 1909 1512 peccatores.

544 1561 672 1616 CAP.
702 1574 757 1613 ι.
793 1555 1035 1611 Umbram
1066 1551 1199 1605 enim
1224 1549 1413 1603 habens
1450 1545 1533 1601 lex
1576 1546 1872 1616 futurorum
1903 1542 2059 1596 bono-

474 1671 611 1720 rum,
643 1670 743 1705 non
774 1650 936 1722 ipsam
974 1645 1246 1716 imaginem
1274 1656 1465 1706 rerum,
1509 1654 1600 1708 per
1628 1638 1855 1705 singulos
1896 1650 2058 1690 annos

475 1744 664 1801 eisdem
707 1743 831 1813 ipsis
878 1739 1051 1794 hostiis
1092 1750 1217 1805 quas
1248 1732 1468 1799 offerunt
1503 1731 1849 1785 indesinenter
1872 1770 1887 1795 ,
1918 1745 2057 1783 nun-

476 1852 629 1908 quam
652 1842 813 1903 potest
837 1832 1099 1886 credentes
1126 1827 1373 1899 perfectos
1396 1826 1583 1895 facere.
1608 1823 1751 1879 Ordo
1772 1822 2055 1879 verborum

477 1942 559 1987 est
592 1946 605 1983 :
630 1928 900 1984 Habentes
922 1926 1008 1981 lex
1038 1922 1277 1977 umbram
1306 1919 1609 1975 futurorum
1636 1918 1922 1983 bonorum,
1950 1931 2058 1972 non

479 2027 648 2095 ipsam
684 2020 967 2090 imaginem
992 2033 1194 2087 rerum,
1227 2029 1498 2086 nunquam
1528 2020 1707 2083 potcSt
1732 2009 2056 2067 accedentes

475 2119 542 2174 ad
573 2132 631 2171 se
659 2113 928 2186 perfectos
957 2110 1138 2166 facere
1162 2108 1365 2164 eisdem
1397 2104 1526 2177 ipsis
1556 2102 1745 2160 hostiis
1772 2116 1905 2173 quas
1931 2100 2061 2155 oile-

474 2217 600 2265 runt
628 2206 1001 2261 indesinenter
1048 2217 1143 2272 per
1173 2200 1413 2271 singulos
1441 2211 1633 2252 annos.
1680 2193 1883 2249 Futura
1921 2192 2061 2248 bona

476 2305 685 2363 duobus
718 2302 891 2359 modis
916 2296 1261 2369 intelligenda
1288 2303 1411 2351 sunt
1443 2308 1458 2348 :
1492 2290 1744 2346 videlicet
1767 2288 1850 2344 vel
1881 2300 2061 2343 sacra-

475 2408 657 2457 menta
703 2413 822 2468 quae
866 2397 919 2451 in
960 2392 1187 2449 veritate
1245 2391 1298 2445 in
1340 2388 1559 2444 Christo
1615 2394 1669 2441 et
1709 2385 1765 2439 in
1819 2382 2063 2438 Ecclesia

476 2491 747 2561 completa
775 2495 943 2555 sunt,
970 2498 1091 2557 quae
1136 2482 1312 2538 futura
1360 2488 1515 2537 erant
1538 2523 1553 2549 ,
1587 2487 1646 2533 ut
1686 2476 1954 2543 venirent,
1977 2475 2063 2531 vel

476 2588 637 2643 etiam
665 2582 854 2655 gaudia
901 2580 1093 2650 patriae
1119 2575 1379 2633 coelesﬁs.
1415 2572 1668 2629 Umbram
1700 2578 1879 2626 autem
1905 2574 2065 2626 vocat

478 2681 703 2751 ﬁguram
734 2684 789 2733 et
817 2672 1257 2736 similitudinem;
1290 2668 1581 2739 imaginem
1611 2675 1790 2721 autem
1844 2678 1943 2734 pro
1971 2678 2063 2719 ve-

476 2772 635 2827 ritate
659 2769 824 2838 ponit.
854 2763 1195 2821 Multifariam
1217 2769 1395 2818 autem
1421 2765 1757 2815 sacramenta
1786 2757 1985 2813 Christi
2009 2766 2065 2815 et

477 2861 739 2919 Ecclesiae
760 2857 1099 2923 ostendebat,
1125 2855 1296 2911 donec
1319 2852 1527 2909 veniret
1550 2853 1663 2921 ipsa
1688 2850 1897 2908 Veritas
1918 2848 2065 2905 Chri-

476 2964 615 3024 stus,
630 2955 717 3025 qui
737 2953 1045 3008 interiorem
1064 2948 1306 3018 ejusdem
1324 2947 1508 3015 ﬁgurae
1520 2958 1740 3000 sensum
1755 2943 1876 2999 data
1894 2944 2064 3013 gratia

478 3048 715 3118 Spiritus
744 3045 937 3109 sancti,
970 3040 1233 3097 Ecclesiae
1264 3054 1375 3095 suae
1408 3037 1768 3108 patefaceret,
1799 3034 2064 3104 simulque

485 3138 766 3195 moriendo
794 3137 847 3191 in
874 3146 1119 3191 creatura
1157 3134 1336 3190 omnia
1368 3130 1455 3186 illa
1488 3136 1824 3185 sacramenta
1855 3126 2061 3183 revela-

481 3244 583 3292 ret.
617 3235 901 3305 Nunquam
938 3240 1117 3286 autem
1170 3228 1343 3300 potuit
1381 3227 1701 3284 accedentes
1749 3225 1815 3281 ad
1852 3239 1911 3282 se
1937 3240 2062 3296 per-

432 3378 437 3383 ,
481 3330 623 3386 fecte
648 3328 909 3384 mundare
932 3326 1135 3381 eisdem
1166 3324 1297 3394 ipsis
1337 3322 1551 3387 hostiis,
1579 3335 1713 3391 quas
1741 3334 1958 3390 semper
1986 3318 2068 3374 of-

479 3423 729 3481 ferebant
758 3421 860 3491 ipsi
888 3420 1198 3477 sacerdotes
1228 3433 1325 3487 per
1351 3416 1591 3488 singulos
1620 3428 1825 3481 annos;
1850 3412 2067 3469 easdem

483 3516 632 3584 ipsas
660 3514 865 3570 hostias
906 3510 1304 3568 irrationabiles
1345 3508 1641 3565 offerebant
1671 3507 1929 3563 omnibus
1972 3521 2069 3560 an-

479 3615 564 3668 nis
591 3630 605 3666 :
631 3614 828 3667 arietes
857 3610 1137 3675 videlicet,
1174 3610 1335 3663 boves
1354 3646 1370 3673 ,
1401 3607 1602 3671 hircos,
1631 3614 1865 3661 turtures
1890 3614 1944 3661 et
1974 3618 2068 3661 co-

479 3702 710 3758 lumbas.
745 3701 1000 3768 Sequitur
1032 3716 1047 3752 :
1082 3698 1322 3767 Alioquin
1356 3704 1633 3752 cessassent
1676 3696 1853 3764 offerri
1889 3711 1908 3751 :
1950 3698 2067 3751 ideo

480 3800 617 3870 quod
649 3800 843 3852 nullam
872 3798 1110 3852 haberent
1133 3798 1265 3851 ultra
1295 3798 1656 3851 conscientiam
1680 3798 1875 3867 peccati
1904 3799 2069 3852 culto-

479 3906 562 3946 res
591 3890 733 3944 illius
761 3890 913 3943 semet
960 3890 1196 3942 mundati
1224 3902 1242 3941 :
1273 3888 1360 3942 sed
1405 3888 1458 3941 in
1486 3887 1611 3955 ipsis
1656 3890 2067 3944 commemoratio

480 3992 805 4055 peccatorum
835 3998 923 4051 per
958 3997 1122 4035 annos
1148 3982 1378 4051 singulos
1404 3981 1482 4051 ﬁt.
1516 3980 1799 4052 Alioquin,
1831 3981 1934 4037 hoc
1964 3990 2066 4049 est,

480 4076 529 4134 si
559 4076 627 4131 ab
654 4074 900 4130 omnibus
929 4074 1165 4145 peccatis
1194 4073 1409 4130 liberati
1439 4084 1644 4140 essent,
1679 4082 1733 4130 et
1761 4084 2069 4130 cessassent

480 4168 667 4224 otferri
703 4168 811 4224 illa:
839 4168 1062 4234 hostiae,
1101 4182 1166 4224 eo
1197 4169 1338 4238 quod
1370 4168 1571 4225 nullam
1613 4170 1877 4226 haberent
1921 4171 2062 4227 ultra

479 4260 864 4319 conscientiam
891 4303 907 4329 ,
954 4260 1009 4317 id
1052 4272 1133 4319 est
1181 4263 1494 4319 memoriam
1543 4272 1598 4319 et
1639 4262 2069 4319 recordationem

478 4367 818 4430 peccatorum
866 4357 1081 4414 illorum
1127 4372 1155 4413 a
1208 4358 1401 4429 quibus
1438 4358 1673 4414 cultores
1713 4357 1857 4413 illius
1901 4358 2069 4413 semel

478 4453 719 4508 mundati
748 4459 960 4516 essent;
1008 4452 1105 4506 sed
1150 4451 1272 4521 quia
1320 4450 1423 4506 hoc
1455 4464 1560 4505 non
1610 4449 1784 4519 potuit
1824 4449 1982 4516 ﬁeri,
2014 4457 2069 4505 et

2157 703 2362 758 camus,
2388 700 2441 749 et
2466 694 2703 763 quotidie
2731 696 3033 769 indigemus
3055 701 3304 756 mundari
3335 718 3347 755 :
3372 702 3501 773 quia
3534 702 3634 757 ille
3666 719 3795 759 non

2157 789 2338 851 potest
2366 784 2477 853 jam
2501 784 2658 853 mori,
2696 786 2843 843 dedit
2870 790 3023 845 nobis
3072 792 3173 847 hoc
3203 805 3619 861 sacramentum
3650 809 3801 850 cor-

2158 874 2307 943 poris
2334 883 2387 930 et
2409 877 2685 945 sanguinis
2713 880 2819 947 sui,
2844 888 2904 935 ut
2927 882 3063 937 sicut
3086 884 3265 953 passio
3286 884 3432 941 illius
3456 886 3796 956 redemptio

2159 976 2214 1020 ct
2254 966 2521 1025 absolutio
2567 969 2667 1026 fuit
2695 973 2919 1041 mundi,
2952 976 3023 1030 ita
3060 978 3222 1033 etiam
3254 979 3352 1035 ista
3380 979 3607 1035 oblatio
3634 1021 3652 1045 ,
3691 995 3794 1034 rev

2160 1052 2405 1130 demptio
2436 1070 2493 1118 et
2524 1064 2801 1120 inundatio
2832 1066 2900 1121 sit
2931 1070 3178 1126 omnibus
3222 1071 3275 1125 in
3307 1086 3437 1127 vera
3477 1072 3597 1127 fide
3641 1072 3792 1128 olfe-

2161 1153 2424 1223 rentibus,
2463 1155 2770 1227 bonamque
2801 1158 3157 1220 intentionem
3188 1165 3540 1227 habentibus.
3576 1166 3637 1222 In
3676 1168 3787 1223 hoc

2161 1246 2304 1302 enim
2333 1248 2511 1304 differt
2539 1252 2606 1307 ab
2638 1252 2728 1307 illo
2757 1255 2928 1309 veteri
2982 1257 3249 1312 sacriﬁcio
3275 1261 3478 1329 saepius
3527 1260 3783 1329 repetito

2163 1337 2307 1393 istud
2343 1348 2612 1410 nostrum,
2644 1344 2788 1413 quod
2831 1344 3079 1402 similiter
3106 1351 3368 1419 repetitur
3412 1369 3426 1403 :
3460 1351 3603 1421 quia
3630 1352 3779 1406 istud

2164 1439 2248 1487 est
2273 1432 2492 1502 veritas,
2530 1433 2661 1491 illud
2690 1436 2860 1508 ﬁgura
2893 1455 2909 1494 :
2944 1439 3086 1495 istud
3124 1442 3423 1512 perfectum
3454 1442 3651 1499 reddit
3679 1443 3782 1499 ho-

2166 1524 2406 1591 minem,
2437 1526 2569 1583 illud
2626 1531 2848 1586 minime
2882 1550 2895 1585 ε
2928 1540 2983 1589 et
3012 1535 3158 1591 istud
3188 1550 3296 1592 non
3333 1550 3502 1592 causa
3540 1518 3810 1593 infirmi?

2168 1617 2296 1671 tatis
2324 1633 2435 1672 sure
2469 1622 2749 1693 repetitur,
2779 1625 2920 1694 quod
2954 1640 3057 1682 non
3089 1629 3255 1698 possit
3286 1632 3593 1700 perfectam
3627 1632 3777 1686 salu-

2170 1714 2277 1761 tem
2306 1709 2557 1768 conferre
2596 1730 2611 1768 :
2645 1714 2739 1770 sed
2772 1716 2828 1771 in
2872 1722 3447 1778 commemorationem
3492 1725 3779 1794 passionis

2090 1787 2140 1849 B
2164 1796 2402 1867 Christi,
2447 1803 2589 1859 sicut
2633 1805 2745 1875 ipse
2788 1806 2922 1863 dixit
2961 1827 2973 1863 :
3010 1810 3122 1868 lloc
3159 1811 3320 1869 facite
3352 1787 3664 1885 (inquiens)
3710 1817 3763 1870 in

2164 1900 2342 1947 meam
2390 1899 2984 1957 commemorationem.
3028 1904 3095 1959 Et
3136 1920 3239 1960 una
3269 1914 3352 1961 est
3386 1906 3505 1962 haec
3546 1906 3768 1975 hostia,

2166 1999 2273 2042 non
2295 1987 2499 2060 multae,
2523 1992 2660 2047 sicut
2688 1993 2792 2049 illae
2812 2004 2984 2050 erant.
3006 1996 3287 2064 Quomodo
3308 2014 3417 2053 una
3440 2007 3552 2067 est,
3586 2008 3644 2055 et
3666 2014 3769 2055 non

2172 2081 2391 2148 multae,
2440 2098 2563 2140 cum
2594 2099 2623 2140 a
2657 2087 2839 2144 multis
2869 2088 3102 2146 diversis
3144 2092 3197 2147 in
3244 2092 3379 2148 locis
3426 2092 3771 2164 diversisque

2165 2176 2502 2245 temporibus
2530 2178 2829 2236 oﬁ'eratur?
2854 2182 3143 2251 Aptissime
3171 2199 3299 2255 ergo
3327 2184 3771 2241 animadverten-

2167 2262 2295 2321 dum
2328 2275 2435 2336 est,
2465 2271 2589 2339 quia
2619 2271 2871 2327 divinitas
2918 2272 3081 2333 Verbi
3120 2275 3238 2343 Dei,
3267 2290 3387 2345 qua:
3414 2290 3525 2331 una
3558 2285 3679 2344 est,
3716 2286 3770 2333 et

2169 2358 2351 2413 omnia
2379 2360 2573 2430 replet,
2606 2371 2662 2417 et
2692 2370 2803 2419 tota
2835 2364 3034 2435 ubique
3066 2374 3147 2421 est
3169 2407 3185 2431 ,
3232 2366 3349 2436 ipsa
3381 2367 3516 2423 facit
3576 2376 3638 2423 ut
3665 2382 3767 2423 non

2168 2452 2277 2508 sint
2303 2454 2457 2525 plura
2485 2458 2768 2527 sacrificia,
2800 2460 2896 2516 sed
2927 2475 3110 2527 unum,
3140 2460 3263 2541 licet
3295 2476 3328 2516 a
3359 2463 3551 2517 multis
3579 2460 3768 2517 oﬁ‘erao

2170 2553 2255 2601 tur
2281 2564 2292 2599 :
2322 2555 2377 2603 et
2400 2548 2470 2603 sit
2512 2565 2678 2605 unum
2707 2566 2903 2622 corpus
2933 2551 3133 2608 Christi
3156 2567 3279 2607 cum
3313 2553 3440 2619 illo,
3470 2553 3624 2623 quod
3648 2566 3764 2608 sus-

2170 2638 2312 2708 cepit
2362 2638 2415 2693 in
2460 2650 2615 2697 utero
2667 2643 2943 2713 virginali,
2987 2658 3095 2699 non
3138 2645 3303 2700 multa
3348 2659 3584 2715 corpora
3620 2663 3635 2698 :
3672 2659 3765 2700 nec

2171 2744 2314 2784 nunc
2340 2730 2554 2800 quidem
2589 2733 2732 2788 aliud
2762 2749 3035 2806 magnum,
3066 2734 3213 2791 aliud
3242 2737 3448 2801 minus,
3479 2736 3636 2792 aliud
3666 2737 3761 2792 bo-

2171 2818 2279 2886 die,
2306 2820 2446 2874 aliud
2471 2836 2590 2878 cras
2611 2822 2916 2891 offeramus,
2939 2825 3033 2880 sed
3055 2839 3270 2895 semper
3291 2826 3518 2894 idipsum
3542 2841 3761 2896 aequam

2170 2910 2591 2978 magnitudinem
2624 2912 2825 2968 habens
2854 2929 2867 2966 :
2902 2914 3127 2985 proinde
3158 2929 3319 2969 unum
3342 2922 3415 2971 est
3438 2914 3543 2970 hoc
3568 2917 3763 2972 sacri-

2171 2999 2351 3054 ficium
2380 2999 2602 3071 Christi,
2637 3018 2742 3058 non
2766 3004 2997 3070 diversa,
3026 3004 3165 3060 sicut
3189 3004 3381 3059 illorum
3405 3012 3580 3058 erant.
3607 3002 3754 3057 Nam

2170 3088 2219 3145 si
2240 3090 2394 3145 aliter
2417 3100 2583 3156 esset,
2608 3092 2863 3160 quoniam
2888 3093 3074 3150 multis
3099 3094 3153 3147 in
3185 3092 3312 3149 locis
3333 3091 3573 3159 offertur,
3593 3091 3762 3146 multi

2092 3171 2151 3240 Ο
2170 3190 2351 3236 essent
2378 3180 2577 3238 Christi
2603 3198 2618 3236 :
2644 3182 2785 3252 quod
2816 3183 2973 3238 absit.
3006 3182 3154 3239 Unus
3179 3198 3307 3254 ergo
3334 3182 3533 3253 ubique
3567 3192 3675 3248 est,
3709 3193 3762 3238 et

2172 3275 2259 3331 hic
2296 3276 2483 3345 plenus
2524 3277 2792 3345 existens,
2826 3286 2880 3332 et
2905 3277 3013 3333 illic
3044 3294 3059 3333 :
3096 3278 3307 3348 plenum
3336 3291 3502 3331 unum
3544 3290 3747 3345 corpus

2177 3365 2377 3436 ubique
2421 3365 2648 3422 habens.
2679 3366 2749 3422 Et
2775 3366 2913 3422 sicut
2959 3366 3049 3438 qui
3083 3366 3281 3437 ubique
3310 3365 3565 3433 oﬁ‘ertur,
3600 3381 3758 3421 unum

2173 3470 2373 3527 corpus
2400 3466 2512 3523 est,
2548 3471 2653 3512 non
2702 3457 2871 3512 multa
2899 3471 3123 3525 corpora
3156 3473 3171 3514 :
3203 3457 3277 3511 ita
3316 3457 3479 3511 etiam
3514 3465 3569 3511 et
3605 3472 3756 3511 unum

2173 3546 2519 3602 sacriﬁcium.
2550 3544 2807 3616 Sequitur
2842 3563 2856 3599 :
2903 3545 3228 3616 Impossibile
3257 3555 3331 3600 est
3358 3547 3494 3600 enim
3518 3548 3757 3619 sanguine

2175 3650 2444 3695 taurorum
2472 3647 2521 3694 et
2555 3640 2820 3695 hircorum
2851 3640 3047 3710 auferri
3075 3648 3303 3708 peccata.
3352 3638 3486 3707 Qum
3515 3640 3655 3693 ratio
3682 3652 3755 3694 a-

2173 3748 2234 3791 se
2263 3737 2493 3803 poterat
2529 3741 2587 3786 ut
2613 3732 2895 3788 rationalis
2937 3733 3099 3787 homo
3144 3732 3406 3803 sanguine
3436 3731 3751 3788 irrationalis

2173 3823 2420 3879 animalis
2469 3823 2858 3877 mundaretur?
2906 3819 3247 3891 Quapropter
3294 3821 3502 3876 leviora
3547 3829 3753 3890 peccata

2173 3915 2541 3985 purgabantur
2565 3956 2579 3982 ,
2613 3927 2919 3983 corpusque
2960 3912 3317 3967 mundabatur
3341 3952 3355 3975 ,
3396 3922 3661 3980 quantum
3695 3909 3752 3964 ad

2173 4006 2347 4077 legem
2392 4006 2668 4075 pertinet:
2703 4013 2880 4060 tamen
2929 4003 3264 4075 impossibile
3304 4011 3420 4058 erat
3464 4002 3752 4058 criminalia

2174 4110 2228 4156 et
2273 4100 2522 4170 graviora
2553 4106 2773 4168 peccata
2817 4096 2922 4151 illis
2954 4095 3232 4151 sacrificiis
3278 4094 3529 4150 mundari
3578 4094 3755 4149 :unde

2175 4192 2447 4247 neminem
2480 4190 2546 4245 ad
2573 4189 2873 4261 perfectum
2922 4188 3144 4243 adduxit
3173 4187 3279 4243 lex.
3314 4186 3442 4240 Ideo
3475 4187 3755 4257 ingrediens

2174 4285 2427 4339 mundum
2455 4283 2587 4338 dixit
2614 4298 2634 4337 :
2664 4282 2905 4337 Hostiam
2930 4291 2976 4336 et
3018 4279 3325 4334 oblationem
3353 4279 3573 4333 noluisti
3604 4297 3618 4336 :
3645 4295 3754 4332 cor-

2174 4394 2269 4449 pus
2300 4384 2471 4432 autem
2509 4375 2700 4447 optasti
2744 4374 2892 4429 mihi.
2934 4371 3371 4427 Holocautomata
3413 4386 3509 4441 pro
3560 4379 3754 4441 peccato

2173 4485 2275 4524 non
2313 4469 2403 4524 tibi
2432 4469 2752 4539 placuerunt.
2811 4464 2958 4520 Tunc
2986 4465 3094 4519 dixi
3118 4480 3137 4519 :
3164 4463 3291 4517 Ecce
3321 4463 3486 4530 venio,
3516 4462 3571 4515 in
3600 4463 3756 4532 capite

480 4558 751 4613 "‘1'"le
781 4550 1072 4613 Pomemm
1095 4542 1298 4613 malo"
1322 4550 1377 4598 οι
1397 4542 1695 4598 θΓῘωῘΜΙίίλ
1718 4551 1939 4612 l’eccam
1961 4542 2068 4599 illis
2100 4561 2294 4629 Βίηννὶ
2320 4561 2569 4631 scriptum
2599 4568 2670 4614 est
2700 4559 2764 4611 de
2787 4571 2887 4622 me,
2918 4563 2974 4609 ut
3013 4556 3224 4624 faciam,
3260 4554 3421 4619 Deus,
3448 4554 3754 4607 voluntatem

478 4634 763 4691 sacriﬁciis
790 4634 1055 4701 mundari,
1082 4634 1141 4687 ﬁt
1168 4648 1263 4704 per
1281 4634 1521 4704 singulos
1542 4648 1713 4690 annos
1738 4647 2069 4691 commemo-

478 4727 617 4783 ratio
652 4735 990 4797 peccatorum
1029 4727 1082 4781 in
1131 4725 1264 4796 ipsis
1309 4726 1530 4794 hostiis,
1563 4725 1711 4781 verbi
1743 4727 1910 4796 gratia
1946 4743 1959 4778 :
2007 4724 2065 4781 Si

479 4822 765 4879 obtulisset
800 4821 918 4893 quis
977 4823 1229 4891 praesenti
1268 4835 1409 4876 anno
1452 4820 1654 4876 hostias
1703 4835 1800 4889 pro
1845 4830 2067 4889 peccato

480 4923 572 4972 aut
600 4915 879 4984 adulterii,
913 4924 1005 4970 aut
1033 4914 1331 4984 sacrilegii,
1363 4922 1455 4969 aut
1492 4913 1802 4984 parricidii,
1842 4927 2068 4971 necesse

376 5035 388 5056 π
477 5018 595 5067 erat
623 5018 682 5065 ut
718 5008 968 5065 omnibus
996 5010 1153 5063 annis
1184 5008 1237 5062 id
1268 5016 1452 5077 ageret
1495 5024 1508 5061 :
1542 5007 1793 5077 quoniam
1828 5016 1936 5063 non
1968 5022 2065 5076 po-

478 5111 618 5161 terat
644 5102 881 5172 perfecte
907 5103 1127 5173 expiare
1155 5101 1337 5156 abillo
1365 5101 1577 5171 piaculo
1612 5119 1624 5154 :
1655 5101 1879 5170 proinde
1900 5115 2064 5157 accu-

475 5196 615 5252 satio
643 5204 989 5266 peccatorum
1015 5196 1130 5261 fuit,
1164 5196 1306 5266 quod
1343 5196 1538 5261 ﬁebat,
1579 5210 1681 5253 non
1710 5196 1927 5251 solutio.
1961 5196 2067 5251 Ac-

477 5291 683 5347 cusatio
704 5289 1056 5353 inﬁrmitatis,
1080 5303 1189 5343 non
1223 5289 1433 5343 virtutis
1460 5289 1717 5344 ostensio.
1748 5288 1803 5343 ln
1827 5303 1893 5343 eo
1917 5288 2061 5343 enim

476 5381 618 5453 quod
648 5380 993 5445 oﬁ‘erebatur,
1019 5381 1326 5451 redargutio
1352 5390 1721 5451 peccatorum;
1756 5381 1808 5435 in
1832 5396 1896 5436 eo
1918 5381 2062 5451 quod

476 5490 689 5546 semper
730 5474 1076 5541 offerebatur,
1107 5474 1414 5544 redargutio
1461 5473 1792 5529 inﬁrmitatis
1816 5472 2060 5543 ejusdem

471 5571 749 5627 sacriﬁcii.
798 5572 1021 5640 Propter
1069 5586 1224 5641 quam
1265 5585 1483 5626 causam
1527 5569 1809 5638 imperavit
1848 5584 2061 5639 semper

471 5665 695 5720 oﬁctri?
730 5667 954 5735 Propter
981 5668 1389 5721 inﬁrmitatem:
1426 5665 1547 5733 quia
1576 5678 1680 5717 non
1707 5671 1914 5728 poterat
1938 5680 2059 5732 per-

470 5757 610 5810 fecte
644 5760 922 5827 mundare,
952 5769 1003 5813 ut
1028 5769 1081 5812 ct
1111 5760 1365 5814 mettioria
1396 5770 1446 5812 et
1478 5756 1777 5815 redargutio
1809 5767 2055 5823 peccato-

470 5865 586 5906 rum
622 5849 790 5905 ﬁeret.
833 5852 969 5916 Quid
1000 5865 1125 5919 ergo
1162 5852 1444 5905 dicendum
1479 5849 1592 5905 est?
1621 5849 1855 5919 nunquid
1884 5860 1935 5907 et
1965 5865 2053 5907 sa-

2178 4663 2340 4708 tuam.
2373 4653 2687 4708 Anteriores
2717 4649 2907 4704 hostia:
2935 4647 3291 4703 ostenduntur
3318 4645 3402 4700 his
3431 4644 3615 4699 verbis
3647 4645 3754 4699 inu-

2173 4745 2296 4801 tiles
2326 4757 2447 4800 esse
2482 4742 2549 4797 ad
2576 4742 2839 4810 integram
2871 4738 3271 4809 perfectamque
3311 4734 3751 4800 mundationem,

2175 4846 2230 4895 et
2259 4837 2433 4893 forma
2483 4836 2656 4906 magis
2695 4834 2878 4898 fuisse,
2922 4845 3022 4887 nec
3051 4844 3172 4884 esse
3210 4825 3569 4896 acceptabilcs
3601 4826 3710 4881 Deo
3736 4867 3751 4893 ,

2170 4928 2421 5002 quoniam
2451 4927 2519 4982 ab
2547 4926 2701 4981 initio
2728 4938 2837 4980 non
2869 4923 3183 4993 placuerunt
3210 4919 3257 4973 ei
3290 4936 3305 4972 :
3336 4932 3443 4972 non
3483 4916 3629 4972 enim
3658 4932 3749 4985 pm

2169 5023 2387 5079 tandum
2421 5020 2561 5092 quod
2587 5019 2924 5087 omnipotens
2954 5015 3095 5070 Deus
3126 5012 3314 5067 nidore
3351 5009 3649 5064 carnalium
3708 5019 3758 5065 et

2170 5116 2604 5175 concrematione
2627 5111 2936 5167 animalium
2962 5120 3199 5178 unquam
3230 5105 3530 5161 delectatus
3553 5103 3752 5159 fuerit:

2168 5211 2295 5266 licet
2340 5209 2549 5277 legatur
2588 5205 2841 5262 odoratus
2870 5215 2991 5256 esse
3033 5199 3253 5254 odorem
3296 5194 3616 5259 suavitatis,
3656 5194 3754 5249 sed

2168 5303 2274 5358 ﬁde
2302 5307 2357 5356 et
2388 5298 2658 5355 desiderio
2698 5295 2977 5352 offerentis
3008 5310 3021 5347 :
3053 5293 3195 5347 unde
3222 5306 3318 5361 per
3351 5290 3640 5346 Jeremiam
3669 5290 3753 5343 die

2169 5395 2279 5451 cit:
2304 5394 2743 5450 Holocautomata
2772 5397 2947 5444 vestra
2970 5400 3075 5441 non
3099 5392 3227 5440 sunt
3261 5391 3482 5451 accepta
3514 5380 3668 5449 mihi,
3706 5389 3756 5435 et

2169 5489 2399 5545 victimae
2423 5494 2619 5543 vestrae
2651 5499 2755 5538 non
2787 5482 3102 5552 placuerunt
3130 5476 3280 5531 mihi.
3309 5475 3367 5528 Et
3406 5488 3502 5544 per
3529 5472 3752 5528 Isaiam:

2167 5582 2281 5637 Non
2321 5580 2558 5636 oﬁ‘eratis
2612 5575 2827 5647 (inquit)
2874 5573 3009 5627 ultra
3060 5568 3416 5631 sacrificium;
3471 5567 3750 5619 incensum

2166 5675 2492 5731 abominatio
2533 5680 2615 5727 est
2647 5671 2775 5724 mibi
2810 5686 2823 5722 :
2856 5668 2946 5738 qui
2979 5671 3175 5719 mactat
3206 5663 3398 5717 bovem
3430 5706 3442 5727 ,
3478 5660 3629 5727 quasi
3665 5658 3751 5727 qui

2166 5767 2482 5822 excerebret
2510 5779 2716 5821 canem.
2748 5762 2854 5816 Sed
2880 5756 3105 5830 quaestio
3134 5756 3256 5809 hinc
3289 5764 3462 5823 potest
3490 5753 3621 5807 oriri
3646 5768 3747 5804 non

2164 5858 2587 5926 modica:Quare
2621 5854 2899 5926 imperavit
2930 5860 2987 5905 ut
3013 5846 3193 5905 oﬁ‘crri
3222 5846 3555 5911 debuissent,
3591 5843 3635 5898 si
3662 5842 3740 5898 illi
