3968 6354
174 337 280 395 749

1026 326 1092 383 IN
1134 317 1514 382 EPlSTOLAM
1555 316 1644 370 AD
1687 308 2019 367 [IEBR‘IEOS
2056 309 2571 368 COMMENTARIA.

3329 322 3429 377 750

174 469 281 509 non
314 451 633 522 placuerunt
658 489 671 515 ,
701 459 800 501 nec
829 443 1118 500 voluntatis
1159 439 1299 494 illius
1338 436 1457 490 fuit.
1488 434 1619 499 Qua:
1648 443 1745 499 ge-
1775 428 1829 489 Α
1851 427 2135 522 psalmum,
2167 441 2325 498 quem
2356 428 2578 499 quidam
2608 429 2853 485 referunt
2879 431 2946 486 ad
2972 431 3245 490 Christum
3274 453 3285 487 :
3312 438 3433 505 qui-

178 552 325 605 mina
373 545 641 603 solutione
684 548 863 613 potest
901 538 1055 593 solvi.
1107 531 1469 589 Considerans
1509 524 1754 593 omnipoo

176 654 296 701 tcns
350 641 491 695 Deus
542 639 747 691 animos
797 630 1103 688 Judteorum
1156 636 1355 696 pronos
1409 620 1478 674 ad
1530 616 1755 673 colenda

176 736 342 801 idola,
372 741 425 789 et
462 732 621 786 ritum
671 726 908 799 gentium
959 718 1300 783 imitandum,
1343 710 1624 784 imperavit
1678 709 1757 764 eis

176 828 344 884 multa
368 821 627 879 sacriﬁcia
658 817 889 881 offerre;
920 828 988 870 ne
1025 810 1184 867 otiosi
1214 809 1333 864 sine
1360 803 1638 861 sacriﬁciis
1673 814 1758 856 se-

176 920 368 975 dentes
412 916 466 969 in
512 913 715 969 cultum
771 910 994 965 deorum
1036 905 1366 967 alienorum,
1412 898 1537 953 dum
1588 894 1756 951 vidis-

177 1019 301 1067 sent
326 1009 461 1064 alios
485 1006 705 1069 oﬁ‘erre,
729 1001 1057 1063 inciderent;
1104 994 1399 1062 maluitque
1433 988 1534 1045 sibi
1572 986 1758 1042 offerri

179 1119 213 1159 a
242 1106 542 1164 secreata,
588 1108 749 1164 quam
795 1091 952 1147 idolis
998 1084 1495 1151 dzemoniorumque
1538 1085 1757 1148 porten-

188 1196 292 1259 tis;
341 1188 702 1261 imposuitque
729 1186 839 1241 illis
882 1182 1233 1244 servitutem,
1272 1190 1379 1231 non
1422 1172 1762 1244 iustiﬁcatio-

183 1304 306 1346 nem
334 1329 349 1355 ,
381 1287 504 1357 quia
547 1297 651 1339 non
700 1290 782 1337 est
829 1278 946 1347 ejus
972 1276 1217 1329 voluntas
1248 1269 1373 1326 talia
1404 1266 1609 1323 oﬂ'erri.
1642 1263 1761 1319 Tali

190 1379 350 1436 modo
393 1355 448 1432 et
489 1373 734 1446 egregius
776 1367 1094 1439 praedicator
1118 1404 1133 1431 ,
1178 1369 1237 1417 ut
1282 1367 1407 1429 pote
1448 1355 1759 1411 Creatorem

182 1480 428 1531 creatura
450 1445 701 1537 sequens,
725 1462 838 1517 suis
862 1462 915 1514 in
940 1457 1095 1513 dictis
1119 1452 1346 1523 peregit,
1370 1450 1558 1505 dicens
1585 1464 1599 1499 :
1629 1445 1761 1501 Volo

181 1578 369 1621 omnes
407 1558 650 1615 homines
676 1567 796 1610 esse
824 1551 964 1605 sicut
990 1548 1252 1615 meipsum
1271 1581 1288 1609 ,
1323 1541 1377 1599 id
1407 1548 1521 1606 est,
1553 1544 1756 1603 castos,

183 1657 645 1720 continentesque.
697 1647 762 1701 Et
808 1645 1001 1699 iterum
1032 1658 1043 1692 :
1076 1638 1211 1693 Volo
1235 1676 1252 1702 ,
1295 1633 1506 1704 inquit,
1536 1632 1765 1701 juvenes

190 1748 394 1803 nubere
417 1784 432 1810 ,
462 1741 601 1796 ﬁlios
628 1747 913 1808 procreare
940 1771 954 1796 ,
993 1738 1214 1800 propter
1260 1723 1666 1781 fornicationem
1708 1729 1762 1775 et

1857 519 1980 574 dam
2023 519 2089 575 ad
2117 519 2411 590 quemlibet
2439 520 2665 577 electum
2690 563 2706 588 ,
2734 522 2789 576 in
2818 537 2924 591 quo
2952 522 3150 579 dicitur
3183 542 3195 578 :
3233 526 3288 580 In
3318 526 3436 597 lege

1860 610 2075 667 Domini
2095 611 2344 667 voluntas
2360 611 2497 682 ejus.
2531 612 2636 669 Sed
2665 613 2787 683 quia
2812 615 2864 668 in
2895 614 2981 669 his
3010 614 3145 671 nihil
3171 616 3238 672 de
3260 627 3435 675 morte

1857 703 2058 761 Christi
2079 705 2468 776 prmfiguratur,
2491 706 2557 761 de
2575 720 2679 776 qua
2701 704 2991 776 Apostolus
3012 721 3317 764 sermonem
3341 722 3437 779 per

1860 807 2029 857 totum
2057 805 2198 857 hunc
2227 802 2405 858 locum
2429 802 2609 872 habet,
2645 803 2836 858 melius
2862 802 3073 859 videtur
3102 803 3325 874 intelligi
3368 806 3438 861 de

1861 892 2014 948 initio
2055 892 2178 948 libri
2221 891 2442 949 Levitici
2466 894 2669 949 dictum
2698 912 2711 945 :
2744 895 2833 964 qui
2864 895 2999 951 liber
3029 910 3150 951 cum
3195 903 3341 952 totus
3371 896 3438 952 de

1862 982 2138 1040 sacriﬁciis
2166 991 2223 1039 et
2249 985 2444 1040 hostiis
2474 986 2831 1052 contineatur,
2855 987 3083 1056 primum
3110 987 3435 1043 sacriﬁcium

1863 1072 1930 1130 de
1956 1074 2123 1130 vitulo
2163 1076 2417 1145 praecepit
2460 1075 2639 1131 offerri
2670 1076 2856 1133 dicens
2900 1094 2911 1131 :
2955 1077 3011 1133 Si
3038 1080 3156 1147 quis
3185 1093 3253 1133 ex
3282 1079 3439 1133 vobis

1864 1166 2094 1220 hostiam
2121 1164 2278 1222 ofl‘ert
2322 1166 2435 1221 Deo
2473 1165 2543 1221 de
2571 1168 2853 1236 pecoribus
2879 1208 2894 1233 ,
2925 1169 3221 1223 masculum
3248 1168 3441 1223 imma-

1862 1259 2100 1315 culatum
2131 1258 2323 1314 oﬁ‘erat
2349 1276 2363 1312 :
2397 1259 2500 1314 hoc
2525 1266 2609 1315 est
2652 1260 2876 1315 vitulum
2915 1260 2983 1315 de
3008 1259 3201 1327 bubus,
3233 1260 3346 1315 sive
3371 1260 3440 1315 de

1864 1363 2129 1411 armento.
2154 1354 2363 1410 Vitulus
2390 1353 2491 1410 iste
2516 1354 2584 1409 de
2610 1354 2787 1409 bubus
2817 1362 3123 1423 assumptus
3147 1394 3163 1423 ,
3195 1362 3356 1424 atque
3383 1355 3442 1408 in

1865 1448 2182 1505 sacriﬁcium
2205 1448 2435 1514 oblatus,
2467 1456 2551 1504 est
2580 1446 2846 1513 Christus,
2888 1446 2954 1501 de
2978 1461 3175 1516 genere
3207 1447 3436 1516 patriar-

1865 1540 2089 1597 charum
2114 1548 2285 1605 ortus,
2315 1553 2378 1595 ac
2408 1553 2509 1608 pro
2536 1539 2710 1595 salute
2736 1539 2953 1608 generis
2987 1539 3208 1594 humani
3252 1540 3443 1594 immo—

1866 1634 2006 1690 latus
2036 1650 2049 1685 :
2077 1633 2322 1687 voluntas
2374 1630 2517 1686 enim
2558 1631 2652 1686 Dei
2692 1630 2867 1686 Patris
2894 1630 3014 1698 fuit,
3056 1639 3115 1684 ut
3141 1630 3309 1685 Filius
3347 1645 3440 1686 sua

1866 1725 2119 1797 passione
2146 1736 2315 1794 genus
2344 1722 2636 1778 humanum
2664 1723 2972 1789 redimeret,
3004 1721 3145 1777 unde
3202 1722 3318 1790 ipse
3358 1721 3447 1775 Fi-

191 1806 531 1895 adulterium.
568 1806 707 1887 Ecce
734 1827 865 1883 duas
889 1824 1195 1879 voluntates
1220 1814 1527 1877 constituit;
1554 1815 1647 1868 sed
1680 1822 1758 1867 ta-
1785 1806 1836 1869 B
1860 1813 1965 1878 lius
1989 1820 2421 1891 appropinquans
2450 1816 2683 1886 passioni
2729 1817 2855 1872 dicit
2880 1836 2894 1872 :
2937 1818 3042 1873 Sed
3074 1824 3132 1872 ut
3158 1824 3449 1887 cognoscat

188 1947 312 1988 men
342 1944 445 1985 non
469 1934 592 1981 sunt
619 1924 737 1993 ejus
768 1919 957 1975 ambas.
990 1915 1229 1970 Primum
1251 1911 1436 1966 dicens
1454 1925 1467 1963 :
1485 1907 1623 1963 Volo
1646 1920 1763 1961 om-

188 2037 288 2079 nes
309 2019 551 2076 homines
580 2029 699 2071 esse
728 2014 782 2067 in
811 2007 1138 2065 continentia
1169 2004 1311 2059 sicut
1338 2001 1624 2070 meipsum,
1670 2012 1767 2054 vo-

192 2116 453 2169 luntatem
480 2124 629 2165 suam
657 2104 947 2175 expressit.
987 2097 1235 2155 Secundo
1264 2111 1394 2152 vero
1417 2094 1593 2149 :‘Volo
1617 2092 1769 2163 juve-

194 2226 291 2266 nes
320 2208 524 2264 nubere
545 2246 561 2271 ,
610 2199 953 2270 indulgentiae
992 2209 1152 2250 causa
1200 2193 1380 2247 taliter
1407 2192 1620 2247 locutus
1647 2198 1730 2243 est
1752 2228 1766 2253 ,

192 2308 416 2370 propter
444 2296 778 2365 fragilitatem
802 2289 997 2346 carnis.
1028 2285 1287 2343 Similiter
1308 2299 1413 2340 non
1445 2293 1560 2337 erat
1580 2282 1770 2336 volun-

194 2398 276 2445 tas
294 2386 681 2457 omnipotentis
710 2381 807 2435 Dei
841 2380 965 2433 talia
991 2377 1252 2431 sacriﬁcia
1284 2375 1489 2443 offerri,
1525 2372 1620 2427 sed
1648 2385 1771 2440 pro-

194 2492 313 2553 pter
341 2480 549 2536 illornm
594 2474 957 2531 inﬁrmitatem
1012 2469 1285 2539 praecepit.
1333 2466 1488 2522 Unde
1525 2464 1773 2534 superius

194 2573 362 2638 dixit,
390 2570 514 2642 quia
553 2583 658 2624 non
692 2566 865 2621 solum
893 2578 999 2620 non
1030 2562 1216 2625 voluit,
1244 2559 1337 2614 sed
1369 2574 1467 2614 nec
1493 2558 1772 2613 desidera-

194 2665 290 2719 vit.
322 2663 504 2717 P0test
532 2667 587 2715 et
615 2659 687 2713 ita
714 2656 847 2712 solvi
875 2673 887 2707 :
920 2654 988 2709 Ut
1014 2652 1137 2722 quia
1166 2651 1405 2706 futurum
1435 2659 1553 2704 erat
1579 2662 1769 2705 verum

192 2752 515 2811 sacriﬁcium
542 2749 740 2806 Christi
770 2748 823 2801 in
855 2746 1121 2813 Ecclesia,
1154 2742 1476 2813 praeceperit
1506 2749 1690 2811 typum
1721 2747 1778 2795 et

196 2845 473 2916 ﬁgurativa
502 2840 762 2896 sacriﬁcia
789 2836 1095 2907 praecedere
1125 2852 1137 2887 :
1164 2842 1219 2890 et
1240 2848 1424 2890 revera
1455 2834 1528 2888 ita
1549 2845 1773 2888 necesse

194 2953 314 2999 erat
356 2948 436 3005 ut,
468 2939 608 2995 sicut
633 2934 811 2991 verbis
860 2930 1346 3003 praenuntiabatur,
1394 2929 1465 2982 ita
1516 2928 1676 2983 etiam
1722 2932 1780 2982 et

195 3030 467 3106 mysteriis
538 3026 985 3097 prtesignaretur,
1044 3028 1310 3091 quatenus
1366 3033 1397 3071 a
1456 3015 1778 3088 ﬁguratitiis

198 3128 491 3183 transirent
511 3120 576 3175 ad
597 3118 895 3174 veritatem.
929 3114 1035 3171 Sed
1065 3113 1186 3182 quia
1214 3110 1293 3165 illi
1322 3124 1428 3165 non
1458 3108 1779 3178 placuerunt

1869 1913 2116 1979 mundus,
2138 1911 2259 1982 quia
2286 1910 2449 1980 diligo
2492 1909 2743 1975 Patrem;
2776 1916 2833 1963 et
2883 1926 2898 1963 :
2941 1909 3092 1965 Sicut
3134 1909 3446 1965 mandatum

1869 2006 2020 2063 dedit
2045 2005 2175 2061 mihi
2206 2004 2385 2072 Pater,
2416 2003 2495 2058 sic
2521 2002 2676 2057 facio.
2710 2002 2946 2071 Surgite,
2998 2016 3181 2057 eamus
3205 2004 3368 2058 hinc:
3394 2003 3450 2058 id

1871 2107 1975 2167 est,
2005 2111 2192 2154 eamus
2230 2095 2297 2151 ad
2324 2095 2651 2164 passionem.
2680 2092 2929 2163 Superius
2958 2094 3152 2159 dicens,
3184 2094 3307 2161 quia
3338 2094 3436 2147 Ito-

1871 2192 2018 2258 stias,
2047 2200 2093 2246 et
2122 2190 2399 2244 oblationes
2419 2227 2434 2254 ,
2466 2198 2515 2242 et
2561 2185 2977 2240 holocautomata
3005 2200 3096 2255 pro
3128 2192 3332 2254 peccato
3358 2200 3452 2239 no-

1877 2286 2038 2353 luisti,
2070 2299 2163 2337 nec
2191 2283 2381 2352 placita
2407 2287 2527 2335 sunt
2553 2280 2662 2345 tibi,
2694 2292 2808 2348 qua:
2834 2278 3118 2332 secundum
3140 2276 3301 2347 legem
3332 2276 3454 2342 oﬂ'e-

1876 2381 2093 2439 runtur;
2122 2383 2242 2427 tunc
2262 2372 2370 2425 dimi
2391 2386 2410 2424 :
2437 2370 2569 2423 Ecce
2595 2369 2763 2434 venio,
2787 2377 2844 2421 ut
2869 2368 3075 2437 faciam,
3092 2365 3251 2433 Deus,
3274 2367 3455 2421 volun-

1878 2477 2031 2524 tatem
2059 2476 2217 2520 tuam.
2247 2464 2426 2534 Aufert
2471 2464 2715 2531 primum.
2756 2458 2994 2514 Subaudi
3016 2458 3413 2514 Testamentum
3435 2500 3453 2527 ,

1879 2560 2005 2616 dum
2029 2558 2143 2629 ejus
2175 2556 2472 2612 oblationes
2502 2553 2723 2623 respuit.
2759 2550 2827 2608 Ut
2854 2566 3067 2622 sequens
3092 2556 3307 2605 statuat.
3340 2550 3458 2606 Sci-

1880 2654 2005 2709 licet
2016 2652 2418 2708 Testamentum
2447 2666 2462 2704 :
2489 2648 2543 2702 id
2564 2655 2667 2713 est,
2690 2655 2835 2703 stare
2854 2653 2908 2701 et
2929 2658 3247 2715 permanere
3272 2644 3455 2701 faciat.

1884 2744 1954 2800 In
1976 2761 2075 2815 qua
2096 2744 2379 2809 voluntate;
2404 2742 2494 2797 Dei
2526 2740 2719 2804 Patris,
2744 2753 2902 2809 quam
2927 2737 3095 2793 Filius
3123 2736 3455 2806 adimplevit.

1887 2835 2209 2903 Sanctiﬁcati
2254 2849 2448 2888 sumus.
2500 2831 2556 2885 in
2607 2831 2947 2899 baptismate.
3010 2830 3111 2885 Per
3152 2828 3460 2883 oblationem

1886 2928 2112 2999 corporis
2140 2925 2266 2981 Iesu
2292 2925 2480 2981 Citriin
2526 2923 2703 2979 semel.
2737 2922 2889 2989 Quod
2940 2921 3069 2977 dicit
3116 2920 3319 2987 semel,
3354 2920 3463 2976 tale

1886 3026 1970 3075 est
1998 3032 2060 3072 ac
2101 3016 2148 3072 si
2173 3012 2772 3072 diceret:Sanctiﬁcati
2801 3025 2987 3066 sumus
3032 3010 3086 3065 in
3121 3010 3444 3079 baptismate

1888 3124 1986 3179 per
2006 3108 2332 3177 passionem,
2366 3120 2523 3174 quam
2552 3103 2797 3159 Christus
2829 3102 3121 3157 celebravit
3165 3100 3358 3156 semel.
3392 3098 3466 3153 Et

200 3219 298 3273 illa
328 3213 610 3278 sacriﬁcia,
635 3210 847 3265 advenit
876 3209 1089 3272 iterum,
1114 3205 1182 3259 de
1211 3218 1316 3273 quo
1342 3201 1628 3270 Apostolus
1655 3199 1730 3254 ait
1754 3215 1769 3253 :
1801 3181 1853 3246 C
1881 3200 2047 3255 omnis
2068 3199 2274 3269 quidem
2302 3198 2541 3251 sacerdos
2571 3196 2705 3266 legis
2733 3202 2917 3262 praesto
2943 3203 3038 3248 est.
3061 3192 3253 3248 Altari.
3283 3192 3464 3256 Quoti-

202 3314 349 3378 ldeo,
367 3310 552 3378 inquit,
571 3307 689 3376 quia
722 3300 1051 3373 impossibile
1077 3307 1191 3354 erat
1220 3296 1475 3365 sanguine
1505 3294 1773 3348 hircorum

206 3404 408 3459 auferri
441 3406 678 3469 peccata,
710 3405 765 3451 et
794 3394 916 3465 quia
941 3407 1046 3447 non
1081 3390 1363 3460 placebant
1395 3389 1504 3443 Deo
1536 3386 1657 3441 talia
1691 3399 1778 3439 sa-

204 3494 429 3555 crificia,
456 3488 761 3560 ingrediens
788 3484 1065 3546 mundum,
1098 3494 1205 3535 non
1235 3479 1454 3533 dubium
1478 3478 1603 3545 quin
1627 3475 1781 3529 Chri-

209 3596 324 3644 stus
352 3585 500 3639 dicit.
562 3577 826 3648 lngressio
854 3586 1030 3629 autem
1074 3574 1174 3627 ista
1217 3570 1349 3624 nihil
1383 3577 1465 3624 est
1505 3566 1647 3620 aliud
1680 3566 1781 3620 nisi

211 3668 414 3737 missio.
432 3676 585 3746 ejus,
614 3671 876 3742 apparitio
925 3668 1070 3737 ejus,
1111 3664 1363 3719 videlicet
1410 3658 1778 3716 humanitatis.

210 3770 434 3841 Quando
464 3772 605 3822 cnim
637 3764 723 3834 qui
772 3761 969 3829 ubique
998 3770 1235 3827 praesens
1280 3762 1435 3819 erat,
1467 3750 1562 3806 sed
1606 3759 1783 3803 tamen

211 3862 496 3924 invisibilis
522 3900 537 3926 ,
584 3859 754 3912 factus
783 3865 964 3924 postea
1006 3851 1167 3905 homo
1212 3846 1437 3901 visibilis
1466 3842 1665 3900 mundo
1690 3854 1787 3908 ap-

213 3958 407 4028 paruit,
438 3947 831 4023 quodammodo
859 3944 949 4000 ubi
979 3951 1116 4007 erat,
1136 3941 1263 3994 illuc
1290 3940 1560 4007 ingressus
1587 3942 1686 3989 est.
1721 3932 1791 3985 Et

213 4026 338 4122 quid
367 4048 493 4103 dicit
524 4046 634 4100 Deo
662 4039 837 4096 Patri?
864 4037 1130 4097 Hostiam,
1162 4032 1354 4097 inquit,
1380 4038 1433 4083 et
1460 4026 1789 4081 oblationem

216 4116 431 4201 noluisti
459 4157 472 4195 :
501 4150 692 4205 corpus
717 4142 891 4187 autem
919 4125 1109 4196 aptasti
1141 4126 1273 4192 (sive
1297 4116 1587 4190 perlecisti)
1614 4116 1743 4170 mihi
1776 4131 1791 4168 :

217 4236 345 4293 illud
378 4234 470 4289 tibi
513 4229 730 4285 offeram
769 4220 1088 4278 sacriﬁcium
1125 4222 1419 4283 acceptum.
1472 4208 1793 4264 Holocauto-

218 4340 357 4387 mata
390 4342 487 4399 pro
521 4331 739 4395 peccato
791 4333 896 4372 non
947 4312 1042 4369 tibi
1072 4311 1404 4381 placuerunt.
1452 4304 1602 4358 Tunc
1634 4300 1746 4356 dixi
1778 4316 1792 4352 :

220 4425 359 4479 Ecce
384 4418 543 4473 venio
567 4430 659 4483 per
686 4405 1068 4465 incarnationis
1110 4400 1451 4471 mysterium,
1481 4406 1540 4449 ut
1562 4407 1683 4447 meo
1708 4406 1796 4446 sa-

222 4512 423 4570 criﬁcio
451 4482 717 4563 redimam
746 4512 915 4570 genus
946 4498 1261 4548 humanum.
1304 4488 1682 4542 Holocaustum
1710 4482 1795 4536 di-

1880 3294 1963 3347 die
1986 3291 2305 3355 ministram,
2339 3296 2385 3343 et
2422 3282 2621 3343 easdem
2651 3286 2869 3354 oﬂ'erens
2908 3286 3124 3351 hostias,
3156 3298 3281 3354 qua:
3318 3302 3461 3339 nun-

1880 3396 2033 3455 quam
2061 3390 2269 3453 possunt
2291 3382 2494 3450 auferre
2514 3389 2737 3450 peccata.
2779 3377 3017 3433 Subaudi
3056 3376 3353 3431 criminalia
3379 3385 3463 3430 at-

1885 3491 1989 3545 que
2010 3474 2277 3543 capitalia.
2307 3472 2407 3525 Hic
2428 3482 2617 3526 autem.
2635 3470 2783 3525 Haud
2805 3470 3021 3525 dubium
3038 3470 3171 3545 quin
3192 3468 3459 3525 Christus.

1891 3567 2063 3623 Unam
2108 3582 2199 3634 pro
2241 3565 2462 3635 peccatis
2490 3562 2710 3630 offerens
2750 3563 2966 3616 hostium
3006 3562 3061 3614 in
3104 3560 3462 3627 sempiternum

1887 3662 2025 3715 sedet
2051 3660 2115 3713 ad
2138 3660 2400 3711 dexteram
2422 3655 2537 3719 Dei,
2563 3656 2625 3709 de
2646 3666 2827 3709 caetero
2857 3663 3172 3723 exspectans,
3187 3655 3344 3708 donec
3370 3668 3465 3706 uo-

1891 3761 2077 3807 nantur
2104 3751 2298 3806 inimici
2328 3752 2440 3821 ejus
2467 3748 2742 3802 scabellum
2762 3748 2952 3816 pedum
2976 3750 3108 3814 eius.
3138 3748 3463 3815 Ministrare,

1892 3848 2005 3901 sive
2034 3844 2248 3907 offerre,
2282 3845 2491 3915 signum
2521 3842 2933 3896 ministrationis
2965 3850 3068 3909 est,
3100 3856 3194 3909 per
3217 3840 3361 3911 quod
3389 3840 3471 3895 in-

1895 3940 2152 4009 tellig‘tur
2174 3937 2448 3992 humilitas
2470 3936 2688 3989 Christi.
2711 3938 2816 3989 Ara
2840 3948 2969 3989 vero
2993 3934 3203 4003 signum
3226 3942 3311 3988 est
3329 3931 3474 4001 judi-

1896 4036 2065 4089 cantis
2118 4040 2175 4085 et
2202 4030 2549 4092 dominantis,
2580 4038 2638 4081 ut
2674 4030 2723 4081 ei
2768 4026 3142 4092 ministretur;
3186 4040 3283 4094 per
3330 4024 3474 4095 quod

1898 4122 2197 4178 ostenditur
2214 4122 2470 4177 exaltatio
2493 4128 2547 4174 et
2568 4118 2736 4185 gloria
2768 4116 2988 4182 Christi,
3018 4117 3110 4185 qui
3132 4116 3350 4171 humilis
3377 4129 3475 4186 ap-

1898 4212 2071 4281 paruit
2098 4228 2113 4265 :
2147 4225 2286 4264 nunc
2316 4218 2489 4264 autem
2522 4208 2788 4262 exaltatus
2818 4221 2980 4274 super
3007 4220 3221 4261 omnem
3257 4213 3474 4260 creatu-

1901 4319 2037 4368 ram,
2060 4303 2263 4357 habitat
2284 4302 2337 4355 in
2361 4298 2691 4368 plenitudine
2720 4294 3018 4364 maiestatis
3048 4300 3388 4361 exspectans,
3420 4300 3479 4347 et

1900 4394 2250 4450 considerans
2266 4401 2473 4460 tempus
2489 4391 2554 4445 de
2564 4390 2775 4456 reliquo
2785 4387 2999 4458 quando
3007 4384 3228 4453 iudicet.
3244 4383 3313 4438 Et
3322 4382 3478 4452 cujus

1906 4489 1981 4543 rei
2007 4501 2164 4543 causa
2186 4489 2277 4541 ttat
2297 4488 2394 4542 ista
2417 4484 2601 4541 dilatio
2622 4484 2858 4552 exponit,
2877 4481 3060 4536 dicens
3080 4496 3096 4536 :
3120 4478 3191 4535 Ut
3215 4484 3482 4549 ponantur

222 4605 445 4661 cebatur
489 4594 813 4655 sacrificium
840 4632 855 4657 ,
886 4586 1025 4658 quod
1056 4592 1226 4640 totum
1264 4579 1604 4637 cremabatur
1634 4575 1687 4630 in
1718 4574 1796 4629 al-
1822 4557 1879 4621 D
1904 4581 2106 4640 inimici
2138 4582 2254 4652 ejus
2277 4581 2565 4636 scabellum
2597 4578 2785 4647 pedum
2813 4576 2951 4645 ejus,
2979 4572 3182 4629 Inimici
3209 4570 3328 4641 eius
3354 4577 3482 4626 sunt

162 4748 167 4761 ,
222 4696 344 4761 tari,
372 4692 523 4763 quasi
562 4697 727 4743 totum
762 4686 1040 4739 incensum
1076 4688 1090 4730 ε
1122 4691 1243 4733 nam
1290 4672 1419 4737 ὅλον,
1450 4671 1635 4737 holon,
1666 4668 1793 4724 dici-

224 4799 310 4844 tur
332 4759 529 4847 to—tum,
560 4781 777 4836 καυστὸν
802 4819 817 4841 ,
864 4780 1107 4829 eaustum
1136 4782 1265 4825 vero
1303 4768 1584 4821 incensum
1616 4780 1628 4815 :
1660 4759 1799 4815 sicut

222 4877 575 4935 holovitreum
627 4881 796 4926 totum
841 4868 1085 4920 vitreum.
1121 4860 1227 4918 Sed
1266 4860 1313 4915 si
1366 4857 1796 4912 holocautomata

223 4997 321 5055 pro
350 4985 566 5049 peccato
594 4986 697 5028 non
729 4970 775 5025 ei
807 4968 1103 5037 placebant,
1130 4962 1295 5033 quaeri
1318 4966 1499 5030 potest
1525 4953 1799 5028 quomodo

226 5046 659 5129 mandabantur?
688 5063 765 5118 Ad
798 5060 939 5130 quod
961 5053 1393 5125 respondendum
1422 5059 1526 5117 est,
1548 5049 1668 5118 quia
1692 5046 1801 5101 ﬁde

224 5176 275 5219 et
319 5158 631 5231 paenitentia
675 5156 831 5225 digna
880 5149 1271 5205 mundabantur
1299 5187 1313 5210 ,
1346 5148 1484 5199 sicut
1513 5142 1798 5196 mundatus

226 5266 307 5312 est
339 5253 503 5309 David
528 5266 555 5304 a
586 5257 803 5319 peccato
836 5240 1081 5298 adulterii
1114 5248 1273 5306 atque
1300 5234 1571 5289 homiridii
1621 5251 1633 5285 :
1668 5247 1791 5301 per-

228 5350 358 5402 fecta
384 5354 559 5399 autem
584 5339 862 5395 inundatio
892 5336 941 5390 in
970 5330 1169 5388 Christi
1200 5331 1430 5383 adventu
1454 5327 1573 5380 data
1606 5335 1707 5379 eSt.
1734 5321 1801 5375 In

227 5447 389 5515 capite
412 5443 525 5497 libri
554 5443 795 5511 scriptum
825 5445 894 5489 est
921 5436 981 5488 de
1010 5452 1108 5499 me,
1142 5442 1195 5484 ut
1229 5431 1414 5499 faciant
1437 5470 1448 5491 ,
1498 5426 1633 5479 Deus
1661 5467 1673 5489 ,
1716 5441 1802 5477 vo-

230 5542 471 5594 luntatem
529 5544 683 5589 tuoin.
718 5532 790 5584 De
815 5529 969 5597 hujus
1003 5525 1121 5578 libri
1154 5523 1327 5591 capite
1368 5520 1571 5573 diversa
1618 5517 1801 5569 docto-

232 5642 373 5695 ribus
404 5641 755 5707 disputantur.
791 5633 1013 5699 Quitlnm
1048 5632 1185 5681 enim
1218 5626 1522 5693 intelligunt
1573 5622 1654 5675 hic
1700 5620 1799 5673 iiii-

232 5736 361 5788 tium
394 5730 635 5792 Genesis,
670 5728 757 5781 ubi
786 5727 1037 5791 scriptum
1064 5728 1145 5773 est
1182 5738 1190 5771 ε
1227 5720 1278 5771 in
1316 5716 1610 5786 principio:
1649 5714 1694 5765 ill
1722 5720 1799 5765 est

236 5829 287 5885 in
312 5823 441 5880 Filio
466 5820 588 5877 fecit
612 5820 749 5875 Deus
776 5817 965 5872 (‘millnl
990 5824 1039 5871 ct
1065 5824 1280 5869 terram.
1316 5810 1537 5877 Quidam
1570 5807 1799 5879 primum

1900 4682 2069 4739 Judaei
2086 4723 2101 4748 ,
2128 4678 2387 4743 haeretici,
2416 4684 2469 4732 et
2499 4673 2617 4730 falsi
2638 4670 2953 4735 Christiani,
2975 4677 3270 4735 omnesque
3289 4663 3480 4719 infidae

1900 4789 1977 4842 les
1998 4828 2011 4850 ,
2052 4783 2143 4855 qui
2184 4778 2497 4852 subjiciendi
2540 4785 2662 4831 sunt
2696 4774 2945 4845 potestati
2985 4773 3146 4828 illius.
3180 4770 3277 4827 Hic
3302 4779 3355 4826 et
3384 4782 3482 4826 ne-

1900 4876 2137 4931 cessaria
2170 4873 2430 4940 subjectio
2463 4876 2641 4939 potest
2671 4864 2927 4935 intelligi,
2957 4878 3073 4931 quae
3113 4864 3376 4931 pertineat
3415 4861 3483 4915 ad

1903 4968 2159 5037 rcprobos
2182 4966 2232 5019 in
2257 4961 2487 5033 nequitia
2508 4966 2877 5029 permanentes
2898 4971 2912 5019 ;
2936 4963 2987 5008 et
3010 4952 3305 5007 voluntaria
3326 4992 3340 5017 ,
3364 4963 3486 5019 qum

1904 5061 2133 5132 pertinet
2180 5056 2245 5110 ad
2291 5058 2516 5117 electos,
2566 5050 2654 5120 qui
2703 5049 3009 5103 deserentes
3057 5044 3194 5097 viam
3233 5039 3487 5110 nequitia:

1905 5131 2095 5221 sponte
2125 5146 2354 5200 subdunt
2378 5159 2434 5197 se
2464 5142 2696 5197 Christo.
2731 5140 2806 5193 Illi
2847 5134 3149 5191 sacerdotes
3177 5131 3489 5187 Judmorum

1907 5248 2097 5298 multas
2120 5239 2352 5310 quotidie
2376 5237 2650 5291 offerendo
2684 5234 2882 5287 hostias
2906 5273 2919 5297 ,
2951 5246 3053 5284 non
3089 5236 3375 5297 potuerunt
3396 5242 3491 5281 au-

1909 5335 2048 5389 ferre
2088 5340 2327 5401 peccata:
2359 5327 2599 5383 Christus
2636 5333 2810 5378 autem
2844 5321 3007 5377 semel
3038 5317 3380 5387 semetipsum
3409 5316 3489 5370 of-

1910 5430 2085 5483 ferens
2105 5469 2117 5492 ,
2148 5424 2364 5479 abstulit
2391 5432 2604 5491 peccata
2641 5417 2819 5471 mundi
2847 5432 2859 5467 :
2888 5414 3041 5469 sedet
3070 5426 3209 5467 nunc
3238 5412 3289 5465 in
3322 5410 3491 5479 gloria

1910 5521 2007 5575 Dei
2038 5520 2227 5575 Patris.
2268 5515 2380 5569 Una
2409 5513 2539 5567 enim
2569 5511 2821 5563 oblatione
2841 5507 3203 5559 consummari!
3225 5504 3277 5555 in
3300 5501 3480 5566 sempi-

1911 5625 2104 5668 temum
2134 5608 2493 5675 sanctiﬁcatos.
2540 5602 2859 5655 Contestatur
2898 5609 3063 5650 mrtem
3094 5595 3234 5649 nobis
3264 5593 3489 5663 Spiritus

1912 5716 2139 5765 sanctus;
2164 5713 2426 5771 postquam
2477 5698 2656 5749 etenim
2690 5696 2819 5745 dixit
2846 5709 2859 5743 .'
2890 5692 3003 5744 Hoc
3031 5700 3197 5742 autem
3222 5700 3493 5741 testamen-

1936 5814 2036 5862 ttm,
2068 5796 2201 5867 quod
2232 5796 2445 5847 ιίνδιαίιντν
2474 5789 2537 5841 ad
2563 5787 2675 5841 illos
2709 5796 2814 5855 post
2847 5788 2952 5839 dies
2981 5787 3125 5851 illos,
3162 5784 3283 5837 dicit
3312 5779 3496 5843 Domi-

3493 5572 3504 5605 Δ
