3968 6354
470 317 569 377 751

1599 294 1899 358 PRIMASII
1936 290 2389 353 ADRUMETANI
2445 292 2667 353 EPISC.

3649 314 3791 371 75!

472 454 602 496 nus:
624 436 769 493 Dabo
789 433 923 506 leges
949 444 1086 486 meas
1103 427 1158 483 in
1181 426 1419 483 cordibus
1436 439 1633 489 eorum,
1654 432 1702 477 et
1723 424 1775 477 in
1803 418 2051 475 mentibus
2077 416 2129 477 Α
2158 414 2426 472 dominica
2447 432 2552 472 non
2572 430 2810 488 congrue
2839 419 3363 483 nomine'velaminis
3389 428 3742 502 designatur
3758 452 3781 491 :

472 548 648 590 eorum
670 524 1039 601 superscribens
1062 536 1185 584 eas;
1213 529 1258 574 et
1286 526 1608 587 peccatorum
1636 525 1685 570 et
1723 513 2051 581 iniquitatunt

473 634 649 683 eorum
670 641 771 678 non
791 620 1094 679 recordabar
1109 616 1346 682 antplius.
1362 610 1719 678 Contestatur,
1739 608 1929 678 inquit,
1954 618 2053 661 nos

474 733 530 781 ει
548 721 776 786 Spiritus
795 726 1030 779 sanctus,
1046 713 1098 767 id
1120 720 1221 775 est,
1246 707 1557 765 testimonio
1576 722 1675 761 suo
1689 704 1850 760 verba
1869 711 2053 758 nostra

473 818 778 882 conﬁrmat,
806 828 911 868 non
940 810 1109 865 solum
1139 822 1234 876 per
1254 802 1611 864 Psalmistam,
1642 800 1737 856 sed
1764 799 1924 854 etiam
1956 811 2054 867 per

473 914 812 984 prophetam,
838 905 959 976 quia
986 903 1098 958 illa:
1120 897 1311 955 hostia:
1334 896 1443 964 jam
1465 910 1573 950 non
1595 902 1719 948 sunt
1738 889 2049 984 ollerendte.

472 1002 535 1059 ln
563 998 906 1072 sequentibus
929 991 1107 1050 verbis
1132 990 1373 1046 defectus
1391 996 1473 1043 est
1498 984 1779 1042 sententia:
1808 983 1938 1038 satis
1960 997 2053 1038 ne-

472 1093 771 1158 cessarius,
806 1091 1130 1159 quapropter
1170 1082 1379 1137 dicatur
1406 1083 1478 1134 ita
1511 1095 1526 1134 :
1571 1078 1857 1145 Postquam
1907 1075 2050 1130 enim

472 1184 608 1241 dixit
634 1184 972 1251 omnipotens
1033 1178 1172 1232 Deus
1226 1188 1321 1243 per
1367 1171 1682 1242 prophetam
1728 1166 2050 1225 Jeremiam:
2084 1242 2105 1250 _

470 1276 587 1332 Hoc
628 1284 806 1331 autem
853 1280 936 1327 est
973 1276 1349 1325 testamentum
1381 1261 1529 1334 quod
1560 1259 1804 1329 testabor
1835 1257 1902 1312 ad
1932 1258 2052 1314 illos

471 1375 597 1437 post
639 1366 757 1421 dies
801 1364 953 1429 illos,
993 1360 1124 1417 dicit
1148 1356 1447 1413 Dominus:
1479 1354 1625 1409 Dabo
1649 1352 1794 1423 leges
1822 1366 1969 1407 meas
1995 1349 2048 1405 in

470 1458 723 1515 cordibus
752 1470 960 1519 eorum,
987 1462 1041 1509 et
1067 1452 1119 1507 in
1150 1449 1417 1505 mentibus
1443 1461 1627 1503 eorum
1658 1442 2049 1512 superscribam

469 1550 627 1607 illas:
657 1547 835 1605 statim
866 1542 1145 1601 subintulit
1171 1560 1184 1596 :
1210 1540 1566 1608 Etpeccatum
1594 1550 1783 1592 eorum
1806 1548 1911 1589 non
1939 1546 2052 1588 me-

470 1643 729 1707 morabor
756 1638 1019 1707 amplius,
1048 1635 1334 1691 ostendens
1366 1632 1477 1702 jam
1515 1646 1621 1685 non
1655 1628 1768 1685 fore
1794 1627 2050 1695 deinceps

469 1705 806 1792 necessarias
825 1705 1031 1785 hostias
1057 1726 1394 1798 ﬁgurativas:
1417 1721 1560 1793 quod
1579 1721 1739 1777 etiam
1764 1718 2050 1789 Apostolus

469 1826 799 1889 manifestat,
826 1823 954 1878 dum
985 1793 1164 1878 subdit
1188 1835 1203 1873 :
1235 1815 1334 1871 Ubi
1360 1823 1528 1869 autem
1559 1812 1768 1868 horum.
1796 1810 2048 1868 Peccato-
2077 1793 2124 1857 Β

469 1936 612 1993 mm.
655 1917 925 1981 Remissio,
940 1917 1054 1987 jam
1084 1927 1185 1965 non
1222 1918 1316 1964 est.
1358 1904 1691 1963 Necessaria.
1722 1903 1924 1958 Oblatio
1954 1918 2048 1974 pro

468 2017 695 2078 peccato.
717 2007 846 2063 Nam
868 2012 1148 2074 postquam
1175 2001 1277 2056 hoc
1303 2006 1682 2055 testamentum
1697 1995 2047 2065 adimpletum

467 2109 583 2165 est,
613 2098 751 2168 quod
797 2102 934 2153 Deus
975 2110 1071 2165 per
1098 2092 1413 2163 prophetam
1456 2087 1831 2160 promittebat,
1870 2084 2048 2140 statim

468 2192 574 2246 illa:
608 2189 795 2245 hostiae
820 2188 978 2242 ﬁnem
1001 2192 1360 2255 acceperunt:
1389 2182 1513 2252 quia
1533 2179 1781 2235 veniente
1802 2178 2047 2241 veritate,

464 2285 652 2339 umbra
677 2281 943 2337 discessit.
974 2278 1275 2334 Notandum
1306 2290 1434 2345 ergo
1460 2274 1583 2342 quia
1612 2272 1703 2327 ubi
1751 2270 2051 2325 recordatio

466 2388 808 2446 peccatorum
835 2389 939 2427 non
963 2384 1066 2431 est,
1094 2385 1212 2441 qua:
1244 2371 1294 2423 in
1320 2368 1636 2437 baptismate
1664 2380 1759 2435 per
1781 2364 1937 2418 ﬁdem
1955 2362 2051 2416 do-

466 2468 675 2522 minica:
705 2464 968 2533 passionis
996 2460 1303 2521 dimittitur,
1327 2457 1438 2527 jam
1485 2472 1589 2511 non
1628 2465 1711 2510 est
1749 2451 2046 2507 necessaria

465 2557 669 2612 oblatio
694 2556 827 2625 legis
858 2570 953 2622 pro
981 2561 1218 2624 peccato.
1256 2550 1513 2604 llubentes
1536 2551 1725 2618 itaque,
1762 2548 1964 2617 fratres,
1982 2544 2049 2611 [i-

463 2648 671 2700 duciam
691 2647 742 2698 in
764 2646 974 2698 introitu
1001 2652 1293 2697 sanctorum
1319 2643 1373 2694 in
1397 2640 1646 2709 sanguine
1670 2637 1877 2695 Christi.
1900 2651 2049 2702 quam

463 2736 682 2791 initiavit
712 2735 855 2788 nobis
885 2735 1015 2787 uiam
1042 2748 1224 2787 novam
1252 2742 1297 2785 et
1324 2733 1568 2785 viventem
1598 2745 1687 2796 per
1710 2728 1965 2791 velamen,
1996 2726 2051 2779 id

466 2837 539 2883 est
567 2844 772 2882 carnem
792 2843 939 2881 suam
958 2866 974 2891 ,
998 2836 1045 2880 et
1068 2824 1393 2881 Sacerdotem
1414 2838 1654 2891 magnum
1670 2836 1823 2887 super
1844 2820 2049 2872 domum

470 2921 589 2976 Dei.
617 2923 881 2976 Hactenus
900 2920 1133 2975 ostendit
1161 2917 1425 2987 pontiﬁcis
1445 2925 1500 2971 et
1523 2914 1841 2977 hostiarum,
1871 2913 2047 2965 taber-

464 3013 643 3066 naculi
682 3027 896 3081 quoque
942 3020 996 3066 et
1042 3009 1381 3072 testamenti,
1412 3015 1573 3077 atque
1619 3002 2048 3074 repromissionis

460 3104 794 3168 distantiam,
816 3102 1087 3169 multaque
1108 3092 1405 3153 diﬁ‘erentia
1426 3119 1439 3153 :
1460 3112 1598 3151 nunc
1624 3096 1894 3150 invitando
1918 3095 2045 3150 hor-

460 3204 604 3248 tatur
634 3194 697 3247 ad
725 3208 788 3248 ea
818 3208 935 3261 quae
964 3206 1060 3261 per
1080 3191 1349 3244 Christum
1383 3190 1435 3242 in
1458 3188 1681 3242 veritate
1707 3188 1858 3242 nobis
1885 3186 2049 3241 adve—
2076 3170 2122 3233 ε

462 3298 681 3357 nerunt,
705 3288 836 3342 dans
862 3285 1232 3340 auctoritatem
1269 3284 1336 3337 de
1366 3298 1560 3352 magno
1592 3281 1850 3336 Pontiﬁce
1880 3288 1933 3334 et
1960 3277 2044 3331 di-

458 3396 627 3436 cens:
662 3380 981 3448 Propterea,
1026 3376 1228 3445 inquit,
1260 3375 1516 3429 habemus
1549 3368 1667 3441 plus
1714 3372 1919 3426 ﬁducia!
1951 3384 2047 3438 per

461 3473 778 3543 sanguinem
810 3470 1011 3525 Christi
1044 3468 1312 3531 mundati,
1341 3482 1499 3536 quam
1531 3465 1606 3520 illi
1644 3466 1731 3535 qui
1761 3466 2048 3520 carnaliter

462 3567 668 3621 hostias
707 3563 1041 3618 offerebant:
1077 3561 1198 3629 quia
1232 3560 1405 3612 hostia
1434 3566 1614 3611 nostra
1640 3571 1764 3610 vera
1795 3564 1849 3610 et
1877 3556 2044 3610 ratio-

459 3659 595 3712 nalis
617 3666 721 3712 est.
764 3657 1028 3710 lntanlum
1056 3654 1197 3707 enim
1224 3652 1487 3719 majorem
1520 3651 1764 3704 ﬁduciam
1790 3650 2046 3705 habemus

462 3750 515 3802 in
540 3749 783 3816 ingressu
806 3743 1063 3799 oculorum
1089 3757 1185 3811 per
1214 3740 1529 3810 sanguinem
1555 3738 1788 3800 Christi.
1825 3742 2047 3809 inquan-

461 3847 574 3891 tum
604 3837 773 3906 magis
813 3833 1125 3889 cohaerech
1156 3833 1331 3887 ellecti
1356 3846 1563 3884 sumus.
1596 3830 1781 3885 Nullus
1810 3832 1875 3885 ad
1909 3832 2046 3887 dona

461 3926 695 3995 Spiritus
725 3926 893 3977 sancti
930 3921 1208 3990 pervenire
1234 3921 1450 3984 valebit,
1483 3921 1585 3975 nisi
1610 3936 1705 3989 per
1728 3921 1907 3989 ﬁdem,
1935 3924 2047 3979 sive

462 4017 740 4081 ﬁduciam,
773 4015 827 4068 id
855 4024 938 4070 est
969 4029 1064 4083 per
1090 4014 1230 4068 viam
1263 4027 1452 4067 novam
1484 4025 1535 4066 et
1567 4013 1854 4077 viwntem,
1886 4030 2045 4083 quam

462 4108 691 4162 initiavit
732 4108 887 4161 nobis
928 4105 1194 4169 Christus,
1228 4104 1330 4160 hoc
1376 4105 1582 4160 initium
1635 4108 1816 4161 utendi
1866 4107 2045 4163 dedit:

462 4201 600 4255 viam
618 4215 744 4254 vero
770 4213 959 4255 novam
983 4198 1114 4253 dicit
1139 4198 1318 4263 ﬁdem,
1342 4214 1460 4267 qua:
1489 4213 1583 4267 per
1603 4197 1874 4254 Christum
1897 4201 2041 4268 data,

461 4295 574 4348 sive
601 4292 905 4359 exemplum
941 4290 1288 4357 humilitatis,
1330 4306 1424 4359 per
1459 4291 1598 4360 quod
1646 4292 1760 4360 ipse
1789 4294 2045 4360 perrexit,

461 4385 748 4440 humilians
776 4383 1124 4451 semetipsum
1154 4397 1323 4450 usque
1351 4381 1417 4435 ad
1451 4390 1703 4436 mortem.
1757 4383 2046 4439 Possumus

461 4488 516 4532 ει
542 4491 733 4530 novam
756 4476 891 4530 viam
916 4476 1160 4543 accipere
1179 4474 1380 4529 aditum
1411 4476 1598 4542 patria:
1620 4475 1860 4529 ctelcstis
1885 4473 2040 4529 nobis

462 4582 556 4636 per
574 4565 846 4620 Christum
876 4540 1200 4621 reseratum:
1233 4565 1323 4634 qui
1352 4540 1554 4619 idcirco
1578 4565 1662 4617 via
1694 4580 1829 4619 nova
1858 4566 2037 4634 appel-
2065 4540 2119 4599 Ῑ)

462 4658 621 4721 latur,
648 4655 898 4726 quoniam
939 4655 1068 4711 nulli
1116 4664 1240 4711 ante
1268 4655 1618 4725 ingressibilis
1646 4654 1762 4711 fuit.
1798 4655 2033 4711 Dicendo

462 4761 672 4816 autem,
716 4748 947 4815 Novam,
995 4757 1218 4803 conatur
1255 4747 1572 4815 ostendere,
1602 4756 1791 4801 cuncta
1832 4748 2034 4817 majora

461 4856 597 4897 nova
651 4841 882 4907 habere,
932 4840 1193 4910 siquidem
1244 4854 1387 4894 nunc
1415 4846 1597 4906 aperta
1645 4847 1726 4893 est
1769 4839 1923 4894 nobis
1951 4841 2034 4895 via

462 4934 612 4999 ﬁdei,
644 4948 741 5003 per
766 4949 923 5004 qnam
971 4934 1331 5004 plenissimam
1376 4931 1807 5001 justiﬁcalimiem
1838 4935 2034 5003 accipi-

460 5042 609 5095 mus,
638 5034 693 5081 et
719 5038 916 5096 aperta:
947 5033 1073 5080 sunt
1102 5024 1254 5078 nobis
1284 5032 1448 5092 portae
1477 5024 1633 5091 cteli,
1663 5024 1801 5092 quod
1834 5025 2033 5081 nemini

458 5118 615 5182 antea
643 5125 1057 5181 concedebatur.
1092 5123 1368 5177 Viventem
1398 5138 1611 5193 quoque
1657 5139 1774 5179 eam
1803 5127 2036 5195 appella-

457 5220 565 5284 vit,
591 5221 691 5275 hoc
718 5228 801 5274 est
830 5232 1043 5287 semper
1085 5224 1387 5269 manentem
1416 5223 1471 5269 et
1500 5231 1713 5284 semper
1742 5229 2031 5287 patentem,

462 5310 709 5381 quoniam
734 5319 789 5365 et
816 5308 946 5363 ﬁdes
992 5316 1133 5362 recta
1164 5305 1490 5360 teternaliter
1513 5308 1767 5373 manebit,
1799 5318 1851 5363 et
1881 5320 2033 5379 porta

456 5403 579 5458 caeli
609 5416 821 5471 semper
841 5400 1061 5470 patebit.
1090 5397 1320 5452 lniiiavit
1349 5407 1524 5452 autem
1551 5399 1685 5453 hanc
1709 5402 1851 5453 viam
1879 5402 2032 5456 nobis

455 5497 722 5562 Christus,
753 5494 805 5548 id
835 5501 920 5549 est
945 5492 1223 5547 dedicavit
1251 5502 1305 5546 et
1352 5491 1726 5557 conﬁrmavit,
1762 5506 1857 5546 seu
1886 5492 2034 5548 dedit

458 5602 553 5658 per
578 5588 850 5651 velamen,
900 5584 953 5640 id
997 5594 1081 5640 est
1107 5598 1325 5639 carnem
1373 5597 1545 5638 suam.
1577 5583 1829 5653 Idemque
1859 5584 2030 5652 primo

458 5678 665 5748 aperuit
689 5676 833 5732 illam
850 5676 1015 5742 viam,
1038 5674 1373 5730 ascendendo
1397 5673 1464 5728 ad
1490 5672 1715 5744 patriam
1732 5674 2027 5743 caelestem,

457 5776 514 5824 et
541 5768 655 5839 ipse
685 5767 854 5838 primo
881 5767 1088 5824 initium
1116 5765 1270 5823 nobis
1292 5764 1440 5823 dedit
1466 5763 1668 5821 utendi.
1688 5764 1824 5823 Caro
1848 5776 2028 5825 autem

2154 506 2277 575 quia
2309 506 2447 562 sicut
2485 507 2662 562 relum
2708 509 2916 564 celabat
2964 527 3175 580 arcam,
3229 526 3283 571 et
3321 533 3384 573 ea
3433 537 3563 590 qum
3609 526 3779 580 ultra

2155 608 2330 666 erant,
2372 598 2443 652 ita
2468 602 2605 654 ultra
2628 599 2772 655 illam
2798 602 3048 659 divinitas
3073 605 3235 661 Verbi
3264 610 3487 667 latebat.
3510 613 3584 669 Et
3611 618 3780 672 situs

2155 704 2252 761 per
2274 691 2959 767 velamen‘perveniebatur
2987 698 3053 753 ad
3079 700 3330 757 interiora
3352 745 3369 771 ,
3403 706 3477 760 ita
3507 722 3614 777 per
3644 710 3773 766 lm-

2153 786 2461 841 manitatem
2486 790 2795 857 pervenitur
2820 792 2887 848 ad
2909 793 3204 851 divinitatis
3223 801 3621 868 cognitionem.
3651 806 3775 861 Sa-

2152 878 2344 932 cerdos
2379 888 2554 936 autem
2600 896 2823 954 magnus
2853 899 3014 954 super
3068 888 3288 946 domum
3346 892 3445 948 Dei
3486 893 3767 953 Christus

2154 964 2484 1038 intelligitur,
2514 972 2606 1042 qui
2631 984 2713 1028 est
2737 989 2768 1028 a
2791 975 2901 1031 Deo
2928 977 3084 1035 Patre
3108 984 3431 1041 constitutus
3451 1002 3628 1058 super
3649 992 3768 1047 Ec-

2151 1060 2372 1116 clesiam
2392 1078 2408 1127 ;
2432 1063 2585 1133 juxta
2612 1065 2753 1136 quod
2799 1068 2912 1137 ipse
2936 1070 3106 1127 dicit:
3136 1074 3247 1147 Ego
3273 1088 3453 1134 autem
3476 1087 3760 1141 constitu-

2154 1156 2239 1208 tus
2267 1168 2384 1209 sum
2412 1169 2504 1210 res
2535 1156 2603 1212 ab
2649 1172 2734 1214 eo.
2781 1159 3035 1232 Sequitur
3063 1183 3077 1219 :
3108 1166 3423 1226 Accedamus
3463 1189 3593 1229 cum
3631 1193 3761 1234 cera

2152 1245 2327 1313 corde,
2351 1258 2398 1302 et
2424 1248 2480 1301 in
2506 1250 2822 1317 plenitudine
2857 1254 3001 1322 ﬁdei,
3023 1260 3217 1329 aspersi
3243 1264 3398 1316 corda
3421 1282 3456 1318 α
3479 1271 3760 1324 conscien-

2152 1336 2225 1391 tia
2246 1339 2407 1405 mala,
2436 1350 2483 1393 et
2505 1341 2668 1396 abluti
2691 1360 2876 1415 corpus
2897 1362 3032 1414 aqua
3052 1354 3263 1407 munda.
3279 1355 3356 1410 Ex
3370 1361 3759 1427 superioribus

2151 1426 2253 1525 ista
2284 1430 2553 1525 pendent,
2581 1434 2672 1490 ubi
2700 1435 2832 1493 dicit
2857 1438 3146 1509 Apostolus
3175 1462 3190 1499 :
3224 1426 3493 1507 Habentes
3527 1454 3753 1525 itaque,

2151 1516 2379 1615 fratres,
2398 1520 2643 1615 ﬁduciam
2688 1525 2742 1581 in
2785 1526 3031 1599 ingressu
3058 1543 3360 1593 sanctorum
3388 1555 3489 1609 per
3518 1516 3751 1615 ungui;

2152 1623 2275 1665 nem
2319 1608 2551 1680 Christi,
2589 1616 2908 1673 accedamus
2943 1621 3011 1675 ad
3044 1623 3210 1681 Deum
3240 1642 3361 1684 cum
3389 1606 3529 1689 vero

2154 1700 2291 1799 quid
2312 1703 2480 1799 estin
2508 1722 2637 1762 vero
2663 1710 2826 1766 corde
2852 1714 3111 1771 accedere
3137 1717 3203 1772 ad
3224 1720 3535 1781 Christum?
3558 1727 3749 1799 Expo-

2150 1794 2258 1849 suit
2296 1796 2662 1871 subjungens:
2691 1800 2749 1859 In
2792 1803 3121 1876 plenitudine
3150 1811 3302 1881 ﬁdei,
3340 1826 3401 1873 ut
3447 1794 3749 1883 credamus

2148 1892 2599 1982 resurrectionem
2628 1899 2935 1968 generalem
2962 1901 3229 1975 futuram;
3279 1913 3435 1982 quasi
3485 1915 3700 1976 diceret
3723 1938 3741 1975 ε

2148 1978 2266 2037 1am
2294 1983 2417 2053 quia
2471 1985 2718 2043 ﬁduciam
2749 1989 3006 2051 habemus
3046 1997 3251 2069 ingredi
3290 1978 3521 2073 patriam
3576 2014 3743 2068 cmic—

2147 2081 2314 2138 stem,
2343 2090 2448 2132 non
2492 2076 2748 2137 debemus
2776 2081 3056 2155 haesitare,
3089 2094 3231 2161 quod
3261 2100 3626 2164 quorumdam
3670 2108 3743 2163 sit

2148 2168 2492 2237 resurrectio,
2524 2175 2875 2241 quorumdam
2898 2194 3025 2236 vero
3045 2198 3171 2251 non;
3190 2186 3285 2241 sed
3300 2203 3428 2245 vera
3453 2192 3565 2251 ﬁde
3576 2196 3743 2256 debeo

2150 2272 2268 2357 mus
2284 2261 2511 2357 credere
2532 2278 2719 2321 omnes
2746 2267 2994 2327 homines
3016 2288 3417 2339 resurrecturus
3431 2326 3451 2351 ,
3474 2291 3737 2357 quosdam

2150 2350 2217 2452 ad
2244 2352 2467 2452 gloriam
2494 2397 2518 2452 ,ι
2540 2358 2798 2426 quosdam
2830 2377 2959 2418 vero
2986 2367 3052 2420 ad
3095 2383 3331 2438 penam.
3363 2350 3509 2433 Nam
3541 2382 3593 2437 si
3624 2387 3739 2452 quis

2150 2441 2217 2536 de
2248 2442 2351 2498 hoc
2390 2445 2631 2513 haesitat,
2664 2465 2768 2505 non
2798 2451 2957 2510 habet
2984 2472 3162 2514 veram
3194 2463 3522 2536 plenamque
3554 2441 3734 2531 ﬁdem.

2150 2532 2335 2632 Potest
2363 2545 2418 2591 et
2446 2540 2600 2595 aliter
2626 2542 2847 2615 intelligi
2872 2563 2886 2601 :
2921 2548 3079 2604 Plena
3108 2551 3241 2610 ﬁdes
3270 2568 3375 2623 est,
3407 2532 3532 2632 qua:
3558 2570 3738 2623 conci-

2130 2627 2294 2698 pitur
2318 2632 2498 2695 corde,
2529 2635 2815 2692 conlitetur
2836 2654 2952 2708 ore,
2970 2651 3022 2697 et
3049 2647 3299 2714 operibus
3325 2627 3479 2710 bonis
3504 2671 3737 2717 exorna-

2153 2727 2255 2823 tur.
2282 2721 2391 2823 Hac
2410 2724 2512 2823 ﬁde
2528 2730 2887 2810 accedendum
2909 2744 2992 2789 est
3014 2736 3079 2791 ad
3102 2738 3403 2808 Dominum,
3425 2751 3741 2823 quicunque

2151 2816 2337 2870 volunt
2358 2818 2630 2877 introitum
2660 2826 2843 2891 patriae
2865 2828 3101 2884 caelestis
3122 2839 3367 2890 reserari.
3384 2816 3624 2897 Necesse
3650 2816 3741 2901 est

2150 2923 2278 2979 ergo
2311 2919 2369 2963 ut
2396 2913 2504 2967 sint
2534 2915 2696 2969 corda
2726 2922 2951 2988 aspersi,
2984 2922 3034 2976 id
3063 2935 3147 2979 est
3176 2931 3399 2984 mandati
3421 2948 3521 3001 per
3546 2938 3725 2993 corda

2151 3017 2182 3055 a
2206 3006 2533 3063 conscientia
2557 3010 2717 3081 mala,
2741 3027 2771 3068 a
2797 3017 3045 3084 peccatis,
3073 3033 3104 3073 a
3129 3022 3380 3079 voluntate
3400 3027 3563 3091 mala,
3593 3032 3724 3088 sive

2151 3098 2344 3152 munda
2375 3104 2533 3156 corda
2566 3103 2849 3174 habentes;
2892 3107 3158 3182 simulque
3194 3118 3415 3171 ostendit
3452 3122 3579 3186 quia
3612 3138 3731 3179 non

2152 3188 2284 3243 ﬁdes
2313 3192 2427 3245 sola
2449 3233 2464 3256 ,
2497 3193 2589 3249 sed
2620 3196 2778 3250 etiam
2810 3199 2917 3252 vita
2946 3214 3079 3261 cum
3116 3205 3398 3261 virtutibus
3425 3213 3727 3279 quaeritur;

2149 3280 2398 3347 quoniam
2424 3282 2555 3337 ﬁdes
2578 3286 2694 3342 sine
2722 3289 2971 3357 operibus
3000 3305 3206 3348 mortua
3251 3308 3354 3351 est.
3390 3298 3565 3358 Judaei
3606 3320 3730 3360 cor-

2149 3387 2278 3442 pora
2303 3376 2651 3443 mandabant,
2680 3394 2786 3435 non
2809 3384 3214 3443 conscientiam.
3237 3388 3303 3444 Et
3321 3390 3514 3459 abluti,
3532 3396 3725 3466 inquit,

2148 3485 2375 3541 corpus,
2407 3473 2520 3529 sive
2550 3475 2786 3531 ablutum
2814 3493 3008 3549 corpus
3032 3480 3290 3540 habentes
3319 3502 3459 3557 aqua
3490 3492 3690 3547 munda
3709 3533 3726 3560 ,

2150 3563 2251 3615 hoc
2281 3572 2361 3617 est
2389 3578 2522 3633 aqua
2553 3565 2910 3636 baptismatis.
2938 3570 3141 3629 Idcirco
3170 3584 3347 3632 autem
3374 3580 3506 3635 dicit
3536 3598 3727 3654 corpus

2149 3668 2281 3725 aqua
2308 3656 2641 3726 baptismatis
2662 3661 2980 3719 abluendum
3000 3710 3016 3736 ,
3042 3669 3162 3737 quia
3188 3669 3313 3725 dum
3341 3687 3544 3743 corpus
3564 3678 3727 3733 ablui-

2150 3755 2235 3802 tur
2263 3764 2399 3817 aqua
2419 3791 2435 3815 ,
2467 3750 2668 3819 Spiritu
2697 3764 2885 3810 sancto
2914 3760 3277 3817 sanctiﬁcatur
3296 3767 3511 3821 anima.
3536 3769 3721 3825 Tinca-

2148 3856 2260 3893 mus
2288 3843 2397 3910 spei
2425 3854 2611 3899 nostra:
2652 3848 3018 3918 confessionem
3059 3853 3512 3925 indeclinabilem;
3560 3864 3725 3932 ﬁdelis

2148 3934 2281 3986 enim
2311 3945 2382 3988 cst
2411 3937 2499 4006 qui
2523 3940 2835 4006 repromisit.
2852 3942 3256 4001 Confessiouem
3285 3950 3401 4019 spei
3431 3952 3724 4010 iudet-lina-

2147 4026 2324 4080 biliter
2364 4036 2638 4099 tenemus,
2685 4034 2730 4087 si
2778 4050 2883 4090 non
2936 4035 3283 4107 desperamus
3308 4041 3377 4096 de
3406 4046 3583 4113 patria
3617 4063 3723 4104 ca:-

2148 4116 2267 4171 lesti
2288 4162 2302 4185 ,
2336 4119 2402 4174 de
2432 4122 2678 4177 omnibus
2707 4139 2825 4191 qua:
2864 4127 3016 4182 nolis
3046 4130 3288 4197 promisit
3316 4131 3615 4204 Dominus;
3647 4143 3724 4195 vel

2148 4205 2193 4258 si
2224 4208 2446 4262 ﬁrmiter
2470 4224 2533 4263 ca
2555 4211 2900 4269 observamus
2922 4231 3039 4286 quae
3058 4222 3278 4287 professi
3304 4237 3497 4280 sumus
3534 4229 3589 4282 in
3638 4230 3724 4285 ba-

2149 4301 2414 4368 ptismate.
2439 4302 2589 4357 Sicut
2617 4307 2757 4360 enim
2790 4307 2958 4363 tldelis
2989 4318 3044 4365 et
3071 4326 3230 4367 verus
3255 4329 3717 4378 remuneratorest

2146 4391 2387 4450 Christus
2427 4396 2477 4449 in
2517 4398 2990 4469 promissionibus,
3020 4405 3089 4457 ita
3119 4404 3300 4463 ﬁdeles
3331 4411 3449 4466 vult
3477 4429 3581 4468 nos
3608 4432 3720 4474 esse

2147 4486 2200 4540 in
2249 4490 2522 4554 promissis
2552 4492 2778 4558 nostris,
2808 4509 2927 4562 quae
2971 4495 3216 4554 novimus
3249 4508 3496 4570 tempore
3521 4506 3722 4577 baptis-

2144 4581 2322 4641 matis.
2356 4581 2570 4637 diabolo
2595 4585 2995 4654 contradicere,
3021 4588 3236 4646 Christo
3256 4603 3471 4665 quoque
3495 4602 3720 4658 servire.

2144 4670 2210 4726 Et
2238 4674 2611 4728 consideremus
2630 4675 2838 4731 invicem
2861 4678 2915 4732 in
2943 4684 3353 4749 provocationem
3377 4686 3651 4746 clam-iratis
3677 4705 3721 4747 et

2145 4761 2391 4853 bonorum
2427 4780 2655 4834 operum.
2688 4766 2799 4823 Hoc
2849 4777 2961 4835 est,
2983 4773 3387 4834 consideremus
3435 4780 3719 4853 diligenter

2144 4849 2281 4904 inter
2303 4867 2427 4917 nos,
2459 4864 2512 4908 et
2539 4870 2910 4928 quemcunque
2936 4861 3225 4919 viderimus
3252 4867 3515 4939 majorem
3537 4849 3717 4931 chari-

2146 4949 2304 4997 tatem
2328 4943 2543 5008 habere,
2568 4947 2924 5018 operibusque
2944 4952 3255 5009 melioribus
3278 4959 3565 5028 intentum,
3597 4980 3718 5033 pro-

2145 5047 2397 5088 vocemur
2427 5034 2567 5089 illius
2607 5037 2885 5105 exemplo,
2923 5050 3188 5109 quatenus
3218 5061 3339 5099 eum
3372 5063 3717 5121 summopere

2143 5123 2444 5181 imitemur:
2470 5128 2521 5180 in
2552 5142 2672 5181 eum
2714 5129 3050 5187 intendamus
3103 5144 3160 5188 ut
3188 5136 3509 5210 diligamur;
3536 5160 3602 5201 ex
3631 5147 3713 5201 di-

2144 5217 2372 5309 lectione
2416 5220 2611 5289 quippe
2659 5221 2794 5276 bona
2822 5238 2984 5292 opera
3027 5229 3347 5295 procedunt.
3378 5234 3717 5309 Quapropter

2141 5308 2339 5364 bonum
2368 5318 2450 5364 est
2478 5326 2724 5380 magnum
2754 5312 3083 5381 dilectionis,
3114 5319 3354 5392 nihilque
3389 5334 3476 5381 est
3517 5328 3713 5387 bonum

2141 5401 2283 5493 quod
2298 5403 2867 5493 rnongpercliaritatem
2892 5406 2977 5463 ﬁt:
3001 5412 3252 5478 quoniam
3280 5414 3558 5485 plenitudo
3581 5420 3714 5493 legis

2134 5498 2216 5546 est
2253 5490 2483 5545 dilectio.
2520 5491 2641 5546 Non
2678 5494 2959 5553 deserentes
2999 5498 3349 5559 collectionem
3377 5490 3706 5570 nostram.“

2134 5592 2216 5637 est
2242 5585 2706 5653 congregationem
2738 5587 2993 5646 ﬁdelium.
3019 5591 3170 5649 Sicut
3212 5606 3288 5651 est
3326 5605 3709 5659 consuetudinis

2132 5675 2469 5744 quibusdam;
2516 5680 2606 5732 sed
2640 5681 2981 5737 consolantes.
3036 5685 3270 5743 Subaudi
3324 5706 3419 5747 nos
3454 5694 3704 5752 invicem.

2134 5767 2193 5826 ln
2216 5768 2315 5826 hoc
2334 5768 2453 5828 loco
2479 5785 2585 5829 non
2609 5773 2780 5831 solum
2810 5775 3103 5847 admonuit,
3129 5780 3227 5837 sed
3255 5783 3415 5841 etiam
3446 5787 3708 5859 culpavit,
