3968 6354
228 400 333 458 755

1074 406 1144 467 nt
1173 398 1563 471 EPISTOLAM
1601 413 1694 472 AD
1734 414 2078 477 uesanos
2117 417 2635 480 COMMENTARIA.

3398 426 3509 488 πει

226 524 284 572 et
310 513 506 572 terruit
535 505 794 573 unitatem
822 515 1099 576 charitatis
1127 507 1462 580 scindentes:
1495 534 1652 580 erant
1677 527 1820 583 enim
1848 532 1899 591 Α
1923 530 2224 588 dicamenta
2251 534 2552 605 confugiat,
2585 550 2654 591 ne
2699 533 2807 606 igni
2851 534 3094 594 tradatur
3117 543 3342 596 eterna.
3371 539 3510 596 Irri-

229 607 386 664 multi
436 609 530 678 qui
575 610 972 667 conturbabant
1016 617 1490 684 congregationem
1540 617 1813 684 ﬁdelium,

226 700 378 769 quasi
402 713 508 753 non
537 707 756 768 possent
785 700 1026 757 habitare
1065 704 1203 759 inter
1235 706 1353 762 illos
1375 721 1537 762 causa
1566 723 1674 763 sua:
1695 719 1818 764 san-

227 790 446 855 ctitatis,
462 799 518 846 et
533 792 680 848 desei
693 793 856 848 ebant
877 796 1248 852 collectionem
1265 800 1498 866 illorum,
1517 801 1819 858 habitantes

225 885 356 948 soli,
387 891 444 938 ut
475 884 588 939 Deo
618 885 844 940 liberius
873 885 1184 943 viderentur
1210 904 1420 949 vacare.
1451 892 1538 946 lsti
1569 893 1700 948 tales
1727 907 1816 948 su-

227 975 411 1044 perbia
453 976 669 1031 distenti
715 977 1083 1047 deSpiciebant
1121 991 1350 1036 caeteros
1399 991 1454 1036 et
1496 983 1819 1039 scindebant

223 1065 537 1122 charitateiii
561 1085 572 1120 :
597 1083 732 1137 quos
758 1071 1048 1139 Apostolus
1075 1081 1364 1141 utrumque
1395 1083 1447 1126 et
1475 1074 1734 1129 admonet
1762 1084 1818 1130 et.

236 1168 422 1226 terret,
457 1159 676 1214 hortans
721 1176 788 1215 ne
807 1161 1062 1216 deserant
1087 1163 1397 1219 societatem
1431 1165 1688 1235 ﬁdelium,
1719 1167 1816 1222 sed

236 1252 416 1321 putius
437 1251 705 1307 consolari
733 1255 1087 1322 simpliciOres
1119 1265 1306 1324 optent
1348 1267 1401 1310 et
1444 1271 1542 1310 suo
1570 1258 1816 1327 exemplo

226 1341 562 1396 coniortari:
597 1349 803 1395 tantum
829 1345 990 1409 :enim
1025 1345 1166 1398 valet
1194 1348 1424 1400 societas
1456 1346 1724 1414 ﬁdelium,
1761 1356 1819 1403 ut

226 1431 316 1485 ubi
346 1432 452 1487 duo
479 1433 560 1488 vel
594 1444 702 1488 tres
731 1435 1038 1504 congregati
1061 1434 1260 1490 fuerint
1295 1439 1345 1490 in
1378 1440 1594 1492 nomine
1625 1439 1814 1494 Salva-

227 1530 356 1581 toris
383 1569 398 1594 ,
437 1529 550 1598 ipse
577 1531 646 1583 sit
696 1532 748 1584 in
794 1531 970 1585 medio
1000 1547 1206 1587 eorutn.
1241 1534 1492 1604 Sequitur
1523 1555 1534 1588 :
1580 1535 1643 1589 Et
1677 1547 1815 1592 tanta

226 1620 416 1688 magis.
446 1621 736 1675 Sectaniini
767 1621 1128 1691 charilatem,"
1145 1639 1346 1695 vosque
1379 1629 1604 1683 invicem
1627 1645 1818 1684 conso-

225 1709 436 1764 lamini.
474 1710 676 1777 Quanto
717 1711 942 1765 videritis
969 1715 1379 1784 appr0pinquare
1405 1717 1556 1770 dimi.
1588 1718 1812 1788 iudicii,

225 1803 277 1856 in
305 1820 411 1874 quo
443 1805 772 1874 singulorum
805 1807 990 1860 merita
1023 1809 1489 1864 examinabuntiir.
1515 1811 1608 1866 Vel
1637 1824 1814 1868 extre-

1919 633 2025 678 tam
2067 627 2180 694 quis
2209 629 2402 695 faciens
2444 629 2605 700 legem
2649 628 2848 700 Moysi,
2887 633 2996 686 sine
3036 633 3144 687 ulla
3171 635 3503 689 miseratione

1917 717 2116 772 duobus
2141 720 2218 772 vel
2242 723 2406 775 tribus
2432 723 2657 778 testibus.
2686 725 2908 780 Scilicet
2932 727 3229 784 convictus.
3250 728 3505 784 Moritur:

1918 821 2109 879 quanto
2134 817 2294 886 magis
2326 818 2515 881 putatis
2541 819 2792 872 deteriora
2819 822 3002 874 mereri
3027 823 3281 891 supplicia
3301 822 3390 892 qui
3411 819 3508 876 Fi-

1917 904 2048 959 lium
2075 905 2170 960 Dei
2198 910 2589 976 conculcaverit,
2621 921 2670 965 et
2697 914 2997 981 sanguinem
3025 915 3311 968 testamenti
3335 913 3509 984 pollu-

1919 1003 2027 1050 tum
2055 998 2284 1066 duxerit,
2315 1000 2368 1052 in
2397 1017 2496 1070 quo
2524 1003 2870 1070 sanctificatus
2896 1015 3000 1070 est,
3029 1014 3078 1059 et
3097 1005 3294 1074 spiritui
3322 1005 3506 1076 gratia

1919 1090 2270 1143 contumeliam
2295 1091 2510 1160 fecerit?
2533 1093 2696 1164 Moysi
2721 1095 2916 1150 dicitur
2942 1113 3062 1152 esse
3111 1098 3199 1152 lex
3226 1097 3346 1151 ideo
3377 1096 3505 1164 quia

1920 1191 2014 1245 per
2045 1178 2258 1248 Moysen
2291 1179 2412 1233 data
2457 1191 2540 1235 est
2581 1197 2610 1234 a
2651 1183 2909 1237 Domino:
2952 1185 3168 1239 sicutet
3216 1199 3314 1238 nos
3363 1183 3507 1239 soliti

1920 1284 2104 1324 sumus
2125 1271 2304 1327 dicere
2331 1273 2381 1326 in
2409 1274 2650 1329 oratione
2673 1277 2938 1330 dominica
2965 1278 3028 1331 ad
3061 1278 3373 1331 Dominum:
3405 1277 3508 1330 Pa-

1921 1376 2041 1416 nem
2073 1374 2312 1417 nostrum
2336 1365 2701 1434 quotidianum
2731 1367 2796 1420 da
2827 1369 2978 1421 nobis
3002 1368 3159 1424 hodie
3185 1386 3198 1422 :
3227 1385 3330 1424 non
3360 1366 3506 1436 quod

1918 1464 2101 1507 noster
2129 1462 2282 1509 antea
2308 1455 2466 1510 fuerit
2487 1501 2500 1524 ,
2531 1457 2624 1512 sed
2655 1471 2775 1511 cum
2807 1459 2873 1512 ab
2904 1459 2996 1514 illo
3017 1459 3193 1524 datur,
3222 1468 3406 1513 noster
3427 1456 3508 1513 el-

1919 1542 2114 1597 ﬁcitur.
2143 1545 2336 1598 liicutit
2361 1557 2538 1600 autem
2565 1548 2852 1618 Apostolus
2875 1559 3135 1603 terrorem
3155 1548 3502 1616 Christianis,

1919 1647 2136 1688 sumens
2167 1638 2620 1703 comparationem
2649 1654 2680 1692 a
2711 1639 2828 1708 lege
2858 1639 3053 1708 Moysi,
3097 1655 3256 1708 quam
3301 1639 3345 1693 si
3387 1638 3510 1707 quis

1921 1734 2288 1794 transgressus
2320 1725 2529 1791 fuisset,
2563 1728 2768 1782 irritam
2805 1745 2923 1784 eam
2954 1741 3007 1784 et
3046 1721 3502 1794 inanem'l'aciens,

1922 1822 2131 1879 duobus
2163 1826 2247 1879 vel
2276 1825 2449 1880 tribus
2483 1826 2706 1880 testibus
2735 1829 3031 1893 c0iivictus,
3062 1828 3178 1882 sine
3208 1828 3312 1882 ulla
3342 1827 3508 1882 mise-

225 1914 368 1952 mum
402 1899 543 1953 diem
574 1900 696 1953 vite
744 1909 974 1964 nostrae;
1015 1900 1146 1954 dicit
1173 1901 1313 1956 enim
1344 1902 1450 1957 alio
1483 1902 1636 1957 loco:
1667 1904 1808 1960 Nihil
1841 1918 1889 1977 Β
1918 1916 2126 1970 ratione
2161 1925 2214 1970 et
2244 1916 2431 1982 venia,
2463 1932 2490 1970 a
2537 1917 2808 1985 judicibus
2859 1917 3181 1987 dijudicatus
3224 1917 3507 1973 confestim

224 1990 439 2044 solliciti
466 1989 618 2055 sitis,
669 1990 928 2044 Dominus
965 1994 1104 2046 enim
1153 2009 1320 2063 pr0pe
1364 2003 1470 2049 est.
1507 1993 1811 2050 Voluntaria

223 2083 360 2135 enim
378 2083 697 2154 peccantibus
728 2085 869 2138 nobis
893 2095 1004 2153 post
1026 2095 1286 2154 acceptam
1314 2088 1548 2142 notitiam
1569 2091 1810 2144 veritatis.

227 2172 282 2227 ld
312 2182 398 2228 est
427 2186 544 2244 post
572 2175 815 2230 notitiam
849 2191 991 2232 verae
1021 2177 1142 2232 ﬁdei
1177 2179 1468 2248 gratimquc
1514 2181 1812 2249 baptisma-

227 2267 314 2320 tis.
351 2266 472 2320 .Iam
504 2285 605 2322 non
635 2271 945 2339 relinquitur
988 2289 1079 2335 pro
1124 2277 1342 2340 peccatis
1389 2273 1577 2330 hostia.
1611 2275 1813 2344 Sponte

225 2357 568 2425 peccantibus
591 2360 774 2424 nobis,
801 2371 854 2414 et
876 2361 1186 2429 deliberate,
1209 2375 1485 2434 postquam
1509 2368 1814 2435 accepimus

222 2448 546 2516 agnitionem
582 2465 717 2504 verte
749 2450 902 2518 ﬁdei,
936 2462 994 2507 et
1035 2463 1315 2524 postquam
1362 2457 1601 2512 inundati
1629 2474 1814 2515 sumus

223 2542 276 2596 in
307 2541 660 2610 baptismate,
687 2559 791 2597 non
824 2557 1131 2602 reservatur
1159 2549 1295 2603 ultra
1327 2548 1482 2605 nobis
1511 2550 1685 2608 hostia
1718 2569 1812 2622 pro

221 2645 462 2704 peccato,
485 2653 602 2707 quae
627 2652 724 2708 pro
753 2637 910 2694 nobis
931 2640 1209 2708 oﬁ'eratur,
1233 2644 1376 2697 sicut
1398 2643 1448 2697 in
1476 2643 1656 2700 Veteri
1678 2645 1814 2700 Tes-

221 2737 459 2786 tamento
479 2731 734 2787 donatum
761 2743 867 2796 est,
892 2733 1094 2789 hostias
1117 2736 1315 2805 sacpius
1338 2735 1536 2793 oﬁ‘erre
1565 2753 1662 2806 pro
1690 2753 1813 2808 pec-

220 2833 359 2877 cato.
395 2823 581 2895 Neque
631 2827 777 2881 enim
826 2825 1105 2894 Christus,
1134 2827 1224 2899 qui
1263 2837 1346 2884 est
1394 2828 1570 2885 hostia
1603 2840 1810 2900 nostra,

225 2914 419 2970 iterum
460 2917 821 2975 immolandus
884 2929 969 2976 est
1005 2936 1104 2991 pro
1141 2923 1376 2992 peccatis
1425 2926 1674 2981 nostris:
1713 2925 1814 2981 hoc

219 3009 363 3062 enim
385 3010 550 3065 semel
579 3009 776 3067 factum
802 3021 977 3081 est,et
1005 3015 1240 3074 secundo
1272 3031 1408 3087 opus
1435 3033 1544 3072 non
1572 3026 1653 3074 est
1671 3058 1688 3085 ,
1718 3019 1813 3076 sed

223 3103 394 3173 magis
423 3119 558 3174 opus
585 3116 669 3162 est
697 3115 817 3176 post
838 3118 1113 3179 acceptam
1143 3110 1368 3178 gratiam
1407 3127 1726 3182 permanere
1759 3116 1813 3170 in

219 3194 325 3249 ﬁde
357 3207 501 3251 recta
547 3207 603 3252 et
648 3198 911 3254 munditia
953 3199 1214 3256 bonorum
1257 3215 1502 3272 operum.
1535 3202 1814 3260 Mundatus

1919 2009 2283 2064 oecidebatur.
2314 2009 2449 2064 Dicit
2479 2025 2605 2079 ergo
2640 2028 2652 2062 :
2695 2009 2750 2064 Si
2784 2010 2872 2064 ille
2917 2012 3005 2079 qui
3047 2013 3217 2080 legem
3247 2027 3366 2081 quae
3411 2025 3510 2079 per

1918 2115 2133 2155 servum
2162 2101 2282 2155 data
2310 2111 2393 2155 est
2444 2109 2811 2167 transgressus
2851 2099 3036 2167 fuerit,
3068 2103 3182 2156 sine
3213 2103 3317 2154 ulla
3345 2102 3509 2156 mise-

1918 2194 2127 2248 ratione
2157 2193 2500 2248 occidebatur
2524 2235 2538 2260 ,
2571 2203 2768 2263 quanto
2808 2197 2977 2262 magis
3009 2193 3209 2260 majora
3241 2192 3501 2262 supplicia

1918 2287 2203 2341 sustinebit
2261 2287 2350 2355 qui
2411 2285 2602 2340 Filium
2656 2286 2750 2340 Dei
2817 2287 3259 2341 eonculcaverit!
3315 2286 3508 2355 Utique

1919 2385 2118 2445 quanto
2150 2375 2322 2444 major
2348 2383 2430 2430 est
2450 2375 2699 2429 Christus
2729 2377 2928 2445 Moyse.
2954 2385 3007 2429 et
3036 2376 3202 2445 gratia
3228 2374 3506 2445 Evangelii

1919 2481 1949 2518 a
1981 2465 2117 2520 Filio
2149 2466 2291 2533 data,
2323 2481 2480 2536 quam
2512 2465 2595 2519 lex
2638 2481 2730 2532 per
2770 2479 2980 2519 servum
3013 2465 3134 2518 dnta
3169 2474 3222 2519 et
3246 2464 3508 2519 adminis-

1919 2567 2056 2612 trata
2078 2599 2094 2625 ,
2125 2567 2272 2613 tanto
2299 2557 2500 2628 majora
2523 2569 2576 2612 et
2599 2557 2861 2612 deteriora
2889 2546 3176 2612 me'rebitur
3200 2556 3461 2626 supplicia
3481 2597 3500 2624 ,

1917 2651 2008 2722 qui
2039 2651 2435 2706 conculcaverit
2461 2648 2756 2705 Christum.
2783 2649 2888 2705 Sed
2916 2651 3187 2720 quomodo
3220 2663 3506 2720 possumus

1918 2741 2067 2797 illum
2094 2743 2437 2808 conculcare,
2487 2741 2580 2811 qui
2625 2742 2675 2795 in
2722 2742 2942 2796 dextera
2988 2741 3082 2798 Dei
3129 2743 3300 2797 Patris
3325 2742 3505 2807 sedet,

1918 2833 2156 2888 elevatus
2203 2847 2363 2902 super
2402 2847 2590 2887 omnes
2622 2833 2824 2888 caelos?
2852 2834 2986 2890 Dum
3041 2845 3306 2904 pra-cepta
3356 2836 3502 2890 illius

1919 2940 2018 2997 pro
2043 2925 2214 2981 nihilo
2255 2926 2537 2992 ducimus,
2569 2925 2920 2994 dedignantes
2963 2944 3026 2984 ea
3067 2929 3326 2999 implere,
3375 2938 3502 2984 tunc

1920 3020 2106 3089 utique
2131 3035 2254 3075 eum
2281 3018 2678 3075 conculcamus.
2709 3019 2859 3076 Sicut
2883 3022 3026 3076 enim
3054 3035 3116 3076 ea
3140 3037 3260 3091 qua
3280 3021 3501 3077 concul-

1919 3126 2139 3178 camus,
2173 3128 2272 3181 pro
2327 3111 2495 3166 nihilo
2523 3112 2769 3168 ducimus
2798 3122 2853 3169 et
2896 3114 3096 3168 nullius
3137 3113 3396 3176 honoris;
3427 3113 3507 3169 sic

1921 3211 1975 3258 et
1999 3202 2089 3272 qui
2112 3201 2277 3257 libere
2302 3210 2528 3267 peccant
2553 3201 2752 3272 absque
2783 3204 2976 3257 timore
3006 3211 3060 3257 et
3108 3203 3312 3272 absque
3334 3206 3509 3272 pani-

225 3302 284 3343 es
315 3289 368 3343 in
395 3290 744 3360 baptismate;
782 3290 917 3346 liber
945 3306 1004 3348 es
1047 3307 1077 3346 a
1114 3292 1426 3348 criminibus
1460 3295 1814 3365 omnibusque
1835 3305 1884 3370 ο
1921 3292 2109 3360 tentia,
2130 3291 2400 3348 Christum
2443 3293 2780 3357 conculcant,
2804 3291 2917 3347 sive
2943 3301 3316 3357 contemnunt,
3340 3304 3504 3364 atque

230 3379 494 3445 peccatis;
529 3378 701 3434 factus
725 3393 784 3435 es
805 3378 944 3434 ﬁlius
971 3379 1064 3435 Dei
1089 3395 1106 3435 :
1139 3381 1184 3436 si
1210 3381 1276 3436 ad
1309 3388 1539 3453 primum
1568 3399 1817 3440 reversus

229 3467 423 3535 fueris,
447 3470 823 3541 gravissimum
846 3480 898 3527 te
917 3472 1250 3543 exspectabit
1269 3472 1527 3544 judicium
1557 3489 1812 3546 sequens,

221 3561 325 3616 nisi
357 3575 452 3632 per
496 3561 713 3633 dignam
767 3563 1134 3634 ptenitentiam
1181 3573 1470 3620 revocatus
1502 3565 1689 3620 fueris.
1720 3565 1816 3622 His

221 3661 403 3708 autem
434 3654 614 3711 verbis
646 3671 751 3710 non
784 3656 1152 3725 paenitentiam
1175 3645 1447 3722 excludit',
1481 3673 1656 3728 neque
1685 3673 1812 3727 pro-

221 3743 575 3814 pitiationem,
604 3760 724 3816 qua:
753 3745 812 3799 ﬁt
843 3761 942 3816 per
969 3747 1368 3816 paenitentiam;
1399 3762 1571 3818 neque
1601 3748 1814 3818 repellit

223 3845 277 3892 et
298 3835 480 3906 dejicit
513 3851 608 3908 per
647 3838 1076 3908 desperationem
1103 3839 1556 3912 delinquentium;
1595 3844 1689 3896 sed
1721 3855 1814 3898 se-

222 3931 454 3986 cundum
493 3932 729 3986 excludit
771 3932 1049 3988 lavacrum
1099 3934 1370 4003 baptismi.
1403 3933 1522 3989 Non
1566 3934 1707 3989 enim
1740 3935 1812 3990 ita

228 4033 312 4078 est
340 4023 589 4079 inimicus
613 4023 770 4078 saluti
803 4033 998 4079 nostra:
1018 4064 1034 4089 ,
1063 4033 1120 4078 ut
1140 4026 1361 4089 diceret,
1391 4041 1496 4080 non
1524 4041 1644 4081 esse
1672 4028 1812 4084 ultra

229 4115 629 4186 pwnitentiam,
677 4129 851 4185 neque
893 4123 1232 4184 peccatorum
1265 4116 1668 4182 remissionem;
1715 4118 1811 4174 scd

220 4207 394 4263 hostia
416 4250 431 4274 ,
456 4208 649 4276 inquit,
684 4211 821 4263 ultra
851 4223 955 4262 non
981 4216 1090 4272 est;
1124 4207 1226 4263 hoc
1256 4217 1360 4273 est,
1383 4223 1512 4263 criix
1539 4209 1672 4263 ultra
1701 4225 1810 4264 non

218 4306 306 4353 est
327 4344 341 4368 ,
379 4311 435 4355 ut
465 4300 659 4356 iterum
691 4302 938 4356 Christus
968 4301 1332 4371 cruciﬁgatur,
1379 4303 1679 4372 iterumque
1711 4317 1811 4360 nos

219 4391 574 4460 baptizemur.
609 4392 738 4448 Nam
771 4393 910 4447 sicut
939 4393 1184 4446 Christus
1215 4393 1381 4448 semel
1417 4404 1658 4448 mortuus
1689 4403 1806 4462 est,

217 4495 272 4540 et
293 4487 403 4553 jam
433 4500 536 4538 non
565 4485 821 4549 moritur,
855 4485 923 4538 ita
956 4494 1010 4539 et
1033 4499 1131 4538 nos
1158 4488 1322 4538 semel
1354 4485 1606 4553 bap'izati
1635 4487 1809 4540 instar

219 4575 408 4630 mortis
434 4573 553 4640 ejus
580 4583 634 4628 et
681 4573 994 4642 sepulturae,
1017 4574 1150 4628 sicut
1172 4576 1460 4644 Apostolus
1479 4577 1613 4630 alias
1637 4577 1770 4632 dicit
1788 4617 1803 4642 ,

217 4667 528 4736 Consepulti
560 4681 681 4721 cum
715 4667 804 4721 illo
844 4683 939 4737 per
969 4667 1293 4736 baptismum
1345 4667 1397 4722 in
1447 4678 1649 4733 m.irte,
1689 4668 1801 4737 jam
1836 4689 1888 4748 D

220 4773 326 4812 non
363 4774 643 4824 possumus
689 4759 1028 4829 rebaptizari.
1059 4760 1272 4827 Quanto
1303 4760 1471 4829 magis
1499 4760 1586 4814 tibi
1620 4759 1802 4828 plures

219 4850 452 4918 fuerunt,
479 4850 648 4920 major
665 4853 769 4905 erit
793 4851 960 4920 gratia
981 4850 1095 4921 cjiis
1110 4851 1160 4905 in
1181 4851 1322 4906 illis?
1343 4851 1610 4906 Terribilis
1634 4863 1805 4906 autem

217 4943 450 5012 qutedam
497 4943 803 5012 exspectatio
838 4944 1025 5012 judicii
1050 4985 1065 5010 ,
1104 4952 1149 4996 et
1198 4945 1330 5015 ignis
1357 4946 1647 5012 (sinulatio,
1692 4961 1809 5015 qua

217 5046 581 5106 consumptum
606 5046 680 5088 est
711 5034 1048 5089 adversarios.
1081 5034 1373 5089 Eniulatio
1395 5037 1684 5106 aliquando
1711 5052 1806 5104 pro

220 5126 517 5182 imitatione
569 5127 818 5197 ponitur,
871 5126 1156 5196 aliquando
1214 5141 1308 5194 pro
1359 5127 1689 5191 invidentia;
1723 5128 1808 5183 hic

223 5227 398 5273 autem
425 5233 522 5289 pro
544 5218 956 5286 consumptione
981 5226 1035 5272 et
1054 5217 1284 5272 vindicta
1314 5220 1592 5288 accipitur.
1617 5219 1808 5276 Terret

221 5323 349 5378 ergo
379 5309 664 5378 Apostolus
693 5323 918 5374 omnes,
951 5317 1008 5363 ut
1035 5317 1276 5363 metuant
1305 5321 1426 5377 post
1452 5311 1701 5380 baptismi
1726 5313 1809 5366 la-

223 5415 437 5454 vacrum
463 5401 529 5455 ad
556 5401 684 5455 vitia
709 5401 874 5455 relabi
903 5419 914 5453 :
945 5401 1068 5470 quia
1092 5417 1197 5456 non
1225 5411 1446 5470 possunt
1468 5404 1802 5473 rebaptizari.

221 5491 414 5546 Terret
442 5494 603 5548 etiam
623 5534 638 5558 ,
674 5501 730 5546 ut
757 5493 801 5546 si
834 5494 1192 5563 peccaverint,
1228 5496 1595 5562 pmnitentiain
1625 5498 1803 5550 statim

220 5584 466 5639 studeant
498 5600 659 5655 agere
703 5584 917 5654 dignam
949 5601 963 5638 :
995 5586 1246 5653 quoniam
1291 5585 1594 5655 quicunque
1629 5584 1803 5653 pinni-

223 5678 403 5732 teiitize
431 5680 876 5732 medicamentum
940 5678 1267 5746 neglexerit,
1299 5678 1533 5730 vindicta
1583 5687 1635 5731 ct
1670 5691 1802 5731 con-

221 5771 451 5841 sumptio
505 5772 645 5839 ignis
691 5772 878 5825 mterni
931 5770 1209 5825 devorabit
1264 5785 1409 5824 eum.
1465 5770 1804 5836 Quapropter

222 5869 589 5946 unusquisque
612 5869 680 5928 ad
709 5869 1067 5944 pauitantia,
1091 5869 1215 5927 dum
1243 5877 1452 5943 tempus
1476 5865 1657 5936 habet,
1691 5879 1804 5925 me-

1919 3383 2257 3453 despiciunt;
2279 3399 2401 3439 eum
2421 3383 2658 3453 judiceni
2684 3385 2915 3440 futurum
2939 3385 3159 3440 minime
3180 3385 3492 3444 lortnidant.

1920 3475 2014 3530 Vel
2041 3485 2189 3531 certe
2211 3475 2478 3531 Christum
2509 3477 2788 3532 conculcat
2807 3477 3110 3548 quicunque
3130 3493 3326 3543 corpus
3349 3479 3497 3536 illius

1918 3565 2136 3635 indigne
2187 3565 2432 3634 percipit.
2479 3565 2606 3622 Sive
2657 3567 2752 3637 (ut
2799 3567 2958 3624 tertio
3011 3568 3170 3624 modo
3214 3569 3498 3642 dicamus)

1917 3655 2190 3711 Christum
2211 3658 2511 3723 conculcat,
2539 3658 2629 3726 qui
2655 3659 2792 3714 male
2815 3659 3042 3715 vivendo
3060 3661 3129 3716 de
3149 3661 3501 3719 tabernaculo

1915 3745 2094 3801 cordis
2124 3747 2206 3801 sui
2235 3762 2356 3802 eum
2387 3748 2625 3818 expellit,
2658 3749 2744 3819 qui
2768 3749 2939 3806 dixit:
2979 3750 3294 3807 lnhabitsbo
3319 3753 3372 3808 in
3401 3753 3511 3812 illis

1915 3846 1970 3893 et
1993 3838 2360 3896 inambulabo.
2393 3839 2717 3910 Sanguinem
2745 3856 2957 3912 quoque
2997 3845 3300 3900 testamenti
3330 3846 3508 3916 pollu-

1915 3938 2028 3987 tum
2071 3930 2212 3986 ducit
2239 3947 2253 3985 :
2284 3931 2428 3998 sive,
2461 3943 2519 3987 ut
2549 3932 2600 3986 in
2630 3932 2820 3988 Graeco
2846 3933 3094 4000 habetur,
3129 3951 3502 4008 communem,

1915 4024 1997 4078 vel
2030 4023 2384 4092 immundum,
2417 4025 2507 4093 qui
2539 4025 2856 4094 sanguinem
2892 4026 3159 4095 passionis
3184 4026 3378 4083 Christi
3405 4043 3502 4099 pro

1915 4112 2080 4167 nihilo
2109 4113 2290 4178 ducit,
2331 4127 2438 4182 quo
2459 4113 2860 4169 Testamentum
2888 4115 3096 4171 Novum
3121 4117 3500 4176 conﬁrmatum

1913 4217 1993 4261 est
2020 4245 2036 4271 ,
2063 4218 2117 4262 et
2161 4222 2268 4276 quo
2294 4207 2454 4263 etiam
2503 4209 2616 4277 ipse
2663 4209 3029 4264 sanctiﬁcatur
3051 4226 3079 4263 a
3118 4221 3358 4279 tempore
3382 4227 3506 4281 pas-

1911 4297 2098 4350 sionis.
2131 4299 2247 4352 Alio
2277 4297 2624 4352 nihilominus
2647 4298 2808 4351 modo
2829 4299 3142 4366 sanguinem
3176 4301 3488 4354 testamenti

1914 4387 2171 4454 pollutum
2227 4388 2454 4452 ducere,
2499 4397 2580 4442 est
2624 4388 2934 4456 mysterium
2980 4386 3257 4454 sanguinis
3303 4387 3506 4444 Christi

1913 4476 2128 4543 indigne
2195 4479 2512 4548 percipere,
2578 4477 2888 4547 nullamque
2945 4477 3301 4534 diﬁ'erentiam
3368 4480 3508 4537 inter

1914 4570 2060 4624 illum
2118 4585 2180 4623 ac
2239 4570 2474 4639 reliquos
2516 4570 2692 4624 facere
2721 4585 2734 4621 :
2765 4584 2886 4622 cum
2925 4570 2975 4624 in
3023 4569 3114 4623 illo
3137 4571 3507 4628 sanctiﬁcatus

1913 4661 1983 4714 sit
2011 4669 2250 4729 tempore
2281 4660 2553 4727 baptismi,
2581 4670 2635 4713 et
2661 4659 2830 4727 possit
2850 4660 3014 4714 etiam
3041 4661 3278 4731 quotidie
3305 4664 3503 4718 stincti-

1915 4754 2083 4817 ﬁcari,
2111 4754 2156 4807 si
2181 4751 2340 4822 digne
2369 4753 2664 4818 perceperit
2685 4767 2804 4804 eum
2830 4768 2843 4816 ;
2869 4751 2936 4806 de
2966 4751 3160 4806 talibus
3189 4753 3317 4806 dicit
3359 4757 3504 4824 Apo-

1913 4847 2120 4901 stolus:
2153 4844 2253 4911 Qui
2283 4842 2568 4897 manducat
2597 4851 2650 4895 et
2682 4842 2812 4896 bibit
2837 4843 3072 4912 indigne,
3105 4844 3363 4912 judicium
3393 4844 3498 4900 sibi

1914 4936 2201 4992 manducat
2243 4945 2296 4989 ct
2345 4935 2504 4998 bibit,
2556 4949 2661 4986 non
2712 4932 3013 5000 dijuilicans
3043 4933 3154 4988 sive
3182 4934 3498 4989 discernens

1914 5042 2109 5095 corpus
2135 5035 2189 5080 et
2223 5025 2534 5092 sanguinein
2566 5023 2772 5076 Domini
2805 5037 2833 5074 a
2879 5023 3099 5091 reliquis
3145 5024 3280 5078 cibis
3309 5032 3364 5077 ct
3397 5036 3498 5091 po-

1917 5123 2076 5177 tibus.
2104 5119 2322 5189 Spiritui
2355 5132 2565 5186 quoque
2589 5116 2775 5186 gratia:
2795 5157 2808 5179 ,
2841 5115 2890 5168 id
2915 5126 2998 5168 est
3026 5116 3246 5185 Spiritui
3276 5123 3492 5181 sancto,

1916 5213 2301 5272 contumeliam
2358 5210 2519 5276 facit,
2568 5210 2656 5278 qui
2704 5209 2771 5263 de
2815 5208 3157 5263 tabernaculo
3200 5209 3378 5263 cordis
3415 5209 3499 5265 sui

1915 5311 2056 5365 male
2073 5307 2300 5362 vivendo
2327 5305 2474 5360 illum
2499 5303 2662 5371 cjicit.
2679 5302 2769 5356 Vel
2793 5301 2882 5370 qui
2906 5316 3009 5356 non
3051 5303 3222 5357 credit
3243 5303 3382 5372 quod
3403 5316 3498 5371 per

1916 5404 2064 5458 illum
2085 5402 2136 5456 in
2157 5397 2395 5455 Ecctesia
2417 5398 2475 5449 ﬁt
2493 5394 2734 5450 remissio
2753 5403 3092 5462 peccatorum
3113 5411 3126 5460 ;
3143 5395 3224 5448 vel
3243 5402 3391 5448 certe
3405 5394 3498 5462 qui

1913 5496 2250 5565 blaSpliemat
2280 5493 2459 5554 illum,
2492 5500 2655 5557 opera
2684 5485 2802 5554 ejus
2823 5487 3186 5552 (deneganda,
3207 5495 3260 5540 et
3285 5485 3502 5541 diabolo

1913 5586 2216 5640 tribuendo.
2235 5584 2387 5639 Unde
2407 5581 2663 5635 Dominus
2681 5577 2837 5630 dicit:
2856 5577 2953 5642 Qui
2981 5578 3428 5647 blaspliemaverit
3446 5576 3502 5634 in

1911 5680 2111 5748 Spiritu
2125 5689 2334 5739 sancto,
2357 5692 2462 5729 non
2489 5675 2791 5728 remittetur
2817 5671 2915 5734 illi,
2936 5688 3107 5742 neque
3130 5673 3236 5738 liie,
3257 5688 3428 5742 neque
3445 5672 3502 5729 in

1911 5771 2112 5825 futuro.
2137 5770 2237 5835 Qui
2283 5767 2480 5822 idcirco
2524 5766 2754 5835 Spiritus
2779 5767 2962 5839 gratia:
2992 5776 3238 5831 vocatur,
3273 5765 3354 5819 vel
3375 5763 3501 5832 quia

1913 5879 2007 5945 per
2037 5862 2188 5922 illum
2212 5863 2380 5937 gratis
2407 5861 2560 5920 nobis
2591 5861 2933 5920 dimittuntur
2955 5869 3169 5938 peccata
3193 5898 3207 5926 ,
3241 5857 3326 5914 vel
3353 5859 3502 5912 cem
