3968 6354
520 358 626 415 755

1616 353 1915 411 ΡΒΙΜΑΞΗ
1971 349 2343 410 ΑΟΠΒΜΕῘᾹ
2355 354 2415 409 Χ]
2457 354 2667 410 liPISC.

3732 359 3857 415 756

516 478 645 544 quia
695 475 785 531 illo
832 477 1214 541 distribuente,
1248 475 1557 531 dividuntur
1603 475 1784 544 gratiae
1833 472 2096 527 donorum
2129 470 2182 528 Α
2205 470 2513 539 exspoliati,
2550 470 3027 529 subministrabant
3056 473 3173 529 aliis
3200 474 3267 530 de
3294 474 3663 530 facultatibus
3680 476 3851 529 suis:

518 568 797 638 spirituum
832 570 1095 634 ﬁdelibus,
1130 585 1262 640 quas
1289 570 1577 638 Apostolus
1603 576 1989 625 commemorat
2011 567 2096 621 di-

519 675 687 717 cens:
729 662 794 715 Et
827 662 912 716 a'lii
940 662 1149 731 quidem
1184 662 1337 716 datur
1368 676 1460 728 per
1490 661 1742 729 Spiritum
1786 674 1963 713 sermo
2010 674 2098 714 sa-

519 754 764 823 pientiae;
795 753 882 808 alii
916 768 1093 808 sermo
1136 752 1371 808 scientiae
1392 795 1405 819 ,
1437 762 1489 806 et
1515 762 1740 818 caetera,
1773 767 1941 819 usque
1973 752 2097 805 dum

518 845 784 900 concludit
820 846 1042 899 dicens:
1080 845 1202 898 Haec
1253 845 1433 898 omnia
1479 854 1729 912 operatur
1761 860 1896 897 unus
1944 855 2100 912 atque

517 936 657 990 idem
689 936 939 1004 Spiritus,
998 936 1239 991 dividens
1268 936 1490 1006 singulis
1526 946 1679 1006 prout
1718 936 1848 989 vult.
1895 936 2098 989 Scimus

517 1029 650 1081 enim
690 1029 777 1096 qui
826 1028 990 1081 dixit:
1018 1028 1148 1081 ili/ti
1170 1030 1388 1081 vindicta
1409 1071 1423 1094 ,
1453 1046 1543 1097 ego
1584 1030 1816 1086 reddam.
1840 1028 2099 1097 Loquitur

520 1116 656 1171 Deus
686 1120 1027 1186 omnipotens
1070 1137 1163 1189 per
1196 1121 1533 1190 prophetam.
1583 1121 1710 1175 Mihi
1760 1120 2008 1191 injuriam
2046 1127 2100 1173 et

516 1209 895 1264 contumeliam
929 1211 1175 1277 facienti,
1205 1212 1495 1265 vindictam
1526 1212 1743 1265 reddam
1773 1229 1784 1263 :
1814 1220 1983 1280 etego
2012 1227 2071 1265 re

519 1298 747 1353 tribuam
793 1302 870 1355 eis
896 1302 1048 1370 juxta
1082 1304 1220 1371 quod
1270 1314 1565 1358 merentur.
1610 1302 1673 1355 Et
1720 1304 1933 1356 iterum:
1966 1305 2099 1367 Quia

508 1390 768 1462 iudicabit
794 1393 1043 1447 Dominus
1063 1394 1306 1464 papulum
1329 1411 1496 1446 suum.
1524 1394 1599 1448 De
1628 1394 1856 1448 inimicis
1899 1395 1999 1448 hoc
2020 1394 2101 1448 di-

516 1491 661 1537 ctum
682 1494 783 1539 est.
816 1485 929 1553 Ego
952 1486 1243 1540 retribuam
1275 1488 1355 1541 eis
1380 1486 1469 1554 qui
1499 1486 1637 1541 male
1669 1486 1891 1553 faciunt,
1911 1501 2016 1540 non
2035 1485 2101 1541 de

518 1573 603 1631 his
629 1576 719 1646 qui
741 1578 881 1631 male
911 1578 1201 1647 patiuntur.
1234 1577 1309 1633 De
1335 1577 1419 1632 his
1447 1578 1695 1633 videlicet
1717 1578 1804 1646 qui
1829 1578 2101 1647 negligen-

518 1676 604 1723 ter
627 1671 828 1736 vivunt,
855 1680 906 1725 et
936 1686 1029 1739 per
1052 1671 1419 1741 paenitentiam
1445 1684 1503 1725 se
1525 1685 1752 1741 purgare
1774 1672 1979 1728 nolunt;
2006 1672 2101 1727 sed

518 1772 642 1814 cum
694 1762 835 1817 male
889 1762 1123 1831 faciant,
1156 1777 1343 1818 secure
1393 1764 1457 1816 ad
1509 1778 1749 1819 mensam
1780 1765 2100 1820 dominicam

2207 572 2533 631 quapropter
2556 580 2672 617 cum
2699 565 2796 619 hoc
2818 565 3157 635 agnovissent
3178 566 3449 633 infideles,
3468 566 3656 621 multa
3682 567 3849 621 mala

2204 652 2455 715 intulere,
2490 656 2764 724 utriusque
2789 654 2879 726 [Ε.
2901 657 3347 728 υιτίείιυθ];υιιάε
3378 673 3488 713 non
3516 656 3663 713 dicit
3694 659 3847 725 Apo-

2202 746 2370 799 stolus
2384 745 2694 816 simpliciter
2710 758 2978 801 certamen
2993 749 3308 805 sustinuiSse
3318 765 3438 815 eos,
3451 749 3561 805 sed
3576 748 3833 815 addidit,

2204 852 2481 905 magnum;
2512 852 2607 892 nec
2632 838 2783 903 dicit,
2810 840 3151 907 tentatioues,
3181 840 3276 894 sed
3304 840 3623 909 passiones.
3674 838 3755 892 Et
3782 840 3834 893 in

2204 928 2365 981 altera
2390 930 2595 997 quidem
2623 931 2911 997 Opprobriis
2934 942 2979 985 et
3003 931 3423 985 tribulationibus
3445 933 3830 1001 spectaculum

2206 1022 2342 1081 facti.
2376 1021 2535 1076 Estis.
2573 1022 2637 1076 In
2666 1026 2825 1077 attero
2852 1033 3017 1077 autem
3041 1026 3164 1078 socii
3188 1026 3354 1079 taliter
3379 1027 3826 1080 conversantium

2202 1113 2383 1179 effecti.
2416 1115 2489 1168 Ex
2516 1126 2663 1183 parte
2683 1116 3545 1187 quidem,inquit,opprobriis,id
3571 1128 3665 1174 est
3686 1135 3819 1175 oon-

2206 1211 2435 1263 tumeliis
2485 1221 2538 1264 et
2570 1209 2926 1276 irrisionibus,
2956 1220 3011 1265 et
3040 1210 3476 1266 tribulationibus
3510 1222 3817 1281 spectacu-

2203 1303 2310 1357 lum
2339 1302 2461 1356 facti
2491 1304 2616 1357 estis
2643 1321 2654 1354 :
2691 1304 2791 1358 hoc
2817 1313 2918 1367 est,
2946 1304 3154 1372 publice
3179 1314 3234 1359 et
3258 1305 3313 1359 in
3334 1313 3654 1373 conspectu
3678 1306 3815 1360 mul-

2203 1404 2377 1449 torum
2409 1394 2571 1450 irrisi.
2606 1396 2679 1449 Ex
2713 1406 2861 1463 parte
2888 1406 3063 1450 autem
3097 1396 3265 1451 altera
3294 1396 3478 1451 effecti
3510 1394 3655 1451 estis
3682 1398 3810 1451 socii

2204 1486 2256 1539 in
2300 1487 2671 1555 compassione
2720 1488 2894 1541 taliter
2918 1488 3386 1542 conversantium:
3422 1487 3807 1557 apostolorum

2208 1580 2483 1648 videlicet,
2514 1589 2566 1634 et
2596 1594 2780 1634 eorum
2811 1579 2903 1649 qui
2930 1589 3054 1634 sunt
3082 1580 3805 1650 esspoliatipropriisfaeul-

2205 1672 2431 1736 tatibus,
2483 1683 2536 1727 et
2581 1672 2891 1728 verberibus
2934 1672 3147 1738 afﬂicti,
3199 1682 3359 1742 atque
3410 1673 3467 1728 in
3519 1688 3799 1729 carnem

2203 1744 2421 1817 retr-usi.
2474 1762 2690 1819 Duobus
2720 1764 2892 1818 modis
2922 1765 3154 1821 ostendit
3179 1778 3270 1820 eos
3298 1764 3443 1819 bene
3476 1764 3799 1822 laborasse:

518 1854 801 1909 accedunt.
835 1854 1093 1924 Populum
1143 1864 1357 1922 autem,
1386 1870 1544 1924 quem
1576 1856 1834 1912 Dominus
1855 1856 2101 1927 judicare
2130 1856 2179 1916 B
2206 1856 2429 1923 scilicet,
2462 1857 2544 1910 vel
2582 1856 2705 1925 quia
2752 1866 2805 1912 et
2850 1858 3060 1927 publice
3106 1858 3453 1912 contumeliis
3484 1866 3551 1913 et
3585 1860 3799 1913 tribula-

517 1944 733 2011 dicitur,
756 1946 1037 2015 dupliciter
1058 1962 1342 2017 possumus
1370 1946 1691 2018 intelligere,
1708 1957 1763 2004 et
1782 1948 1849 2003 ad
1877 1949 2106 2004 electum

515 2038 722 2093 scilicet
753 2042 1005 2109 populum
1039 2042 1241 2095 referre
1272 2050 1325 2095 et
1378 2040 1444 2095 ad
1496 2043 1803 2111 reprobum.
1838 2041 2107 2097 Judicabit

516 2128 661 2184 enim
716 2130 977 2184 Dominus
1046 2133 1301 2201 populum
1344 2147 1529 2197 suum,
1565 2132 1666 2187 hoc
1714 2140 1795 2187 est
1837 2133 2108 2202 separabit

517 2220 727 2288 plebem
761 2235 945 2285 suam;
981 2231 1033 2276 et
1066 2223 1332 2279 discernet
1364 2223 1533 2279 bonos
1560 2240 1587 2277 a
1615 2224 1799 2292 malis,
1827 2224 2013 2280 ﬁdeles
2040 2224 2107 2279 ab

516 2310 844 2367 inﬁdelibus.
878 2312 1027 2380 Quod
1056 2314 1099 2367 si
1128 2316 1194 2369 ad
1214 2317 1470 2384 reprobos
1497 2317 1725 2372 relatum
1756 2316 1931 2383 fuerit,
1960 2317 2105 2385 judi-

516 2416 642 2458 care
677 2420 774 2472 pro
804 2404 1060 2461 damnare
1088 2407 1457 2471 accipiendum
1489 2409 1609 2462 erit.
1646 2408 1882 2477 Populus
1924 2420 2105 2465 autem

525 2490 737 2546 Domini
792 2493 1109 2562 appellatur,
1167 2510 1271 2549 non
1305 2512 1397 2564 per
1428 2498 1677 2566 gratiam,
1708 2497 1801 2551 sed
1832 2514 1927 2566 per
1956 2514 2108 2556 erea-

517 2581 740 2639 tionem.
766 2585 1102 2640 Horrendum
1130 2597 1204 2641 est
1227 2589 1451 2644 incidere
1471 2592 1523 2643 in
1555 2607 1735 2644 manus
1761 2590 1857 2645 Dei
1880 2592 2104 2647 viventis.

518 2673 712 2730 Incidit
739 2677 793 2731 in
826 2692 1016 2733 manus
1046 2678 1256 2734 Domini
1286 2683 1376 2751 qui
1405 2681 1667 2750 judicium
1712 2682 1946 2739 hominis
1976 2698 2102 2740 con-

515 2768 850 2833 tremiseens,
900 2770 1159 2839 judicium
1193 2773 1578 2843 omnipotentis
1610 2774 1699 2830 Dei
1733 2778 2095 2846 parvipendit.

515 2856 709 2913 Incidit
736 2876 947 2932 quoque
976 2864 1028 2917 in
1056 2874 1277 2931 manus,
1309 2866 1361 2919 id
1392 2875 1475 2921 est
1507 2868 1556 2921 in
1591 2878 1913 2937 potestatem
1943 2881 1993 2928 et
2018 2872 2105 2941 ju-

519 2948 716 3004 dicium
765 2954 1149 3020 omnipotentis
1189 2956 1319 3020 Dei,
1367 2957 1606 3026 quisquis
1661 2970 1781 3029 post
1829 2972 2105 3031 peccatum

519 3042 815 3096 contemnit
846 3044 1212 3112 paenitentiam
1238 3063 1417 3119 agere.
1453 3048 1765 3121 Quicunque
1808 3068 1936 3126 ergo
1982 3069 2109 3126 pec-

517 3143 667 3189 cator
688 3143 793 3200 est,
819 3136 863 3190 si
886 3152 991 3192 non
1021 3139 1330 3206 pmnituerit
1361 3141 1426 3197 de
1457 3145 1691 3213 peccatis
1725 3146 1836 3203 suis
1857 3190 1871 3216 ,
1906 3147 2108 3205 incidet

2210 1946 2442 2000 tionibus
2471 1955 2594 2000 sunt
2621 1946 2845 2001 diversis
2874 1946 3055 2002 afﬂicti
3082 1965 3092 1999 :
3121 1946 3261 2016 quod
3289 1962 3467 2016 genus
3502 1950 3797 2004 humanum

2208 2037 2419 2106 gravius
2449 2038 2674 2093 sustinet
2702 2038 2753 2092 in
2780 2048 3069 2108 conspectu
3099 2039 3454 2108 plurimorum
3488 2041 3700 2111 aliquid
3727 2043 3796 2097 in-

2208 2127 2492 2185 honestum
2520 2137 2612 2183 aut
2637 2129 2833 2196 verbis,
2860 2142 2951 2183 aut
2980 2130 3132 2184 factis
3154 2130 3299 2198 pati;
3331 2145 3434 2187 seu
3461 2132 3638 2187 etiam
3685 2134 3796 2202 quia

2209 2220 2397 2289 positis
2443 2221 2497 2275 in
2542 2220 2847 2275 carceribus
2876 2221 3357 2288 compatiebantur,
3387 2222 3709 2293 victumque
3744 2238 3796 2278 ac

2210 2312 2605 2379 vestimentum,
2629 2322 2783 2380 prout
2810 2320 3073 2381 poterant,
3103 2312 3600 2375 subministrabant
3628 2334 3641 2366 :
3669 2316 3795 2370 unde

2209 2401 2333 2457 facti
2365 2410 2519 2458 erant
2546 2418 2730 2458 eorum
2762 2404 2891 2458 socii
2920 2421 2929 2455 :
2975 2404 3221 2473 quoniam
3255 2408 3572 2461 mercedem
3624 2418 3677 2460 et
3718 2421 3795 2461 re-

2213 2493 2583 2559 tributionem,
2614 2509 2770 2562 quam
2802 2493 3027 2562 perCEpit
3068 2492 3389 2561 prmdicator
3422 2493 3673 2549 veritatis
3706 2508 3795 2563 pro

2208 2585 2410 2641 Christi
2439 2586 2657 2642 nomine
2688 2586 2891 2657 positus
2921 2585 2974 2639 in
3006 2600 3242 2650 carcere,
3292 2586 3529 2655 aliisque
3566 2597 3797 2642 tormen-

2212 2680 2277 2735 tis
2309 2679 2539 2735 afﬂictus
2565 2719 2582 2744 ,
2611 2679 2853 2734 eamdem
2886 2688 3195 2746 recepturus
3224 2687 3304 2732 est
3354 2679 3444 2732 ille
3474 2678 3569 2748 qui
3600 2679 3652 2735 ei
3682 2679 3799 2732 sub-

2210 2771 2405 2826 sidium
2439 2770 2661 2839 praebet,
2691 2786 2760 2825 ne
2799 2769 3007 2826 deﬁciat
3053 2770 3108 2824 in
3154 2769 3615 2837 tribulationibus,
3665 2771 3803 2826 sicut

2211 2864 2327 2934 ipsa
2352 2863 2562 2919 Veritas
2590 2862 2874 2934 promittit,
2895 2862 3105 2917 dicens:
3133 2862 3235 2928 Qui
3260 2864 3441 2931 recipit
3462 2864 3803 2932 prophetam

2210 2958 2260 3011 in
2294 2956 2511 3011 nomine
2540 2954 2836 3025 prOphetae,
2886 2953 3193 3008 mercedem
3236 2952 3490 3022 propheta:
3519 2954 3794 3021 accipiet.

2209 3049 2615 3119 Notandumque
2644 3048 2767 3116 quia
2797 3062 2903 3101 non
2945 3044 3078 3099 dixit
3098 3044 3411 3115 simpliciter,
3438 3042 3796 3098 Tribulatio-

2211 3142 2365 3198 nibus
2392 3140 2651 3205 afﬂictos;
2687 3138 2781 3195 sed
2811 3139 2978 3195 etiam,
3001 3145 3366 3208 argumentum
3391 3134 3537 3199 feeit,
3564 3135 3792 3191 dicens:

494 3224 578 3280 'in
605 3226 933 3284 horrendum
957 3239 1011 3287 et
1046 3231 1201 3289 valde
1248 3236 1619 3291 extimendum
1645 3237 1903 3308 judicium
1928 3242 2102 3297 omni-
2132 3242 2177 3309 C
2208 3233 2584 3305 Spectaculum
2612 3231 2737 3286 facti
2776 3230 2923 3286 estis.
2974 3228 3105 3285 Cum
3156 3230 3297 3284 enim
3343 3236 3551 3283 secrete
3605 3241 3795 3296 expro-

516 3320 750 3389 potentis
784 3320 909 3388 Dei,
941 3324 1031 3389 qui
1069 3324 1257 3381 reddet
1284 3327 1570 3400 unicuique
1608 3331 1905 3387 secundum
1938 3347 2101 3403 opera

518 3425 638 3468 sua.
669 3414 1105 3473 Rememoramini
1135 3430 1306 3474 autem
1337 3423 1581 3492 pristinos
1627 3425 1768 3493 dies,
1820 3426 1874 3479 in
1921 3428 2100 3495 quibus

486 3504 792 3561 ‘itluntinati
837 3526 1075 3581 magnum
1120 3521 1378 3567 certamen
1418 3516 1730 3571 sustinuistis
1778 3519 2098 3586 passionum.

522 3597 721 3666 Optimi
752 3600 1103 3669 medicorum,
1139 3618 1259 3658 cum
1306 3605 1495 3661 vulnus
1547 3606 1863 3675 secaverint,
1898 3616 1953 3664 et
2004 3623 2100 3678 per

518 3688 835 3744 incisionem
860 3700 1203 3761 augmentum
1234 3694 1438 3749 doloris
1488 3698 1731 3763 fecerint,
1763 3698 2015 3755 solatium
2045 3710 2100 3757 et

516 3778 813 3834 remedium
839 3781 913 3835 illi
936 3782 1055 3838 loco
1094 3784 1375 3854 adhibent,
1403 3788 1491 3841 ubi
1522 3787 1677 3843 dolor
1710 3790 1873 3855 inest,
1902 3800 1954 3847 et
1980 3807 2098 3861 per-

516 3871 788 3928 turbatam
814 3874 1055 3931 refovent
1076 3878 1641 3951 animam.Postquam
1665 3892 1843 3938 autem
1873 3900 2097 3943 revoca-

470 4038 481 4055 .
519 3963 696 4018 verint
741 3964 910 4031 illum,
941 3966 1163 4024 alteram
1186 3983 1292 4025 non
1312 3970 1441 4026 dant
1465 3971 1576 4042 jam
1600 3973 1915 4042 sectionem;
1940 3977 2095 4045 quin.

521 4055 681 4112 etiam
710 4056 803 4112 illa
832 4074 949 4129 quae
973 4060 1111 4117 facta
1136 4073 1280 4132 sunt,
1309 4065 1751 4125 medicaminibus
1795 4070 2095 4127 mitioribus

515 4154 573 4205 et
602 4148 901 4207 valentibus
929 4155 1333 4223 amplitudinem
1362 4159 1629 4228 mitigare,
1656 4170 1708 4217 et
1733 4161 1947 4218 dolores
1968 4178 2096 4219 con-

512 4238 717 4299 fovent.
750 4243 839 4300 Sic
888 4256 940 4301 et
986 4250 1269 4317 Apostolus
1315 4252 1415 4307 isto
1467 4254 1521 4307 in
1550 4254 1669 4310 loco
1699 4270 1847 4311 more
1878 4256 2093 4313 illorum

512 4334 643 4405 agit.
692 4335 976 4407 Postquam
1026 4342 1166 4396 enim
1217 4346 1486 4399 concussit
1526 4348 1733 4401 animas
1786 4363 1991 4417 eorum,
2038 4357 2095 4406 et

511 4432 827 4498 compunxit
875 4434 1143 4489 mentione
1191 4434 1470 4504 gehennae,
1530 4437 1803 4494 afﬁrmans
1844 4440 2092 4497 omnibus

511 4518 687 4573 modis
710 4520 998 4590 perituros,
1030 4524 1116 4590 qui
1148 4526 1331 4592 gratia:
1364 4526 1453 4580 Dei
1488 4528 1733 4595 iniuriam
1766 4529 1965 4585 faciunt
1990 4530 2089 4583 ali-

2204 3331 2413 3396 bratur,
2458 3328 2671 3384 facilius
2711 3326 2943 3381 tolerare
2971 3324 3205 3379 videtur.
3258 3323 3409 3390 Quod
3439 3336 3573 3377 vero
3616 3322 3691 3375 illi
3730 3336 3789 3377 ea

2204 3422 2549 3480 exhibuerint
2577 3434 2694 3490 quae
2719 3417 3177 3483 enumeravimus,
3206 3415 3446 3486 apertius
3474 3414 3586 3483 jam
3616 3424 3786 3470 osten-

2203 3514 2310 3582 dit,
2352 3515 2478 3571 dum
2518 3513 2795 3584 sequitur:
2848 3511 2987 3567 Nam
3035 3522 3082 3566 et
3126 3510 3307 3565 vinctis
3348 3510 3613 3579 compassi
3639 3508 3786 3562 estis:

2203 3615 2249 3661 et
2271 3606 2508 3675 rapinam
2534 3605 2779 3658 bonorum
2803 3611 3081 3657 vestrorum
3109 3617 3221 3655 cum
3249 3601 3443 3672 gaudio
3470 3600 3778 3667 suscepistis.

2202 3698 2519 3755 Mirabiliter
2548 3697 2727 3754 laudat
2754 3710 2847 3751 eos
2875 3696 2926 3749 in
2956 3694 3062 3750 ﬁde
3086 3712 3098 3748 :
3130 3695 3384 3765 quoniam
3411 3696 3459 3750 si
3494 3693 3654 3748 ﬁdem
3679 3706 3776 3746 non

2202 3792 2463 3848 haberent
2508 3788 2727 3846 meliora
2772 3803 2831 3843 se
2876 3795 3187 3857 recepturos
3227 3800 3325 3856 pro
3361 3786 3468 3842 hac
3498 3783 3779 3841 substantia

2200 3885 2492 3950 subtracta,
2518 3896 2626 3938 non
2653 3896 2773 3935 cum
2800 3880 2990 3950 gaudio
3002 3878 3633 3949 suscepissentrapinam
3653 3877 3773 3944 ejus.

2200 3974 2445 4043 Quandiu
2488 3973 2632 4029 enim
2660 3971 2976 4042 permissum
3000 3979 3083 4026 est
3104 3971 3203 4037 eis,
3227 3969 3500 4038 compassi
3528 3976 3654 4023 sunt
3676 3968 3776 4020 aliis

2200 4066 2539 4137 exspoliatis,
2574 4074 2731 4134 atque
2754 4065 2807 4119 in
2835 4078 3050 4119 carcere
3078 4063 3283 4133 positis.
3338 4060 3640 4132 Erspoiiati
3668 4073 3775 4114 vero

2201 4174 2324 4215 cum
2351 4159 2543 4229 gaudio
2572 4171 2857 4226 suscepere
2886 4156 3126 4225 rapinam
3172 4162 3223 4211 et
3249 4152 3512 4208 damnum
3542 4151 3645 4207 sibi
3676 4150 3775 4205 illa-

2200 4260 2335 4317 tum,
2368 4248 2649 4304 credentes
2678 4262 2736 4303 se
2762 4246 2979 4302 meliora
3006 4252 3315 4314 recepturos
3342 4260 3356 4296 :
3392 4243 3538 4297 unde
3569 4241 3773 4299 subdit:

2200 4339 2569 4409 Cognoscentes
2602 4355 2686 4393 vos
2726 4338 2907 4391 habere
2948 4336 3209 4390 meliorem
3257 4342 3303 4387 et
3346 4342 3642 4387 manentem
3669 4332 3775 4385 sub-

2199 4434 2461 4489 stantiam.
2512 4432 2674 4499 Quasi
2714 4432 2952 4485 diceret:
2986 4428 3240 4483 Videutes
3268 4425 3485 4480 divitias
3516 4425 3771 4494 spiritales

2197 4527 2347 4582 vobis
2381 4540 2474 4595 pro
2506 4526 2619 4580 istis
2654 4522 3032 4593 temporalibus
3061 4520 3285 4584 futuras,
3314 4518 3770 4574 sustinuistiscum

510 4608 762 4677 quando:
793 4620 846 4667 et
889 4612 988 4665 hoc
1028 4628 1092 4666 ex
1138 4614 1253 4684 lege
1295 4618 1458 4687 Moysi
1502 4621 1725 4690 aliisque
1772 4623 2091 4681 testimoniis
2126 4610 2174 4672 Ι)
2199 4617 2394 4688 gaudio
2422 4617 2661 4686 rapinam
2705 4617 2964 4670 bonorum
3014 4611 3409 4681 temporalium.
3461 4610 3577 4664 lloc
3608 4619 3769 4661 autem

510 4700 763 4767 edocens,
784 4717 845 4758 ac
865 4702 1046 4759 dicens
1070 4709 1409 4764 metuendum
1429 4724 1549 4765 esse
1566 4711 1802 4767 incidere
1824 4712 1877 4767 in
1898 4728 2088 4771 manus

510 4789 607 4847 Dei
622 4793 845 4849 viventis
865 4812 878 4848 :
902 4796 1144 4863 protinus
1160 4840 1173 4864 ,
1207 4814 1274 4856 ne
1290 4800 1457 4855 multo
1477 4802 1663 4856 timore
1689 4804 1740 4856 in
1756 4803 2085 4873 desperatio-

422 4953 434 4962 .
509 4898 634 4939 nem
656 4895 888 4952 ruerent,
908 4889 1213 4945 consolatur
1233 4905 1327 4946 eos
1355 4906 1447 4963 per
1475 4894 1705 4961 laudem,
1726 4896 2085 4953 blandimenta

508 4986 561 5036 et
586 4979 877 5047 orationes,
892 4982 1149 5038 reducens
1175 4983 1249 5038 eis
1268 4984 1333 5038 ad
1356 4988 1672 5042 memoriam
1686 4990 1952 5057 praeterita
1972 4990 2088 5047 illo-

505 5084 627 5125 rum
640 5070 775 5127 bona
789 5086 951 5142 opera
967 5089 981 5128 :
998 5074 1469 5145 Remetnoramini,
1483 5078 1674 5149 inquit,
1690 5082 1935 5149 pristinos
1949 5083 2084 5151 dies,

506 5162 559 5216 in
577 5161 770 5233 quibus
795 5163 1076 5219 illuminati
1100 5179 1192 5233 per
1222 5164 1404 5234 ﬁdem,
1431 5178 1483 5220 et
1523 5170 1806 5226 confortati
1851 5188 1947 5243 per
1970 5189 2091 5245 gra-

505 5253 637 5311 tiam
675 5256 929 5327 divinam,
962 5272 1212 5328 magnum
1242 5268 1513 5315 certamen
1533 5263 1859 5319 sustinuistis
1885 5267 2089 5334 passio-

502 5364 662 5419 num;
691 5366 754 5406 ac
778 5351 827 5408 si
846 5350 1071 5408 diceret:
1091 5351 1315 5419 Quando
1343 5353 1629 5411 introducti
1650 5358 1777 5413 estis
1802 5360 1868 5413 ad
1902 5360 2082 5429 ﬁdem,

501 5440 712 5510 quando
740 5444 795 5501 in
834 5443 987 5501 initio
1018 5444 1138 5501 fidei
1170 5432 1353 5515 eratis,
1381 5454 1578 5503 tantam
1611 5450 1972 5506 fortitudinem
1992 5452 2083 5507 de-

503 5539 839 5595 monstrastis
865 5548 923 5594 ut
948 5554 1197 5609 magnum
1230 5551 1497 5597 certamen
1523 5543 1827 5611 passionum
1851 5545 2083 5600 sustine-

501 5634 636 5687 retis
647 5646 740 5700 pro
760 5632 956 5691 Christi
984 5635 1201 5690 nomine
1221 5650 1250 5689 a
1268 5634 1655 5691 contribulibus
1679 5637 1887 5691 vestris.
1906 5638 2078 5693 Judaei

478 5724 642 5776 enim
660 5726 936 5784 credentes
962 5726 1174 5796 quidam
1198 5728 1477 5798 exspoliati
1508 5736 1629 5781 sunt
1659 5743 1688 5781 a
1717 5743 1820 5783 non
1854 5730 2077 5785 creden-

501 5814 675 5874 tibus:
706 5816 919 5887 quidam
969 5834 1091 5875 vero
1131 5835 1254 5876 non.
1290 5820 1363 5875 illi
1394 5834 1519 5878 vero
1567 5819 1656 5893 qui
1703 5836 1807 5879 non
1865 5824 2078 5883 fuerunt

2201 4700 2371 4766 totum
2419 4710 2519 4765 fuit
2568 4709 2918 4780 apostolicum
2964 4721 3098 4775 opus
3167 4714 3219 4759 et
3287 4703 3507 4772 dignum
3556 4702 3771 4757 fortibus

2200 4803 2513 4868 animabus,
2562 4811 2616 4857 ut
2664 4800 2882 4870 ﬂagellis
2929 4798 3242 4869 gauderent.
3296 4794 3450 4851 Sicut
3480 4793 3535 4849 in
3567 4794 3771 4851 Actibus

2200 4895 2566 4965 apostolorum
2622 4892 2815 4947 dicitur
2861 4910 2873 4944 :
2932 4890 3136 4945 Euntes
3183 4895 3362 4944 autem
3410 4902 3443 4940 a
3492 4897 3771 4957 conspectu

2197 4988 2433 5054 consilii,
2464 4988 2610 5043 ibant
2636 4985 2953 5057 gaudentes,
2987 4983 3238 5052 quoniam
3270 4981 3417 5053 digni
3450 4980 3620 5035 habiti
3659 4990 3771 5037 sunt

2200 5098 2296 5153 pro
2325 5084 2540 5138 nomine
2573 5082 2701 5137 Jesu
2731 5080 3109 5135 contumeliam
3157 5078 3285 5147 pati.
3341 5078 3408 5131 Et
3455 5088 3512 5131 ut
3554 5076 3767 5131 demon-

2196 5186 2391 5231 straret
2422 5175 2578 5229 istam
2609 5174 2954 5242 temporalem
2981 5173 3332 5228 substantiam
3358 5184 3465 5226 non
3491 5184 3613 5226 esse
3638 5184 3766 5224 sem-

2194 5282 2290 5338 per
2332 5279 2675 5332 mansuram,
2723 5264 2845 5319 ideo
2890 5264 3034 5318 dixit
3082 5263 3202 5317 illos
3248 5262 3528 5316 meliorem
3581 5259 3767 5314 habere

2193 5360 2567 5424 substantiam,
2604 5365 2659 5413 et
2697 5364 3041 5412 manentem:
3078 5364 3234 5424 prout
3272 5354 3506 5419 diceret,
3538 5351 3763 5417 ﬁrmam,

2192 5463 2248 5512 et
2274 5452 2699 5517 substantialem,
2729 5459 2889 5520 atque
2917 5459 3251 5519 perpetuam,
3299 5461 3418 5515 quae
3464 5444 3638 5514 perire
3666 5457 3763 5497 non

2190 5550 2380 5620 possit,
2411 5548 2550 5603 sicut
2575 5546 2675 5601 ista
2710 5554 2920 5600 terrena
2954 5543 3108 5613 perit.
3144 5540 3321 5594 Nolite
3350 5541 3518 5607 itaque
3542 5537 3765 5589 amittere

2189 5640 2549 5709 conﬁdentiam
2575 5647 2809 5702 vestram,
2853 5649 2967 5706 qua:
3008 5648 3245 5703 magnam
3290 5629 3433 5683 habet
3482 5641 3753 5681 remunera-

2189 5736 2393 5787 tionem.
2449 5731 2505 5785 ld
2537 5738 2650 5797 est,
2710 5726 2881 5784 Nolite
2922 5725 3155 5780 deficere
3197 5724 3251 5777 in
3294 5718 3758 5775 tribulationibus.

2192 5824 2312 5899 quia
2341 5837 2537 5896 magna
2566 5830 2648 5881 est
2675 5819 3057 5881 remuneratio.
3093 5817 3325 5889 Apparet
3354 5821 3533 5871 autem
3563 5811 3678 5883 quia
3708 5808 3759 5869 in
