3968 6354
207 355 306 409 757

1058 346 1125 404 ΙΝ
1166 340 1545 403 EPISTOLAM
1583 340 1676 396 AD
1716 334 2053 397 HEBREOS
2093 335 2610 393 COMMENTARIA.

3365 335 3469 393 758

132 479 139 491 '
207 493 401 550 magna
438 474 761 534 conﬁdentia
798 479 949 528 erant
987 470 1054 524 ad
1090 470 1296 523 Deum:
1340 478 1497 534 quam
1530 476 1598 518 ne
1628 460 1783 516 amit-
1812 485 1826 525 Α

1918 472 1941 511 η
1953 458 2334 527 acquisitionem
2347 455 2672 513 animaaNon
2689 455 3199 527 sumus,inquit,ego
3209 463 3259 512 et
3272 455 3473 511 vosﬁlii

202 583 404 639 terent,
436 569 818 629 instantissime
842 567 1104 621 hortatur.
1151 561 1382 617 Facilius
1410 558 1553 612 enim
1583 555 1789 623 integra

208 673 618 732 conservantur,
636 676 794 733 quam
817 660 1011 715 amissa
1029 660 1437 724 recuperantur:
1463 656 1790 719 quapropter

210 759 351 829 quod
383 765 614 821 tenetur,
658 763 714 811 et
754 752 1095 810 formidinem
1124 749 1314 812 habet,
1355 758 1574 802 necesse
1614 749 1696 797 est
1735 747 1792 796 ut

211 851 579 907 fortitudinem
607 849 822 904 habeat.
852 845 1014 910 Nihil,
1040 842 1227 913 inquit,
1257 840 1406 895 vobis
1429 835 1790 894 necessarium

211 952 294 998 est
314 984 329 1004 ,
370 942 479 996 nisi
509 949 566 995 ut
591 938 744 994 stetis
772 938 997 993 ﬁrmiter
1026 936 1080 990 in
1110 934 1215 990 ﬁde
1243 938 1417 987 vestra
1438 969 1454 995 ,
1496 936 1550 983 et
1579 939 1791 996 perma-

214 1034 386 1091 neatis
432 1034 487 1088 in
538 1030 847 1086 fortitudine
892 1037 1116 1096 vestra,
1168 1040 1287 1095 quae
1336 1034 1581 1091 magnam
1633 1015 1796 1071 habet

213 1127 699 1185 remunerationem
744 1122 885 1192 apud
930 1120 1122 1175 Deum.
1178 1114 1439 1171 Patientia
1485 1111 1616 1167 enim
1657 1108 1795 1162 vobis

214 1222 502 1279 necessaria
539 1228 655 1274 est:
697 1225 753 1271 ut
792 1216 1103 1271 voluntatem
1130 1210 1226 1265 Dei
1259 1211 1533 1280 facientes,
1580 1202 1796 1274 promis-

214 1321 408 1373 sionem
434 1313 716 1384 reportetis.
745 1311 791 1366 0
816 1319 1012 1380 quanta
1045 1304 1351 1377 magnitudo
1406 1296 1721 1354 hortationis
1746 1300 1798 1349 et

218 1405 597 1466 consolationis
624 1405 637 1457 ι
668 1402 842 1459 Veluti
869 1402 915 1455 si
947 1400 1067 1469 quis
1095 1398 1158 1452 ad
1190 1395 1447 1450 athletam
1473 1399 1528 1446 et
1568 1396 1799 1445 certato-

214 1516 330 1558 rem
362 1502 464 1556 hoc
490 1500 727 1555 diceret:
759 1496 860 1565 Qui
890 1504 1110 1551 cunctos
1136 1498 1464 1561 superasset,
1489 1485 1798 1554 nullumque

220 1592 467 1648 relictum
493 1589 736 1655 haberet,
782 1595 837 1643 et
860 1585 950 1654 qui
975 1584 1077 1641 sibi
1104 1584 1381 1639 decertare
1411 1585 1611 1649 posset.
1639 1574 1798 1631 Verbi

215 1683 410 1753 gratia,
444 1681 570 1735 dum
611 1679 701 1733 ille
730 1678 971 1733 diceret:
1011 1676 1128 1730 .lam
1167 1673 1289 1742 quia
1317 1669 1562 1741 superavi
1587 1681 1796 1732 omnes,

220 1777 507 1846 nullusque
530 1782 612 1830 est
636 1772 726 1843 qui
750 1786 959 1827 mecum
983 1770 1239 1834 decertet,
1262 1767 1329 1822 da
1355 1764 1481 1820 mihi
1508 1776 1794 1819 coronam:

1896 562 2079 603 eorum
2106 562 2430 618 paganorum
2454 559 2613 618 atque
2632 548 2907 620 gentilium
2930 548 3021 619 qui
3037 546 3427 603 se'subtrabnnt
3442 564 3471 611 a

1894 640 2001 692 vita
2026 638 2146 694 ﬁdei
2165 648 2216 694 et
2234 639 2351 694 luce
2364 640 2686 710 sempiterna
2705 641 2767 695 ad
2783 639 3139 709 perditionem
3166 640 3467 694 animarum

1894 745 2113 788 suarum
2142 733 2262 787 :sed
2281 748 2464 788 sumus
2492 734 2584 788 lilii
2622 734 3069 803 patriarcharum,
3099 732 3190 803 qui
3220 732 3326 787 fide
3352 746 3476 802 pro-

1896 824 2003 897 bati
2045 825 2161 879 etin
2181 825 2282 879 ﬁde
2307 826 2525 894 perfecti
2548 824 2782 892 fuerant,
2801 836 2854 880 ut
2876 826 3211 895 acquirerent
3232 822 3475 879 sibisuas

1894 917 2103 973 animas
2130 916 2195 971 ad
2226 917 2473 984 salutem,
2500 926 2553 973 et
2586 918 2801 988 insuper
2828 918 3050 974 aliorum
3077 932 3174 972 suo
3203 916 3468 983 exemplo.

1968 1009 2099 1065 Car.
2128 1026 2201 1065 χι.
2231 1010 2324 1065 Est
2351 1020 2517 1064 autem
2543 1012 2669 1080 ﬁdes
2694 1011 3061 1082 sperandarum
3088 1008 3369 1064 substantia
3391 1023 3471 1061 re—

1899 1119 2032 1168 rum,
2068 1113 2427 1175 argumentum
2457 1119 2557 1157 non
2583 1104 2959 1175 appar-entiam.
3010 1102 3153 1158 Ordo
3191 1101 3476 1156 verborum

1900 1205 2004 1259 est,
2038 1195 2194 1249 Fides
2234 1205 2313 1251 est
2343 1195 2637 1251 substantia
2668 1197 3049 1263 sperandarum
3084 1209 3285 1259 rerum,
3315 1207 3469 1261 argu-

1909 1301 2148 1347 mentum
2176 1292 2423 1347 videlicet
2450 1306 2629 1347 rerum
2657 1307 2760 1347 non
2791 1292 3179 1361 apparentium.
3216 1288 3371 1343 Fides
3399 1293 3481 1345 est

1900 1383 2121 1439 credere
2151 1400 2267 1453 quae
2298 1398 2402 1439 non
2431 1383 2709 1449 videntur;
2754 1394 2807 1438 et
2842 1382 2965 1437 dum
3012 1397 3072 1437 ea
3114 1379 3383 1436 credimus
3426 1377 3477 1430 in

1900 1474 2124 1531 veritate
2147 1484 2239 1531 aut
2265 1475 2447 1538 fuisse,
2473 1484 2564 1528 aut
2586 1488 2724 1540 esse,
2751 1482 2839 1527 aut
2862 1473 3035 1527 futura
3060 1486 3200 1539 esse,
3224 1486 3340 1540 qua:
3374 1482 3479 1522 non

1901 1565 2152 1635 vidimus,
2180 1566 2291 1635 ipsa
2314 1565 2445 1621 ﬁdes
2470 1565 2595 1620 facit
2618 1580 2681 1620 ea
2702 1564 2995 1619 subsistere
3018 1564 3071 1617 in
3094 1560 3256 1617 corde
3277 1567 3484 1621 nostro,

1899 1660 2055 1729 quasi
2076 1659 2248 1714 oculis
2273 1659 2572 1729 corporeis;
2604 1658 2655 1713 in
2683 1658 2845 1713 rebus
2869 1665 3045 1711 autem
3070 1670 3189 1724 qua:
3210 1653 3481 1717 videntur,

1904 1769 2079 1825 neque
2107 1753 2398 1810 credulitas
2428 1752 2532 1806 dici
2562 1760 2756 1820 potest,
2792 1766 2966 1819 neque
2997 1747 3365 1812 incredulitas,
3390 1742 3485 1800 sed

220 1836 435 1937 poterat
454 1867 529 1921 illi
553 1836 777 1934 quilibet
804 1862 984 1918 dicere
1009 1880 1022 1916 :
1056 1861 1271 1917 Sustine
1300 1871 1608 1929 parumper,
1632 1869 1801 1925 usque
1826 1840 1877 1903 Β
1908 1846 2084 1915 potius
2113 1844 2312 1916 agnitio
2341 1842 2563 1898 dicenda
2595 1850 2697 1897 est.
2752 1844 2819 1895 At
2848 1856 2976 1895 vero
3008 1840 3137 1895 ﬁdes
3164 1848 3244 1894 est
3272 1838 3343 1892 ita
3372 1836 3489 1891 ani-

220 1959 351 2015 dum
376 1958 555 2014 veniat
582 1957 804 2023 arbiter,
833 1964 923 2009 aut
953 1956 1115 2011 etiam
1147 1969 1276 2020 rex,
1314 1953 1401 2023 qui
1436 1951 1529 2006 tibi
1558 1949 1799 2005 bravium

221 2052 419 2107 referat
452 2066 548 2120 pro
576 2052 799 2106 victoria
835 2058 946 2105 tua.
991 2047 1145 2116 Quod
1174 2048 1222 2101 si
1252 2046 1341 2101 ille
1386 2043 1583 2099 athleta
1633 2043 1802 2110 impa-

223 2141 419 2195 tienter
444 2140 609 2196 ferret
632 2155 736 2196 non
762 2141 996 2196 tolerans
1023 2139 1165 2194 sitim
1193 2151 1344 2208 aquae
1370 2145 1425 2191 et
1448 2134 1799 2199 :estuationis,

222 2231 443 2287 dicens:
478 2233 585 2287 Aut
608 2232 729 2286 date
757 2233 898 2301 quod
928 2245 1162 2294 mereor,
1204 2238 1296 2283 aut
1325 2227 1604 2295 recedam,
1658 2226 1805 2281 dice-

222 2332 371 2376 retur
392 2323 493 2376 illi:
514 2323 779 2377 Patienter
799 2323 1000 2377 sustine
1023 2322 1159 2375 hanc
1182 2321 1463 2383 moratam,
1481 2319 1534 2372 in
1559 2318 1803 2388 proximo

218 2420 308 2466 est
334 2420 393 2464 ut
418 2412 596 2465 veniat
622 2412 935 2480 imperator,
982 2412 1071 2481 qui
1122 2411 1214 2464 tibi
1262 2409 1449 2465 reddet
1480 2408 1797 2479 praemium:

226 2501 466 2556 tristatur
523 2501 760 2571 quidem,
792 2502 886 2558 sed
920 2504 1087 2557 multo
1121 2501 1349 2570 amplius
1397 2500 1441 2554 si
1491 2499 1697 2569 publice
1751 2506 1806 2553 et

225 2593 279 2647 in
302 2601 589 2662 conspectu
615 2594 934 2649 multorum:
967 2607 1134 2661 genus
1164 2592 1305 2647 enim
1354 2594 1643 2647 humanum
1669 2589 1807 2646 sicut

224 2689 379 2743 valde
408 2688 703 2745 delectatur
734 2690 893 2747 laude
933 2689 1141 2759 publica
1160 2730 1176 2757 ,
1222 2689 1293 2744 ita
1324 2688 1481 2744 facile
1510 2686 1807 2756 captivatur

222 2780 525 2850 opprobriis
554 2790 739 2851 aperte
766 2781 865 2835 sibi
896 2781 1079 2835 iilatis.
1112 2781 1217 2837 lsto
1248 2780 1407 2836 modo
1440 2781 1684 2833 hortatur
1712 2790 1807 2831 eos

225 2872 539 2942 Apostolus,
575 2888 643 2928 ne
675 2873 984 2938 deﬁcerent,
1015 2873 1109 2929 sed
1144 2873 1406 2941 patienter
1433 2876 1810 2940 exspectarent

231 2963 439 3018 Domini
484 2964 805 3020 adventum:
843 2964 1130 3031 Patientia,
1174 2964 1363 3033 inquit,
1414 2962 1565 3017 vobis
1612 2973 1811 3016 neces-

230 3056 367 3111 saria
398 3065 476 3112 est
504 3071 518 3109 :
554 3054 656 3110 hoc
682 3065 794 3122 est,
834 3071 1016 3110 verum
1049 3070 1183 3124 opus
1214 3054 1441 3119 habetis,
1476 3052 1727 3107 videlicet
1754 3058 1814 3106 ut

231 3148 584 3215 perseveretis
610 3149 660 3201 in
684 3162 876 3216 agone,
902 3146 1072 3201 donec
1101 3146 1373 3214 recipiatis
1398 3158 1651 3199 coronam
1680 3157 1815 3198 con-

1901 1954 2048 1994 mum
2079 1938 2289 1992 ﬁrmum
2320 1950 2439 1991 esse
2471 1934 2537 1989 de
2565 1932 2645 1987 his
2675 1948 2789 2003 qua:
2817 1946 2921 1986 non
2950 1931 3197 1986 videntur
3218 1969 3233 1995 ,
3260 1930 3399 1985 sicut
3422 1927 3490 1984 de

1901 2028 1987 2083 bis
2014 2042 2131 2097 quae
2156 2028 2263 2095 jam
2295 2026 2564 2090 videntur,
2597 2032 2649 2078 et
2679 2022 2803 2077 dum
2833 2023 2931 2075 hoc
2963 2023 3038 2085 ﬁt,
3085 2021 3217 2076 ﬁdes
3258 2019 3384 2075 facit
3422 2033 3486 2073 ea

1903 2119 2199 2175 subsistere
2248 2118 2302 2172 in
2354 2115 2508 2171 nobis
2553 2112 2858 2169 credendo:
2898 2112 3042 2167 verbi
3083 2110 3281 2180 gratia,
3328 2119 3383 2163 ut
3424 2124 3489 2164 ex

1910 2210 2095 2266 multis
2135 2210 2322 2265 saltem
2350 2210 2530 2279 paucis
2562 2215 2774 2262 utamur
2803 2205 3060 2273 exemplis
3090 2222 3102 2256 :
3148 2200 3490 2257 Resurreetio

1906 2299 2172 2370 generalis
2227 2298 2456 2353 necdum
2490 2297 2627 2351 facta
2686 2306 2766 2351 est
2792 2312 2805 2348 :
2851 2303 2903 2349 et
2932 2308 3051 2348 eum
3082 2292 3309 2346 necdum
3338 2290 3408 2345 sit
3437 2290 3487 2343 in

1906 2389 2227 2455 substantia,
2253 2402 2377 2458 spes
2404 2388 2527 2442 facit
2550 2400 2668 2442 eam
2697 2386 2990 2441 subsistere
3014 2385 3066 2437 in
3091 2383 3265 2435 anima
3288 2387 3492 2446 nostra,

1907 2486 2059 2556 quasi
2083 2500 2193 2555 pra:
2214 2484 2383 2540 oculis
2405 2482 2547 2538 illam
2576 2481 2887 2537 habeamus.
2930 2479 3037 2534 Hoc
3063 2487 3165 2544 est,
3192 2476 3335 2547 quod
3361 2475 3491 2539 disi,

1910 2578 2261 2635 substantiam
2286 2591 2406 2633 esse
2428 2575 2584 2631 ﬁdem
2606 2574 2818 2628 illarum
2847 2587 3024 2627 rerum
3047 2584 3164 2641 quae
3187 2576 3490 2639 sperantur,

1912 2672 2139 2726 necdum
2169 2684 2287 2741 quae
2312 2668 2589 2731 videntur;
2624 2667 2747 2722 etsi
2772 2673 3140 2734 argumentum
3170 2670 3252 2717 est
3305 2660 3493 2716 eadem

1912 2762 2047 2817 ﬁdes
2097 2776 2276 2817 rerum
2326 2774 2447 2829 quae
2486 2758 2714 2813 necdum
2754 2764 3038 2827 apparent,
3088 2753 3212 2824 quid
3244 2759 3327 2807 est
3355 2750 3497 2822 quod

1912 2868 2030 2909 eam
2076 2852 2185 2921 jam
2220 2852 2408 2908 volunt
2435 2848 2659 2905 videre?
2714 2851 2952 2918 Arguere
2998 2845 3247 2901 dicebant
3295 2843 3501 2913 antiqui

1915 2946 2230 3002 ostendere:
2261 2959 2290 2999 a
2320 2958 2426 3015 quo
2454 2943 2602 2999 venit
2629 2950 3025 3011 argumentum,
3058 2938 3207 3010 quasi
3265 2936 3500 2992 ostensio

1916 3048 1971 3094 et
2012 3036 2440 3107 praemonstratio
2479 3034 2776 3090 futurarum
2821 3048 2997 3088 rerum
3040 3041 3094 3085 et
3134 3032 3341 3084 illarum
3382 3044 3501 3099 quae

1918 3144 2027 3183 non
2054 3128 2322 3183 videntur.
2366 3126 2462 3180 Est
2486 3134 2665 3179 autem
2694 3123 2907 3192 proprie
2934 3128 3304 3190 argumentum
3338 3119 3497 3180 ratio,

230 3238 448 3308 dignam
480 3238 648 3293 labori
679 3248 878 3293 vestro.
928 3237 1042 3293 Non
1071 3238 1213 3292 enim
1242 3237 1330 3306 qui
1361 3235 1614 3305 coeperit,
1654 3249 1811 3291 coro-

1921 3234 2037 3288 quae
2063 3217 2139 3272 rei
2170 3216 2345 3271 dubiae
2368 3215 2525 3271 tidem
2551 3214 2697 3267 facit.
2730 3211 2976 3268 Profecto
3005 3225 3133 3280 ergo
3165 3210 3349 3279 liquet,
3376 3208 3499 3277 quia

230 3330 464 3395 nabitur,
490 3328 585 3386 sed
608 3330 699 3400 qui
728 3329 1153 3399 perseveraverit
1174 3329 1224 3383 in
1247 3328 1541 3383 certamine
1564 3340 1734 3395 usque
1758 3327 1815 3381 in

234 3421 416 3484 ﬁnem,
445 3420 532 3476 hic
559 3422 740 3476 salvus
767 3420 888 3475 erit.
938 3420 990 3475 ln
1020 3420 1271 3489 patientia
1304 3418 1501 3488 (inquit
1532 3416 1813 3486 Dominus)

235 3509 575 3580 possidebitis
602 3511 811 3566 animas
843 3519 1070 3566 vestras.
1122 3510 1446 3580 lleportetis,
1488 3507 1654 3573 dixit,
1694 3520 1816 3579 pro-

237 3602 576 3671 missionem,
626 3604 678 3658 id
724 3612 837 3671 est,
885 3603 1159 3665 accipietis
1205 3602 1429 3672 gloriam
1471 3600 1816 3671 sempiternae

237 3693 599 3750 beatitudinis.
634 3694 817 3748 Adhuc
846 3694 982 3749 enim
1010 3692 1390 3764 aliquantulum
1417 3691 1697 3759 modicum,
1727 3688 1818 3759 qui

238 3796 477 3842 venturus
517 3796 619 3855 est,
662 3788 852 3855 veniet,
895 3794 943 3842 et
984 3803 1088 3843 non
1128 3788 1368 3843 tardabit.
1421 3786 1571 3842 llaud
1597 3784 1817 3841 dubium

238 3879 366 3949 quin
410 3880 678 3935 Christum
721 3881 1020 3951 signiﬁcet:
1071 3881 1378 3937 consolatur
1423 3894 1516 3935 cos
1566 3888 1818 3948 tanquam

242 3985 429 4040 parum
462 3973 532 4027 sit
570 3976 846 4041 temporis,
876 3989 1048 4043 usque
1075 3973 1201 4029 dum
1232 3974 1375 4027 venit
1405 3988 1417 4025 :
1462 3987 1568 4027 non
1609 3970 1819 4026 modica

241 4064 381 4119 enim
411 4063 706 4119 consolatio
733 4072 817 4119 est
842 4064 1065 4131 laboris,
1097 4065 1204 4121 cito
1234 4078 1453 4133 Spei-are
1478 4063 1738 4131 judicem,
1766 4070 1824 4116 et

242 4154 731 4211 remunerationem
762 4155 1095 4222 constantiae,
1128 4155 1541 4222 certaminisque
1571 4166 1822 4208 remune-

245 4256 497 4303 ratorem.
548 4246 729 4302 Justus
766 4257 935 4302 autem
973 4263 1111 4301 meus
1150 4264 1211 4302 ea:
1249 4248 1352 4315 ﬁde
1389 4246 1528 4301 vivit.
1588 4243 1737 4311 Quod
1778 4242 1824 4297 si

243 4338 549 4393 subtraxerit
580 4356 651 4407 se,
683 4356 784 4393 non
816 4340 1032 4409 placebit
1063 4341 1250 4394 anima:
1278 4354 1418 4392 metr.
1454 4337 1566 4393 Hoc
1593 4337 1823 4406 prOphe-

248 4427 407 4480 ticum
443 4429 806 4481 testimonium
846 4428 1025 4482 intulit
1052 4428 1343 4497 Apostolus
1385 4426 1450 4479 ad
1495 4425 1824 4479 exhortatio-

246 4532 368 4571 nem
413 4519 572 4584 lidei,
622 4519 676 4572 in
720 4519 1118 4587 acquisitionem
1149 4522 1360 4577 animat.
1394 4520 1545 4575 Sicut
1569 4520 1673 4574 vita
1704 4534 1826 4575 eor-

1918 3310 2051 3365 ﬁdes
2082 3309 2289 3363 illarum
2319 3321 2496 3363 rerum
2531 3312 2900 3374 argumentum
2929 3310 3043 3365 est,
3087 3314 3204 3368 quae
3244 3312 3503 3368 apparere

1919 3414 2029 3455 non
2074 3406 2329 3469 possunt:
2364 3411 2484 3465 quae
2514 3395 2657 3450 enim
2698 3400 2984 3462 apparent,
3030 3390 3142 3460 jam
3188 3389 3344 3443 ﬁdem
3393 3403 3504 3443 non

1920 3491 2137 3557 habent,
2159 3492 2294 3573 sicut
2318 3487 2563 3558 superius
2592 3484 2844 3546 diximus,
2869 3482 2960 3537 sed
2982 3480 3327 3551 agnitionem.
3368 3481 3505 3535 Dum

1922 3599 2051 3655 ergo
2102 3570 2519 3651 viditThomas,
2572 3578 2698 3635 dum
2750 3576 3018 3647 palpavit,
3062 3588 3157 3631 cur
3196 3573 3243 3627 ei
3284 3570 3503 3637 dicitur,

1922 3678 2054 3745 Quia
2084 3674 2263 3731 vidisti
2306 3688 2413 3739 me,
2448 3669 2781 3727 lcredidisti?
2828 3666 2934 3723 Sed
2978 3663 3119 3719 aliud
3148 3662 3315 3729 vidit,
3361 3660 3509 3717 aliud

1924 3768 2169 3825 credidit.
2220 3767 2265 3820 A
2306 3764 2519 3820 mortali
2568 3762 2712 3817 enim
2768 3759 2986 3814 homine
3031 3754 3291 3810 Divinitas
3334 3753 3507 3808 videri

1926 3876 2030 3916 non
2063 3867 2259 3931 potest.
2290 3855 2532 3914 Videndo
2555 3870 2681 3926 ergo
2712 3852 2962 3919 credidit,
2996 3850 3084 3921 qui
3112 3847 3506 3904 considerando

1926 3951 2195 4007 hominem
2235 3964 2420 4005 verum
2463 3949 2663 4015 Deum,
2712 3961 2869 4017 quem
2900 3943 3081 3998 videre
3123 3956 3227 3996 non
3269 3949 3504 4010 poterat,

1926 4043 2262 4099 exclamavit.
2298 4039 2360 4092 In
2386 4041 2481 4093 hac
2509 4040 2662 4092 cnim.
2694 4036 2928 4094 Subaudi
2953 4034 3078 4090 ﬁde.
3112 4032 3505 4087 Testimonium.

1927 4132 2176 4187 Iustitiae.
2220 4128 2487 4184 Consecuti
2528 4129 2847 4191 suntﬁsencs.
2900 4124 3070 4179 Senes
3118 4122 3206 4177 hic
3254 4122 3511 4176 debemus

1930 4221 2229 4290 intelligere
2274 4229 2453 4287 patres
2501 4216 2702 4271 Veteris
2754 4215 3078 4269 Testamenti
3117 4230 3127 4262 :
3180 4209 3515 4280 patriarchas

1929 4311 2197 4373 videlidet,
2233 4310 2541 4377 prophetas,
2574 4306 2813 4371 aliosque
2835 4303 3029 4370 justas,
3058 4300 3146 4369 qui
3178 4299 3229 4351 in
3261 4297 3381 4361 ﬁde,
3409 4310 3515 4365 qua

1931 4399 2271 4456 crediderunt
2290 4398 2399 4450 Deo
2424 4394 2646 4463 ejusque
2673 4390 3131 4460 promissionihus,
3152 4386 3513 4442 testimoniunt

1932 4490 2102 4546 laudis
2147 4497 2305 4555 atque
2342 4485 2561 4556 justitize
2609 4488 3005 4553 promoverunt.
3061 4478 3211 4533 Unde
3240 4476 3511 4532 Abraham

249 4607 394 4676 poris
423 4608 620 4673 anima,
651 4610 722 4662 ita
754 4569 859 4663 vita
894 4610 1087 4664 anima:
1121 4610 1253 4666 ﬁdes
1281 4619 1400 4667 est:
1433 4626 1551 4681 qua:
1582 4602 1911 4667 videlicet!)
1935 4582 2053 4681 qui?
2084 4578 2308 4681 mili?“
2338 4577 2469 4681 “9‘2:
2502 4579 2916 4681 reputaluules"
2941 4570 2988 4626 ei
3019 4571 3084 4625 ad
3121 4569 3379 4681 j‘ﬁi"”“."‘
3403 4608 3416 4631 ’
3459 4574 3517 4681 es

250 4700 545 4769 concipitur
573 4701 757 4769 corde,
805 4704 1087 4759 conﬁtetur
1134 4719 1260 4772 ore,
1308 4713 1597 4761 exornatur
1622 4719 1823 4773 opere:

250 4795 500 4862 quoniam
542 4795 675 4853 ﬁdes
714 4796 833 4853 sine
871 4798 1125 4868 operibus
1154 4806 1363 4853 mortua
1392 4808 1495 4865 est,
1528 4814 1558 4854 a
1588 4814 1689 4868 qua
1723 4797 1829 4854 ﬁde

251 4884 297 4939 si
342 4883 459 4955 quis
505 4900 564 4940 se
606 4886 959 4954 subtraxerit,
1006 4904 1113 4944 non
1151 4888 1384 4959 placebit
1421 4890 1679 4946 voluntati
1707 4890 1822 4945 Dei.

253 4974 366 5031 Non
394 4976 536 5032 enim
564 4986 649 5032 est
700 4978 991 5046 putandum
1031 4978 1173 5047 quod
1205 4980 1343 5036 Deus
1373 4981 1554 5051 Pater,
1587 4990 1679 5036 aut
1707 4979 1827 5052 Spi—

255 5070 388 5124 ritus
415 5079 664 5141 sanctus,
706 5082 798 5126 aut
835 5070 1000 5126 Filius
1037 5072 1200 5127 etiam
1230 5072 1282 5129 in
1315 5082 1504 5129 natura
1532 5074 1827 5131 divinitatis

255 5160 447 5218 habeat
475 5165 743 5231 animam;
790 5164 886 5221 sed
934 5178 1084 5219 more
1114 5164 1351 5219 humano
1392 5164 1619 5234 loquens
1648 5165 1829 5222 divina

255 5254 551 5324 Scriptura,
574 5257 728 5312 nobis
754 5257 1080 5314 consulendo
1100 5258 1425 5315 voluntatem
1455 5258 1618 5326 illius,
1639 5258 1831 5315 anima:

254 5349 514 5404 vocabulo
538 5350 809 5419 exprimit.
839 5348 1295 5406 Considerandum
1326 5360 1504 5407 autem
1524 5354 1668 5421 quia,
1692 5352 1832 5408 sicut

258 5440 556 5510 displicebit
581 5444 668 5512 qui
702 5442 1046 5512 lizesitaverit,
1081 5445 1154 5498 ita
1196 5444 1425 5514 placebit
1454 5445 1565 5500 Deo
1591 5446 1681 5514 qui
1712 5460 1831 5502 cre-

257 5534 471 5601 diderit,
500 5535 687 5592 vivens
714 5536 767 5591 in
798 5536 901 5592 ﬁde
928 5552 1024 5593 sua
1054 5545 1200 5593 recta
1225 5554 1237 5591 :
1271 5537 1601 5603 Laborastis,
1636 5537 1831 5607 inquit,

257 5624 309 5684 in
347 5629 658 5694 certamine,
692 5639 997 5699 exspectate
1024 5647 1139 5687 eam
1170 5647 1344 5701 spem,
1372 5632 1538 5687 nolite
1568 5631 1656 5687 hic
1684 5647 1832 5703 qua:-

257 5734 378 5785 rerc
399 5738 515 5790 qua:
538 5724 798 5792 Speratis:
825 5725 1137 5795 quiajustus
1158 5742 1226 5782 ex
1244 5726 1347 5782 ﬁde
1364 5728 1507 5782 vivit.
1532 5726 1645 5781 Nos
1665 5735 1835 5780 autem

260 5830 363 5874 non
391 5832 566 5885 suntut
594 5817 956 5877 subtractionit
984 5819 1083 5889 ﬁlii
1108 5819 1165 5883 in
1192 5821 1549 5893 perditionem,
1574 5819 1677 5897 sed
1706 5818 1831 5891 ﬁdei

1935 4672 2141 4728 amicus
2175 4668 2265 4723 Dei
2294 4665 2592 4737 appellatus
2621 4674 2721 4719 est.
2776 4662 2901 4717 limo
2940 4670 3118 4716 autem
3150 4658 3282 4714 ﬁdes
3321 4658 3395 4713 ita
3432 4664 3517 4713 est

1936 4758 2263 4830 accipienda,
2298 4767 2354 4814 ut
2383 4757 2632 4812 credatur
2665 4754 2718 4810 in
2744 4752 2927 4818 corde,
2969 4750 3283 4807 conﬁteatur
3313 4762 3427 4813 ore,
3461 4755 3516 4802 et

1934 4861 2152 4909 ornetur
2180 4850 2451 4922 operibus.
2501 4847 2597 4903 llle
2625 4845 2769 4903 enim
2800 4859 2926 4900 rere
2956 4842 3148 4909 credit,
3179 4840 3267 4910 qui
3299 4846 3517 4895 exercet
3560 4898 3564 4908 I

1934 4950 2205 5024 operando
2234 4948 2376 5020 quod
2406 4947 2614 5004 credit:
2664 4959 2769 5016 quo
2809 4951 2997 5001 contra
3024 4940 3093 4996 de
3124 4940 3208 4994 his
3235 4938 3322 5009 qui
3356 4936 3519 4992 ﬁdem

1937 5055 2153 5109 nomine
2187 5060 2339 5107 tenus
2367 5049 2622 5113 retinent,
2664 5046 2861 5102 Paulus
2891 5042 3018 5099 dicit
3046 5060 3057 5094 :
3092 5039 3427 5095 Conﬁtentur
3457 5048 3519 5091 se

1935 5162 2099 5205 nosse
2142 5146 2331 5213 Deum,
2368 5143 2519 5198 factis
2543 5148 2719 5196 autem
2751 5144 2963 5207 negant.
3009 5131 3141 5187 Fide
3181 5126 3514 5197 intelligimus
3560 5180 3567 5185 ,

1936 5248 2112 5311 aptata
2133 5254 2239 5293 esse
2259 5236 2449 5292 saecula
2466 5235 2613 5289 verbo
2635 5231 2765 5295 Dei,
2791 5239 2926 5284 utea:
2946 5222 3275 5281 inuisibilibus
3298 5216 3519 5274 uisibilia

1937 5339 2133 5409 ﬁerent.
2168 5334 2301 5403 Quia
2332 5333 2523 5389 animae
2544 5331 2891 5387 Hebraeorum
2917 5324 3119 5380 debiles
3144 5319 3316 5375 adhuc
3342 5325 3520 5383 erant,
3557 5304 3565 5349 Ψ

1942 5450 2000 5500 et
2020 5457 2053 5497 a
2078 5441 2185 5497 ﬁde
2209 5438 2420 5510 quidem
2447 5435 2657 5493 initium
2685 5434 3043 5501 sumpserant,
3078 5439 3143 5481 ex
3184 5418 3521 5493 passionibus

1942 5550 2124 5599 autem
2155 5539 2550 5599 tribulationum
2588 5532 2958 5605 pusillanimes
2985 5524 3377 5591 efﬁciebantur,
3420 5521 3522 5577 mi-

1945 5647 2155 5703 nusque
2198 5631 2463 5702 patienter
2492 5626 2630 5684 mala
2669 5623 2769 5681 sibi
2811 5623 3040 5692 irrogata
3070 5616 3351 5683 ferebant,
3396 5612 3522 5668 hor-

1946 5734 2087 5782 tatus
2125 5734 2205 5780 est
2250 5738 2344 5781 eos
2382 5719 2671 5793 Apostolus
2700 5717 2871 5788 primo
2912 5729 2979 5769 ex
3020 5709 3243 5782 seipsis,
3292 5707 3519 5763 dicens:

1938 5815 2399 5897 Bemmorainini
2441 5812 2693 5889 pristinos
2722 5808 2867 5879 dies;
2910 5806 3104 5875 deinde
3144 5818 3209 5868 ex
3251 5799 3521 5871 Scriptura
