3968 6354
483 346 589 408 759

1599 332 1905 396 PRIMASII
1953 327 2409 390 ADRUMETANI
2445 325 2663 387 EPISC.

3716 332 3847 393 760

479 466 663 526 divina
707 462 961 522 dicente:
1010 460 1146 530 Quia
1184 458 1363 531 justus
1406 471 1475 514 ex
1518 456 1622 513 ﬁde
1661 456 1828 522 vivit;
1872 451 2070 509 deinde
2094 449 2295 522 Aquae
2321 449 2745 506 bonavoluntate
2761 446 3825 521 oﬁ'erebat,Deoplacere,sequeresnu

479 575 612 618 vero
635 574 705 617 ex
728 557 1042 621 rationibus,
1070 553 1361 609 ostendens
1385 551 1544 607 ﬁdem
1572 564 1693 606 esse
1714 548 2067 605 substantiam

478 665 661 709 rerum
701 665 810 705 non
839 646 1204 718 apparentium
1230 662 1243 697 :
1280 658 1424 699 nunc
1453 654 1633 698 autem
1664 656 1733 696 ex
1765 640 2073 710 progenito-

476 745 632 801 ribus
661 743 847 813 incipit
874 741 1049 811 loqui,
1095 737 1411 793 mirabiliter
1439 749 1537 791 eos
1568 749 1771 804 ponens
1798 734 1849 788 in
1880 747 2067 788 exem-

479 838 667 907 plum;
699 836 821 906 quia
850 837 988 891 sicut
1027 833 1103 889 illi
1142 846 1331 888 omnes
1370 846 1467 901 per
1495 829 1654 885 ﬁdem
1686 827 1881 884 salvati
1921 834 2067 893 sunt,

463 928 553 985 ’ita
586 939 641 986 et
669 940 773 985 nos’
795 944 981 983 omnes
1010 942 1106 997 per
1147 927 1306 981 ﬁdem
1338 925 1643 980 salvamur:
1672 938 1795 978 cum
1818 922 1963 976 enim
1988 920 2072 975 in-

483 1023 632 1077 venit
650 1022 825 1075 anima
847 1022 902 1075 in
924 1021 1126 1077 eisdem
1152 1016 1492 1090 passionibus
1516 1016 1745 1082 socium,
1785 1012 2072 1083 requiescit

479 1124 535 1170 et
575 1116 825 1182 respirat,
875 1129 939 1169 ac
982 1115 1037 1169 in
1085 1113 1190 1169 ﬁde
1235 1120 1289 1167 et
1334 1109 1767 1165 tribulationibus
1798 1106 2072 1176 qnalibus-

480 1218 689 1273 cunque
716 1204 853 1259 solet
882 1203 1149 1258 accidere.
1186 1201 1351 1255 Valde
1380 1201 1520 1254 enim
1553 1198 1741 1267 fragile
1781 1206 1863 1251 est
1902 1206 2071 1265 genus

479 1294 795 1363 humanum,
832 1295 1167 1365 nimiumque
1194 1292 1451 1347 haesitans
1477 1290 1528 1344 in
1556 1286 1912 1356 cogitatione:
1940 1298 2072 1355 qua-

479 1396 700 1459 propter
730 1389 1037 1444 necessaria
1082 1396 1166 1441 est
1195 1385 1492 1440 consolatio
1539 1397 1605 1435 ex
1653 1378 2071 1450 praacedentium

480 1481 586 1537 ﬁde
610 1490 665 1536 et
690 1482 963 1552 patientia.
1015 1480 1304 1550 Apostolus
1335 1492 1462 1546 ergo
1490 1492 1554 1531 ex
1584 1473 1823 1544 patribus
1852 1470 2071 1541 quidem

481 1588 576 1631 eos
612 1575 897 1638 hortatur;
944 1572 1039 1627 sed
1079 1571 1310 1641 primum
1352 1585 1415 1623 ex
1458 1565 1730 1623 communi
1770 1563 1944 1631 initio,
1984 1562 2073 1617 di-

480 1682 649 1723 cens:
682 1668 1015 1722 Manifestum
1044 1674 1157 1729 est,
1189 1664 1389 1733 inquit,
1418 1661 1544 1731 quia
1572 1675 1676 1714 non
1708 1657 2071 1724 exstantibus,

483 1777 603 1831 qua:
631 1770 775 1825 sunt,
806 1762 946 1816 Deus
977 1760 1181 1824 eﬁecit,
1212 1758 1307 1812 sed
1339 1772 1405 1811 ex
1433 1752 1792 1809 invisibilibus
1819 1751 2067 1818 visibilia,

2175 542 2474 599 nerandum
2497 558 2528 598 ι
2551 542 3069 611 Deo,!tcstimonium
3089 559 3304 615 quoque
3325 544 3440 602 Deo
3462 546 3843 618 perhibent.

2174 639 2492 694 muneribus
2511 639 2655 709 ejus;
2681 638 2797 695 sive
2808 638 2948 709 quod
2972 639 3108 710 ignis
3126 639 3409 695 descendit
3432 640 3508 696 de
3540 642 3742 707 ctelo,
3771 653 3839 698 ιι

2183 732 2239 787 in
2260 732 2631 789 Theodotione
2658 733 2855 804 legitur
2869 749 2886 788 :
2898 733 3031 803 'quia
3054 732 3405 789 inﬂammavit
3420 735 3718 791 Dominus
3733 750 3835 793 so-

2175 836 2271 892 per
2295 824 2449 890 Abel,
2483 832 2538 879 et
2566 839 2727 893 super
2749 839 2972 879 munera
3012 824 3162 893 ejus;
3215 839 3310 880 seu
3335 841 3434 895 per
3475 828 3641 881 illam
3682 842 3830 883 sen-

2175 916 2418 983 tentiam,
2433 930 2534 986 qua
2556 932 2584 968 a
2599 916 2827 971 Domino
2851 918 2901 971 in
2920 917 3209 986 Evangelio
3230 928 3314 972 est
3334 919 3623 985 laudaris,
3648 934 3827 975 con»

2172 1007 2428 1076 probatus
2454 1016 2537 1061 est
2563 1023 2683 1063 esse
2709 1008 2914 1076 justus;
2958 1009 3035 1063 sic
3071 1010 3213 1063 enim
3250 1010 3381 1064 dicit
3425 1011 3725 1067 Donusa:
3764 1014 3819 1068 ia

2182 1099 2501 1169 Evangelio:
2521 1102 2691 1155 Amen
2718 1101 2839 1156 dico
2862 1102 3033 1169 vobis,
3067 1104 3370 1170 requiretur
3390 1118 3424 1157 a
3466 1105 3640 1157 vobis
3673 1120 3815 1160 san-

2174 1192 2291 1262 guis
2308 1193 2575 1262 justorum
2600 1193 2691 1263 qui
2714 1194 2913 1248 ell‘usus
2935 1204 3018 1249 est
3042 1209 3202 1262 super
3222 1206 3496 1261 terrain,a
3526 1198 3814 1267 sanguine

2173 1283 2306 1338 Abel
2318 1284 2469 1351 justi,
2486 1300 2658 1354 usque
2670 1284 2736 1338 ad
2751 1286 3065 1356 sanguinem
3081 1285 3275 1340 Zachar
3287 1288 3351 1341 ite
3366 1288 3469 1341 lilii
3482 1288 3806 1348 Baracbiz.

2177 1374 2277 1429 Per
2295 1376 2436 1429 illam
2452 1378 2611 1430 etiam
2627 1377 2855 1431 hostiam
2880 1377 2943 1429 ad
2955 1379 3057 1431 huc
3084 1379 3315 1435 louuitur
3344 1362 3454 1431 iam
3469 1378 3803 1449 defunctus,

2176 1482 2232 1528 et
2255 1474 2482 1528 dicitur:
2506 1474 2733 1545 Sanguis
2764 1473 2898 1528 Abel
2920 1473 3114 1527 clamat
3134 1473 3199 1527 ad
3237 1489 3324 1529 me
3363 1477 3439 1528 de
3463 1483 3649 1529 terra.
3672 1475 3800 1533 Sive

2177 1564 2352 1619 adhuc
2378 1566 2633 1635 loquitur,
2651 1568 2751 1620 hoc
2763 1565 3126 1620 estinteremit
3141 1564 3354 1634 quidem
3378 1581 3511 1620 eum
3540 1580 3794 1635 corpore,

2176 1658 2271 1712 sed
2294 1658 2410 1727 ejus
2440 1658 2661 1727 gloriam
2698 1672 2803 1711 non
2827 1658 2995 1725 potuit
3024 1659 3328 1715 interimere
3353 1672 3487 1712 cum
3520 1673 3601 1714 eo
3627 1677 3642 1711 :
3672 1660 3794 1714 dun

2178 1749 2319 1804 enim
2350 1749 2518 1819 gloria
2549 1749 2691 1804 illius
2714 1750 2766 1804 in
2782 1758 2893 1805 toto
2912 1750 3109 1804 mundo
3134 1750 3485 1820 praedicatur,
3510 1762 3653 1805 (luat
3681 1752 3793 1806 laus

482 1869 547 1909 ex
572 1869 677 1908 non
700 1854 1052 1909 existentibus
1073 1850 1377 1907 existentia.
1408 1847 1795 1903 ltatiocinando
1818 1860 1946 1916 ergo
1971 1844 2073 1899 hoc
2102 1837 2155 1897 B
2179 1844 2294 1912 ejus
2324 1842 2378 1896 in
2406 1843 2677 1897 hominum
2697 1860 2791 1898 ore
2807 1853 3075 1910 versatur,
3097 1843 3223 1898 dum
3250 1860 3376 1899 eum
3403 1859 3614 1899 omnes
3630 1845 3795 1900 admi-

482 1946 724 2002 invenire
766 1962 869 2001 non
914 1960 1196 2015 possumus
1240 1940 1509 2012 quomodo
1554 1938 1740 1993 iecerit
1786 1954 1853 1992 ex
1902 1938 2073 1992 nihilo

483 2039 683 2105 omnia,
738 2038 822 2091 vel
848 2053 913 2092 ex
946 2035 1300 2090 invisibilihus
1329 2030 1596 2096 visibilia;
1642 2030 1763 2100 quia
1806 2044 1911 2083 non
1954 2044 2074 2083 era-

482 2144 622 2194 mus,
650 2130 859 2198 quando
887 2130 1021 2183 facta
1047 2136 1191 2181 sunt.
1232 2125 1385 2182 Unde
1413 2140 1543 2194 ergo
1570 2133 1773 2178 certum
1804 2120 2073 2177 habetur?

482 2223 675 2295 Utique
705 2225 1044 2279 manifestum
1076 2232 1191 2287 est,
1224 2221 1364 2291 quod
1397 2220 1522 2274 ﬁdei
1566 2234 1653 2273 res
1692 2225 1775 2272 est
1816 2217 1913 2271 ista
1955 2232 2073 2271 cre-

482 2315 634 2382 dere,
682 2316 785 2370 ﬁde
811 2318 1009 2386 quippe
1044 2315 1317 2369 credimus
1360 2322 1568 2382 aptata,
1614 2311 1665 2366 id
1696 2319 1779 2366 est
1810 2311 2068 2380 perfecta,

480 2421 578 2463 seu
605 2406 741 2461 facta
768 2407 966 2461 saecula
992 2426 1003 2458 :
1039 2408 1161 2475 quia
1188 2422 1295 2461 non
1324 2420 1391 2459 ex
1425 2404 1746 2468 visibilibus,
1774 2402 1867 2457 sed
1895 2417 1965 2457 ex
1992 2402 2070 2456 in-

490 2495 785 2550 visibilibus
816 2495 954 2551 facta
979 2506 1101 2551 sunt
1129 2512 1247 2567 qua:
1275 2496 1541 2552 videntur.
1574 2493 1863 2551 Invisibilia
1893 2504 2073 2548 autem

482 2585 537 2643 id
570 2601 853 2656 possumus
883 2587 1187 2658 intelligere
1220 2586 1503 2642 informem
1536 2587 1837 2651 materiam,
1874 2584 1943 2639 de
1968 2598 2073 2654 qua

483 2676 677 2734 dicitur
726 2679 781 2733 in
828 2678 1052 2735 exordio
1099 2678 1371 2734 Genesis:
1415 2678 1473 2733 In
1515 2678 1780 2748 principio
1825 2676 2073 2748 (inquit)

483 2770 686 2826 creavit
709 2771 848 2827 Deus
872 2771 1068 2828 coelum
1092 2782 1148 2828 et
1169 2779 1389 2828 terram.
1425 2772 1483 2826 In
1508 2771 1629 2827 caeli
1650 2779 1827 2826 autem
1852 2770 2072 2826 nomine

482 2876 591 2918 non
631 2871 715 2918 est
752 2862 1155 2935 intelligendum
1198 2862 1340 2920 istud
1370 2864 1565 2919 caelum
1596 2864 1895 2931 corporale,
1926 2862 2072 2933 quod

484 2954 783 3024 appellatur
814 2954 1246 3022 ﬁrmamentum;
1278 2958 1375 3010 sed
1405 2953 1646 3024 angelica
1677 2965 1887 3018 natura,
1922 2952 2074 3008 εαξιὶ-

483 3060 589 3115 que
626 3046 917 3116 spiritales.
970 3047 1075 3104 Per
1102 3058 1297 3103 terram
1329 3062 1457 3103 vero
1487 3047 1797 3115 intelligitur
1823 3045 2073 3101 informis

484 3138 749 3207 materia,
805 3140 876 3196 de
922 3154 1025 3210 qua
1086 3139 1425 3211 postmodum
1475 3138 1654 3193 omnia
1703 3138 1842 3194 facta
1891 3147 2067 3194 sunt:

2174 1945 2381 1999 rantur,
2415 1934 2652 2002 quotidie
2681 1933 2853 1989 adhuc
2878 1933 3163 1989 defunctus
3191 1936 3449 2005 loquitur.
3488 1936 3604 2002 Qui
3647 1940 3784 1992 enim

2174 2027 2310 2081 alios
2332 2041 2430 2081 StIO
2446 2028 2691 2096 exemplo
2708 2028 2977 2095 admonet,
3000 2029 3199 2097 utjusti
3216 2027 3345 2093 sint,
3366 2028 3663 2097 quomodo
3687 2043 3788 2084 non

2176 2122 2440 2190 loquitur?
2465 2119 2598 2173 Fide
2616 2121 2794 2175 Enoch
2819 2123 3011 2190 placuit
3043 2122 3173 2187 Deo,
3205 2131 3249 2174 et
3273 2122 3574 2175 translatus
3599 2133 3706 2186 est,
3737 2138 3791 2176 us

2175 2215 2593 2285 rideretntortcm
2608 2230 2627 2268 :
2638 2223 2685 2267 et
2708 2230 2806 2267 non
2821 2214 3184 2281 inveniebatur,
3202 2214 3325 2283 quia
3346 2214 3503 2266 illum
3528 2206 3789 2268 transtuli

2175 2304 2336 2359 Deus.
2379 2305 2566 2360 Enoch
2600 2308 2793 2376 placuit
2822 2306 2933 2361 Deo
2966 2321 3062 2375 per
3087 2306 3285 2362 ﬁdem:
3320 2306 3451 2375 quia
3499 2306 3611 2360 fuit
3642 2306 3785 2361 bonis

2182 2401 2437 2468 operibus
2468 2411 2777 2465 exornatus,
2802 2399 3030 2455 credens
3050 2415 3109 2455 se
3138 2400 3357 2455 omnino
3380 2415 3482 2469 per
3509 2401 3665 2454 illam
3684 2403 3786 2470 pla.

2178 2507 2303 2547 cere
2352 2493 2462 2547 Deo
2499 2510 2513 2547 :
2556 2502 2882 2564 quapropter
2918 2495 3207 2549 translatus
3252 2502 3337 2548 est
3377 2494 3434 2547 in
3473 2495 3783 2563 paradisum

2181 2590 2476 2651 terrenum,
2510 2584 2652 2639 unde
2680 2584 2948 2654 quondam
2977 2584 3145 2639 Adam
3168 2583 3375 2654 ejectus
3400 2585 3785 2639 est:videlicet

2181 2692 2251 2732 ne
2280 2679 2616 2748 experiretur
2644 2688 2871 2734 mortem
2905 2678 3236 2747 corporalem
3256 2718 3270 2742 ,
3298 2677 3476 2735 donec
3506 2687 3730 2747 tempus
3754 2691 3783 2732 ι

2181 2769 2294 2825 Deo
2319 2770 2669 2826 constitutum
2696 2782 3005 2843 percurrat:
3044 2786 3150 2841 quo
3180 2771 3363 2826 habitu
3385 2773 3534 2838 vitae,
3561 2772 3653 2827 vel
3678 2784 3782 2840 quo

2181 2872 2322 2919 Statu
2348 2864 2607 2919 consistat
2638 2864 2796 2919 modo
2842 2865 2895 2919 in
2944 2864 3212 2935 paradiso,
3256 2879 3359 2920 non
3396 2874 3482 2920 est
3516 2874 3784 2920 nostrum

2180 2953 2473 3025 inquirere.
2498 2955 2610 3011 Hoc
2631 2966 2810 3012 tamen
2832 2956 3161 3013 credendum
3182 2965 3277 3022 est,
3300 2956 3413 3025 quia
3434 2954 3554 3010 sine
3574 2955 3779 3024 aliqua

2180 3050 2447 3120 molestia,
2493 3058 2549 3105 et
2592 3049 2709 3106 sine
2749 3052 2929 3122 aliquo
2957 3051 3171 3114 dolore,
3200 3060 3282 3105 aut
3304 3050 3486 3104 labore
3513 3048 3781 3119 quiescit.

2182 3141 2237 3198 in
2270 3142 2360 3198 illo
2389 3142 2661 3213 paradiso.
2706 3144 2771 3198 Et
2797 3145 2936 3198 sicut
2966 3145 3058 3200 ille
3085 3144 3216 3198 vivit
3242 3142 3354 3196 sine
3378 3141 3559 3211 aliqua
3588 3140 3781 3210 impu-

481 3231 734 3289 videlicet
763 3238 943 3290 omnia
984 3235 1311 3305 corporalia,
1356 3248 1476 3305 qua:
1522 3243 1647 3289 tunc
1675 3231 2071 3303 quodammodo
2098 3229 2148 3294 C
2179 3236 2439 3305 gnatione
2466 3235 2667 3298 carnis,
2702 3235 2821 3289 sine
2868 3235 3046 3303 aliqua
3090 3232 3525 3303 concupiscentia
3568 3232 3775 3299 carnis,

482 3326 773 3383 invisibilia
803 3336 977 3394 erant,
1006 3328 1221 3398 quando
1250 3326 1488 3383 tenebrae
1514 3334 1669 3383 erant
1692 3340 1857 3395 super
1884 3323 2073 3379 faciem

484 3420 686 3492 abyssi.
735 3423 808 3476 Ex
839 3423 1091 3478 invisibili
1119 3432 1296 3480 autem
1329 3424 1549 3478 materia
1574 3423 1714 3478 facta
1745 3420 2078 3477 suntvisibi-

483 3514 588 3584 lia,
621 3514 836 3586 quando
865 3530 961 3586 per
988 3515 1196 3585 Species
1237 3525 1293 3571 et
1334 3516 1532 3571 formas
1561 3515 1729 3569 divisa
1761 3524 1814 3570 et
1841 3515 2076 3572 discreta

484 3616 610 3661 sunt
639 3608 837 3661 omnia.
872 3605 1055 3662 Potest
1085 3616 1138 3661 et
1162 3606 1268 3661 alio
1299 3606 1462 3661 modo
1493 3606 1711 3675 intelligi
1743 3607 1885 3672 quod
1912 3606 2073 3664 dicit:

483 3696 565 3751 Ex
607 3698 962 3766 invisibilibus
1005 3698 1235 3752 visibilia
1279 3698 1506 3754 ﬁerent:
1553 3698 1897 3753 lnvisibiliter
1922 3714 2078 3754 mun-

482 3787 609 3853 dus,
657 3798 945 3859 antequam
977 3789 1322 3857 formaretur,
1377 3792 1428 3844 in
1479 3790 1569 3845 Dei
1617 3790 1878 3853 sapientia
1920 3798 2072 3847 erat:

484 3880 577 3949 qui
620 3888 798 3935 tamen
828 3895 922 3949 per
946 3880 1308 3950 expletionent
1336 3882 1519 3951 operis
1546 3882 1715 3946 factus
1742 3890 1824 3936 est
1849 3882 2075 3940 visibilis

484 3972 756 4040 optatibus
782 3972 1056 4030 humanis.
1089 3975 1239 4044 Quod
1264 3984 1442 4030 autem
1468 3975 1596 4030 dicit
1617 3975 1814 4030 sazcula
1839 3976 2072 4046 perfecta

485 4076 610 4119 esse
632 4064 796 4118 verbo
818 4063 935 4130 Dei,
960 4081 1053 4136 per
1073 4067 1269 4122 saecula
1291 4065 1549 4122 debemus
1571 4067 1873 4138 intelligere
1894 4069 2076 4125 omnia

484 4170 606 4226 quas
645 4155 783 4211 facta
832 4169 958 4213 sunt
1008 4158 1061 4213 in
1114 4167 1353 4229 tempora
1384 4160 1497 4215 sive
1543 4159 1735 4215 sarcula
1762 4161 1934 4217 verbo
1982 4160 2076 4217 Dei

481 4246 679 4319 Patris,
708 4247 861 4319 juxta
889 4251 1031 4321 quod
1074 4251 1308 4308 Joannes
1336 4252 1475 4308 dixit
1502 4269 1518 4309 :
1543 4252 1733 4309 Omnia
1774 4270 1870 4326 per
1897 4254 2072 4325 ipsum

482 4338 620 4397 facta
650 4354 792 4398 sunt.
848 4344 1055 4400 Saecula
1085 4360 1234 4411 vero,
1282 4356 1340 4400 ut
1377 4345 1596 4403 Ovidius
1622 4346 1766 4402 Naso
1804 4348 1954 4417 dicit,
1986 4348 2073 4405 di-

481 4442 680 4489 cuntur
710 4451 741 4490 a
768 4437 1063 4506 sequendo,
1114 4452 1180 4493 eo
1225 4437 1366 4507 quod
1409 4454 1531 4495 sese
1577 4450 1869 4512 sequantur
1910 4452 2073 4512 atque

484 4530 853 4597 revolvantur,
874 4540 1010 4589 teste
1034 4531 1298 4591 Varrone.
1329 4534 1533 4591 Saecula
1565 4544 1742 4590 autem
1770 4551 1839 4592 ex
1871 4551 1938 4592 eo
1965 4537 2071 4593 dici

2183 3327 2256 3380 ita
2285 3325 2387 3381 nisi
2435 3326 2640 3395 primus
2671 3325 2832 3381 homo
2863 3332 3159 3396 peccasset,
3186 3324 3464 3394 completo
3492 3323 3646 3377 omni
3678 3336 3776 3376 nu-

2180 3434 2331 3475 mero
2357 3419 2672 3484 electorum,
2708 3433 2737 3472 a
2767 3418 3021 3488 paradiso
3048 3429 3264 3473 terreno
3294 3414 3685 3472 transferretur
3710 3412 3774 3469 ad

2180 3510 2483 3579 paradisum
2512 3510 2814 3565 caelestem.
2861 3508 2927 3565 Ut
2955 3518 3136 3564 autem
3169 3507 3587 3573 transferretur,
3620 3519 3771 3562 causa

2178 3599 2280 3655 fuit
2307 3601 2448 3670 quod
2480 3601 2754 3671 placuerat
2784 3601 2925 3668 Deo;
2953 3601 3048 3658 sed
3078 3612 3135 3657 ut
3162 3590 3403 3672 placeret
3435 3601 3582 3667 Deo,
3616 3613 3767 3654 causa

2180 3690 2280 3746 fuit
2306 3692 2425 3762 ejus
2454 3691 2609 3749 ﬁdes.
2642 3692 2752 3749 Nisi
2775 3695 2922 3748 enim
2947 3693 3194 3749 crederet
3215 3693 3360 3764 quod
3386 3691 3701 3748 redditurus
3722 3690 3769 3747 ei

2179 3792 2325 3839 esset
2354 3783 2498 3838 Deus
2529 3784 2830 3839 mercedem
2862 3783 3065 3840 laboris
3088 3785 3201 3850 sui,
3234 3782 3513 3854 quomodo
3546 3783 3772 3849 placeret

2179 3879 2274 3933 ei?
2302 3880 2433 3934 Ante
2462 3880 2851 3935 translationem
2876 3880 3014 3934 enim
3044 3879 3394 3934 testimonium
3424 3877 3633 3943 habuit,
3664 3876 3769 3947 plac

2178 3969 2343 4024 cuisse
2364 3968 2495 4023 Deo.
2529 3969 2750 4025 Dicente
2770 3969 3082 4040 Scriptura:
3106 3968 3244 4037 Quia
3265 3964 3574 4023 ambulavit
3596 3966 3767 4023 Enati

2177 4078 2299 4119 cum
2329 4064 2459 4132 Deo,
2491 4065 2867 4133 obtemperans
2892 4062 3150 4119 voluntati
3177 4061 3314 4132 ejus.
3348 4062 3483 4118 Sine
3511 4062 3622 4130 ﬁde
3644 4063 3768 4115 enin

2176 4163 2489 4233 impossibile
2524 4170 2602 4217 est
2630 4162 2833 4235 placere
2861 4158 2993 4218 Deo.
3046 4160 3314 4217 Credebat
3352 4161 3503 4215 enim
3545 4159 3766 4215 Enneh:

2177 4266 2304 4335 quia
2331 4264 2379 4320 si
2407 4263 2527 4334 quis
2556 4262 2848 4319 crediderit
2872 4277 2994 4318 esse
3023 4260 3213 4327 Deum,
3245 4270 3301 4316 et
3330 4260 3396 4315 ad
3426 4276 3555 4315 eum
3590 4274 3767 4315 acces-

2150 4356 2331 4422 ‘serit,
2361 4356 2771 4412 retributionem
2808 4355 3063 4411 haberet:
3094 4353 3215 4423 quia
3248 4368 3378 4423 ergo
3411 4353 3552 4408 ﬁdes
3585 4352 3767 4408 funda-

2179 4451 2417 4497 mentum
2449 4451 2531 4496 est
2559 4442 2797 4497 omnium
2828 4441 3123 4507 bonorum,
3172 4440 3292 4496 ideo
3338 4440 3461 4494 sine
3508 4440 3621 4495 ﬁde
3668 4455 3766 4496 non

2180 4542 2358 4604 potest
2384 4533 2495 4588 Deo
2527 4533 2759 4601 placere.
2802 4531 3021 4588 Credere
3046 4532 3182 4587 enim
3212 4540 3410 4602 Oportet
3441 4532 3767 4586 accedentem

484 4629 731 4690 possunt,
763 4636 830 4677 ex
869 4639 977 4693 quo
1004 4625 1237 4681 varietas
1266 4626 1430 4697 coepit
1460 4641 1581 4683 esse
1611 4628 1891 4697 temporis.
1936 4625 2075 4685 Fide
2098 4602 2156 4666 D
2179 4602 2247 4680 ad
2276 4627 2461 4691 Deum,
2488 4626 2609 4695 quia
2628 4634 2791 4692 est;et
2818 4624 3191 4696 inquirentibus
3220 4641 3276 4680 se
3302 4637 3665 4680 remunerator
3682 4624 3764 4680 sit.

482 4710 761 4780 plurimam
808 4713 1024 4768 hostiam
1065 4716 1191 4771 Abel
1232 4734 1387 4788 quam
1429 4716 1557 4773 Cain
1602 4718 1784 4773 obtulit
1828 4717 1938 4773 Deo
1981 4735 2073 4788 per

478 4817 635 4873 quam
660 4806 1001 4860 testimonium
1035 4819 1335 4864 consecutus
1370 4818 1444 4863 est
1484 4825 1594 4864 esse
1624 4812 2070 4881 justus,testimo-

480 4895 625 4950 nium
668 4897 956 4967 perhibente
1008 4899 1118 4956 Deo
1165 4904 1458 4958 muneribus
1501 4905 1656 4975 eius:
1707 4913 1753 4959 et
1792 4919 1881 4974 per
1924 4906 2070 4960 illam

485 4988 761 5056 defunctus
820 4991 991 5045 adhuc
1027 4992 1271 5062 loquitur.
1328 4994 1484 5049 Ponit
1531 4994 1759 5064 primum
1808 5011 1928 5051 eum
1979 4997 2070 5066 qui

478 5081 621 5135 mala
664 5097 853 5152 passus
882 5092 998 5151 est,
1040 5094 1094 5141 et
1126 5085 1227 5141 hoc
1260 5101 1292 5141 a
1326 5085 1511 5152 fratre,
1547 5088 1820 5157 proprium
1852 5087 2068 5145 illorum

481 5186 690 5242 ponens
721 5176 1066 5246 exemplum:
1100 5177 1300 5234 etenim
1331 5179 1516 5234 eadem
1560 5182 1697 5250 passi
1743 5181 1953 5238 fuerant
1993 5181 2072 5237 illi

480 5276 513 5317 a
541 5265 931 5322 contribulibus
957 5269 1069 5325 suis
1106 5278 1160 5325 et
1197 5267 1470 5325 fratribus.
1525 5271 1814 5328 Plurimam
1845 5273 2063 5344 quippe,

477 5350 533 5408 id
564 5364 647 5411 est
670 5358 928 5429 majorem
954 5359 1181 5415 hostiam
1206 5360 1339 5416 Abel
1360 5360 1554 5418 obtulit
1582 5363 1691 5420 Deo
1714 5379 1874 5436 quam
1895 5364 2065 5421 Cain:

478 5458 584 5500 non
616 5449 757 5518 quod
798 5450 887 5505 illa
928 5451 1102 5507 hostia
1146 5452 1309 5508 rebus
1342 5453 1666 5511 'carnalibus
1696 5457 1869 5527 major
1896 5457 2064 5513 exsti—

474 5534 668 5591 tisset:
715 5539 810 5594 sed
856 5541 1111 5612 quidquid
1154 5543 1347 5599 melius
1374 5543 1563 5600 habuit
1589 5545 1748 5612 Abel,
1779 5560 1875 5615 per
1902 5546 2064 5603 ﬁdem

475 5622 594 5678 Deo
622 5625 884 5686 benevolo
912 5633 1094 5690 animo
1126 5635 1376 5707 protulit,
1412 5643 1468 5690 et
1494 5634 1689 5689 exinde
1720 5637 1769 5690 ei
1800 5650 1895 5691 sua
1926 5639 2070 5695 mul-

481 5714 715 5785 tiplicata
744 5719 992 5790 fuerunt;
1037 5732 1092 5781 et
1118 5726 1467 5795 intelligimus
1495 5726 1669 5793 ipsum
1700 5741 1794 5796 per
1823 5726 1926 5783 hoc
1953 5731 2068 5799 pla-

470 5807 649 5874 cuius
667 5810 801 5889 Deo.
818 5816 922 5879 ﬁde
939 5832 1170 5890 namque
1190 5818 1291 5878 hoc
1310 5817 1439 5878 fecit
1453 5817 1605 5895 :quia
1627 5817 1716 5893 qui
1735 5818 1962 5883 credidit
1978 5836 2066 5895 ea.

2180 4713 2271 4771 Sic
2297 4712 2601 4782 quicunque
2639 4711 2849 4767 accedit
2891 4712 2957 4765 ad
3001 4711 3167 4767 Deum
3213 4711 3509 4778 credendo,
3544 4709 3768 4766 credere

2179 4811 2390 4874 oportet
2416 4803 2592 4869 illum,
2624 4803 2752 4873 quia
2784 4803 2923 4858 Deus
2953 4811 3056 4866 est.
3090 4802 3195 4857 hoc
3222 4811 3328 4867 est,
3359 4817 3584 4873 semper
3616 4802 3768 4857 habet

2179 4911 2319 4964 esse,
2366 4895 2517 4965 juxta
2544 4894 2687 4964 quod
2716 4896 2829 4965 ipse
2855 4893 2983 4949 dicit
3009 4894 3076 4948 ad
3101 4884 3359 4967 Moysen:
3393 4895 3508 4965 Ego
3530 4910 3653 4949 sum
3678 4894 3762 4965 qui

2179 5002 2327 5053 sum;
2380 4998 2471 5042 et:
2516 4986 2617 5055 Qui
2646 4995 2729 5042 est
2755 4987 2900 5042 misit
2938 5001 3026 5043 me
3064 4987 3130 5042 ad
3165 5002 3283 5043 vos.
3335 4986 3579 5043 Credere
3606 4988 3762 5042 etiam

2178 5080 2370 5147 debet,
2415 5079 2539 5149 quia
2587 5078 2981 5149 inquirentibus
3011 5095 3071 5136 se
3095 5095 3191 5149 per
3219 5081 3358 5135 bona
3388 5095 3583 5150 opera,
3612 5080 3761 5150 juxta

2175 5173 2316 5244 quod
2348 5172 2629 5229 Psalmista
2660 5172 2826 5228 dicit:
2860 5174 3094 5240 Quaerite
3119 5173 3437 5240 Dominum,
3469 5183 3525 5231 et
3551 5175 3763 5230 conforo

2177 5266 2385 5332 tamini,
2418 5274 2654 5321 aeternus
2682 5273 2738 5321 et
2760 5281 2921 5322 verus
2948 5277 3320 5323 remunerator
3347 5267 3440 5322 sit.
3481 5265 3619 5321 Fide
3649 5266 3761 5321 Noe

2173 5374 2415 5430 responso
2445 5366 2652 5431 accepto
2678 5360 2741 5414 de
2768 5359 2845 5414 his
2874 5375 2991 5431 qua:
3019 5361 3190 5415 adhuc
3218 5377 3320 5415 non
3345 5360 3672 5416 ridebantur.
3705 5359 3757 5415 Id

2172 5460 2257 5509 est
2280 5452 2349 5509 de
2376 5451 2657 5507 imbribus.
2710 5449 2946 5507 Metuens
2983 5453 3177 5521 aptavit
3220 5469 3398 5507 arcam
3442 5452 3496 5507 in
3542 5452 3759 5507 salutem

2177 5544 2355 5598 domus
2393 5560 2518 5609 sum,
2558 5559 2651 5615 per
2682 5560 2859 5614 quam.
2908 5544 3117 5599 Fidem.
3172 5544 3450 5599 Damnavit
3490 5545 3753 5600 mundun.

2175 5636 2590 5705 Comparatione
2615 5634 2821 5690 scilicet
2848 5634 3087 5690 melioris
3119 5634 3240 5691 ﬁdei
3263 5645 3321 5691 et
3344 5635 3490 5690 facti.
3521 5632 3587 5687 Et
3601 5634 3757 5705 justi-

2178 5731 2261 5784 tiae
2286 5745 2400 5801 qua:
2419 5746 2508 5802 per
2528 5729 2685 5797 ﬁdem
2706 5738 2779 5784 est
2798 5728 2960 5784 luem
2981 5728 3243 5784 institutus
3265 5738 3360 5784 est.
3383 5729 3515 5783 Fide
3534 5727 3757 5784 credidit

2176 5821 2312 5894 Deo,
2358 5821 2501 5896 quod
2550 5819 2863 5883 inducturus
2909 5831 3055 5881 esset
3103 5836 3268 5896 aquas
3315 5835 3480 5896 super
3527 5828 3753 5907 terram,

2144 5986 2190 6016 ιδ
