3968 6354
144 246 247 307 ⁸161

990 231 1059 292 lN
1096 224 1487 291 EPISTULAM
1523 224 1617 285 AD
1653 220 1999 283 naeuos
2033 200 2601 281 CDMMEN‘I'ARIA.‘

3310 209 3417 267 762

144 359 357 416 dicente
378 351 484 413 sibi
514 349 650 409 illo:
692 345 842 407 Finis
869 345 1137 405 universae
1165 344 1345 403 carnis
1371 342 1522 400 venit
1544 355 1728 398 coram
1753 347 1811 410 Α
1833 338 1920 395 sio
1938 338 2176 395 illorum.
2206 337 2274 394 Et
2298 336 2424 408 quia
2445 334 2660 408 quando
2706 333 2945 394 obedivit
2987 335 3100 394 Deo
3127 338 3313 397 exiens
3350 340 3421 399 de

144 466 262 520 me,
305 456 362 507 et
400 447 651 505 inducam
692 456 861 516 aquas
906 456 1070 513 super
1110 454 1245 497 eos:
1287 439 1371 495 fac
1411 437 1509 494 tibi
1548 449 1730 493 arcam

144 546 215 601 de
255 540 415 614 lignis
455 539 734 611 levigatis,
786 545 843 593 et
889 544 1089 592 caetera
1128 547 1250 604 qua:
1287 531 1729 602 subsequuntur:

146 638 374 708 ideoque
412 633 651 689 salvatus
687 638 772 687 est
812 645 933 686 cum
974 628 1119 684 omni
1161 626 1322 683 domo
1364 639 1481 693 sua,
1519 625 1622 679 hoc
1650 628 1736 679 est

148 727 352 784 familia
390 740 505 783 sua.
572 723 874 781 Perfectum
918 730 1097 777 autem
1137 717 1319 789 operis
1357 725 1451 772 aut
1488 714 1733 781 rationis,

149 820 522 891 experimento
551 816 683 873 nihil
716 816 773 871 in
803 815 905 870 hac
931 827 1091 870 causa
1123 810 1386 881 profecit:
1432 807 1734 870 Nubebant,

150 911 345 982 inquit,
398 910 509 976 alii,
556 918 613 962 ut
656 906 913 962 Dominus
954 903 1006 958 iu
1048 902 1361 971 Evangelio,
1413 907 1468 954 et
1514 912 1607 953 aer
1653 911 1741 952 se-

152 1018 317 1059 renus
353 1010 506 1057 erat:
549 1000 700 1070 signa
742 1011 955 1069 quoque
983 996 1128 1051 nulla
1164 992 1497 1064 apparebant
1525 990 1737 1045 diluvii.

154 1094 536 1149 Verumtamen
587 1092 677 1145 ille
725 1088 940 1155 timuit,
996 1096 1156 1155 atque
1204 1099 1299 1154 per
1348 1082 1506 1137 fidem
1560 1082 1627 1135 de
1659 1080 1741 1135 his

153 1202 276 1257 quae
310 1184 485 1239 adhuc
523 1199 629 1239 non
657 1180 892 1246 videbat,
924 1189 1195 1243 metuens,
1225 1173 1522 1230 construxit
1562 1187 1741 1227 arcam

156 1279 211 1335 in
247 1277 473 1333 salutem
506 1275 723 1331 familia:
750 1289 899 1329 suae:
943 1288 1040 1343 per
1066 1286 1226 1342 quam
1271 1269 1432 1326 fidem
1473 1267 1747 1323 damnavit

157 1371 415 1427 mundum
444 1368 849 1440 comparatione
876 1365 1002 1420 ﬁdei
1031 1380 1165 1430 suae,
1195 1378 1355 1433 quam
1387 1360 1619 1415 mundus
1651 1362 1747 1411 lia-

159 1462 292 1519 here
320 1462 517 1528 noluit;
546 1460 781 1516 ostendit
806 1458 952 1514 enim
982 1471 1075 1511 eos
1102 1456 1296 1526 dignos
1324 1453 1425 1507 hoc
1454 1450 1742 1521 supplicio,

161 1556 253 1627 qui
293 1570 469 1625 neque
498 1569 598 1624 per
623 1561 840 1609 centum
870 1564 1134 1605 annorum
1166 1548 1395 1619 Spatium
1439 1545 1581 1600 illius
1610 1558 1749 1599 arere

163 1651 566 1706 constructione
591 1646 785 1717 corrigi
818 1645 1140 1699 voluerunt:
1188 1657 1285 1711 per
1314 1639 1473 1695 tidem
1511 1652 1747 1709 quoque,

1839 440 1983 490 terra
2002 446 2120 499 sua,
2149 447 2256 488 non
2284 432 2579 488 vocabatur
2605 430 2895 501 Abraham,
2929 430 3026 489 sed
3050 432 3272 501 Abram,
3299 433 3422 490 ideo

1835 522 2174 581 considerate
2193 522 2328 579 dixit
2348 523 2673 596 Apostolus:
2709 523 2843 580 Fide
2893 524 2995 595 qui
3022 534 3249 581 vocatur
3280 539 3423 583 nunc

1838 615 2130 681 Abraham,
2189 624 2316 673 tunc
2361 619 2652 674 vocabatur
2699 619 2921 689 Abram,
2964 629 3205 678 moratus
3254 630 3338 677 est
3371 622 3425 678 in

1841 718 1981 768 terra
2005 712 2397 783 promissionis,
2427 715 2579 785 quasi
2608 714 2662 770 in
2698 715 2895 771 aliena.
2927 715 3163 771 Primum
3206 715 3422 786 quidem

1840 815 2064 861 vocatus
2092 817 2175 862 est
2200 806 2290 862 ille
2332 807 2491 875 Ram,
2520 809 2713 867 deinde
2759 812 2980 877 Abram,
3029 810 3097 865 ad
3124 819 3424 867 extremum

1843 897 2138 953 Abraham.
2171 898 2517 969 Exspectabat
2547 901 2682 955 enim
2708 902 3040 973 fundamenta
3063 902 3327 957 habentem
3353 904 3429 957 ci-

1842 993 2065 1056 vitatem,
2093 993 2235 1062 cujus
2262 993 2452 1062 artifex
2478 1003 2525 1047 et
2548 996 2779 1048 conditor
2806 995 2964 1049 Deus.
2994 994 3193 1051 Civitas
3240 1011 3430 1066 super-

1848 1098 1914 1137 na
1937 1083 2342 1138 fundamentum
2375 1085 2569 1139 habere
2597 1087 2815 1152 dicitur,
2839 1098 3056 1157 propter
3082 1088 3429 1142 stabilitatem

1848 1176 2260 1246 ﬁrmitatemque
2274 1179 2353 1231 sui
2390 1195 2403 1230 :
2433 1179 2609 1248 inqua
2633 1181 2720 1250 qui
2742 1182 2909 1236 semel
2933 1182 3105 1235 locum
3139 1180 3428 1249 invenerit,

1850 1284 2122 1337 nunquam
2147 1268 2346 1337 poterit
2375 1270 2707 1324 exltmredari
2740 1286 2913 1339 neque
2942 1272 3120 1327 evelli.
3159 1271 3305 1336 ideo,
3349 1270 3433 1326 in-

1849 1362 1982 1431 quit,
2011 1361 2085 1415 illi
2129 1361 2234 1416 tide
2276 1362 2469 1416 morati
2517 1369 2642 1415 sunt
2683 1362 2735 1415 in
2785 1370 2925 1417 terra
2979 1361 3435 1433 repromissionis,

1850 1458 2001 1526 quasi
2035 1456 2088 1509 in
2122 1456 2318 1510 aliena.
2360 1456 2823 1525 liepromissiones
2850 1456 2905 1510 iu
2929 1465 3069 1511 terra
3110 1456 3277 1513 factas
3328 1471 3436 1512 non

1854 1550 2229 1614 atleudehaut,
2255 1550 2349 1604 sed
2372 1550 2601 1604 futuram
2635 1551 2865 1621 quietem
2889 1553 3218 1621 quaerebant.
3253 1550 3440 1605 Osten-

1853 1641 2053 1696 derunt
2093 1642 2236 1697 enim
2266 1641 2472 1709 seipsos
2489 1642 2781 1710 majoribus
2810 1658 2931 1698 esse
2959 1644 3148 1713 dignos
3173 1660 3188 1697 :
3238 1642 3441 1696 idcirco

164 1758 271 1800 non
304 1758 398 1814 per
427 1742 623 1812 legem,
655 1738 829 1794 [iteres
868 1739 1089 1805 iustitiae
1137 1745 1221 1789 est
1269 1734 1542 1787 institutus
1562 1770 1576 1796 ,
1623 1730 1748 1783 dum
1781 1750 1828 1809 Β
1857 1748 1961 1788 nou
1993 1734 2236 1804 permisit
2264 1747 2357 1787 eos
2388 1733 2632 1801 accipere
2661 1735 2782 1799 ista,
2809 1734 2930 1803 quia
2963 1734 3165 1805 majora
3192 1734 3321 1789 dare
3346 1749 3443 1789 vo-

167 1836 287 1905 ipse
334 1836 482 1889 solus
528 1833 684 1886 fidem
729 1837 940 1899 patrum
972 1827 1174 1894 tenuit,
1225 1834 1277 1880 et
1328 1824 1397 1878 ab
1431 1824 1525 1877 illo
1569 1820 1753 1877 caeteri

168 1925 540 1981 discedebant.
569 1923 643 1978 ΗΑ
665 1936 751 1976 res
781 1930 959 1974 autem
984 1919 1134 1988 regni
1166 1916 1451 1982 ctelorum,
1475 1915 1555 1968 vel
1583 1914 1756 1968 haeres

170 2016 358 2069 mundi
402 2014 619 2078 dicitur,
666 2011 792 2081 quia
836 2009 901 2065 de
945 2024 1044 2064 suo
1085 2010 1293 2062 semine
1340 2007 1438 2060 fuit
1487 2003 1758 2074 reparatio

171 2108 380 2172 mundi,
408 2116 461 2161 et
488 2121 553 2160 ex
597 2106 697 2159 hoc
728 2102 970 2174 apparuit
993 2100 1193 2171 justus,
1226 2098 1348 2169 quia
1376 2098 1483 2152 Deo
1510 2096 1755 2151 credidit.

174 2196 312 2253 Fine
334 2199 422 2268 qui
467 2206 675 2250 vocatur
727 2193 1026 2258 Abraham,
1056 2190 1286 2265 _obed_r'vit
1324 2190 1461 2243 exire
1498 2188 1553 2241 in
1592 2186 1762 2239 locum

172 2304 325 2360 quem
349 2298 650 2357 accepturus
671 2296 777 2339 erat
806 2286 857 2337 in
875 2284 1243 2348 literedt'tatent,
1266 2289 1314 2334 et
1336 2280 1508 2345 exivit,
1538 2278 1762 2331 nesciens

172 2394 278 2450 quo
298 2379 413 2431 iret.
464 2377 626 2443 Quasi
669 2374 912 2429 diceret:
942 2372 1007 2427 Et
1034 2373 1148 2439 ipse
1177 2371 1445 2425 Ahraharn
1480 2383 1575 2439 per
1604 2367 1763 2422 fidem

178 2472 377 2544 placuit
402 2471 515 2524 Deo
543 2486 561 2523 :
589 2469 767 2523 statim
791 2466 937 2523 enim
988 2474 1047 2520 ut
1096 2465 1148 2521 ei
1190 2464 1327 2519 dixit
1354 2464 1493 2518 Deus
1524 2481 1538 2516 :
1574 2462 1670 2516 Exi
1699 2461 1767 2517 de

178 2574 326 2620 terra
352 2573 464 2630 tua,
489 2570 543 2616 et
569 2559 704 2615 vade
726 2559 781 2614 in
813 2568 1008 2613 terram
1036 2572 1195 2627 quam
1225 2566 1594 2611 monstravere
1624 2553 1717 2608 tibi
1746 2570 1765 2621 ;

178 2657 427 2725 daboque
476 2653 571 2709 tibi
601 2652 745 2707 illam
770 2691 789 2719 ,
843 2658 899 2706 et
919 2650 1112 2706 semini
1144 2659 1262 2714 tuo;
1293 2647 1519 2704 credidit
1546 2646 1654 2702 Deo
1676 2686 1691 2712 ,
1715 2654 1771 2702 et

179 2752 354 2809 exivit
379 2751 431 2805 in
460 2749 634 2804 locum
666 2746 721 2802 in
746 2758 909 2818 quem
939 2745 990 2800 ei
1012 2751 1356 2815 praeceperat,
1392 2742 1635 2797 nesciens
1660 2754 1770 2811 quo

180 2844 326 2900 iret:
357 2842 579 2917 ignotus
618 2840 761 2895 enim
803 2846 920 2893 erat
947 2838 999 2893 ei
1044 2837 1195 2891 locus
1236 2842 1292 2891 et
1339 2832 1597 2889 habitatio
1624 2833 1772 2889 illius

180 2944 377 3002 terrae;
406 2943 463 2989 et
480 2933 791 3005 inquantum
808 2929 1120 2997 ambulavit,
1147 2944 1243 3001 per
1271 2928 1429 2985 fidem
1455 2928 1768 2993 ambulavit;

181 3030 308 3086 sive
335 3028 583 3084 nesciens
606 3041 715 3098 quo
744 3028 866 3091 iret,
890 3024 1140 3097 quoniam
1162 3038 1321 3095 quem
1346 3021 1642 3077 imitaretur
1662 3034 1769 3076 non

1861 1827 2026 1882 lebat.
2054 1824 2187 1880 Fide
2211 1836 2258 1879 et
2282 1827 2395 1894 ipsa
2428 1824 2563 1881 Sara
2586 1827 2773 1879 sterilis
2792 1829 3023 1881 virtutem
3039 1830 3097 1881 in
3119 1838 3444 1899 conceptione

1859 1918 2066 1972 seminis
2095 1919 2308 1987 accepit,
2341 1919 2491 1972 etiam
2515 1930 2696 1987 prazter
2734 1930 2930 1989 tempus
2967 1924 3132 1974 relatis
3160 1922 3446 1990 ;quoniam

1862 2011 2066 2081 fidelem
2085 2012 2301 2064 credidit
2322 2028 2429 2065 esse
2453 2030 2566 2066 eum
2614 2014 2698 2081 qui
2733 2013 3050 2081 promiserat.
3096 2013 3329 2079 Quaestio
3360 2013 3450 2069 hie

1863 2104 2035 2156 oritur
2066 2120 2079 2157 :
2109 2103 2283 2171 Quare
2307 2104 2456 2169 dicit,
2498 2104 2602 2158 fide
2650 2105 2920 2172 accepisse
2966 2104 3152 2160 Saram
3191 2103 3449 2158 virtutem

1866 2195 2224 2263 concipiendi,
2257 2210 2378 2249 curn
2412 2196 2480 2249 ab
2509 2196 2699 2265 angelo
2724 2197 3048 2265 reprehensa
3095 2197 3166 2251 sit
3190 2211 3288 2252 cur
3315 2197 3452 2252 rise-
3542 2232 3547 2237 -

1867 2290 1954 2354 rit,
1983 2303 2143 2343 causa
2170 2288 2547 2343 inﬁdelitatis?
2570 2290 2728 2344 Risus
2745 2291 2887 2344 enim
2916 2290 3008 2344 ille
3031 2278 3239 2345 etiaiusi
3270 2289 3449 2359 gaudii

1868 2380 1985 2449 fuit,
2011 2384 2182 2451 plena:
2234 2383 2358 2437 fidei
2405 2399 2512 2437 non
2568 2383 2706 2437 fuit:
2740 2384 2881 2438 risus
2929 2392 3106 2438 autem
3154 2383 3455 2437 Abrahmet
3541 2411 3553 2419 -

1869 2476 2125 2545 gaudiiet
2153 2476 2323 2546 plenae
2349 2476 2472 2531 fidei
2496 2476 2613 2542 fuit,
2668 2490 2788 2546 qua:
2815 2476 2889 2530 ita
2940 2473 3372 2541 solvituernia
3401 2481 3458 2530 et

1871 2565 1914 2620 si
1945 2565 2174 2635 primum
2204 2565 2462 2621 duhitavit
2488 2609 2503 2635 ,
2559 2566 2900 2635 postmodum
2958 2576 3135 2621 tamen
3158 2565 3336 2620 verbis
3361 2579 3460 2619 an-

1872 2656 1977 2726 geli
1999 2655 2229 2713 solidata
2274 2666 2358 2711 est
2408 2657 2462 2711 in
2522 2656 2660 2724 fide,
2703 2668 2759 2713 et
2810 2668 3061 2713 evacuata
3109 2654 3460 2712 dubitationis

1875 2761 2058 2816 causa,
2089 2749 2393 2805 introducta
2436 2759 2519 2805 est
2546 2749 2719 2817 tides,
2765 2765 2885 2821 qua:
2926 2750 3079 2806 dedit
3129 2750 3378 2806 virtutem
3406 2750 3461 2808 in

1874 2841 2229 2912 conceptione
2256 2841 2500 2910 seminis,
2526 2857 2649 2913 quia
2666 2842 2776 2913 jarn
2804 2841 3121 2900 mortificata
3137 2852 3254 2899 erat
3280 2852 3464 2910 aetate,

1876 2933 2075 2990 sterilis
2110 2952 2123 2989 :
2154 2934 2357 3004 duplex
2386 2936 2528 2991 enim
2558 2946 2675 2993 erat
2717 2938 3021 3008 prteclusio,
3047 2954 3152 2995 una
3186 2938 3465 3008 temporis,

1878 3036 2131 3087 seuuerat
2154 3028 2353 3098 quippe
2377 3030 2522 3098 jam;
2555 3029 2661 3084 alia
2688 3044 2818 3084 vero
2844 3039 3072 3095 naturae,
3096 3028 3299 3085 sterilis
3319 3027 3466 3083 enim

184 3120 440 3177 habebat.
458 3118 591 3174 Fide
608 3125 897 3174 demoratus
913 3128 987 3173 est
1001 3118 1056 3171 in
1069 3128 1204 3172 terra
1217 3114 1641 3185 repromissionis,
1654 3123 1770 3166 tart-
1806 3143 1853 3208 C
1876 3127 2002 3181 gral,
2031 3133 2047 3171 :
2080 3122 2176 3175 sed
2205 3120 2272 3174 ad
2292 3122 2691 3190 suscipiendum
2719 3127 2775 3175 οι
2802 3120 3139 3175 retinendum
3169 3132 3352 3175 semen
3379 3132 3472 3174 ac.

183 3234 346 3291 quant
363 3219 418 3272 in
442 3219 637 3284 aliena,
651 3216 706 3269 in
731 3214 918 3269 casulis
932 3212 1211 3267 habitando
1232 3227 1350 3266 cum
1372 3209 1526 3266 Isaac
1548 3218 1596 3263 et
1616 3206 1778 3262 Jaeob

186 3311 538 3367 coltwredibtis
560 3307 973 3379 repromissionis
1001 3306 1251 3377 ejusdem.
1282 3302 1473 3358 Casula
1509 3300 1784 3381 diminuti-

188 3418 319 3460 vum
348 3417 537 3458 nomen
561 3411 643 3457 est
668 3416 699 3455 a
728 3413 875 3467 casa,
914 3398 967 3453 id
998 3408 1082 3455 est
1133 3397 1314 3453 domo.
1342 3395 1442 3449 llic
1481 3401 1658 3450 autem
1689 3406 1786 3462 pro

130 3530 143 3535 η
190 3496 444 3551 tentoriis
469 3492 932 3561 tabernaculisque
952 3491 1182 3561 positum
1203 3496 1308 3554 est,
1332 3488 1384 3542 in
1400 3487 1593 3558 quibus
1617 3486 1789 3541 Abra-

192 3585 325 3640 ham
354 3601 475 3641 cum
502 3588 648 3641 Isaac
675 3595 731 3641 et
757 3583 924 3639 Jacob
951 3583 1229 3648 habitavit,
1260 3596 1409 3637 more
1434 3583 1700 3637 viatorum
1734 3587 1791 3634 et

194 3680 629 3750 peregrinorum,
659 3678 856 3733 docens
900 3691 994 3732 eos
1025 3675 1182 3730 fidem
1214 3674 1327 3740 Dei,
1355 3683 1414 3729 ut
1465 3682 1588 3744 pote
1613 3671 1792 3727 cuba:-

196 3771 360 3825 redes
389 3766 761 3838 promissionis
780 3780 914 3823 suae.
943 3766 1016 3822 Ea
1038 3765 1180 3822 enim
1211 3763 1496 3836 promissio
1516 3779 1634 3835 quae
1655 3764 1793 3819 facta

195 3871 289 3920 est
311 3862 377 3917 ad
399 3861 691 3931 Abraham,
722 3860 861 3916 facta
902 3868 987 3916 est
1006 3860 1073 3915 ad
1105 3858 1252 3915 Isaac
1276 3866 1332 3915 et
1352 3858 1540 3924 Jacob,
1570 3871 1793 3915 omnes-

196 3970 309 4027 que
329 3956 487 4011 siu.ul
508 3954 815 4011 cohaeredes
842 3964 968 4010 sunt
995 3955 1049 4009 in
1086 3955 1595 4024 repromissionibus
1621 3955 1794 4009 Abra-

200 4050 324 4115 hae;
347 4047 579 4103 Ahrahre
606 4060 835 4116 namque
864 4044 1062 4099 dictum
1088 4054 1172 4101 est
1199 4061 1214 4099 :
1247 4043 1303 4099 In
1335 4053 1388 4098 te
1414 4045 1797 4099 benedicentur

201 4155 398 4197 omnes
422 4149 613 4211 gentes
636 4148 815 4206 terrae,
843 4146 898 4194 et
927 4138 980 4193 in
1001 4138 1146 4193 lsaac
1170 4137 1447 4193 vocabitur
1470 4138 1561 4191 tibi
1585 4151 1794 4191 semen.

202 4235 292 4292 Ad
319 4234 464 4291 Isaac
489 4244 667 4291 autem
695 4232 1035 4303 :Complens,
1055 4233 1245 4301 inquit,
1268 4230 1406 4286 Deus
1427 4229 1792 4299 juramentum

200 4330 351 4402 quod
375 4329 665 4401 spopondit
687 4328 919 4383 Abrahae
951 4328 1087 4396 patri
1140 4335 1231 4380 tuo
1265 4344 1277 4379 :
1319 4325 1679 4394 Multiplicabo
1708 4338 1798 4379 se-

199 4435 333 4477 men
362 4430 509 4474 tuum
550 4418 686 4473 sicut
714 4420 895 4472 stellas
924 4416 1067 4481 (mli,
1118 4416 1363 4486 daboque
1416 4417 1644 4484 posreris
1698 4417 1802 4471 tuis

1882 3214 2025 3283 cepit
2047 3213 2317 3268 virtutem.
2346 3213 2594 3266 Mulieres
2619 3225 2850 3279 namque
2869 3226 2937 3266 ex
2961 3211 3173 3267 duabus
3202 3209 3473 3280 praecipuo

1884 3307 2047 3360 rebus
2070 3305 2280 3359 steriles
2299 3318 2418 3358 esse
2443 3303 2639 3369 solent,
2664 3303 2779 3360 sive
2806 3306 2931 3375 quia
2956 3305 3010 3360 in
3038 3304 3193 3359 vulva
3220 3304 3474 3365 virtutem

1887 3395 2083 3451 caloris
2109 3411 2215 3449 non
2241 3394 2463 3461 habent,
2489 3410 2594 3465 qua
2618 3404 2927 3465 escoquaut
2971 3410 3156 3452 semen
3187 3397 3307 3468 viri,
3348 3398 3394 3454 si
3418 3399 3475 3454 in

1890 3501 2220 3543 senecmtem
2271 3488 2461 3552 venit,
2504 3502 2626 3543 cum
2680 3488 2932 3545 deticiunt
2991 3490 3311 3556 muliebria;
3355 3490 3476 3548 sive

1890 3582 2103 3652 quando
2146 3582 2305 3635 vulva
2333 3578 2673 3635 concluditur
2693 3580 2853 3635 etiam
2880 3583 2935 3636 in
2955 3580 3258 3651 juventute,
3286 3590 3343 3637 ttt
3367 3596 3479 3639 non

1891 3676 2071 3731 veniat
2098 3689 2284 3731 semen
2313 3674 2381 3729 ad
2412 3673 2528 3731 loca
2556 3675 2946 3746 conceptionis.
2970 3676 3171 3733 Contra
3196 3692 3317 3749 qua;
3339 3677 3483 3734 Deus

1893 3767 2043 3823 dedit
2064 3767 2343 3834 virtutem,
2369 3764 2469 3821 hoc
2489 3775 2596 3834 est,
2626 3778 2813 3822 contra
2860 3768 3201 3824 sterilitatem
3228 3778 3283 3825 et
3326 3782 3484 3825 sene-

1894 3869 2118 3916 ctutem.
2145 3859 2228 3915 Ad
2256 3860 2431 3915 locum
2461 3865 2663 3916 etenim
2684 3860 3056 3930 couceptionis
3085 3863 3217 3918 satis
3240 3862 3485 3934 pervenit

1897 3968 2105 4019 semen,
2138 3962 2192 4008 et
2222 3964 2502 4023 postquam
2527 3954 2789 4024 pervenit,
2844 3953 2993 4010 dedit
3018 3963 3203 4025 partus
3232 3955 3482 4011 solidita-

1904 4055 2010 4102 tem
2040 4045 2276 4114 mulieri,
2313 4046 2619 4115 factumque
2646 4056 2750 4113 est,
2779 4055 2839 4101 ut
2883 4046 3006 4101 tidei
3044 4047 3318 4103 soliditate
3347 4048 3489 4106 uteri

1900 4140 2130 4197 insolida
2156 4140 2593 4194 confortarentur
2616 4178 2634 4205 ,
2663 4146 2721 4193 et
2748 4139 2926 4193 omnia
2970 4140 3253 4208 possibilia
3298 4142 3490 4196 tierent

1902 4231 2164 4288 credenti.
2182 4229 2363 4299 Propt.
2376 4246 2404 4284 r
2422 4231 2559 4299 quod
2586 4238 2633 4284 et
2656 4235 2720 4282 ab
2734 4244 2838 4283 uno
2854 4230 2954 4282 orti
2975 4240 3115 4291 sunt.
3132 4239 3178 4284 et
3205 4229 3302 4282 hoc
3321 4245 3493 4283 entor-

1903 4337 2011 4389 tuo,
2034 4336 2275 4393 tanquam
2301 4323 2470 4375 sidera
2497 4322 2611 4375 creti
2630 4322 2685 4374 in
2702 4320 3099 4387 multitudinem,
3116 4330 3164 4375 et
3184 4322 3314 4377 sicut
3333 4338 3494 4379 arena

1903 4432 2019 4487 qua:
2042 4425 2117 4470 est
2158 4416 2226 4467 ad
2254 4429 2398 4468 oram
2423 4414 2581 4468 maris
2604 4452 2622 4482 ,
2655 4412 3060 4468 innumerabilis.
3103 4414 3329 4485 Propter
3358 4414 3494 4486 hoc,

202 4515 486 4570 universas
515 4513 763 4582 regiones
794 4511 911 4565 has.
942 4508 1022 4565 Ad
1046 4508 1210 4565 Jaeoh
1257 4524 1470 4579 quoque
1508 4509 1800 4581 dixit:Ego
1828 4519 1882 4581 1)
1908 4509 2100 4580 inquit,
2131 4508 2255 4579 quia
2296 4517 2521 4577 uterque
2552 4521 2734 4563 veram
2766 4506 2947 4564 habuit
2994 4507 3176 4577 fidem,
3220 4510 3495 4567 Abraham

206 4608 357 4661 Deus
410 4606 783 4676 omnipotens:
818 4620 1063 4662 crescere
1111 4613 1167 4661 et
1212 4604 1566 4674 multiplicare
1610 4604 1799 4660 faciam

202 4705 401 4771 gentes
424 4713 489 4754 ex
515 4707 587 4767 te,
629 4699 873 4770 daboque
925 4698 1016 4755 tibi
1051 4711 1247 4755 terram
1278 4712 1437 4770 quam
1462 4697 1604 4761 ;dedi
1633 4699 1803 4755 Abra-

205 4793 335 4847 ham
392 4801 445 4847 et
473 4792 639 4847 Isaac.
669 4791 810 4848 Ecce
836 4793 1103 4861 quomodo
1130 4806 1318 4847 omnes
1346 4792 1656 4847 colueredes
1677 4800 1805 4848 sunt

207 4887 279 4941 in
297 4886 739 4955 promissionihus
767 4885 1018 4941 Abrahae.
1036 4886 1334 4941 Notandum
1366 4895 1544 4941 autem
1568 4894 1651 4942 est
1679 4887 1803 4957 quia

211 4978 346 5033 lides
379 4978 607 5033 Abralire
630 4978 934 5048 duplicatur
961 4992 1058 5048 pro
1082 4978 1447 5049 magnitudine
1474 4978 1630 5033 lidei:
1659 4979 1803 5035 unde

211 5080 272 5128 ει
291 5080 455 5141 caput
477 5072 598 5127 titlei
628 5072 843 5126 dicitur.
877 5071 1007 5126 Nam
1059 5072 1195 5126 sicut
1232 5071 1335 5126 tide
1375 5073 1539 5127 exivit
1567 5072 1636 5127 de
1663 5083 1802 5129 terra

211 5178 338 5228 sua,
367 5164 613 5219 nesciens
633 5179 738 5233 quo
762 5163 896 5229 iret,
933 5164 1009 5217 sic
1034 5162 1136 5217 lide
1174 5163 1371 5217 mansit
1397 5172 1452 5219 et
1500 5165 1808 5219 demoratus

214 5262 301 5309 est
326 5255 379 5308 in
413 5263 553 5310 terra
581 5269 699 5322 sua,
730 5255 882 5324 quasi
914 5254 967 5309 in
1006 5255 1218 5309 aliena:
1257 5254 1384 5309 vidit
1415 5254 1581 5309 filium
1625 5254 1700 5309 ibi
1752 5265 1810 5312 ut

216 5347 556 5416 peregrinum
579 5345 938 5413 habitantem;
964 5346 1094 5401 vidit
1116 5357 1387 5417 nepotem,
1414 5348 1545 5401 vidit
1569 5347 1803 5416 seipsum

218 5455 272 5493 in
295 5437 467 5494 aliena
510 5445 650 5493 terra
706 5440 1131 5509 peregrinantem
1164 5484 1178 5508 ,
1236 5447 1290 5495 et
1339 5440 1471 5495 nihil
1521 5441 1805 5509 turbatur;

222 5546 526 5601 quanquam
550 5531 617 5586 ad
649 5532 820 5602 ipsum
844 5532 1046 5588 dictum
1074 5543 1218 5590 esset
1245 5551 1258 5588 :
1285 5533 1416 5600 Quia
1450 5535 1541 5588 tibi
1573 5535 1711 5588 dabo
1753 5540 1808 5586 et

225 5621 551 5690 semiuituo,
588 5630 766 5678 tamen
806 5640 978 5696 neque
1023 5626 1159 5696 ipse,
1185 5642 1357 5696 neque
1408 5627 1572 5692 Isaac,
1633 5641 1807 5696 neque

229 5712 393 5771 lacob
421 5714 581 5786 positi
605 5722 731 5772 sunt
759 5717 816 5773 in
835 5717 975 5774 hanc
1007 5720 1436 5790 promissionem,
1466 5720 1561 5778 sed
1588 5733 1809 5779 succes-

164 5868 207 5901 I/

1910 4602 2181 4670 videlicet,
2208 4609 2263 4657 et
2286 4601 2441 4669 Sara,
2465 4602 2533 4655 ab
2564 4615 2670 4655 uno
2718 4615 2948 4671 corpore
3001 4602 3233 4659 Abrahae
3263 4611 3320 4660 et
3346 4602 3499 4659 Sara

1909 4700 2013 4755 orti
2036 4706 2160 4752 sunt
2185 4696 2607 4752 innumerabiles
2634 4695 2837 4765 populi.
2875 4696 2967 4752 His
3012 4696 3193 4753 verbis
3219 4697 3386 4752 voluit
3408 4712 3498 4754 os-

1912 4794 2135 4849 tendere
2165 4793 2287 4863 quia
2320 4808 2426 4848 non
2455 4794 2627 4847 solum
2654 4790 2838 4862 genuit
2859 4790 3011 4859 Sara,
3036 4807 3221 4848 verum
3252 4793 3412 4849 etiam
3441 4802 3501 4851 et

1912 4886 2095 4955 plures
2143 4899 2303 4953 quam
2337 4884 2514 4952 aliqua
2564 4882 2914 4938 fecundarum
2964 4883 3273 4938 mulierum.
3321 4884 3498 4941 Unum

1911 4986 2088 5029 autem
2109 4988 2304 5045 corpus
2327 4975 2458 5029 dicit
2479 4974 2677 5030 habere
2698 4974 2838 5039 illos,
2870 4983 3086 5045 prapter
3125 4973 3226 5031 hoc
3250 4975 3391 5045 quod
3416 4976 3501 5031 di-

1912 5068 2053 5125 citur
2081 5068 2134 5123 in
2157 5068 2352 5123 Genesi
2386 5086 2398 5121 :
2425 5068 2559 5136 Quia
2587 5077 2746 5124 erunt
2772 5068 2879 5123 duo
2901 5070 2954 5124 in
2977 5084 3141 5125 carne
3165 5085 3292 5124 una.
3334 5070 3503 5126 Addi-

1912 5164 1990 5218 dit
2016 5178 2229 5233 quoque
2258 5162 2434 5217 adhuc
2467 5180 2479 5215 :
2522 5163 2588 5218 Et
2617 5162 2741 5230 hoc,
2772 5163 3039 5232 inquiens,
3079 5178 3306 5234 corpore
3329 5179 3505 5220 emor-

1914 5264 2005 5311 tuo
2036 5255 2145 5309 nati
2183 5262 2332 5323 sunt,
2359 5271 2463 5310 non
2486 5255 2592 5310 vita
2620 5263 2852 5320 mortuo,
2900 5255 2995 5310 sed
3044 5257 3272 5311 semine.
3323 5257 3503 5315 Senex

1916 5345 2061 5401 enim
2094 5345 2256 5401 homo
2280 5361 2465 5402 semen
2491 5346 2708 5417 quidem
2728 5346 2950 5403 fundere
2969 5357 3162 5416 potest,
3196 5348 3288 5403 sed
3320 5359 3502 5407 tamen

1916 5438 2189 5493 soliditate
2242 5440 2463 5493 seminis
2491 5447 2672 5506 caret,
2710 5446 2769 5492 ut
2816 5437 2953 5492 filios
2982 5453 3269 5507 procreare
3308 5441 3501 5511 possit,

1916 5531 2018 5586 nisi
2048 5528 2185 5586 forte
2205 5531 2273 5585 de
2296 5531 2716 5597 adolescentula,
2750 5540 2807 5585 ut
2835 5530 2927 5585 alii
2948 5532 3149 5588 ferunt.
3182 5533 3335 5589 Sicut
3368 5534 3504 5591 side-

1918 5639 1975 5678 ra
2006 5626 2152 5688 coeli,
2184 5624 2271 5679 vel
2300 5640 2462 5681 arena
2496 5625 2680 5691 mai-is,
2730 5624 3104 5695 hyperbolicos
3152 5627 3349 5682 dictum
3397 5635 3503 5684 est.

1918 5718 2021 5777 Per
2077 5720 2251 5779 sidera
2297 5720 2623 5789 autem_cre|i
2654 5760 2670 5791 ,
2724 5718 2850 5779 boni
2897 5719 3228 5797 intelligendi
3269 5730 3393 5784 sunt
3436 5734 3516 5807 es,
