3968 6354
511 296 616 351 7135

1651 286 1943 343 ΡῐιιΜΑδιι
1987 283 2435 341 ADRUMETANI
2489 284 2700 339 EPISC.

3726 260 3811 337 7?:
3836 292 3853 337 ξ

514 425 739 483 utroque
766 411 964 484 populo
984 411 1078 467 lilii
1112 408 1458 478 Abrabte‘per
1497 407 1678 463 (idem.
1730 409 1797 459 At
1836 419 1963 460 vero
1988 419 2081 473 per
2110 404 2159 462 Δ
2188 409 2503 471 przesenlem
2552 400 2605 453 in
2649 399 2867 455 mundo.
2932 398 3245 456 Salutabant
3292 400 3525 455 easdem
3578 414 3851 467 qucque

514 522 734 562 arenam
767 507 931 561 maris
956 504 1169 574 reprobi
1197 503 1528 572 accipiuntur
1550 517 1613 555 ex
1640 502 1861 555 .lutlaico
1894 500 2090 567 populo

516 598 611 652 ﬁlii
638 596 870 652 Abrahae
894 611 988 665 per
1018 609 1252 658 carnem,
1301 594 1390 662 qui
1446 603 1655 646 terrena
1705 606 1917 659 semper
1945 605 2091 659 qua:-

514 698 721 753 rentes,
748 688 981 758 pondere
1023 694 1363 755 peccatorum
1413 694 1717 753 gravantur.
1771 682 1881 737 Etsi
1924 684 2091 737 stella:

518 781 638 837 coeli
664 823 680 848 ,
710 780 825 837 sive
852 795 1011 835 arena
1038 779 1229 843 maris,
1268 780 1347 832 vel
1389 778 1547 832 etiam
1588 778 1662 832 illi
1702 779 1791 849 qui
1832 778 2091 847 designati

519 883 643 929 sunt
667 888 759 943 per
788 872 925 936 haec,
974 870 1390 926 innumerabiles
1427 880 1568 937 sunt,
1608 872 1716 923 Deo
1755 879 1953 934 autem,
2008 870 2093 924 cui

520 964 699 1025 omnia
732 971 933 1031 patent,
954 962 1317 1017 numerabiles
1338 961 1593 1015 existunt.
1627 963 1789 1015 Juxta
1818 963 1993 1029 ﬁdem.
2041 961 2095 1017 ld

521 1063 621 1117 est,
646 1067 767 1107 cum
792 1052 915 1107 ﬁde.
958 1051 1199 1121 Defuncti
1226 1062 1340 1105 sunt
1388 1068 1559 1106 omnes
1597 1053 1703 1119 isti,
1750 1069 1850 1106 non
1878 1054 2095 1123 acceptis

522 1148 1019 1216 repromissionibus,
1048 1148 1135 1202 sed
1161 1164 1191 1200 a
1224 1148 1371 1216 longe
1394 1164 1479 1201 eas
1516 1149 1833 1217 aspicientes,
1874 1158 1919 1202 et
1955 1152 2094 1203 salu—

524 1248 707 1305 tantes,
734 1249 781 1293 et
831 1239 1125 1306 conﬁtentes
1171 1238 1290 1307 quia
1331 1239 1582 1307 peregrini
1640 1248 1687 1291 et
1729 1239 1947 1305 hospites
1984 1248 2099 1292 sunt

513 1339 906 1400 superiectum.
943 1329 1043 1395 Qui
1070 1330 1202 1383 enim
1233 1328 1340 1382 haec
1364 1329 1557 1383 diluat.
1592 1328 1823 1384 Subaudi
1854 1332 1976 1398 quia
2005 1345 2099 1399 pe-

526 1424 725 1494 regrini
748 1433 1051 1507 suntsuper
1069 1432 1292 1477 terram.
1326 1421 1631 1490 Signiﬁcant
1658 1440 1710 1476 se
1758 1424 1976 1492 patriam
2022 1426 2102 1478 in-

492 1510 748 1589 ‘quirere.
782 1518 897 1573 Etsi
916 1520 1121 1589 quidem
1143 1520 1303 1574 illius.
1329 1520 1567 1574 Subaudi
1624 1530 1804 1575 terrm.
1840 1519 2096 1573 Meminis-

527 1624 659 1682 sent,
687 1616 751 1668 de
779 1631 880 1684 qua
914 1616 1167 1679 exierunt,
1202 1615 1446 1669 habebant
1492 1614 1663 1683 utique
1707 1623 1901 1683 tempus
1940 1629 2103 1667 rever-

530 1705 690 1758 tendi.
721 1703 876 1758 Nunc
903 1714 1087 1759 autent.
1133 1704 1264 1758 Dum
1305 1704 1494 1759 nolunt
1540 1703 1737 1760 reverti
1777 1704 1843 1759 ad
1872 1719 1989 1759 eam
2038 1704 2104 1759 de

2196 493 2597 561 promissioni-.5,
2650 491 2700 545 id
2741 501 2822 546 est
2863 491 3288 561 optabant,sicut
3328 492 3608 545 Dominus
3646 491 3749 543 ait
3790 494 3849 543 in

2195 584 2489 654 Evangelia
2524 602 2535 635 :
2588 582 2737 637 Multi
2788 596 2943 652 reges
2975 592 3030 637 et
3063 586 3334 651 prepheta:
3386 582 3719 651 cupierunt
3760 583 3845 635 ri-

2195 678 2324 734 dere
2345 693 2463 748 quae
2511 691 2605 732 vos
2659 675 2850 730 videtis
2882 718 2894 741 ,
2931 686 2985 730 et
3038 692 3141 730 non
3190 676 3484 741 viderunt;
3526 683 3589 729 et
3616 675 3843 727 audire

2195 784 2315 838 qum
2363 768 2579 831 auditis,
2619 776 2673 822 et
2723 782 2828 822 non
2859 766 3160 821 audierunt.
3196 765 3273 819 Ex
3299 766 3635 835 metaphora
3655 764 3837 818 navi—

2195 858 2600 929 gantiumdixit,
2616 858 2929 925 salutantes,
2949 857 3085 927 quia
3106 858 3257 925 longe
3281 856 3711 926 prospicientes
3738 855 3835 910 de-

2198 950 2469 1005 sideratas
2495 950 2761 1014 civitates,
2790 958 3073 1019 antequam
3098 948 3489 1018 ingrediantur,
3528 962 3634 1002 eas
3666 948 3828 1001 salu-

2200 1046 2403 1099 tatione
2427 1042 2785 1115 praeveniunt,
2809 1056 3009 1111 easque
3052 1041 3155 1095 sibi
3195 1041 3493 1095 familiares
3529 1040 3824 1094 efﬁciunt.

2200 1135 2555 1204 Aspiciebant
2579 1144 2757 1189 autem
2806 1134 2858 1188 in
2890 1133 2994 1187 ﬁde
3037 1133 3163 1187 istas
3194 1131 3629 1201 promissiones,
3668 1131 3824 1184 sala-

2200 1230 2383 1284 tabant
2408 1228 2699 1297 desiderio,
2730 1228 3119 1283 conﬁtebantur
3146 1242 3419 1294 sermone,
3473 1225 3637 1295 quod
3674 1224 3817 1292 peri-

2200 1322 2335 1390 griui
2385 1331 2587 1386 essent,
2629 1320 2775 1391 juxta
2800 1320 2942 1390 quod
2994 1319 3271 1373 Psalmista
3314 1318 3493 1372 dicit:
3531 1317 3813 1383 Quoniam

2203 1414 2499 1483 perigrinus
2522 1428 2638 1467 sum
2667 1412 2808 1481 apud
2836 1422 2909 1479 te,
2942 1413 3077 1466 sicut
3104 1426 3291 1465 omnes
3314 1418 3506 1479 patres
3533 1409 3677 1462 mei.
3718 1407 3815 1462 Pe-

2205 1505 2452 1574 regrinus
2478 1519 2507 1557 a
2530 1518 2753 1573 peregre
2775 1543 2791 1569 ,
2844 1503 2894 1557 id
2924 1510 3007 1557 est
3031 1517 3062 1557 a
3090 1502 3244 1571 longe
3282 1500 3709 1569 proﬁciscendo
3732 1500 3810 1553 di-

2205 1607 2322 1653 ctus
2366 1606 2485 1651 est:
2533 1610 2821 1666 peragrare
2869 1598 3047 1661 enim,
3095 1591 3477 1663 perambulare
3523 1590 3807 1645 dicimus:

2206 1704 2325 1744 nam
2356 1688 2408 1743 in
2450 1686 2810 1742 tabernaculis
2836 1686 3165 1751 habitabant,
3205 1686 3295 1755 qui
3323 1684 3597 1753 sepulcra
3646 1698 3805 1753 pecu.

520 1812 632 1865 .qna
649 1797 916 1862 exierunt,
934 1797 1029 1852 scd
1057 1805 1332 1853 morantur
1354 1799 1405 1852 in
1421 1797 1616 1863 aliena,
1646 1797 1796 1866 quasi
1813 1796 2098 1867 peregrini.

2213 1780 2307 1834 niis
2330 1780 2598 1834 emebant.
2627 1777 2917 1832 Notumest
2937 1775 3203 1847 quomodo
3222 1775 3500 1844 peregrini
3525 1784 3717 1840 eram,
3734 1774 3807 1828 ia~

533 1889 798 1943 Meliorem
823 1900 1090 1961 appetunt,
1123 1891 1176 1944 id
1197 1901 1271 1945 est
1313 1892 1577 1945 cretestem.
1605 1891 1719 1945 Duo
1740 1890 1979 1960 quaedam
2013 1890 2096 1945 hic

532 1984 1119 2055 diguumestquaerere.
1134 1984 1267 2040 Cum
1288 1985 1429 2039 enim
1446 1999 1604 2055 supra
1627 1985 1852 2041 dixisset
1876 2001 1887 2037 :
1916 1983 2105 2038 Trans-

530 2078 668 2133 latus
698 2086 781 2135 est
816 2079 1024 2145 Enoch,
1057 2088 1246 2134 etnon
1284 2080 1579 2145 videbatur,
1611 2094 1678 2134 ne
1720 2077 1927 2133 videret
1964 2093 2104 2132 mor-

532 2179 659 2238 tem,
695 2171 781 2225 bic
803 2170 933 2227 dicit
964 2190 975 2225 :
1000 2171 1133 2237 Quia
1157 2172 1451 2227 secundum
1469 2172 1623 2227 ﬁdem
1647 2186 1833 2227 omnes
1856 2170 1940 2224 isti
1963 2185 2105 2224 mor-

531 2265 604 2319 tui
632 2274 776 2320 sunt.
813 2264 1019 2335 Etcum
1042 2266 1237 2322 iterum
1282 2265 1502 2321 dixisset
1528 2282 1541 2318 :
1564 2265 1676 2319 Non
1708 2264 1976 2332 accepisse
2012 2275 2105 2316 eos

530 2356 998 2425 repromissiones,
1032 2356 1125 2412 sed
1176 2372 1206 2410 a
1238 2356 1392 2424 longe
1422 2371 1512 2411 eas
1542 2356 1838 2425 aspexisse,
1864 2354 2106 2422 superius

529 2448 664 2503 dixit
687 2447 755 2502 de
775 2447 939 2504 Abel:
964 2448 1096 2515 Quia
1126 2448 1485 2503 testimonium
1498 2455 1811 2503 consecutus
1832 2457 1938 2512 est,
1961 2447 2103 2516 quod

530 2547 677 2593 esset
692 2538 887 2608 justus.
907 2538 973 2594 Et
1000 2538 1067 2593 de
1096 2537 1303 2604 Enocb,
1321 2539 1442 2608 quia
1472 2537 1756 2595 translatus
1778 2546 1877 2592 est.
1898 2538 1971 2592 De
1996 2537 2107 2593 Noe

530 2644 765 2700 quoque,
793 2628 913 2700 quia
938 2630 1173 2686 salvatus
1200 2640 1283 2686 est
1306 2631 1749 2686 condemnatione
1796 2629 1998 2683 mundi.
2036 2631 2107 2684 De

530 2720 802 2779 Abraham
849 2722 1191 2777 nihilominus
1211 2722 1373 2778 etiam
1403 2720 1550 2776 lsaac
1580 2721 1830 2789 ctJacob,
1858 2720 1985 2776 nulli
2011 2721 2109 2775 du-

530 2811 676 2868 bium
705 2813 834 2883 quin
889 2813 1143 2883 plurimas
1193 2814 1575 2883 promissiones
1624 2822 1729 2867 tam
1781 2813 1848 2867 de
1896 2811 2108 2868 Christo

532 2921 690 2974 quam
722 2908 788 2963 de
830 2915 969 2969 terra
1011 2907 1438 2976 repromissionis
1473 2906 1795 2975 acceperint.
1825 2905 1953 2971 Quae
2003 2906 2108 2959 duo

533 2996 836 3066 hujusmodi
868 2998 1187 3054 solutionem
1215 3005 1423 3068 gerunt,
1444 2998 1585 3067 quod
1604 2998 1772 3065 primo
1787 2996 1921 3051 dixit
1942 2996 2108 3051 :.Om-

539 3105 633 3155 nes
667 3090 755 3146 isti
786 3089 979 3145 mortui
1002 3100 1129 3145 sunt
1152 3104 1271 3146 cum
1302 3089 1427 3156 ﬁde,
1460 3090 1530 3144 ita
1555 3097 1639 3143 est
1666 3088 2065 3158 intelligendum
2091 3105 2104 3140 :

2207 1888 2410 1935 tantum
2456 1888 2511 1932 ut
2540 1878 2696 1933 etiam
2731 1875 2821 1930 ubi
2865 1890 2990 1930 suos
3042 1873 3331 1945 sepelirent
3386 1882 3655 1925 mortuos
3706 1886 3801 1925 non

2207 1974 2494 2029 haberent.
2524 1956 2861 2040 Quapropter
2880 1971 3055 2039 primo
3080 1968 3281 2038 justius
3330 1976 3418 2021 est
3452 1966 3801 2035 peregrinum

2207 2082 2327 2121 esse
2356 2064 2540 2120 mundi
2566 2063 2723 2133 hujus
2767 2073 2819 2117 et
2847 2062 3112 2131 hospitem
3138 2100 3152 2127 ,
3204 2058 3453 2127 nihilque
3506 2071 3801 2111 commune

2210 2160 2407 2215 habere
2433 2173 2552 2213 eum
2568 2158 2782 2226 regibus
2815 2156 2973 2225 hujus
3013 2153 3215 2222 saeculi,
3260 2153 3542 2207 removeri
3588 2153 3659 2206 ab
3704 2153 3797 2216 eis,

2210 2252 2348 2306 sicut
2375 2251 2709 2321 peregrinus.
2752 2247 2881 2301 Ideo
2929 2264 3030 2301 non
3079 2246 3445 2316 confunditur.
3479 2245 3541 2299 ld
3583 2256 3795 2300 estnon

2209 2342 2497 2397 erubescit.
2522 2339 2657 2394 Deus
2679 2339 2848 2392 vocari
2870 2336 3006 2392 Deus
3032 2338 3260 2391 illorum.
3286 2334 3507 2388 Paravit
3540 2338 3680 2388 enim
3704 2336 3796 2389 illis

2210 2438 2481 2491 civitatem.
2511 2434 2652 2501 Ideo,
2690 2433 2882 2504 inquit,
2914 2434 3036 2503 quia
3072 2432 3147 2486 illi
3177 2432 3285 2486 Deo
3313 2431 3700 2495 crediderunt,
3724 2431 3799 2484 ni-

2211 2530 2390 2599 hilque
2416 2529 2481 2583 de
2507 2527 2737 2582 terrenis
2774 2526 2873 2580 sibi
2895 2533 3375 2596 prazsumpserunt,
3428 2525 3498 2578 ad
3530 2525 3641 2578 hoc
3666 2534 3720 2577 ut
3749 2525 3795 2576 in

2210 2625 2314 2679 illis
2336 2639 2485 2694 spem
2518 2637 2665 2677 suam
2699 2630 2977 2691 ponerent,
3034 2619 3231 2675 idcirco
3258 2633 3365 2674 non
3386 2618 3670 2674 erubescit
3689 2632 3799 2671 om-

2210 2718 2457 2786 nipotens
2509 2715 2650 2770 Deus
2681 2713 2861 2769 vocari
2893 2712 3031 2767 Deus
3062 2713 3292 2767 illorum.
3343 2710 3435 2767 Sic
3483 2711 3638 2765 enim
3691 2710 3801 2778 ipse

2209 2808 2340 2865 dixit
2373 2825 2385 2860 :
2419 2807 2529 2877 Ego
2553 2820 2668 2859 sum
2696 2805 2838 2859 Deus
2863 2802 3151 2867 Abraham,
3175 2802 3316 2857 Deus
3348 2801 3511 2869 Isaac,
3545 2812 3607 2856 et
3659 2801 3803 2855 Deus

2210 2900 2393 2965 Iacob,
2429 2914 2523 2968 per
2552 2898 2708 2953 ﬁdem
2738 2897 2984 2952 videlicet
3004 2904 3057 2950 et
3084 2896 3204 2949 vita:
3234 2895 3483 2949 meritum.
3514 2892 3616 2947 Sic
3646 2892 3805 2947 enim

2212 2990 2556 3062 gloriﬁcatur,
2588 2986 2800 3058 quando
2830 2986 3180 3055 benignorum
3210 2993 3254 3037 et
3293 2983 3617 3049 optimorum
3671 2982 3800 3033 bo—

2215 3083 2415 3138 minum
2445 3081 2585 3134 Deus
2634 3087 2885 3144 vocatur,
2940 3086 2995 3132 et
3041 3074 3318 3130 colentium
3360 3072 3624 3126 \irtutem
3659 3087 3678 3124 ι
3715 3071 3803 3126 sic

524 3183 735 3243 Omnes
766 3182 853 3239 isti
881 3184 1079 3241 mortui
1111 3193 1254 3250 sunt,
1289 3191 1485 3251 praeter
1511 3182 1684 3236 solum
1717 3181 1919 3247 Enoch,
1949 3196 2106 3251 quem
2135 3179 2181 3243 C
2212 3173 2509 3229 ccontrario
2532 3170 2869 3225 confunditur
2912 3178 2966 3225 et
2997 3168 3261 3223 erubescit
3286 3164 3499 3234 ineptiis
3526 3163 3797 3218 nefando-

538 3276 785 3330 novimus
805 3288 925 3331 esse
956 3274 1291 3337 translatum.
1324 3272 1476 3341 Quod
1508 3288 1636 3329 vero
1662 3271 1959 3337 subintulit,
2003 3287 2107 3327 non

535 3368 807 3438 accepisse
834 3382 928 3424 eos
943 3368 1413 3439 repromissiones,
1442 3369 1784 3423 manifestum
1799 3373 1883 3421 est
1906 3366 2025 3436 quia
2056 3366 2110 3421 in

534 3459 851 3531 quibusdam
881 3461 1040 3517 rebus
1069 3469 1412 3532 acceperunt,
1446 3460 1501 3515 in
1524 3458 1845 3530 quibusdam
1868 3458 2109 3525 minime,

534 3568 709 3625 neque
736 3552 1137 3623 plenitudinem.
1171 3554 1392 3622 Accepit
1414 3552 1677 3622 siquidem
1710 3552 1911 3620 Enoch,
1941 3567 2008 3607 ne
2029 3553 2110 3606 vi-

537 3643 689 3698 deret
712 3654 960 3711 mortem,
983 3644 1188 3714 accepit
1208 3643 1342 3708 Noe,
1374 3652 1431 3698 ut
1454 3642 1771 3711 salvaretur,
1792 3650 2116 3711 acceperunt

535 3745 589 3790 et
618 3735 694 3788 illi
717 3736 949 3804 plurimi.
996 3734 1099 3790 Sed
1132 3734 1247 3790 brec
1267 3734 1511 3804 quaedam
1534 3735 1813 3791 erantillis
1840 3734 2112 3804 libamina,

537 3827 783 3897 quzrdam
812 3836 966 3883 erant
1016 3836 1071 3883 et
1127 3828 1316 3899 prima:
1344 3829 1749 3898 degustationes
1789 3829 2112 3895 futurorum,

538 3934 644 3973 non
677 3919 948 3988 plenitudo
982 3920 1419 3989 promissionum.
1452 3920 1593 3976 Deus
1618 3921 1762 3976 enim
1810 3936 1914 3975 non
1944 3922 2117 3977 solum

541 4026 661 4079 qua:
693 4011 865 4065 futura
892 4019 1017 4067 sunt
1045 4012 1195 4067 nobis
1227 4012 1470 4081 largitur,
1500 4011 1593 4067 sed
1619 4012 1783 4067 etiam
1811 4027 1929 4083 qua:
1956 4012 2116 4082 hujus

542 4103 667 4157 vitm
695 4104 1131 4160 suntnecessaria
1160 4112 1399 4174 praestat,
1432 4104 1570 4159 sicut
1592 4104 1869 4175 discipulis
1897 4106 2008 4160 suis
2038 4106 2120 4161 di-

540 4195 693 4251 ccbat
724 4213 737 4249 :
770 4196 1007 4253 Primum
1028 4195 1488 4267 quaeriteregnum
1509 4197 1601 4253 Dei
1622 4206 1676 4252 et
1694 4198 1955 4268 justitiam
1978 4197 2115 4268 ejus,

540 4295 593 4343 et
621 4288 736 4343 hmo
790 4288 990 4357 omnia,
1025 4289 1339 4358 temporalia
1368 4330 1383 4357 ,
1437 4289 1753 4359 inquantum
1786 4290 1936 4344 vobis
1957 4304 2119 4357 expe-

539 4386 712 4453 diunt,
735 4385 1050 4456 adjicientur
1071 4386 1241 4442 vobis.
1267 4385 1324 4440 in
1347 4384 1448 4441 hoc
1469 4385 1643 4453 enim,
1669 4384 1791 4456 quia
1815 4385 1869 4439 in
1896 4398 2122 4454 praesen-

543 4480 580 4533 ti
607 4479 804 4534 saeculo
833 4494 900 4533 ex
950 4486 1103 4548 parte
1152 4477 1366 4534 laudem
1414 4478 1638 4548 justitia:
1686 4485 2118 4547 promeruerunt,

2211 3283 2363 3331 rum,
2416 3266 2460 3320 si
2510 3265 2786 3320 invocetur
2815 3264 2881 3318 ab
2910 3263 3016 3318 illis
3048 3279 3063 3317 :
3097 3262 3237 3317 unde
3266 3261 3390 3315 dicit
3421 3274 3517 3329 per
3544 3259 3794 3328 prephe-

2211 3364 2317 3412 tam
2348 3370 2363 3410 :
2395 3355 2493 3410 Per
2514 3369 2608 3409 vos
2640 3368 2835 3409 nomen
2866 3369 3041 3408 meum
3070 3353 3473 3422 blasphematur
3494 3351 3641 3405 inter
3665 3364 3793 3419 gen-

2212 3458 2313 3504 tes.
2345 3449 2421 3503 llli
2445 3455 2620 3502 autem
2653 3460 2805 3502 erant
2830 3448 2901 3501 ita
2924 3447 3058 3501 clari
3088 3446 3391 3514 virtutibus,
3425 3445 3500 3499 ita
3521 3443 3789 3499 conﬁden-

2214 3541 2287 3596 tia
2309 3540 2469 3610 pleni,
2494 3547 2552 3593 ut
2582 3554 2686 3592 non
2716 3536 3158 3605 confunderetur,
3199 3536 3291 3592 sed
3324 3535 3508 3605 potius
3536 3534 3787 3606 gloriﬁca-

2214 3642 2399 3699 retur,
2456 3646 2578 3685 cum
2625 3631 2836 3685 illorum
2880 3639 3162 3685 vocaretur
3212 3628 3373 3683 Deus.
3440 3626 3585 3681 Dicit
3624 3635 3783 3679 autem

2214 3722 2556 3792 generaliter,
2590 3721 2731 3777 Deus
2762 3729 2939 3785 terrae,
2971 3730 3027 3775 et
3076 3721 3213 3776 Deus
3241 3720 3394 3783 cteli,
3449 3717 3710 3789 siquidem
3738 3726 3788 3770 et

2217 3814 2358 3869 Deus
2387 3815 2621 3883 gentium
2649 3856 2662 3881 ,
2694 3822 2749 3869 et
2776 3828 2882 3869 non
2915 3813 3088 3868 solum
3118 3813 3374 3882 gentium,
3399 3810 3501 3867 sed
3531 3812 3690 3865 etiam
3719 3819 3788 3861 to-

2216 3907 2324 3961 tius
2348 3905 2566 3973 mundi,
2591 3921 2657 3962 eo
2680 3906 2821 3976 quod
2851 3906 2966 3974 ipse
2984 3905 3221 3961 condidit
3247 3904 3449 3961 omnia.
3481 3903 3786 3959 Sanctorum

2219 4014 2346 4053 vero
2376 3998 2587 4053 illorum
2636 4012 2740 4053 non
2771 3978 2849 4052 sic
2896 3998 3089 4053 dicitur
3139 3998 3277 4053 Deus
3334 3993 3680 4051 solummodo
3710 4006 3787 4059 per

2219 4090 2566 4157 creationem,
2598 4090 2692 4145 sed
2734 4095 2870 4145 sicut
2912 4089 3137 4145 amicus.
3190 4087 3392 4143 Dicitur
3434 4094 3493 4142 et
3548 4084 3785 4141 Dominus

2223 4198 2365 4239 nunc
2397 4183 2535 4238 Deus
2563 4182 3013 4238 Christianorum.
3039 4180 3269 4248 Paravit,
3300 4178 3786 4250 iuquit,civitatem

2222 4273 2324 4329 illis
2349 4289 2363 4327 :
2393 4274 2722 4329 llierusaiem
2752 4273 2955 4329 scilicet
2975 4274 3267 4339 caelestem,
3301 4271 3532 4341 ideoque
3565 4284 3667 4325 non
3696 4266 3790 4321 de-

2223 4366 2300 4422 dit
2329 4367 2435 4422 illis
2464 4368 2519 4422 in
2540 4367 2790 4436 praesenti
2824 4365 3059 4421 Ecclesia
3103 4365 3492 4419 barreditatem.
3521 4362 3617 4417 Vel
3640 4361 3787 4414 etiam

2223 4459 2345 4519 ideo
2375 4475 2478 4514 non
2500 4460 2770 4515 erubescit
2797 4459 2973 4513 venari
3006 4458 3148 4512 Deus
3176 4458 3413 4521 illorum,
3470 4454 3600 4525 quia
3622 4464 3788 4508 secum

540 4584 642 4626 nec
671 4586 789 4625 cum
808 4570 983 4640 impiis
1000 4569 1290 4640 perierunt,
1310 4570 1703 4641 locupletesque
1728 4571 1939 4626 fuerunt
1965 4570 2108 4626 bonis

2227 4550 2623 4621 praedestinavit
2644 4551 2761 4605 illos
2787 4564 3011 4619 regnare
3037 4549 3090 4603 in
3116 4549 3323 4604 caelesti
3373 4548 3618 4603 civitate.
3668 4542 3787 4596 Fide

534 4660 948 4729 temporalibus,
978 4660 1103 4716 licet
1125 4662 1389 4732 peregrini
1416 4670 1619 4728 essent,
1668 4671 1724 4717 ut
1755 4669 1876 4729 pote
1922 4662 2119 4730 legitur

543 4752 617 4809 dc'
640 4754 930 4822 Abraham,
961 4754 1100 4825 quod
1127 4763 1243 4811 erat
1270 4754 1420 4810 dives
1445 4754 1497 4809 in
1526 4761 1747 4822 argento
1773 4761 1828 4809 et
1851 4768 2002 4820 auro,
2030 4754 2119 4809 ali-

543 4864 676 4920 quas
721 4848 1117 4921 degustationes
1176 4847 1591 4919 promissionum
1646 4852 2012 4916 perceperant.
2061 4845 2119 4900 ln

545 4944 645 5000 hoc
673 4945 957 5016 vcro,quia
979 4943 1190 5015 plenam
1217 4942 1648 5012 promissionem,
1666 4941 1734 4996 de
1755 4941 1909 5011 longe
1942 4948 2118 4995 tamen

540 5039 873 5110 aspiciebant
923 5037 1346 5108 promissiones,
1405 5049 1537 5106 quas
1582 5034 1804 5091 veniens
1870 5033 2118 5089 Christus

534 5132 870 5205 praedicavit,
925 5130 1153 5186 dicens:
1204 5129 1465 5196 Quoniam
1496 5129 1541 5185 si
1569 5128 1688 5199 quis
1729 5127 1989 5183 dimiserit
2021 5125 2121 5182 do-

540 5241 709 5297 mum,
734 5233 831 5279 aut
854 5222 1069 5292 fratres,
1102 5229 1195 5276 aut
1233 5234 1471 5287 sorores,
1508 5229 1597 5275 aut
1630 5230 1859 5290 patrem,
1888 5226 1981 5274 aut
1999 5232 2116 5273 ma-

538 5328 674 5374 trem
704 5324 923 5388 propter
951 5330 1058 5386 me,
1081 5314 1390 5385 centuplum
1417 5311 1664 5381 accipiet,
1697 5321 1752 5368 et
1779 5313 1941 5368 vitam
1961 5320 2119 5368 aiter-

536 5428 659 5483 nam
683 5409 997 5481 possidebit,
1025 5408 1179 5465 istam
1204 5406 1617 5478 promissionem
1644 5420 1750 5460 non
1785 5411 1908 5459 sunt
1939 5417 2123 5460 conse-

535 5507 649 5562 cuti
675 5504 748 5561 illi
777 5512 901 5560 ante
926 5503 1137 5559 Domini
1165 5500 1475 5565 adventum,
1511 5498 1636 5553 licet
1663 5497 1842 5552 omnia
1867 5510 1961 5552 sua
1996 5495 2123 5551 reli-

535 5598 795 5668 quissent,
822 5596 961 5651 sicut
988 5603 1044 5649 et
1075 5591 1307 5664 apostoli
1338 5609 1355 5647 :
1384 5591 1499 5648 sive
1544 5591 1705 5645 etiam
1736 5586 2121 5659 promissione:

535 5691 605 5771 de
636 5689 846 5763 Domini
899 5686 1132 5746 adventu
1179 5701 1293 5749 non,
1339 5695 1464 5741 sunt
1506 5683 1783 5742 consecuti
1816 5701 1830 5737 :
1862 5683 2116 5753 quoniam

539 5783 765 5871 ticcteis
781 5783 1082 5857 promissus
1117 5789 1283 5852 esset,
1330 5789 1508 5838 tamen
1550 5792 1673 5853 non
1722 5776 1969 5837 viderunt
1992 5791 2118 5836 eum

2222 4647 2402 4701 obtulit
2431 4644 2686 4700 Abraham
2712 4643 2884 4711 Isaac,
2919 4660 3032 4698 cum
3062 4653 3383 4707 tentaretur;
3413 4652 3462 4695 et
3490 4640 3789 4712 unigenitum

2220 4737 2484 4805 oﬂ’erebat,
2518 4737 2568 4789 in
2596 4752 2695 4805 quo
2723 4747 3011 4804 susceperat
3040 4736 3502 4805 repromissionent.
3536 4735 3617 4786 Att
3658 4749 3790 4801 quem

2223 4830 2415 4884 dictum
2439 4837 2510 4883 est
2543 4844 2561 4883 :
2592 4829 2726 4893 Quia
2753 4830 2808 4881 in
2837 4827 2987 4881 Isaac
3017 4829 3275 4882 vocabitur
3305 4827 3394 4879 tibi
3421 4841 3599 4879 semen
3631 4842 3648 4877 :
3668 4824 3789 4877 ari-i-

2222 4931 2364 4978 trans
2384 4921 2505 4990 quia
2524 4930 2571 4974 et
2599 4938 2631 4975 a
2654 4921 2868 4975 mortuis
2889 4922 3134 4975 suscitare
3168 4928 3341 4986 potens
3370 4925 3445 4971 est
3482 4916 3642 4971 Deus.
3665 4915 3789 4983 Quid

2225 5022 2309 5071 est
2354 5013 2496 5084 quod
2546 5014 2605 5067 Β.
2656 5012 2886 5069 Iacobus
2944 5014 2998 5066 in
3048 5010 3279 5081 t'ipistola
3322 5022 3417 5063 sua
3474 5007 3789 5062 mentionem

2224 5107 2455 5164 Abrahae
2482 5106 2701 5171 faciens,
2735 5105 2913 5159 laudat
2930 5118 3050 5158 cum
3080 5114 3419 5170 summopere
3448 5114 3517 5155 ex
3549 5099 3791 5169 operibus

2222 5200 2356 5263 suis,
2382 5198 2568 5254 beatus
2586 5212 2712 5253 vero
2732 5195 3019 5264 Apostolus
3044 5209 3149 5249 non
3168 5207 3326 5262 opera
3354 5191 3517 5256 illius,
3532 5190 3629 5245 sed
3644 5188 3787 5244 [idem

2224 5290 2579 5345 attentissime
2604 5287 2943 5343 commendat
2964 5286 2988 5341 ’ἒ
3010 5286 3173 5341 Recte
3188 5285 3347 5355 igitur
3372 5282 3563 5337 beatus
3577 5281 3791 5337 Jacobus

2227 5397 2291 5440 ex
2319 5381 2571 5451 operibus
2598 5396 2721 5435 eum
2748 5378 2927 5434 laudat
2946 5392 3106 5449 quem
3132 5376 3332 5433 sciebat
3351 5373 3515 5429 etiam
3549 5371 3652 5426 ﬁde
3680 5386 3790 5441 per-

2226 5474 2420 5530 fectum
2441 5515 2457 5542 ,
2480 5472 2744 5541 Quoniam
2764 5472 2867 5527 illis
2882 5471 3152 5527 scribebat
3170 5468 3261 5539 qui
3294 5466 3457 5521 [idem
3494 5463 3708 5534 quidem
3724 5462 3792 5516 vi-

2224 5566 2484 5622 dabantur
2498 5564 2715 5628 habere,
2732 5563 2825 5627 sed
2837 5562 3079 5619 eamdem
3096 5561 3251 5615 ﬁdem
3264 5558 3419 5615 bonis
3433 5554 3686 5626 operibus
3698 5568 3790 5607 non

2222 5657 2575 5714 exornabant.
2592 5657 2660 5711 At
2686 5669 2813 5709 vero
2836 5654 3022 5710 beatus
3039 5652 3259 5717 Paulus,
3289 5651 3382 5720 qui
3410 5649 3519 5704 illis
3542 5647 3791 5703 scribebat

2228 5750 2319 5824 qui
2340 5762 2504 5824 opera
2541 5748 2683 5808 bona
2729 5747 2867 5819 legis
2896 5745 3221 5815 ridebantur
3240 5742 3467 5811 habere,
3518 5742 3613 5801 sed
3645 5738 3787 5796 ﬁdem
