3968 6354
216 367 321 423 765

213 579 319 632 tius
343 585 750 651 commemorat,
781 585 1042 648 quatenus
1071 576 1344 631 studerent
1383 588 1506 628 eum
1552 569 1782 635 imitari;

212 669 354 725 unde
381 678 529 724 certe
577 677 632 723 ut
661 669 1007 724 ostenderent
1040 668 1160 737 quia
1189 667 1279 736 qui
1310 665 1400 720 lilii
1427 664 1656 720 Abrahae
1687 679 1784 718 vo-

210 761 328 820 lunt
355 773 498 827 esse,
532 773 752 815 necesse
797 768 880 814 est
927 770 990 813 ut
1013 756 1174 813 ﬁdem
1234 765 1288 810 et
1336 770 1496 824 opera
1532 754 1781 820 habeant,

209 851 405 906 merito
444 864 583 904 unus
613 865 678 904 ex
705 849 832 916 ﬁde,
855 849 994 904 alter
1023 847 1369 903 nihilominus
1400 845 1628 900 laudavit
1663 859 1784 900 eum

208 957 275 998 ex
323 941 594 1011 operibus.
629 941 759 996 Fide
785 983 799 1008 ,
828 941 995 1010 inquit
1022 981 1036 1005 ,
1068 938 1258 994 obtulit
1293 936 1561 993 Abraham
1595 937 1739 992 Isaac
1765 978 1780 1004 ,

207 1053 332 1093 cum
357 1045 651 1092 tentaretur
675 1079 688 1104 ,
720 1037 843 1092 licet
890 1053 992 1092 non
1027 1037 1248 1092 haberet
1300 1036 1466 1091 lilium
1515 1035 1736 1090 liberum
1765 1076 1780 1102 ,

208 1130 312 1184 nisi
342 1129 512 1196 illum,
548 1138 602 1184 et
630 1130 680 1183 in
714 1130 803 1184 illo
844 1129 1173 1198 percepisset
1205 1127 1608 1198 promissiones,
1641 1127 1780 1197 quod

208 1221 490 1275 multarum
518 1221 755 1290 gentium
779 1231 923 1276 esset
970 1221 1176 1275 futurus
1224 1228 1374 1289 pater
1406 1239 1416 1274 :
1449 1229 1628 1276 tamen
1676 1236 1781 1276 non

207 1311 306 1366 fuit
336 1312 455 1368 ideo
483 1312 790 1368 inobediens
822 1313 930 1368 Deo
952 1329 967 1378 ;
993 1321 1359 1383 etquanquam
1391 1312 1655 1368 contraria
1683 1314 1782 1368 ite-

205 1417 324 1458 rum
355 1403 584 1471 audiret,
612 1404 819 1459 dicente
836 1405 935 1459 sibi
965 1404 1387 1460 Don'iin010ﬁ‘er
1430 1406 1576 1459 lsaac
1617 1404 1780 1460 ﬁlium

208 1503 356 1549 tuum
387 1494 541 1561 mihi,
571 1510 600 1550 a
629 1511 734 1566 quo
785 1497 896 1570 jam
936 1496 1177 1550 audierat
1209 1513 1220 1548 :
1254 1496 1387 1563 Quia
1424 1496 1476 1552 in
1508 1496 1655 1551 lsaac
1681 1512 1778 1551 vo-

203 1587 413 1644 cabitur
443 1588 534 1642 tibi
557 1602 762 1655 semen,
816 1602 919 1650 non
946 1588 1209 1643 haesitavit
1226 1589 1290 1642 de
1315 1586 1775 1657 prOll'liSSiODibUS,

202 1680 430 1737 credens
458 1679 602 1748 quod
632 1696 661 1734 a
685 1682 907 1735 mortuis
925 1690 1106 1750 posset
1136 1681 1284 1736 illum
1313 1681 1573 1737 suscitare
1596 1683 1734 1744 Deus
1760 1727 1775 1752 ,

205 1782 260 1828 et
286 1788 352 1829 ex
379 1788 444 1830 eo
467 1772 860 1828 multitudinem
893 1772 1207 1841 populorum
1231 1771 1603 1842 multiplicare.
1638 1773 1778 1839 Qua-

201 1956 347 2012 hunc
372 1955 626 2012 continuo
658 1956 1082 2012 resuscitandum
1109 1956 1385 2012 credebat.
1411 1957 1519 2013 Sed
1547 1973 1614 2013 ne
1647 1973 1772 2028 pos-

202 2058 285 2102 set
340 2047 619 2117 quisquam
649 2047 826 2102 dicere
856 2048 976 2118 quia
1013 2047 1241 2104 habebat
1269 2048 1432 2102 alium
1473 2048 1662 2116 ﬁlium,
1711 2064 1776 2104 ex

203 2153 309 2209 quo
330 2139 579 2209 sperabat
610 2141 1087 2210 repromissionem
1118 2141 1468 2212 implendam,
1496 2151 1777 2213 propterea

201 2231 476 2288 conﬁdens
503 2233 875 2288 obtulitistum
900 2251 914 2300 ;
939 2233 1068 2289 dicit
1095 2235 1383 2303 Apostolus
1411 2253 1422 2288 :
1455 2235 1627 2291 Etiam
1659 2236 1777 2291 uni-

199 2321 435 2390 genitum
465 2323 657 2379 obtulit
690 2324 856 2378 filium
887 2323 1156 2380 Abraham
1187 2324 1321 2394 ipse,
1367 2325 1456 2394 qui
1485 2327 1776 2394 repromis-

198 2412 382 2468 siones
411 2413 478 2468 de
502 2414 597 2468 illo
628 2424 963 2482 perceperat.
1008 2415 1184 2482 Quare
1206 2429 1338 2484 ergo
1370 2416 1592 2470 tentavit
1627 2415 1773 2471 illum

197 2502 376 2559 Deus?
403 2502 648 2574 Nunquid
671 2503 950 2573 ignorabat
975 2504 1167 2561 fortem
1200 2505 1349 2560 illum
1372 2520 1492 2562 esse
1521 2506 1695 2562 virum
1718 2507 1775 2561 in

195 2596 304 2652 ﬁde
348 2607 402 2654 et
457 2597 783 2667 probatum?
831 2598 1034 2656 sciebat
1076 2598 1259 2669 utique
1287 2639 1301 2665 ,
1335 2600 1556 2655 tentavit
1593 2608 1772 2656 autem

135 2728 138 2729 ν
196 2704 320 2744 eum
352 2703 456 2744 non
486 2697 543 2744 ut
565 2691 676 2759 ipse
703 2698 1070 2761 cognosceret,
1095 2690 1190 2746 sed
1218 2699 1277 2746 ut
1304 2689 1426 2745 aliis
1444 2691 1776 2746 demonstra-

196 2792 280 2840 ret
309 2791 363 2839 et
391 2783 725 2839 manifestam
782 2783 898 2853 ejus
929 2783 1294 2839 fertitudinem
1349 2785 1547 2840 faceret
1579 2824 1593 2848 ,
1633 2784 1774 2839 sicut

196 2876 313 2947 ipse
361 2876 640 2945 ostendit,
668 2877 892 2933 dicens:
927 2877 1077 2933 Nunc
1123 2877 1349 2946 cognovi
1396 2875 1538 2946 quod
1585 2878 1773 2932 timeas

150 2962 154 2966 ’
196 2968 483 3025 Dominum
517 2987 529 3022 ε
564 2969 618 3024 id
647 2977 749 3038 est,
781 2968 915 3024 alios
930 2983 1254 3041 cognoscere
1275 2967 1376 3026 feci
1405 2968 1548 3040 quod
1585 2967 1773 3024 timeas

197 3060 386 3115 Deum.
423 3057 573 3115 Unde
613 3069 661 3115 et
704 3060 756 3114 in
804 3060 1050 3129 parabola
1095 3076 1208 3114 eum
1236 3061 1445 3130 accepit.
1476 3059 1768 3130 Parabola,

129 3133 139 3139 ’
163 3147 166 3153 “
195 3151 385 3207 Graeco
404 3151 680 3217 vocabulo,
701 3151 888 3208 Latine
900 3151 1091 3207 dicitur
1120 3151 1432 3218 similitudo,
1451 3153 1563 3206 sive
1576 3152 1766 3222 figura.

1058 371 1123 428 IN
1164 365 1543 428 EPISTOLAM
1582 367 1672 422 Al)
1714 366 2053 425 IIEBRIEOS
2091 370 2603 429 COMEENTARIA.

121 545 128 548 _
197 483 503 556 perfectam
525 497 630 554 non
662 483 947 551 habebant,
969 483 1090 553 jure
1140 483 1297 538 ﬁdem
1335 480 1564 538 Abrahae
1598 487 1784 534 atteri-.-
1813 482 1864 539 Α
1885 477 2064 543 Isaac,
2117 479 2276 536 Jacob
2321 498 2366 537 ει
2405 482 2566 538 Esau.
2598 483 2733 539 Fide
2754 483 2819 540 de
2848 483 3039 541 futuris
3062 484 3332 543 benedixit
3357 491 3458 557 eis,

3357 381 3459 433 766

1891 571 2010 636 quia
2036 571 2186 638 juxta
2213 573 2355 641 quod
2386 572 2462 628 eis
2492 574 2813 642 imprecatus
2840 583 2942 640 est,
2972 575 3044 630 ita
3071 583 3258 645 postea
3275 577 3454 633 omnia
3488 584 3502 598 '

1889 659 1996 714 illis
2023 661 2246 716 credidit
2274 663 2510 730 evenire,
2534 673 2588 720 et
2607 680 2724 733 quae
2751 664 3050 734 futuraillis
3077 678 3249 734 erant,
3278 682 3340 722 ea
3367 669 3462 724 be-

1889 749 2187 806 nedicendo
2213 752 2434 819 Optavit.
2463 751 2649 808 Potest
2685 755 2840 809 aliter
2868 753 3090 825 intelligi
3121 756 3240 811 :.De
3266 755 3461 814 futuris

1887 840 2179 911 mysteriis.
2198 841 2470 897 benedixit
2496 842 2574 898 eis
2595 883 2609 908 ,
2656 843 2776 914 quia
2803 843 2968 901 Jacob
2993 846 3216 916 ﬁguram
3257 846 3459 906 Christi

1885 933 2002 988 sive
2033 934 2209 1003 populi
2236 932 2523 990 Christiani
2570 936 2841 1004 gestabat,
2874 938 3014 992 Esau
3059 954 3186 994 vero
3226 939 3452 996 Judaici.

1886 1023 2018 1078 Fide
2042 1022 2203 1078 ,Ιαιοὺ
2229 1026 2446 1079 moriens
2462 1028 2689 1096 singulos
2711 1028 2941 1096 ﬁliorum
2968 1029 3160 1098 Joseph
3183 1029 3454 1099 benedixit,

1885 1125 1930 1170 et
1961 1116 2191 1170 adorauit
2213 1117 2473 1185 fastigium
2514 1119 2666 1188 uirga:
2709 1122 2840 1189 ejus.
2871 1118 3117 1189 Legimus
3158 1121 3212 1175 in
3262 1121 3455 1177 Genesi

1886 1208 2024 1278 quod
2053 1208 2277 1265 audiens
2315 1210 2510 1278 Joseph
2549 1220 2809 1280 aegrotare
2846 1223 3049 1282 patrem
3089 1229 3264 1283 suum,
3309 1216 3456 1270 venit

1884 1299 1950 1356 ad
1978 1315 2120 1367 eum,
2151 1310 2205 1355 et
2231 1301 2421 1356 obtulit
2441 1301 2488 1356 ei
2516 1301 2648 1356 duos
2676 1302 2814 1357 filios
2828 1317 2954 1360 suos
2983 1304 3235 1374 prraim
3263 1315 3315 1364 et
3343 1306 3453 1362 Ma-

1885 1407 2044 1447 nasse
2079 1392 2144 1446 ad
2187 1392 2612 1450 benedicendum
2647 1412 2658 1447 :
2689 1397 2779 1464 qui
2826 1395 2986 1451 ﬁdem
3031 1397 3232 1454 habens
3271 1398 3451 1454 omnia

1881 1482 1984 1538 illis
2014 1483 2230 1538 evenire
2262 1484 2408 1552 juxta
2437 1485 2577 1553 quod
2619 1487 2696 1541 eis
2722 1487 3001 1554 exorabat,
3034 1487 3305 1548 benedixit
3329 1503 3443 1546 eos.

1882 1575 2082 1632 Idcirco
2130 1585 2308 1632 autem
2349 1577 2540 1632 dicitur
2572 1579 2805 1649 singulos
2850 1580 3065 1636 illorum
3110 1581 3449 1640 benedixisse

1881 1669 2002 1736 quia
2050 1681 2211 1736 super
2254 1677 2539 1736 utrumque
2581 1671 2850 1740 prepriam
2894 1670 3324 1728 benedictionem
3363 1673 3448 1728 fu-

1882 1759 1980 1825 dit,
2009 1759 2292 1828 posuitque
2336 1760 2596 1814 minorem
2649 1771 2772 1816 ante
2823 1762 3082 1831 majorem
3138 1780 3151 1814 :
3201 1763 3450 1833 quoniam

128 1935 131 1938 .
203 1877 420 1937 propter
462 1864 587 1920 ideo
618 1863 782 1919 ﬁlium
824 1881 946 1920 mox
993 1865 1188 1922 oﬁ‘erre
1234 1865 1423 1934 voluit,
1459 1865 1638 1935 quiaa
1668 1865 1777 1924 Deo

1882 1849 2211 1920 praevidebat
2257 1864 2344 1906 res
2373 1849 2444 1904 ita
2484 1848 2711 1904 futuras.
2763 1850 3020 1920 Quodque
3069 1851 3356 1922 sequitur:
3387 1851 3453 1910 Et

1879 1941 2123 1996 adoravit
2151 1941 2417 2008 fastigium
2439 1941 2603 2010 virgae
2619 1939 2754 2009 ejus,
2781 1941 2832 1995 id
2855 1950 2938 1996 est
2954 1943 3112 2012 virgae
3125 1943 3348 2012 Joseph,
3370 1942 3451 2000 in-

1877 2034 2042 2102 telligi
2073 2033 2354 2103 dupliciter
2381 2041 2557 2102 potest
2587 2050 2599 2084 :
2631 2033 2820 2102 spiritu
2847 2033 3108 2103 siquidem
3138 2035 3450 2104 prophetico

1877 2127 2090 2182 afﬂatus
2117 2126 2304 2191 Jacob,
2333 2126 2582 2194 cognovit
2619 2124 2889 2194 designari
2930 2139 3024 2194 per
3059 2124 3204 2180 illam
3243 2124 3480 2194 virgam~

1876 2217 2072 2288 Joseph
2102 2232 2323 2287 regnum
2350 2215 2547 2272 Christi
2577 2233 2591 2272 :
2626 2231 2720 2286 per
2765 2216 3035 2286 fastigium
3087 2229 3245 2280 vero,
3276 2213 3328 2269 id
3369 2220 3453 2269 ost

1877 2309 2239 2364 summitatem
2276 2308 2476 2378 virgae,
2529 2307 2820 2376 potentiam
2859 2314 2913 2361 et
2950 2307 3207 2360 honorem
3249 2302 3452 2370 Christi
3527 2335 3547 2354 .

1875 2401 2046 2470 regni,
2066 2400 2131 2454 de
2158 2414 2261 2469 qua
2286 2398 2569 2454 Psalmista
2597 2397 2723 2452 dicit
2755 2415 2766 2449 :
2797 2397 2958 2465 Virga
2988 2406 3138 2452 recta
3165 2407 3269 2464 eat,
3302 2396 3448 2466 virga

1874 2490 2025 2560 regni
2055 2493 2149 2544 tui.
2181 2488 2323 2559 Ergo
2351 2503 2457 2543 non
2481 2487 2681 2556 virgam
2709 2486 2950 2541 adoravit
2976 2501 3073 2556 pro
3099 2487 3231 2552 Deo,
3261 2501 3453 2554 secun-

1875 2583 2001 2637 dum
2031 2582 2192 2637 ritum
2222 2581 2526 2652 gentilium,
2557 2580 2645 2648 qui
2675 2579 2811 2634 idola
2841 2579 3106 2645 colebant,
3137 2579 3233 2634 sed
3263 2578 3314 2633 in
3342 2579 3449 2636 vir-

1875 2691 1944 2748 ga
1963 2674 2254 2741 Christum,
2285 2672 2437 2743 cujus
2464 2686 2683 2741 regnum
2712 2679 2767 2726 et
2804 2670 3094 2740 potentiam
3127 2669 3451 2739 praevidebat

1876 2767 2094 2839 ﬁgurari
2121 2767 2173 2823 in
2217 2767 2330 2822 illa.
2369 2765 2636 2834 Quantum
2669 2778 2796 2818 vero
2825 2762 2888 2816 nd
2921 2763 3148 2820 litteram
3181 2763 3444 2834 pertinet,

1878 2858 2121 2913 fortassis
2172 2856 2466 2912 secundum
2522 2855 2968 2912 consuetudinem
3017 2853 3156 2908 illius
3196 2851 3447 2922 temporis

1875 2949 2115 3005 adoravit
2163 2949 2365 3018 virgam
2403 2947 2642 3016 Joseph,
2696 2960 2850 3016 quem
2900 2943 3118 3000 videbat
3167 2943 3443 3000 dominum

1874 3055 1994 3096 esse
2024 3040 2188 3094 totius
2219 3038 2368 3108 regni
2409 3045 2564 3093 terra:
2617 3035 2834 3108 AEgypti
2868 3052 2881 3090 :
2911 3051 2974 3092 ea
3004 3035 3208 3092 scilicet
3236 3037 3444 3094 ratione

1875 3129 2072 3186 Esther
2095 3131 2286 3199 legitur
2314 3128 2564 3184 adorasse
2593 3127 2791 3197 virgam
2823 3127 3058 3182 Assueri.
3091 3124 3227 3180 Fide
3252 3125 3444 3194 Joseph

193 3241 420 3312 Accepi;
448 3257 568 3298 eum
593 3243 642 3298 in
672 3242 923 3312 parabam
955 3242 1022 3299 de
1053 3250 1224 3300 mone
1271 3258 1302 3296 a
1329 3217 1440 3298 Deo
1465 3283 1479 3308 ,
1518 3217 1770 3312 qui'dim
1797 3217 1843 3281 C
1878 3225 2096 3278 moriens
2123 3223 2184 3276 de
2207 3222 2518 3292 profectione
2541 3217 3299 3312 ﬁliorumﬁlsraelmemoratus
3327 3225 3403 3272 est
3427 3231 3446 3270 :

195 3334 246 3390 ei
274 3349 286 3385 ε
317 3332 392 3390 Νε
421 3334 679 3390 extendas
709 3349 923 3390 manum
959 3341 1103 3389 tuam
1152 3349 1317 3404 super
1345 3349 1572 3404 puerum
1601 3352 1616 3390 :
1648 3334 1772 3404 quia

194 3424 364 3481 ariete
379 3426 559 3480 occiso
577 3426 679 3481 iste
699 3427 939 3481 salvatus
954 3435 1056 3482 est.
1076 3425 1295 3482 Occisus
1321 3435 1402 3484 est
1417 3427 1582 3492 lsaac,
1605 3440 1772 3496 quan-

197 3525 309 3571 tum
338 3515 405 3571 ad
434 3517 760 3573 voluntatem
793 3519 958 3586 patris
978 3518 1226 3588 pertinet.
1254 3516 1458 3574 Deinde
1484 3517 1772 3594 redonavit

194 3607 343 3662 illum
371 3607 513 3663 Deus
542 3607 860 3676 patriarchae
880 3609 932 3662 in
957 3608 1232 3680 parabola,
1256 3609 1307 3664 id
1330 3616 1412 3665 est
1440 3609 1495 3665 in
1526 3612 1693 3680 figura
1716 3620 1772 3667 et

194 3699 546 3756 similitudine
586 3700 854 3771 passionis
884 3701 1104 3756 Christi.
1141 3701 1198 3756 lu
1240 3700 1593 3758 similitudine
1615 3709 1769 3758 erant

193 3795 372 3850 omnia
399 3809 518 3866 quae
562 3803 685 3851 tunc
725 3795 1018 3865 agebantur
1058 3796 1112 3851 in
1160 3797 1461 3866 Abraham,
1496 3812 1612 3866 quae
1670 3811 1768 3868 pro
1861 3849 1864 3852 .

139 3887 144 3891 ’
194 3886 352 3943 nobis
382 3902 546 3943 verus
574 3888 866 3954 Abraham,
897 3890 1037 3946 Deus
1077 3889 1324 3946 videlicet
1351 3890 1527 3957 Pater,
1557 3898 1769 3948 creator

191 3980 429 4035 omnium
452 3981 711 4050 gentium,
737 3982 788 4035 in
820 3981 923 4035 ﬁne
943 3981 1127 4037 smculi
1145 3997 1304 4052 agere
1328 3982 1679 4053 disposuerat.
1696 3987 1767 4039 A-

192 4070 413 4126 braham
435 4070 693 4141 siquidem
727 4071 954 4141 figuram
1011 4072 1102 4126 Dei
1134 4071 1305 4127 Patris
1331 4075 1594 4142 gestabat,
1621 4075 1768 4130 Isaac

195 4177 325 4219 vero
355 4162 580 4233 ﬁguram
610 4159 832 4217 Christi.
892 4163 1162 4218 Abraham
1196 4165 1478 4233 portabat,
1532 4173 1587 4220 ut
1621 4165 1767 4220 Scri-

189 4264 343 4325 ptura
369 4255 520 4324 dicit,
553 4255 730 4325 ignem
751 4264 807 4310 et
839 4253 1066 4325 gladium
1094 4274 1104 4307 2
1135 4257 1254 4327 quia
1305 4255 1444 4311 Deus
1471 4257 1628 4313 Pater
1653 4257 1766 4328 gla-

191 4347 336 4402 dium
361 4346 622 4417 passionis
642 4347 841 4401 Christi
859 4347 1252 4416 quodammodo
1278 4349 1525 4416 portavit,
1551 4347 1765 4418 quando

191 4453 314 4494 eum
339 4438 511 4494 occidi
541 4437 787 4508 permisit
816 4454 829 4492 :
863 4437 1006 4491 unde
1034 4438 1160 4492 dicit
1193 4437 1360 4492 Filius
1393 4439 1443 4494 in
1474 4439 1678 4506 psalmo
1700 4438 1766 4491 ad

190 4547 312 4587 eum
329 4547 342 4582 :
359 4530 620 4596 Quoniam
637 4544 794 4598 quem
811 4537 863 4583 tu
879 4529 1211 4598 percussisti,
1230 4530 1332 4584 hoc
1363 4538 1444 4583 est
1477 4529 1765 4598 permisisti

189 4623 406 4696 [SuppL
419 4596 670 4694 percuti],
701 4596 964 4690 persec—mi
985 4632 1122 4678 sunt.
1145 4624 1208 4677 Et
1232 4625 1367 4678 Deus
1391 4596 1545 4678 Pater
1560 4638 1653 4692 per
1670 4623 1767 4678 Za—

1875 4596 2099 4666 patrimi?

186 4712 423 4769 cbariam
451 4713 781 4769 :Percutiam
807 4723 1098 4784 pastorem,
1120 4715 1170 4770 id
1201 4724 1284 4770 est
1305 4717 1512 4785 percuti
1542 4716 1764 4785 permit-

189 4814 318 4860 tam.
339 4806 476 4878 Ignis
489 4822 700 4879 quoque
714 4822 868 4880 quem
890 4807 1115 4875 ferebat,
1131 4810 1276 4866 calor
1289 4818 1342 4864 et
1365 4810 1515 4864 favor
1537 4823 1765 4864 summa:

185 4899 488 4956 dilectionis
510 4900 649 4956 illius
675 4909 757 4958 est
778 4916 879 4970 qua
911 4917 1006 4957 nos
1025 4902 1297 4972 diligit,de
1318 4918 1421 4972 qua
1435 4901 1628 4956 dicitur
1645 4918 1656 4954 :
1675 4900 1766 4956 Sic

187 4993 327 5048 Deus
358 4993 556 5050 dilexit
599 4993 896 5060 mundum,
958 5004 1014 5048 ut
1055 4976 1395 5061 Unigenitum
1426 5009 1577 5048 suum
1611 4993 1765 5048 daret

186 5099 283 5154 pro
315 5084 487 5140 nobis.
513 5083 646 5140 Nam
692 5084 832 5140 sicut
860 5084 1129 5140 Abraham
1160 5085 1374 5139 unicum
1406 5094 1460 5140 et
1503 5085 1756 5140 dilectum

183 5176 350 5231 filium
404 5176 512 5232 Deo
560 5176 832 5231 victimam
887 5175 1116 5243 obtulit,
1174 5175 1244 5230 ita
1278 5176 1418 5231 Deus
1467 5175 1622 5230 Pater
1651 5174 1762 5228 uni-

181 5282 304 5322 cum
329 5265 519 5321 Filium
551 5281 650 5338 pro
694 5265 846 5322 nobis
876 5266 1122 5322 omnibus
1153 5265 1388 5321 tradidit.
1410 5267 1553 5321 Isaae
1579 5274 1756 5322 autem

181 5357 296 5428 ipse
353 5356 453 5412 sibi
503 5356 641 5426 ligna
696 5357 938 5427 gestabat
978 5357 1171 5427 quibus
1203 5365 1319 5411 erat
1359 5357 1715 5424 imponendus
1739 5396 1756 5424 ,

177 5451 301 5520 quia
333 5459 385 5505 ct
410 5449 652 5506 Christus
691 5450 936 5521 portabat
958 5450 1158 5520 lignum
1196 5451 1375 5504 crucis
1401 5450 1453 5503 in
1492 5465 1597 5519 quo
1636 5464 1758 5505 cru-

177 5543 507 5612 cifigeretur.
536 5541 692 5596 Aries
741 5541 1070 5611 signiﬁcabat
1116 5553 1330 5594 carnem
1361 5539 1576 5594 Christi.
1610 5539 1756 5594 Isaac

178 5635 389 5691 oblatus
415 5643 516 5700 est,
547 5643 602 5690 et
629 5643 832 5689 nonest
858 5631 1191 5696 interfectus,
1224 5631 1317 5687 sed
1343 5633 1483 5686 aries
1513 5639 1714 5685 tantum
1741 5650 1751 5683 :

177 5726 304 5794 quia
331 5723 576 5779 Christus
617 5727 670 5780 in
714 5724 958 5794 passione
997 5723 1208 5778 oblatus
1245 5731 1346 5789 est,
1379 5721 1472 5777 sed
1504 5721 1754 5777 divinitas

179 5818 323 5884 illius
351 5817 692 5891 impassibilis
722 5819 935 5875 mansit.
964 5813 1096 5874 Fide
1127 5825 1172 5874 et
1201 5818 1261 5873 de
1291 5817 1477 5890 futuris
1501 5815 1753 5874 benedixit

136 5955 205 5989 ι’·

1875 3325 1923 3372 et
1950 3319 2013 3371 de
2049 3315 2244 3370 oss-ibus
2286 3314 2393 3368 suis
2432 3312 2712 3366 mandavit.
2762 3311 2835 3364 De
2861 3309 3190 3387 profectione
3214 3308 3444 3366 ﬁliorum

1875 3400 2038 3464 Israel
2067 3407 2280 3461 locutus
2305 3412 2405 3469 est,
2439 3403 2665 3460 credens
2691 3402 2868 3456 omnia
2893 3416 3022 3456 vera
3045 3415 3162 3458 esse
3184 3416 3303 3471 qua:
3325 3416 3448 3472 pro-

1875 3495 2340 3567 miseratpatribus
2361 3509 2544 3550 eorum
2563 3509 2578 3546 :
2597 3493 2863 3563 praecipue
2884 3490 3024 3562 quod
3053 3491 3261 3560 dixerat
3285 3491 3352 3562 ad
3373 3492 3421 3548 Α

1872 3589 2272 3649 braham:Scito
2290 3600 2623 3658 praenoscens
2652 3585 2772 3657 quia
2801 3583 3445 3656 peregrinumeritsernen

1873 3695 2018 3742 tuum
2050 3684 2102 3738 in
2140 3692 2277 3738 terra
2320 3695 2426 3735 non
2448 3695 2566 3745 sua,
2597 3678 2841 3748 maleque
2873 3677 3172 3734 tractabunt
3203 3676 3323 3734 illos
3349 3690 3444 3732 an-

1871 3777 1954 3834 nis
1981 3775 2116 3840 400;
2145 3782 2510 3828 verumtamen
2546 3780 2756 3843 gentem
2786 3771 2867 3826 cui
2893 3770 3170 3826 servierint
3197 3767 3446 3840 judicabo

1871 3883 1991 3940 ego,
2018 3867 2144 3922 dicit
2168 3865 2442 3930 Dominus,
2474 3872 2527 3920 et
2553 3874 2665 3934 post
2690 3863 2805 3918 haec
2827 3870 3154 3918 revertentur
3176 3861 3227 3916 in
3252 3872 3446 3918 terram

1872 3969 2083 4030 patrum
2133 3972 2371 4013 suorum.
2412 3956 2755 4025 Nequaquam
2810 3968 2938 4023 ergo
2984 3953 3054 4008 de
3097 3953 3210 4008 suis
3239 3951 3448 4013 ossibus

1847 4049 2148 4106 ‘mandaret
2193 4047 2410 4120 Joseph,
2463 4047 2563 4102 nisi
2595 4048 2747 4116 plena
2800 4045 2904 4100 ﬁde
2951 4055 3188 4115 speraret
3215 4044 3446 4100 reditum

1870 4154 2054 4195 eorum
2084 4141 2134 4192 in
2167 4147 2304 4193 terra
2353 4137 2806 4207 repromissionis.
2839 4136 2974 4190 Dicit
2999 4135 3142 4191 enim
3181 4137 3230 4191 ei
3261 4151 3274 4187 :
3306 4133 3447 4190 Visi-

1872 4239 1989 4286 tans
2044 4229 2279 4285 visitabit
2308 4244 2402 4283 vos
2453 4227 2706 4282 Dominus
2738 4236 2856 4296 post
2887 4226 2999 4280 dies
3034 4226 3280 4286 multos:
3312 4225 3447 4280 ferte

1872 4337 1990 4378 ossa
2016 4337 2134 4377 mea
2161 4322 2283 4375 hinc
2305 4319 2580 4375 vobiscum
2608 4336 2624 4372 :
2650 4328 2703 4372 et
2726 4332 2831 4372 non
2857 4316 3027 4370 solum
3053 4315 3218 4370 tribus
3246 4313 3446 4389 Joseph

1873 4428 1993 4467 ossa
2025 4412 2188 4480 patris
2223 4411 2303 4464 sui
2333 4410 2708 4476 deportaverat
2750 4420 2930 4460 secum
2971 4419 3065 4474 per
3093 4407 3362 4460 desertum
3391 4405 3445 4460 in

1875 4512 2012 4558 terra
2044 4499 2509 4570 repromissionis;
2542 4497 2635 4553 sed
2668 4497 2826 4552 etiam
2860 4495 3045 4566 reliqui
3076 4495 3241 4552 tribus
3269 4495 3446 4564 omnia

2107 4593 2289 4648 harum
2313 4608 2434 4648 ossa
2462 4591 2781 4656 detulerunt,
2810 4588 3238 4660 sepelieruntque
3280 4603 3342 4644 ea
3393 4588 3445 4644 in

1869 4685 2102 4752 Sichcm,
2145 4685 2234 4755 qui
2279 4682 2456 4738 evenit
2495 4681 2547 4736 in
2599 4680 2984 4749 possessionem
3030 4678 3195 4735 tribus
3224 4677 3442 4747 Joseph.

1873 4777 2002 4833 Nam
2044 4776 2335 4843 Abraham,
2379 4774 2545 4840 lsaac,
2585 4781 2638 4828 et
2675 4771 2838 4827 lacob
2877 4771 2926 4826 in
2966 4771 3215 4841 Spelunca
3252 4768 3445 4838 duplici

1869 4873 2082 4936 Arbeae,
2117 4885 2274 4939 quam
2327 4868 2594 4923 Abraham
2633 4872 2835 4922 emerat
2864 4880 2894 4919 a
2933 4864 3055 4919 ﬁliis
3093 4863 3214 4929 Etb,
3253 4863 3445 4933 sepulti

1870 4974 1992 5021 sunt
2020 4979 2141 5019 cum
2175 4963 2324 5027 Sara,
2344 4971 2395 5016 et
2420 4962 2678 5026 Rebecca,
2703 4968 2758 5014 et
2785 4959 2879 5014 Lia
2907 4956 3030 5011 :ubi
3050 4964 3103 5012 et
3123 4955 3291 5011 Adam
3322 4970 3444 5011 cum

1869 5059 1975 5114 Eva
2009 5057 2248 5127 sepultus
2284 5056 2607 5125 quiescebat.
2653 5050 2917 5109 Fortassis
2955 5064 3085 5104 vero
3121 5046 3310 5118 quaerit
3344 5045 3446 5100 ali-

1867 5155 2006 5225 quis,
2029 5167 2145 5223 qua:
2171 5165 2330 5205 causa
2362 5146 2627 5204 exstiterit
2654 5155 2713 5201 ut
2752 5158 2936 5200 omnes
2964 5142 3038 5197 illi
3067 5139 3232 5197 sancti
3265 5146 3444 5210 patres

1869 5245 1923 5300 in
1960 5256 2099 5300 terra
2142 5239 2574 5313 repromissionis
2601 5237 2884 5296 maluerint
2911 5233 3123 5306 sepeliri
3147 5247 3304 5302 quam
3335 5231 3442 5285 alio

1868 5337 2081 5393 inloco.
2113 5333 2209 5390 Cui
2238 5332 2666 5403 respondendum
2706 5337 2787 5386 est
2817 5346 2833 5386 :
2861 5343 2966 5384 non
2987 5341 3168 5382 curam
3209 5321 3444 5395 gerendo

1867 5427 2234 5497 sepulcrorum
2287 5425 2386 5480 hoc
2431 5424 2676 5495 agebant,
2720 5419 2816 5476 sed
2861 5420 3035 5490 potius
3075 5417 3197 5488 quia
3240 5413 3444 5486 Spiritu

1866 5530 2050 5578 sancto
2075 5518 2443 5590 praevidebant
2473 5515 2756 5572 Dominum
2802 5512 2855 5568 in
2884 5527 2946 5568 ea
2989 5520 3126 5567 terra
3149 5521 3314 5580 genus
3338 5506 3438 5562 hu-

1868 5637 2081 5678 manum
2115 5636 2208 5690 per
2231 5629 2452 5674 mortem
2484 5616 2880 5686 redempturum
2911 5613 3087 5685 ibique
3112 5618 3443 5669 resurrectu-

1865 5742 2002 5791 rum,
2033 5738 2241 5779 summo
2272 5737 2390 5775 eum
2411 5717 2676 5772 desiderio
2712 5716 2783 5771 ibi
2819 5715 3140 5786 eonsepeliri
3161 5712 3438 5784 optabant,

1863 5826 2123 5892 quatenus
2161 5829 2225 5872 eo
2253 5818 2562 5881 rcsurgente
2595 5807 2792 5882 pariter
2817 5823 2938 5868 cum
2978 5823 3044 5869 eo
3073 5812 3438 5882 resurgerem.
