3974 6488
519 379 628 475 .767

1665 403 1964 464 PRIMASII
1999 403 2455 462 SDRUMETANI
2513 401 2724 461 EPISC.

3733 397 3853 454 πθ

529 535 638 591 Nos
666 543 843 590 autem
866 544 972 588 non
991 526 1248 587 debemus
1277 507 1645 597 pusillanimes
1671 521 1788 577 ﬁeri
1814 520 2121 589 ubicunque
2150 521 2205 580 Α
2225 519 2368 574 enim
2399 517 2643 574 Christus
2672 515 3056 588 improperium
3078 511 3328 571 sustinuit
3347 528 3380 571 a
3405 512 3542 582 suis,
3573 528 3732 585 quos
3755 529 3854 569 ve-

531 627 880 699 sepeliamur,
923 639 1044 679 cum
1087 621 1434 688 plurimorum
1473 624 1772 686 martyrum
1818 612 2123 668 nesciamus

532 725 624 775 ubi
675 733 899 788 corpora
940 729 1126 770 eorum
1175 712 1408 781 gloriosa
1457 710 1668 778 iaceant
1714 708 1953 758 humata.
1989 699 2126 754 Fide

538 809 743 880 Moyses
767 816 918 862 natus
953 805 1236 860 occultatus
1268 812 1342 857 est
1369 802 1529 854 tribus
1563 799 1816 853 mensibus
1841 814 1872 850 a
1902 793 2127 867 parenti-

537 906 651 969 bus,
665 920 723 957 eo
744 901 877 971 quod
898 899 1139 952 vidissent
1165 895 1445 965 elegantem
1467 894 1736 964 infantem,
1757 901 1803 944 et
1827 906 1926 944 non
1951 889 2128 940 timue-

535 1006 655 1048 runt
681 994 807 1064 regis
839 993 1083 1045 edictum.
1115 989 1231 1043 Non
1258 1003 1355 1042 sua
1384 987 1487 1040 ﬁde
1514 985 1756 1040 occultus
1783 989 1866 1037 est
1895 980 2123 1050 Moyses,

538 1085 626 1155 qui
657 1085 829 1138 adhuc
865 1081 962 1136 fati
1008 1098 1113 1136 non
1156 1089 1395 1150 poterat;
1426 1077 1522 1132 sed
1557 1077 1660 1130 fide
1692 1085 1972 1144 parentum
1999 1086 2127 1125 suo-

538 1192 676 1240 rum,
711 1174 874 1243 patris
919 1172 1119 1228 scilicet
1163 1187 1226 1225 ac
1272 1170 1475 1235 matris,
1520 1169 1607 1236 qui
1668 1165 1826 1219 ﬁdem
1872 1163 2130 1217 habentes

538 1268 676 1336 quod
708 1267 1048 1334 omnipotens
1081 1265 1221 1318 Deus
1251 1272 1431 1332 posset
1452 1277 1573 1316 eum
1607 1261 1834 1314 liberare
1865 1268 1919 1312 et
1947 1267 2130 1312 custo-

537 1356 674 1425 dire,
699 1369 1048 1414 servaverunt
1075 1359 1226 1412 illum
1257 1357 1425 1410 tribus
1449 1355 1757 1419 mensibus;
1781 1352 1975 1407 deinde
2003 1365 2131 1406 vero

538 1465 659 1506 cum
702 1467 806 1505 non
833 1452 1129 1520 potuissent
1157 1465 1277 1504 eum
1308 1449 1483 1503 celare
1528 1458 1748 1516 propter
1776 1445 2007 1513 vagitum
2054 1444 2133 1511 ip-

541 1546 678 1614 sius,
698 1555 991 1616 posuerunt
1013 1561 1133 1599 eum
1155 1546 1204 1596 in
1230 1542 1483 1596 ﬁscellam
1507 1541 1790 1609 scirpeam,
1820 1545 2134 1608 posuerunt-

548 1655 653 1709 que
700 1655 822 1694 eum
862 1641 914 1693 in
952 1651 1222 1693 careotum
1256 1636 1507 1690 ﬂuminis.
1552 1636 1799 1688 Edictum
1831 1635 1971 1686 enim
2018 1638 2136 1688 erat

546 1731 849 1802 hujusmodi
883 1732 1040 1801 regis,
1071 1740 1129 1785 ut
1155 1743 1342 1784 omnes
1373 1727 1520 1798 pueri
1551 1729 1600 1780 in
1634 1725 2136 1794 ﬂuminejactaren-

547 1830 654 1876 tur.
684 1821 790 1876 Sed
819 1821 945 1891 quid
973 1831 1073 1884 est,
1105 1819 1244 1891 quod
1279 1819 1425 1887 dicit,
1463 1835 1567 1872 non
1602 1817 1842 1871 timuisse
1869 1831 1963 1870 eos
1994 1814 2136 1883 regis

2229 620 2381 666 uerat
2422 611 2720 676 redimere,
2765 609 2981 680 quando
3028 608 3080 664 ei
3133 608 3430 664 dixerant:
3483 607 3847 663 Daemoniurn

2228 707 2417 774 habes,
2449 717 2505 762 et
2533 716 2725 762 caetera
2749 707 2885 761 mala
2915 706 2964 761 ei
2988 705 3284 761 intulerunt
3312 718 3481 775 usque
3509 703 3581 758 ad
3623 705 3847 775 passio.

2229 817 2375 867 nem,
2403 806 2472 857 ita
2499 812 2553 857 et
2574 802 2783 872 Moyses
2805 801 3188 870 improperium
3217 801 3542 855 sustinuitin
3570 800 3843 854 fratribus

2230 896 2363 957 suis,
2394 911 2527 965 quos
2559 895 2771 950 volebat
2808 894 3071 959 liberare;
3103 893 3358 948 dicebant
3396 893 3542 948 enim
3574 891 3628 946 ei
3664 909 3680 944 :
3711 891 3840 958 Quis

2232 995 2285 1042 te
2307 987 2578 1041 constituit
2604 985 2896 1056 principem
2922 993 3016 1040 aut
3049 985 3286 1054 iudicem
3317 999 3483 1054 super
3514 985 3667 1039 nos?
3699 983 3841 1038 Nun-

2233 1078 2357 1149 quid
2388 1079 2691 1133 iuterﬁcere
2720 1094 2806 1132 me
2838 1079 2939 1142 vis,
2972 1077 3112 1133 sicut
3161 1077 3481 1132 interfecisti
3509 1077 3637 1132 beri
3670 1077 3838 1146 digr-

2234 1173 2449 1243 ptium?
2495 1173 2756 1228 Similiter
2795 1173 3009 1243 quando
3038 1173 3265 1242 quilibet
3290 1189 3318 1227 a
3364 1174 3588 1227 domest
3614 1173 3722 1239 cis,
3761 1173 3835 1226 vel

2235 1264 2302 1318 ab
2329 1264 2409 1318 eis
2438 1264 2630 1333 quibus
2661 1264 2981 1320 beneﬁcium
3011 1265 3698 1333 pra:stitit,improperium
3722 1280 3834 1319 sus.

2235 1354 2394 1423 tinet,
2446 1355 2826 1423 improperium
2879 1356 3074 1410 Christi
3124 1359 3343 1424 patitur.
3375 1355 3735 1424 Aspiciebat,
3765 1355 3836 1410 inc

2236 1447 2370 1517 quit,
2423 1446 2478 1501 in
2529 1447 3020 1503 remunerationem
3073 1463 3248 1512 suam,
3299 1458 3352 1502 et
3393 1447 3608 1516 populi.
3663 1448 3833 1515 Itaque

2237 1545 2452 1616 quando
2478 1547 2702 1612 quisque
2731 1544 2942 1600 adversi
2971 1545 3171 1613 patitur
3217 1542 3441 1613 aliquid,
3473 1543 3648 1597 debet
3684 1541 3832 1596 redu-

2239 1656 2363 1695 cere
2385 1640 2451 1694 ad
2483 1639 2796 1695 memoriam
2833 1655 2991 1708 quam
3023 1637 3514 1694 remunerationem
3547 1652 3579 1690 a
3619 1636 3830 1692 Domino

2241 1731 2436 1786 exinde
2465 1731 2534 1785 sit
2565 1740 2901 1798 recepturus.
2953 1728 3088 1783 Fide
3130 1731 3335 1799 reliquit
3375 1728 3704 1800 Egyptian,
3744 1745 3828 1782 non

2242 1827 2427 1882 veritus
2471 1827 2844 1879 animositatem
2888 1825 3391 1895 regis:invisibilem
3430 1825 3569 1878 enim
3606 1836 3826 1892 tanquam

547 1915 821 1971 edictum?
849 1916 903 1969 Si
937 1931 1039 1969 non
1086 1915 1392 1977 timuerunt,
1438 1926 1604 1980 quare
1631 1909 2033 1963 custodierunt?
2081 1908 2135 1961 ltt
2166 1909 2216 1970 B
2248 1928 2542 1989 ρηειεηιεηι
2589 1918 2849 1972 "suum.
2904 1917 3154 1985 Legimus
3201 1917 3253 1970 in
3303 1915 3491 1970 εχοάο
3523 1915 3679 1983 quia,
3725 1929 3827 1968 cum

549 2007 652 2061 hoc
681 2021 806 2074 ergo
834 2006 1139 2068 timuerunt,
1173 2006 1294 2074 quia
1321 2020 1425 2058 non
1455 2013 1577 2057 sunt
1599 2003 1713 2056 ausi
1739 2002 1971 2056 retinere
1991 2016 2133 2056 eum.

552 2097 610 2152 ln
642 2097 742 2151 hoc
774 2113 900 2152 vero
933 2097 1081 2167 quasi
1113 2114 1217 2152 non
1252 2097 1567 2161 timuerunt,
1596 2097 1718 2164 quia
1759 2109 1864 2148 non
1901 2095 2140 2163 proiece-

548 2199 675 2246 runt
701 2191 843 2244 illum
875 2192 927 2245 in
959 2202 1201 2260 apertum
1234 2192 1475 2259 ﬂuvium,
1507 2190 1601 2245 sed
1636 2191 1686 2244 in
1721 2189 1920 2244 ﬁscella
1947 2202 2138 2257 posue-

547 2292 675 2337 runt
703 2298 848 2348 eum,
886 2283 1069 2353 sicque
1103 2285 1436 2337 immiserunt
1478 2292 1692 2338 carecto
1739 2280 1995 2344 ﬂuminis,
2041 2280 2141 2333 ha-

548 2374 740 2430 bentes
771 2390 921 2444 spem
967 2387 1126 2444 atque
1155 2376 1401 2431 fiduciam
1444 2375 1585 2443 quod
1631 2375 1972 2443 omnipotens
2005 2373 2143 2427 Deus

551 2467 846 2522 custodiret
893 2467 1039 2521 illum
1080 2484 1092 2520 :
1128 2478 1453 2537 quapropter
1490 2483 1552 2522 ac
1593 2468 1637 2521 si
1683 2481 1788 2522 non
1843 2467 2146 2521 timui-sent

551 2570 834 2628 reputatur
873 2561 1002 2616 illis.
1056 2559 1207 2616 Unde
1249 2576 1376 2630 ergo
1421 2561 1507 2615 isti
1557 2569 1906 2631 speraverant
1952 2560 2146 2614 salvari

555 2665 804 2720 puerum,
838 2650 939 2705 nisi
964 2651 1105 2707 ﬁde?
1128 2651 1405 2718 Viderunt,
1438 2652 1627 2722 inquit,
1656 2653 1954 2722 elegantem
1975 2651 2149 2705 infan-

557 2751 666 2798 tem
699 2761 711 2796 :
743 2744 1006 2813 siquidem
1047 2744 1114 2800 ab
1141 2753 1261 2799 ortu
1292 2745 1585 2799 nativitatis
1611 2759 1802 2815 magna
1834 2745 1931 2798 fuit
1957 2743 2034 2798 illi
2068 2743 2149 2797 in-

557 2832 673 2890 fusa
708 2838 880 2904 gratia
907 2838 1235 2891 venustatis:
1262 2852 1368 2890 non
1391 2845 1575 2891 natura
1594 2835 1696 2891 hoc
1711 2835 2148 2906 operante,quod

556 2935 715 2982 natus
747 2937 832 2982 est
859 2927 1116 2983 honestus
1143 2929 1458 2995 infantulus,
1488 2928 1583 2982 sed
1611 2928 1800 2998 gratia:
1839 2927 2033 2982 divinae
2054 2928 2152 2983 do-

558 3031 651 3082 no,
679 3017 766 3086 qui
797 3020 959 3072 etiam
993 3019 1275 3074 barbaram
1309 3021 1453 3076 illam
1499 3019 1778 3074 mulierem
1821 3018 2149 3091 Egyptiam,

559 3107 724 3166 ﬁliam
753 3112 1331 3180 videlicetharaonis,
1347 3113 1414 3168 ad
1439 3114 1542 3169 hoc
1562 3112 1840 3178 excitavit,
1861 3121 1920 3167 ut
1947 3120 2154 3167 amaret

560 3217 706 3270 eum,
749 3212 806 3258 ut
831 3215 1088 3270 sumeret,
1117 3215 1173 3260 et
1215 3205 1467 3260 nutriret.
1518 3202 1656 3258 Fide
1696 3201 1899 3273 Moyses
1941 3203 2153 3272 grandis

2245 2011 2415 2081 Moysi
2445 2012 2644 2064 dictum
2671 2019 2864 2064 esscta
2895 2009 3129 2079 quodam
3174 2008 3419 2071 llebrmo,
3473 2007 3564 2076 qui
3624 2006 3826 2060 faciebat

2244 2103 2494 2171 injuriam
2528 2101 2699 2169 fratri,
2727 2115 2886 2168 quem
2919 2101 3128 2172 Moyses
3147 2099 3313 2154 voluit
3339 2100 3630 2166 increpare
3667 2098 3826 2153 :Nua-

2245 2193 2371 2262 quid
2411 2194 2718 2247 interﬁcere
2757 2207 2844 2246 me
2875 2191 2976 2253 vis,
3010 2194 3151 2245 sicut
3185 2189 3500 2245 interfecisti
3533 2189 3653 2244 heri
3680 2190 3821 2260 ἐξεγο

2246 2288 2416 2358 ptium
2439 2288 2461 2340 ?
2488 2286 2624 2356 fugit
2652 2285 2859 2356 Moyses
2887 2284 2939 2339 in
2985 2285 3150 2339 verbo
3193 2285 3314 2346 isto,
3345 2299 3412 2338 eo
3441 2285 3586 2352 quod
3619 2283 3820 2348 Pharao,

2247 2378 2430 2432 audito
2468 2378 2590 2444 hoc,
2630 2386 2897 2446 quaereret
2942 2385 2999 2429 ut
3039 2391 3160 2430 eum
3195 2373 3549 2429 interﬁceret.
3590 2373 3695 2428 Sed
3725 2388 3819 2427 cu

2248 2472 2592 2526 manifestum
2623 2469 2694 2524 sit
2737 2469 2935 2538 fugisse
2993 2468 3141 2522 illum
3198 2467 3249 2520 iu
3283 2465 3542 2531 Madiam,
3593 2466 3715 2535 quid
3756 2471 3823 2519 est

2249 2561 2388 2632 quod
2420 2561 2607 2615 beatus
2630 2560 2917 2628 Apostolus
2943 2558 3074 2614 dicit
3099 2575 3113 2612 :
3135 2557 3250 2612 Non
3279 2559 3484 2613 veritus
3533 2555 3821 2610 animosita-

2251 2661 2357 2708 tem
2403 2652 2585 2721 regis?
2625 2651 2680 2707 Si
2715 2651 2856 2705 enim
2889 2665 2995 2704 non
3035 2649 3229 2714 timuit,
3277 2664 3445 2719 quare
3489 2647 3660 2716 fugit?
3692 2646 3821 2715 Quod

2252 2759 2378 2814 ergo
2422 2745 2577 2813 fugit,
2627 2743 2798 2799 ﬁdens
2839 2743 2956 2810 fuit,
2998 2741 3227 2798 credens
3272 2756 3304 2797 a
3351 2741 3462 2797 Deo
3511 2741 3751 2805 liberari;
3780 2748 3823 2795 et

2253 2838 2540 2910 prtetendit
2567 2837 2807 2893 exterius
2833 2836 3104 2899 timorem,
3121 2851 3241 2891 cum
3266 2835 3488 2889 interius
3521 2835 3724 2889 nullum
3751 2833 3823 2888 hae

2252 2928 2409 2984 heret
2433 2939 2635 2985 metum
2664 2947 2677 2982 :
2709 2929 2939 2998 ideoque
2961 2927 3042 2983 sic
3073 2927 3124 2982 ei
3148 2935 3445 2997 reputatur,
3475 2926 3629 2996 quasi
3648 2941 3755 2980 non
3780 2924 3828 2980 ti-

2254 3023 2501 3080 mnisset.
2529 3022 2732 3079 Idcirco
2771 3023 2912 3078 enim
2965 3022 3135 3077 noluit
3164 3020 3236 3076 ibi
3265 3035 3496 3082 manere.
3555 3033 3621 3074 ne
3669 3033 3828 3075 causa

2250 3116 2524 3186 iactantia:
2555 3115 2830 3170 videretur
2850 3129 2910 3170 se
2937 3115 2988 3169 in
3017 3120 3260 3182 apertum
3281 3112 3565 3182 periculum
3591 3109 3826 3181 praecipi-

2256 3219 2393 3278 tare,
2433 3224 2499 3267 ac
2521 3217 2728 3265 tentare
2751 3208 3034 3264 Dominum
3062 3207 3226 3262 Deum
3248 3221 3426 3269 suum,
3458 3204 3601 3274 quod
3629 3206 3822 3260 omnino

561 3293 752 3364 factus,
803 3296 1003 3367 negavit
1040 3313 1096 3351 se
1123 3312 1243 3350 esse
1261 3296 1424 3363 ﬁlium
1450 3295 1576 3364 ﬁlia:
1618 3294 1914 3350 Pharaonis
1940 3311 1960 3349 :
1990 3296 2154 3366 magis
2181 3298 2229 3364 C
2260 3302 2375 3358 ﬁeri
2401 3318 2506 3358 non
2536 3302 2680 3358 licet.
2727 3301 2908 3358 Sancti
2940 3302 3083 3358 enim
3111 3300 3343 3371 quandiu
3370 3299 3577 3354 habent
3612 3297 3729 3369 quid
3760 3295 3821 3351 fa-

561 3387 750 3457 eligens
779 3390 934 3460 afﬂigi
956 3406 1070 3444 cum
1097 3390 1290 3462 populo
1317 3389 1431 3455 Dei,
1454 3406 1607 3461 quam
1636 3387 1933 3459 temporalis
1960 3387 2154 3460 percuti

561 3478 744 3536 habere
755 3483 1159 3554 jttcunditatem,
1185 3484 1404 3553 majores
1419 3482 1621 3536 divitias
1637 3482 1894 3536 testimans
1916 3482 2153 3535 thesauro

561 3569 930 3642 Egyptiorum
950 3574 1322 3644 impmperium
1352 3573 1544 3629 Christi
1574 3590 1594 3629 :
1618 3575 1898 3643 aspiciebat
1935 3575 2072 3629 enim
2097 3573 2154 3628 in

561 3668 1043 3720 remunerationem.
1095 3667 1372 3737 Tanquam
1408 3668 1452 3721 si
1489 3668 1694 3722 diceret
1732 3667 1800 3722 ad
1836 3681 1931 3722 eos
1961 3666 2153 3736 quibus

563 3755 676 3810 haec
701 3757 991 3811 scribebat:
1012 3758 1199 3830 Nullus
1222 3767 1462 3814 nostrum
1485 3760 1686 3814 dimisit
1707 3761 1882 3814 aulam
1909 3760 2149 3830 regalem

563 3848 794 3914 amplam
827 3857 880 3902 et
896 3849 1118 3913 claram,
1153 3865 1324 3920 neque
1347 3853 1480 3906 tales
1498 3852 1801 3915 thesauros,
1833 3867 2007 3922 neque
2028 3868 2152 3909 cum

562 3945 746 4007 posset
769 3937 907 3996 ﬁlius
925 3941 1064 4011 regis
1090 3957 1211 3997 esse
1231 3944 1575 4013 contempsit,
1600 3943 1738 3998 sicut
1761 3943 1972 4014 Moyses
2002 3943 2150 4013 fecit,

562 4029 654 4096 qui
703 4043 809 4083 non
862 4031 1037 4087 solum
1085 4034 1429 4103 contempsit,
1487 4033 1581 4089 sed
1628 4035 1788 4089 etiam
1828 4035 2148 4106 abnegavit:

561 4117 698 4173 caelo
739 4120 936 4192 quippe
987 4125 1282 4193 proposito,
1337 4126 1507 4183 noluit
1549 4128 1802 4182 admirari
1844 4127 2152 4200 Egyptiaci

560 4212 708 4281 regni
736 4213 1182 4282 pulchritudinem
1216 4235 1228 4270 :
1264 4219 1429 4289 magis
1452 4219 1656 4289 eligens
1683 4236 1802 4274 cum
1833 4223 2031 4292 populo
2057 4220 2152 4277 Dei

558 4304 721 4377 afﬂigi
760 4322 915 4378 quam
948 4311 1151 4381 peccati
1190 4312 1388 4369 habere
1423 4314 1835 4383 iucunditatem.
1866 4315 2150 4372 Peccatum

556 4415 788 4472 namque
827 4403 1123 4473 deputavit,
1171 4406 1216 4460 si
1267 4417 1506 4462 maneret
1546 4408 1599 4463 in
1629 4409 1751 4464 aula
1790 4408 1934 4478 regis
1964 4409 2151 4464 lmtitia

557 4495 841 4561 temporali
874 4496 1078 4562 fruens,
1117 4511 1351 4568 suosque
1381 4499 1574 4556 fratres
1602 4501 1653 4554 in
1688 4501 2030 4558 tribulatione
2066 4517 2152 4558 re-

561 4583 846 4650 linqueret.
877 4587 993 4640 Non
1023 4589 1209 4659 afﬂigi,
1242 4592 1480 4661 inquam,
1513 4608 1635 4647 cum
1679 4595 1819 4660 aliis,
1869 4605 2148 4664 peccatum

2259 3397 2424 3462 ciant,
2458 3396 2623 3451 Deum
2649 3405 2857 3450 tentare
2887 3409 2991 3449 non
3034 3394 3255 3456 debent,
3299 3391 3394 3446 sed
3427 3391 3630 3446 debent
3655 3387 3818 3444 imitari

2258 3487 2541 3543 Dominum
2563 3501 2746 3550 suum,
2777 3485 2869 3556 qui
2897 3486 3207 3553 frequenter
3248 3481 3426 3538 locum
3456 3483 3612 3538 dedit
3631 3479 3817 3545 Judais,

2257 3582 2538 3637 audientes
2564 3579 2706 3650 quod
2739 3580 2856 3648 ipse
2913 3577 3155 3648 prmeipit
3183 3576 3370 3632 dicens
3397 3593 3410 3628 :
3443 3573 3586 3630 Cum
3611 3589 3701 3628 vos
3726 3586 3815 3642 per-

2257 3676 2428 3731 secuti
2458 3676 2653 3730 fuerint
2685 3675 2739 3730 in
2772 3689 2872 3728 una
2905 3673 3141 3738 civitate,
3176 3671 3339 3742 fugite
3387 3671 3442 3725 in
3479 3671 3667 3725 aliam.
3707 3667 3815 3734 Fuga

2256 3782 2386 3838 ergo
2416 3769 2578 3838 Moysi
2637 3775 2748 3822 tota
2790 3765 2888 3820 fuit
2928 3765 3165 3820 exterior
3201 3781 3216 3820 :
3257 3761 3516 3834 quoniam
3566 3760 3814 3815 maximam

2258 3858 2414 3914 fidem
2447 3859 2514 3914 de
2545 3857 2638 3913 Dei
2667 3857 2867 3912 auxilio
2899 3857 3148 3912 habebat.
3183 3854 3333 3912 Unde
3363 3854 3663 3923 Apostolus
3683 3851 3815 3905 dicit:

2257 3953 2605 4016 Invisibilem,
2639 3953 2902 4022 inquiens,
2928 3951 3212 4006 Dominum
3243 3959 3497 4020 tanquam
3527 3956 3816 4018 prazsetttem

2256 4043 2530 4098 sustinuit.
2571 4040 2726 4107 Quod
2773 4050 2856 4096 est
2898 4040 3080 4096 dicere
3117 4058 3130 4094 :
3173 4039 3246 4095 Ita
3287 4048 3406 4093 erat
3440 4037 3620 4093 ﬁdens
3656 4037 3716 4092 de
3748 4033 3819 4089 Dei

2255 4141 2543 4211 adjutorio,
2572 4148 2628 4196 et
2662 4141 2733 4195 ita
2761 4153 2975 4209 semper
3013 4140 3079 4194 de
3103 4141 3220 4208 ejus
3267 4136 3613 4208 protectione
3639 4144 3819 4190 securus

2256 4242 2397 4301 erat,
2431 4243 2681 4303 tanquam
2709 4233 3132 4299 omnipotentem
3159 4229 3348 4292 Deum,
3395 4227 3488 4297 qui
3531 4237 3733 4281 natura
3760 4228 3822 4276 est

2257 4328 2562 4395 invisibilis,
2587 4343 2800 4397 semper
2820 4334 3139 4396 prmsentem
3162 4323 3446 4392 aspiceret.
3475 4320 3620 4374 Fide
3637 4318 3821 4374 celebra-

2256 4422 2323 4476 ttit
2354 4421 2557 4475 Pascha
2584 4432 2630 4475 et
2650 4419 2919 4489 sanguinis
2949 4417 3269 4485 effusionem,
3291 4432 3355 4470 ne
3374 4415 3465 4485 qui
3487 4414 3721 4468 vastabat
3744 4409 3822 4477 pri-

2255 4515 2449 4580 mitiva,
2495 4521 2719 4584 tangeret
2763 4528 2869 4568 eos.
2919 4509 3072 4576 Fide,
3102 4526 3205 4581 qua
3238 4508 3451 4578 Moyses
3486 4504 3720 4561 credidit
3755 4512 3824 4569 per

2257 4607 2404 4661 illum
2427 4605 2744 4676 sanguinem
2772 4601 3086 4659 salvandum
3111 4617 3231 4657 esse
3260 4599 3542 4670 populum,
3571 4591 3825 4652 celebravit

563 4687 684 4766 e§§e
723 4677 948 4744 Ρυίθνίίο
979 4677 1035 4733 Si
1085 4682 1243 4748 ἰείιυτ
1270 4684 1356 4738 ille
1387 4699 1493 4738 ηοη
1535 4685 1700 4754 ειτηῖεί
1730 4687 1982 4742 alacriter
2023 4703 2145 4744 ειιπι
2175 4690 2230 4752 Ι)
2257 4699 2480 4754 Pascha.
2545 4698 2617 4751 Ex
2659 4696 2932 4766 sanguinis
2984 4695 3245 4751 effusione
3289 4691 3591 4748 celebravit
3634 4685 3824 4748 Pascha,

557 4764 676 4820 aliis
706 4774 982 4835 peccatum
1007 4783 1125 4824 esse
1147 4772 1424 4840 judicavit,
1446 4785 1701 4844 quantum
1730 4780 2001 4834 cumulum
2030 4795 2148 4850 pec-

556 4857 661 4912 cati
693 4859 925 4915 habituri
971 4873 1114 4929 sunt,
1150 4866 1237 4934 qui
1271 4882 1302 4919 a
1340 4871 1755 4938 congregatione
1785 4871 2022 4928 ﬁdelium
2054 4874 2149 4929 de-

557 4953 843 5005 seruntur?
877 4951 1002 5020 Vos,
1044 4956 1235 5028 inquit,
1271 4975 1366 5029 pro
1407 4962 1556 5016 vobis
1586 4962 1715 5031 ipsis
1751 4965 2016 5034 patimini.
2053 4968 2149 5024 llle

557 5053 734 5098 autem
763 5061 865 5100 non
892 5049 1065 5102 solum
1091 5066 1184 5119 pro
1214 5066 1292 5117 se,
1324 5053 1494 5109 solum
1519 5054 1784 5124 aspiciens
1816 5057 1866 5112 in
1899 5073 2149 5115 remune-

556 5138 842 5207 rationem,
877 5143 966 5196 sed
1001 5145 1160 5198 etiam
1194 5161 1290 5214 pro
1325 5147 1444 5200 aliis
1476 5147 1576 5201 hoc
1623 5149 1802 5220 elegit,
1837 5166 1894 5206 ut
1934 5168 2146 5208 nterce-

555 5229 676 5284 dem
722 5234 980 5301 majorem
1028 5237 1314 5307 acciperet,
1354 5240 1600 5311 ultroque
1643 5244 1873 5313 proiecit
1914 5245 1966 5300 in
2000 5254 2148 5300 tanta

558 5323 817 5390 pericula,
851 5343 970 5380 cum
1004 5330 1050 5383 ei
1085 5329 1271 5386 liceret
1293 5341 1344 5386 et
1376 5333 1459 5401 pie
1489 5334 1692 5402 vivere,
1723 5346 1776 5391 et
1800 5338 2148 5394 sazcularihus

557 5412 714 5472 bonis
743 5423 961 5490 perfrui.
993 5425 1245 5495 Majores,
1279 5430 1470 5500 inquit,
1500 5432 1712 5488 divitias
1735 5436 2012 5492 aestimans
2035 5439 2150 5492 the-

559 5521 716 5564 Sauro
745 5512 1115 5586 {Egyptiurum
1173 5522 1557 5593 improperiunt
1607 5529 1826 5583 Christi.
1876 5529 2149 5599 ltnpmpe—

561 5602 696 5702 rium
719 5606 911 5663 Christi
942 5611 1090 5678 dicit,
1122 5616 1245 5684 quia
1277 5633 1371 5684 pro
1401 5620 1614 5674 Christo
1659 5621 1911 5675 sustinuit
1937 5623 2146 5691 Moyses

561 5700 963 5767 improperium,
994 5706 1084 5774 qui
1111 5709 1265 5764 unius
1297 5713 1542 5765 essentia:
1572 5714 1869 5766 secundum
1896 5715 2148 5770 divinita-

563 5793 668 5840 tem
684 5797 766 5842 est
787 5803 906 5846 cum
927 5796 1100 5851 Patre.
1116 5802 1629 5872 Siveimpmperiutn
1647 5804 1844 5859 Christi
1868 5807 2023 5862 dicit:
2045 5809 2147 5867 hoc

560 5891 667 5955 est,
682 5883 894 5956 qualem
915 5891 1168 5950 sustinuit
1192 5894 1435 5955 Christus
1468 5913 1498 5955 a
1519 5899 1636 5958 suis
1649 5900 1978 5974 propinquis.
1997 5901 2149 5963 Sicut

2253 4809 2360 4864 quo
2391 4791 2559 4848 Iinivil
2585 4801 2788 4861 postes,
2819 4806 2888 4845 ne
2914 4789 3259 4860 angelus,qui
3279 4786 3549 4858 primitiva
3573 4777 3826 4853 digyptio-

2255 4901 2373 4940 rum
2407 4881 2669 4942 vastabat,
2702 4881 2962 4951 afﬂigeret
2995 4879 3258 4934 lsraelitas
3285 4892 3384 4933 :ac
3403 4877 3447 4930 si
3475 4875 3592 4929 illis
3621 4874 3824 4929 diceret:

2257 4979 2312 5035 Si
2345 4977 2558 5046 sanguis
2589 4976 2710 5044 agni
2759 4974 2923 5045 typici
2972 4973 3023 5027 in
3056 4971 3232 5026 medio
3263 4969 3676 5040 Egyptiorum,
3721 4961 3828 5018 etin

2257 5080 2403 5126 tanta
2451 5067 2821 5125 devastatione
2863 5067 3058 5121 illaesos
3088 5065 3324 5120 servavit
3362 5062 3587 5117 Judazos
3631 5067 3828 5130 quorum

2256 5175 2436 5235 postes
2465 5163 2675 5217 fuerunt.
2705 5159 2936 5230 respersi
2971 5158 3062 5212 illo
3083 5156 3345 5225 sanguine
3370 5169 3386 5208 :
3419 5151 3595 5206 multo
3626 5148 3832 5217 amplius

2255 5255 2478 5311 salvabit
2510 5269 2609 5309 nos
2638 5252 2853 5322 sanguis
2882 5249 2997 5305 veri
3024 5247 3183 5319 Agni,
3213 5247 3313 5301 hoc
3337 5252 3421 5300 est
3436 5241 3650 5297 Christi
3680 5257 3691 5292 :
3724 5249 3832 5308 quo-

2257 5365 2372 5403 rttm
2403 5345 2594 5410 hostia,
2613 5343 2663 5397 id
2694 5353 2773 5398 est
2800 5342 3004 5397 frontes
3025 5341 3177 5409 signo
3200 5337 3417 5392 munitae
3441 5343 3570 5389 sunt
3589 5327 3834 5404 passionis

2255 5438 2467 5495 Christi.
2492 5436 2694 5492 Timuit
2721 5435 2862 5489 enim
2893 5435 3040 5488 illum
3066 5432 3380 5501 sanguinem
3413 5426 3668 5495 angelus,
3701 5418 3834 5477 intel-

2252 5532 2421 5603 ligens
2453 5532 2524 5586 ibi
2556 5530 2877 5585 dominicam
2911 5537 3135 5582 mortem
3163 5541 3178 5579 :
3209 5539 3270 5578 ac
3303 5530 3588 5593 propterea
3630 5534 3735 5572 non
3765 5523 3833 5567 te.

2255 5627 2372 5696 ligit
2409 5635 2613 5696 postes,
2651 5626 2776 5679 licet
2807 5622 2946 5696 quod
2988 5620 3146 5674 fiebat
3177 5617 3308 5672 nihil
3347 5622 3512 5678 esset,
3554 5612 3656 5668 sed
3711 5603 3834 5677 quod

2261 5736 2354 5790 per
2391 5719 2517 5774 illud
2544 5717 2941 5787 signiﬁcabatur
2969 5728 3216 5783 maguum
3265 5719 3399 5766 erat.
3433 5707 3711 5777 Sanguine
3731 5697 3834 5770 agni

2260 5811 2536 5865 illinuntur
2583 5808 2945 5862 lsraelitarum
2981 5818 3183 5877 postes,
3229 5817 3298 5858 ne
3339 5809 3574 5856 vastator
3625 5793 3836 5866 angelus

2259 5904 2453 5962 audeat
2491 5901 2693 5962 inferre
2729 5914 2957 5963 mortem
2985 5919 2998 5962 :
3029 5903 3304 5960 sienantur
3343 5897 3630 5956 dominicae
3662 5889 3836 5952 mortis
