3968 6354
101 258 206 319 769

935 246 1006 306 IN
1043 244 1428 306 EPISTOLAM
1466 245 1560 305 AD
1597 243 1938 309 HEBREOS
1975 243 2501 308 COMHENTARIA.

3263 252 3370 312 770

101 389 256 450 signo
280 371 469 431 fideles
495 368 674 443 populi
701 367 755 427 in
779 365 1040 425 frontibus
1063 364 1128 420 ad
1155 362 1375 419 tutelam
1402 362 1607 429 salutis,
1630 371 1689 418 ut
1711 363 1768 424 Δ
1791 365 1845 420 in
1875 366 1979 422 fine
2006 375 2304 438 temporum
2325 383 2472 424 mors
2495 366 2786 425 novissima
2809 365 3026 425 inimica
3042 368 3367 428 destruetur.

99 470 169 527 ab
196 468 415 524 interitu
445 467 758 522 liberentur.
784 462 914 518 Fide
937 458 1248 515 transierunt
1272 471 1411 509 mare
1435 456 1686 523 Rubrum,

102 573 344 632 umquam
389 575 477 630 per
506 560 707 613 aridam
747 566 935 610 terram
968 553 1141 622 :quod
1185 550 1381 620 experti
1426 549 1685 622 Egyptii,

103 657 328 711 devorati
347 655 576 708 sunt.Ae
601 653 649 707 si
677 651 881 708 diceret
912 649 1020 704 illis
1040 647 1234 717 quibus
1262 645 1361 700 ista
1392 645 1688 700 scribebat:

103 747 370 804 lntantum
401 744 562 800 fidem
607 743 838 798 firmiter
862 751 1048 797 tenere
1075 737 1355 802 debemus,
1387 745 1446 791 ut
1475 736 1690 805 quando

99 839 158 894 in
208 837 634 908 desperationem
678 837 913 907 aliquam
966 833 1179 888 animus
1227 839 1414 886 noster
1449 829 1688 895 fluctuat,

103 939 231 986 tunc
251 944 462 1000 quoque
481 928 603 985 fidei
630 930 796 984 simus
810 928 952 998 (sic),
971 939 1026 982 ut
1044 927 1357 990 liberemur,
1372 939 1435 979 ac
1456 924 1502 978 si
1525 938 1692 991 usque

99 1024 170 1080 ad
197 1032 424 1079 mortem
451 1023 750 1088 veniamus,
781 1038 843 1078 ac
867 1022 912 1078 si
941 1023 1010 1077 de
1039 1021 1198 1077 nobis
1228 1019 1295 1074 ab
1322 1018 1573 1074 omnibus
1597 1016 1693 1070 de-

98 1125 363 1186 speretur.
379 1117 633 1184 Qumnam
661 1131 784 1188 spes
807 1127 1016 1188 poterat
1032 1131 1153 1172 esse
1174 1115 1314 1170 illis?
1335 1129 1402 1169 ex
1423 1128 1524 1167 una
1547 1113 1691 1166 enim

99 1221 252 1284 parte
302 1218 420 1267 erat
475 1226 642 1277 mare,
697 1227 764 1266 ex
796 1211 963 1266 altera
1022 1208 1375 1279 cingebantur
1419 1205 1693 1260 altissimis

101 1303 396 1367 montibus,
441 1317 473 1357 a
509 1304 667 1358 tertia
697 1312 850 1358 erant
898 1303 1083 1356 hostes
1117 1318 1128 1353 :
1163 1301 1209 1355 si
1237 1299 1440 1355 vellent
1487 1297 1691 1366 fugere,

100 1403 194 1450 aut
214 1395 264 1450 in
289 1395 422 1450 mari
449 1404 604 1451 erant
627 1395 867 1464 perituri,
901 1404 994 1448 nut
1020 1392 1073 1448 in
1101 1406 1290 1446 manus
1314 1387 1691 1461 Egyptiorum

104 1485 439 1542 inciderent:
468 1487 722 1542 habentes
765 1495 944 1541 autem
985 1485 1165 1547 fidem,
1205 1491 1395 1538 cuncta
1426 1482 1689 1536 vicerunt.

106 1577 236 1632 Fide
255 1575 422 1642 enim,
437 1592 541 1647 qua
560 1577 786 1632 credidit
812 1575 1023 1647 Moyses
1041 1575 1172 1642 Deo,
1205 1575 1271 1629 ad
1308 1572 1531 1629 verbum
1553 1571 1693 1626 illius

102 1671 366 1740 percussit
396 1684 565 1736 mare,
607 1677 662 1725 et
688 1669 871 1724 divisit
899 1668 1025 1723 illud
1059 1670 1112 1723 in
1144 1666 1426 1723 duodecim
1473 1665 1694 1720 divisio-

102 1776 246 1819 nes:
280 1762 431 1830 juxta
473 1758 616 1829 quod
661 1759 715 1815 in
757 1758 962 1828 psalmo
1008 1758 1249 1813 dicitur:
1290 1755 1693 1826 Credentesque
1721 1777 1768 1838 Β

102 1867 293 1909 omnes
319 1855 422 1909 illae
453 1851 626 1907 tribus
654 1852 800 1908 sicco
829 1851 1059 1921 vestigio
1077 1864 1236 1921 posse
1263 1849 1517 1919 transire,
1541 1862 1690 1903 mare

103 1947 362 2016 ingressa:
388 1952 536 2010 sunt,
567 1944 661 1999 sed
695 1942 866 1997 tribus
892 1942 1028 1998 Juda
1051 1941 1306 2012 primum.
1350 1942 1508 1997 Juxta
1549 1939 1690 2009 quod

101 2033 158 2088 in
204 2033 344 2089 Osee
375 2035 568 2102 legitur
604 2048 620 2086 :
652 2032 852 2097 Lauda,
883 2032 1074 2102 inquit,
1102 2035 1366 2102 princeps,
1413 2045 1532 2085 cum
1581 2030 1694 2085 Deo

105 2128 162 2181 in
211 2125 346 2182 mari
391 2145 403 2180 :
445 2127 567 2195 quia
612 2137 828 2196 propter
871 2126 998 2182 illud
1045 2141 1194 2182 mare
1244 2125 1483 2181 Hebraeis
1527 2123 1625 2179 fuit
1663 2139 1692 2177 a

104 2216 311 2272 dextris
326 2218 623 2272 etsinistris
647 2232 746 2286 pro
760 2233 944 2284 \muro,
968 2218 1213 2286 praebens
1228 2218 1308 2272 eis
1336 2217 1540 2270 siccum
1564 2217 1685 2280 iter,

102 2307 388 2378 Egyptios
417 2310 722 2363 submersit.
756 2309 908 2364 Unde
932 2309 1062 2362 dicit
1088 2309 1374 2376 Apostolus
1399 2326 1412 2361 :
1439 2309 1572 2375 Quia
1601 2324 1696 2362 ex-

103 2402 242 2469 perti
277 2401 406 2454 illud
435 2401 926 2470 Egyptiidevorati
952 2411 1098 2455 sunt.
1142 2402 1520 2470 Cognoverunt
1546 2401 1690 2456 enim

103 2492 246 2562 quod
277 2507 423 2546 mare
452 2500 595 2546 esset
619 2509 633 2546 :
659 2508 724 2545 ex
759 2491 860 2545 hoc
880 2491 1023 2545 enim
1051 2492 1299 2560 apparuit
1324 2506 1517 2560 aquam
1544 2505 1692 2558 esse,

104 2582 228 2652 quia
260 2582 332 2637 illi
363 2582 637 2638 venientes
665 2581 903 2650 absorpti
931 2591 1088 2645 sunt;
1129 2590 1183 2635 et
1207 2596 1270 2635 ex
1311 2582 1412 2635 hoc
1447 2581 1696 2650 apparuit

104 2689 214 2728 non
241 2689 360 2728 esse
392 2673 749 2742 phantasiam,
774 2673 867 2728 sed
896 2689 1075 2728 rerum
1098 2674 1376 2728 veritatem
1402 2689 1416 2730 :
1449 2673 1574 2741 quia
1595 2689 1693 2726 ex-

103 2766 246 2836 perti
278 2765 513 2836 Egyptii
546 2766 787 2821 devorati
817 2774 962 2820 sunt.
1014 2765 1313 2833 Allegorice
1342 2774 1517 2818 auth
1551 2779 1698 2819 mare

102 2854 346 2910 Rubrum
380 2857 673 2924 baptismus
700 2865 801 2918 est.
831 2858 1028 2911 rubore
1055 2857 1328 2924 sanguinis
1347 2857 1539 2910 Christi
1570 2871 1699 2911 con-

103 2957 376 3002 secratus.
408 2947 615 3002 Hebraei
640 2950 730 3016 qui
759 2949 1004 3004 exierunt
1023 2947 1088 3003 de
1111 2947 1364 3019 Egypto,
1397 2959 1448 3002 et
1474 2950 1698 3003 transie-

102 3048 235 3094 runt
259 3055 354 3110 per
383 3055 530 3094 mare
557 3040 820 3105 Rubrum,
850 3041 1032 3095 fideles
1055 3049 1200 3105 sunt,
1220 3040 1698 3109 quiderelinquen-

1793 455 1928 510 Fide
1960 458 2105 513 Raab
2157 463 2396 516 meretrix
2423 478 2524 515 non
2573 463 2722 530 periit
2762 479 2877 516 cum
2903 461 3199 528 incredulis,
3231 464 3370 518 mi-

1792 550 1936 618 piens
1970 553 2319 622 exploratores
2343 572 2458 608 cum
2488 572 2630 626 pace.
2679 557 2919 627 Magnam
2947 558 3371 614 consolationem

1789 652 1846 699 et
1871 645 2301 705 exhortationem
2335 649 2523 707 beatus
2553 652 2841 721 Apostolus
2870 651 2974 708 isto
3017 653 3070 708 in
3107 653 3225 710 loco
3253 668 3374 708 om-

1791 737 1947 792 nibus
1975 740 2174 806 praebet
2205 759 2216 793 :
2245 749 2303 796 ut
2341 743 2386 799 si
2412 745 2668 799 meretrix
2703 754 2758 800 et
2802 745 3086 802 idololatra
3115 747 3230 803 sola
3266 746 3374 802 fide

1791 826 1996 882 salvata
2019 838 2127 895 est,
2151 831 2318 886 multo
2342 835 2512 903 magis
2531 836 2607 890 illi
2639 837 3005 904 salvahuutur,
3035 838 3126 906 qui
3155 839 3220 893 ad
3246 853 3372 909 gra-

1791 918 1939 973 viora
1970 934 2075 973 non
2109 931 2232 975 sunt
2270 924 2505 993 prolapsi
2539 943 2551 978 :
2586 940 2647 980 ac
2673 928 2718 982 si
2756 938 3001 996 patenter
3030 929 3263 985 diceret:
3291 931 3376 984 lno

1794 1011 2075 1066 honestum
2129 1024 2232 1079 est,
2290 1016 2336 1070 si
2384 1020 2666 1075 meretrice
2720 1021 3047 1078 infideliores
3095 1023 3246 1078 estis.
3280 1023 3372 1079 llla

1795 1112 1997 1160 tantum
2015 1106 2258 1164 homines
2276 1110 2586 1167 nuntiantes
2609 1113 2833 1180 audivit,
2849 1114 3235 1185 confestimque
3255 1130 3374 1170 cre-

1793 1197 1828 1254 d
1851 1199 1928 1254 dit
1954 1215 1972 1266 ;
2000 1215 2094 1256 vos
2118 1213 2295 1258 autem
2325 1220 2430 1258 non
2472 1205 2644 1260 solum
2675 1206 2918 1264 homines
2944 1209 3158 1272 auditis,
3188 1222 3372 1263 verum

1794 1289 1957 1347 etiam
2006 1307 2166 1348 voces
2197 1294 2580 1364 prophetarum
2633 1312 2752 1363 qua:
2789 1313 2884 1368 per
2909 1313 3066 1353 omne
3094 1298 3375 1353 sabbatum

1794 1383 2071 1454 leguntur;
2100 1394 2156 1439 et
2182 1386 2588 1457 insuperipsum
2614 1387 2806 1444 Filium
2837 1390 2929 1444 Dei
2948 1390 3015 1444 ad
3040 1403 3135 1445 vos
3154 1390 3374 1444 missum

1795 1490 1903 1531 non
1933 1479 2224 1547 agnoscitis
2251 1495 2264 1532 :
2291 1494 2415 1534 nam
2443 1489 2495 1535 et
2521 1480 2574 1535 in
2605 1481 2752 1534 Raab
2780 1481 3000 1537 effectus
3035 1483 3154 1538 ﬁdei
3185 1497 3378 1538 conse-

1794 1575 1949 1624 cutus
1977 1578 2096 1625 est:
2127 1570 2375 1626 omnibus
2405 1571 2603 1642 quippe
2633 1574 3002 1642 pereuntibus,
3033 1574 3146 1628 sola
3176 1574 3376 1630 salvata

1795 1667 1896 1714 est.
1925 1658 2073 1715 Raab
2101 1672 2303 1727 autem,
2332 1677 2451 1731 qua:
2476 1664 2856 1732 interpretatur
2883 1665 3122 1732 dilatata,
3154 1666 3376 1737 figuram

1796 1758 1941 1807 tenet
1969 1749 2241 1818 Ecclesiae,
2271 1767 2390 1822 qua:
2416 1753 2634 1808 dilatata
2682 1762 2764 1810 est
2792 1755 2860 1810 ab
2897 1756 3114 1813 Oriente
3143 1757 3198 1812 in
3226 1758 3381 1813 Occi-

1795 1841 2035 1909 dentem,
2084 1843 2151 1898 ab
2201 1843 2451 1915 aquilone
2480 1846 2533 1900 in
2573 1846 2889 1914 meridiem;
2945 1858 3000 1905 et
3043 1849 3377 1907 latitudinem

1795 1935 2070 1992 charitatis
2121 1936 2308 2006 habet,
2345 1939 2609 1994 infantum
2638 1941 2880 1996 utetiam
2921 1957 3018 2011 pro
3045 1944 3175 2011 ipsis
3202 1945 3380 2000 inimi-

1795 2030 1874 2087 cis
1928 2033 2222 2086 orationem
2269 2032 2487 2098 fundat;
2535 2041 2589 2088 et
2635 2033 2770 2089 bene
2812 2033 2878 2089 de
2919 2035 3192 2090 extraneis
3221 2044 3380 2100 atque

1797 2122 1988 2178 alienis
2031 2124 2281 2192 gentibus
2320 2133 2436 2179 erat
2464 2125 2548 2179 illa
2587 2125 2736 2179 Raab
2775 2125 3051 2190 meretrix,
3091 2124 3380 2193 juvenibus

1796 2212 1848 2268 in
1881 2214 2162 2270 desideriis
2221 2217 2401 2270 carnis
2440 2231 2503 2271 ac
2545 2215 2985 2270 fornicationibus
3030 2215 3376 2272 deserviens:

1796 2305 1920 2374 quia
1970 2305 2208 2360 Ecclesia
2242 2307 2418 2360 aliena
2459 2316 2573 2359 erat
2609 2315 2733 2360 ante
2780 2307 2989 2361 Domini
3032 2305 3318 2360 adventum
3348 2324 3380 2361 a

1797 2396 1931 2463 Deo,
1961 2397 2255 2452 secundum
2279 2398 2546 2452 desideria
2584 2398 2762 2451 carnis
2791 2397 3000 2464 vivens,
3042 2397 3380 2453 fornicationi

1796 2496 1956 2558 atque
1988 2488 2308 2542 idololatriae
2332 2488 2641 2543 deserviens
2670 2507 2681 2541 :
2719 2498 2995 2558 postquam
3020 2500 3196 2544 autem
3224 2488 3381 2544 Jesus

1797 2595 1956 2636 verus
1998 2581 2144 2635 misit
2171 2581 2236 2634 ad
2265 2596 2380 2636 eam
2413 2581 2545 2635 duos
2596 2581 2984 2650 exploratores,
3021 2582 3120 2636 hoc
3145 2589 3249 2641 est,
3280 2580 3380 2636 Pe-

1800 2682 1937 2728 trum
1966 2684 2020 2726 et
2046 2674 2291 2738 Paulum,
2318 2674 2429 2727 sive
2452 2674 2554 2728 duo
2581 2673 2946 2742 Testamenta,
2964 2673 3134 2730 fidelis
3160 2673 3377 2741 edeeta,

1799 2764 2016 2830 reliquit
2046 2764 2451 2817 fornicationem
2485 2765 2823 2826 idololatriaa,
2842 2766 3025 2832 sicque
3052 2765 3253 2819 salvata
3274 2772 3378 2832 est,

1800 2867 1852 2912 et
1883 2858 2120 2911 salvatur
2148 2858 2404 2924 quotidie,
2426 2874 2492 2912 ne
2521 2868 2705 2926 pereat
2731 2874 2849 2913 cum
2879 2859 3199 2914 infidelibus.
3231 2859 3377 2913 Huc-

1801 2964 1969 3018 usque
2024 2949 2260 3002 narravit
2297 2948 2363 3002 de
2408 2948 2712 3019 legislature
2767 2957 2822 3003 et
2863 2948 2930 3003 de
2961 2948 3200 3017 patribus
3241 2948 3380 3003 anti-

1800 3040 1966 3108 quis;
2017 3055 2158 3094 nunc
2207 3041 2447 3093 dicturus
2492 3051 2572 3094 est
2603 3042 2668 3094 de
2714 3039 3004 3110 judicibus,
3032 3043 3121 3110 qui
3168 3041 3384 3095 fuerunt

104 3139 188 3185 tes
249 3132 496 3185 tenebras
551 3131 904 3198 infidelitatis,
961 3132 1283 3186 transierunt
1344 3147 1438 3200 per
1495 3133 1692 3187 fontem
1723 3153 1770 3216 ε
1804 3142 1919 3199 post
1950 3133 2130 3198 Josue,
2179 3135 2391 3188 nomina
2439 3149 2621 3187 eorum
2655 3134 3024 3188 tantummodo
3049 3148 3380 3188 commemo-

102 3220 465 3291 baptismatis.
499 3220 706 3274 Pharao
735 3230 787 3275 et
817 3220 1051 3290 Egyptii
1080 3221 1273 3274 mortui
1296 3230 1417 3274 sunt
1450 3222 1502 3274 in
1537 3222 1691 3288 mari,

100 3314 230 3381 quia
262 3311 314 3364 in
343 3312 484 3366 fonte
515 3312 849 3380 baptismatis
873 3321 1116 3366 mortuus
1139 3321 1222 3365 est
1250 3312 1510 3374 diabolus,
1543 3312 1697 3364 aruit-

99 3405 271 3458 tendo
295 3411 611 3473 potestatem
648 3420 806 3473 quant
848 3403 1108 3467 habebat;
1143 3411 1352 3456 mortua
1384 3414 1504 3456 sunt
1535 3404 1694 3457 etiam

101 3507 326 3566 peccata
348 3497 627 3576 nriginalia
645 3506 698 3550 et
721 3497 975 3559 actualia,
1004 3497 1048 3550 si
1070 3511 1171 3566 qua
1191 3507 1345 3550 antea
1368 3505 1539 3550 erant.
1564 3494 1698 3551 Fide

101 3588 244 3640 muri
276 3587 521 3640 Hiericho
546 3596 842 3641 corruerunt
868 3588 1084 3642 circuitu
1114 3588 1314 3640 dierum
1344 3600 1552 3653 septem.
1579 3587 1692 3641 Non

99 3679 254 3732 enim
283 3677 525 3731 tubarum
557 3679 736 3733 sonitu
764 3693 1036 3732 murorum
1085 3692 1212 3730 saxa
1242 3678 1456 3745 dejer-it,
1485 3678 1694 3732 etiamsi

100 3784 204 3840 per
262 3768 446 3824 decem
486 3770 633 3824 mille
690 3785 858 3823 annos
895 3772 1014 3840 quis
1056 3770 1198 3825 tubis
1254 3772 1526 3826 insonaret
1555 3790 1566 3826 :
1599 3773 1692 3827 sed

100 3859 238 3922 fide,
270 3874 371 3928 qua
396 3859 740 3913 crediderunt
773 3861 900 3926 Deo,
943 3860 1253 3930 deiecerunt
1277 3863 1415 3915 illos.
1445 3862 1695 3932 Legimus

103 3950 255 4019 quod
290 3949 549 4005 Dominus
573 3950 734 4004 Josue
753 3961 1081 4020 praeceperat
1103 3968 1282 4006 arcam
1302 3955 1569 4022 deportari
1601 3970 1695 4024 per

100 4049 316 4108 septem
347 4041 460 4095 dies
507 4040 558 4095 in
600 4041 822 4094 circuitu
877 4041 1152 4106 Hiericho,
1185 4057 1245 4096 ac
1276 4043 1356 4095 sic
1405 4059 1696 4112 personare

100 4133 278 4186 tubis.
324 4132 565 4202 Septimo
609 4143 786 4187 autem
816 4131 902 4187 die
943 4147 1063 4188 cum
1095 4133 1485 4203 increpuissent
1534 4135 1690 4202 tubis,

100 4235 432 4280 corruerunt
472 4228 609 4282 muri
657 4227 928 4292 Hiericho,
975 4227 1116 4298 quod
1146 4242 1175 4281 a
1206 4244 1398 4299 magno
1441 4231 1696 4300 mysterio

100 4331 221 4371 non
250 4327 419 4372 vacat.
451 4317 721 4382 Hiericho,
767 4334 886 4387 qua:
936 4319 1318 4388 interpretatur
1359 4320 1527 4384 Luna,
1576 4334 1697 4388 Spe-

97 4417 253 4472 ciem
292 4415 450 4484 hujus
485 4417 668 4470 mundi
701 4425 845 4470 tenet
875 4431 888 4479 ;
934 4416 1053 4484 quia
1089 4418 1227 4470 sicut
1256 4417 1378 4469 luna
1410 4419 1697 4472 menstruis

1799 3238 1944 3290 rans,
1999 3233 2219 3293 propter
2252 3225 2566 3279 brevitatem
2618 3225 3033 3292 sermoniszqui
3085 3239 3178 3292 per
3220 3224 3380 3278 fidem

1801 3325 2170 3384 pugnaverunt
2207 3328 2260 3371 et
2304 3327 2489 3386 gentes
2542 3317 2801 3385 plurimas
2846 3317 3106 3370 vicerunt.
3153 3315 3218 3369 Et
3259 3314 3382 3384 quid

1799 3408 1968 3461 adhuc
2015 3409 2224 3462 dicam?
2269 3409 2468 3476 deﬁciet
2507 3408 2640 3461 enim
2684 3424 2763 3460 me
2800 3416 2996 3476 tempus
3035 3416 3380 3461 enarrantem.

1801 3500 1910 3554 Hoc
1941 3509 2042 3562 est,
2075 3500 2288 3554 deficiet
2327 3516 2411 3553 me
2444 3509 2651 3568 tempus
2693 3498 3016 3553 destinatum
3050 3497 3116 3551 ad
3142 3497 3376 3552 scriben-

1799 3591 1920 3646 dam
1967 3593 2269 3662 epistolam,
2304 3592 2348 3644 si
2377 3603 2566 3646 cuncta
2604 3584 2818 3644 illorum
2845 3590 2978 3644 facta
3007 3589 3256 3658 prosequi
3284 3603 3380 3642 vo-

1800 3686 1969 3751 luero,
2002 3700 2136 3755 quos
2167 3686 2422 3740 hactenus
2465 3683 2881 3739 commemoravi
2906 3698 2921 3735 :
2946 3681 3059 3736 sive
3087 3696 3206 3750 quae
3253 3694 3378 3733 nar-

1797 3794 1918 3834 rare
1949 3793 2163 3847 possum
2201 3778 2268 3831 de
2296 3777 2377 3831 his
2407 3777 2496 3844 qui
2532 3789 2870 3830 successores
2906 3772 3114 3826 illorum
3147 3771 3385 3825 fuerunt.

1799 3867 1875 3922 De
1901 3869 2130 3934 Gedeon,
2159 3868 2385 3936 Batrach,
2415 3868 2659 3934 Samson,
2708 3864 2914 3935 Jepthe,
2949 3863 3135 3930 David,
3171 3861 3385 3916 Samuel

1799 3970 1845 4015 et
1868 3961 2144 4031 prophetis,
2169 3961 2255 4030 qui
2282 3976 2371 4028 per
2394 3959 2552 4027 fidem
2578 3959 2802 4012 vicerunt
2826 3971 3000 4026 regna.
3021 3953 3170 4021 Quod
3197 3966 3387 4007 omnes

1800 4052 1852 4105 in
1877 4067 2162 4106 commune
2184 4060 2594 4117 commemorat,
2619 4049 2745 4104 illud
2769 4057 2872 4113 est,
2892 4045 3034 4116 quod
3059 4045 3388 4114 singulorum

1800 4167 1963 4223 Opera
1992 4154 2177 4207 eadem
2227 4153 2332 4207 fide
2359 4161 2475 4207 acta
2520 4160 2666 4218 sunt,
2727 4150 2850 4219 quia
2882 4161 3068 4201 omnes
3113 4146 3191 4198 illi
3220 4144 3380 4198 simul

1801 4264 1895 4318 per
1926 4249 2081 4302 fidem
2111 4248 2352 4302 vicerunt
2381 4261 2563 4313 regna.
2593 4240 3085 4309 Gedeousiquidem
3115 4239 3386 4306 accipiens

1798 4341 2006 4409 signum
2035 4356 2062 4392 a
2087 4339 2333 4401 Domino,
2361 4339 2412 4390 in
2437 4338 2541 4391 ’500
2559 4335 2712 4400 viris,
2739 4335 2826 4400 qui
2849 4333 3144 4386 hauserunt
3170 4343 3386 4399 aquam,

1800 4445 1864 4484 ac
1893 4431 1960 4484 de
1990 4429 2180 4498 quibus
2212 4427 2468 4482 Dominus
2495 4425 2638 4480 dixit
2666 4425 2714 4479 ei
2736 4424 2824 4478 :ln
2857 4423 2939 4476 his
2967 4420 3248 4491 superabis
3279 4420 3389 4475 lfa-

97 4514 560 4584 completionibus
603 4513 806 4580 deficit,
855 4515 927 4568 ita
971 4515 1056 4569 hic
1096 4515 1325 4572 mundus
1371 4516 1699 4586 quotidianis
1726 4533 1780 4597 ι)
1805 4523 1951 4578 dian.
1983 4523 2036 4577 In
2068 4522 2267 4577 vellere
2296 4536 2509 4593 quoque
2541 4518 2793 4583 humido,
2826 4515 2970 4573 sicco
3002 4515 3124 4586 (sic)
3152 4513 3391 4584 repletus

100 4609 416 4670 defectibus
447 4613 610 4669 cadit.
642 4613 699 4668 ln
736 4629 857 4671 arca
906 4631 1033 4672 vero
1062 4617 1296 4673 Ecclesia
1328 4619 1602 4689 figuratur.
1637 4619 1699 4678 ιιι

100 4714 260 4771 tubis
286 4722 461 4767 autem
490 4714 664 4778 mrcis.
705 4716 1085 4786 praedicatores
1127 4717 1292 4773 fortes
1330 4719 1696 4789 accipiuntur.

100 4809 299 4872 Josue,
329 4809 418 4877 qui
447 4809 794 4866 circumducit
821 4826 1024 4877 arcam,
1067 4811 1312 4868 Christus
1339 4821 1444 4881 est,
1482 4815 1568 4884 qui
1600 4813 1702 4870 Ec-

102 4910 332 4967 clesiant
355 4924 504 4965 suam
535 4927 627 4980 per
656 4911 798 4966 hunc
826 4912 1080 4966 mundum
1102 4914 1381 4982 gubernat.
1407 4914 1554 4970 Hanc
1573 4930 1700 4971 vero

101 5003 300 5057 urbem
333 5001 585 5056 Hiericho
611 5001 799 5056 diebus
827 5010 1033 5072 septem
1065 5003 1320 5058 lsraelitte
1351 5004 1587 5060 ferentes
1615 5021 1702 5060 ar-

102 5109 254 5161 cam,
303 5095 458 5149 :ereis
500 5094 641 5148 tubis
682 5093 1053 5164 clangentibus
1080 5094 1438 5161 circumeunt,
1483 5105 1536 5150 et
1566 5097 1700 5151 muri

103 5187 233 5256 ejus
264 5201 356 5254 per
404 5201 546 5242 arca:
587 5187 926 5255 prmsentiam
955 5195 1115 5256 atque
1149 5201 1409 5242 mrearum
1453 5186 1699 5242 tubarum

101 5279 349 5337 sonitum
386 5279 622 5334 cadunt:
659 5280 780 5348 quia
809 5279 861 5333 in
892 5278 994 5334 hoc
1022 5287 1284 5348 tempore,
1328 5277 1467 5347 quod
1496 5287 1700 5346 septem

105 5375 328 5431 dierum
363 5373 730 5430 vicissitudine
778 5373 1039 5439 volvitur,
1081 5372 1206 5426 dum
1249 5371 1417 5426 fertur
1455 5385 1601 5436 area,
1647 5371 1701 5425 id

104 5465 366 5532 est,dum
393 5465 579 5523 orbem
607 5467 931 5523 circumiens
951 5475 1184 5523 novatur
1210 5465 1452 5521 Ecclesia
1479 5465 1544 5520 ad
1575 5480 1704 5534 prte-

106 5560 411 5615 dicantium
450 5575 632 5627 voces,
681 5561 830 5630 quasi
860 5560 926 5615 ad
985 5561 1229 5616 tubarum
1273 5561 1529 5624 sonitum,
1565 5559 1700 5613 muri

107 5649 389 5715 Hiericho,
415 5649 467 5704 id
494 5660 578 5707 est
602 5649 764 5706 elatio
793 5650 953 5721 hujus
979 5650 1186 5718 mundi,
1224 5658 1280 5706 et
1309 5649 1598 5718 principes,
1621 5658 1702 5703 at-

110 5756 227 5814 que
257 5741 506 5815 superbis
535 5741 862 5800 inﬁdelitatis
888 5741 1165 5802 obstacula
1190 5751 1451 5800 corruunt
1483 5759 1496 5796 :
1529 5741 1701 5799 donec

1811 4616 2100 4688 prostravit
2117 4615 2295 4670 Zebce
2317 4623 2372 4670 et
2400 4613 2650 4670 Salmana
2670 4628 2683 4664 :
2705 4610 3015 4681 accepitque
3031 4607 3306 4663 victoriam
3323 4620 3390 4661 ex

1810 4709 2076 4764 hostibus.
2105 4708 2404 4776 Allegorice
2432 4716 2609 4761 autem
2627 4704 2865 4769 Gedeon,
2891 4702 2982 4773 qui
3012 4702 3392 4770 interpretatur

1811 4801 1864 4856 in
1895 4810 2047 4856 utero
2068 4801 2410 4865 circumiens,
2431 4799 2690 4868 Significat
2712 4797 2993 4850 Dominum
3022 4793 3203 4849 Jesum
3233 4791 3392 4847 Chri-

1810 4904 1973 4962 stum,
2004 4895 2091 4965 qui
2121 4910 2215 4964 per
2245 4893 2631 4948 incarnationis
2662 4891 2973 4963 mysterium
3002 4889 3055 4943 in
3085 4897 3235 4944 utero
3269 4888 3392 4941 Vir-

1811 4986 1948 5057 ginis
1993 4986 2304 5051 collocatus,
2357 4984 2691 5052 plenitudine
2720 4982 3034 5044 divinitatis,
3066 4994 3170 5049 qua
3213 4979 3392 5033 omnia

1809 5080 2000 5149 replet,
2064 5088 2232 5132 totum
2285 5077 2539 5131 mundum
2571 5075 2868 5131 circumdat
2909 5089 2924 5126 :
2965 5072 3090 5143 quia
3121 5069 3394 5140 implendo

1809 5173 2012 5236 omnia,
2044 5169 2342 5226 circumdat
2371 5169 2573 5224 omnia.
2611 5170 2714 5224 500
2756 5174 2934 5221 autem
2961 5163 3064 5218 viri
3094 5163 3184 5233 qui
3221 5160 3392 5216 mani-

1811 5265 1912 5321 bus
1939 5281 2132 5335 aquam
2165 5265 2480 5330 hauserunt,
2504 5273 2557 5318 ct
2578 5271 2799 5330 accepto
2822 5261 2942 5330 igne
2963 5259 3017 5313 in
3039 5257 3243 5328 lagenis
3262 5271 3395 5312 con-

1811 5366 1894 5412 tra
1925 5357 2130 5412 Madian
2165 5355 2388 5427 profecti
2414 5365 2560 5422 sunt,
2587 5351 2982 5421 confractisque
3011 5349 3213 5421 lagenis
3256 5345 3396 5417 ignis

1808 5449 2166 5519 resplenduit,
2200 5448 2449 5518 tubisque
2481 5447 2882 5515 increpuerunt,
2914 5440 3179 5509 simulque
3207 5438 3390 5493 hostes

1808 5543 1860 5597 in
1893 5541 2068 5613 fugam
2095 5541 2235 5596 versi
2269 5548 2414 5606 sunt,
2450 5547 2629 5609 typum
2661 5545 2806 5590 tenet
2850 5542 3158 5588 sanctorum
3190 5529 3391 5601 praedi—

1806 5647 2072 5700 catorum,
2102 5636 2192 5706 qui
2221 5633 2380 5689 fidem
2411 5639 2613 5686 sancta:
2641 5625 2920 5683 Trinitatis
2936 5625 3216 5688 habentes,
3239 5623 3394 5692 signo

1807 5727 2093 5788 dominica:
2119 5726 2382 5800 passionis
2412 5721 2648 5804 insigniti
2692 5729 2854 5777 sunt:
2877 5717 3020 5804 quod
3044 5717 3392 5788 designantur
