3968 6354
560 339 584 392 7
599 336 650 391 71
1676 303 1976 362 PRIMAS"
2014 297 2460 358 ADRUMETANI
2505 295 2715 354 EPISC.

554 453 654 522 per
681 443 806 504 τω
848 441 1103 505 litteram,
1154 446 1270 505 qua:
1315 442 1410 485 suo
1469 436 1692 480 numero
1724 421 1826 478 500
1864 417 2137 489 exprimit,
2167 411 2219 479 Α
2245 417 2424 471 sedem
2465 429 2659 469 meam.
2704 411 2766 468 Et
2796 427 2914 468 cum
2943 409 3289 482 jurejurando
3324 427 3335 463 :
3368 407 3573 467 Semel
3603 450 3619 477 ,
3653 407 3862 478 inquit,

512 499 533 618 ἲ
560 499 620 601 Iet
649 556 766 613 qua:
792 537 930 609 apud
952 543 1163 590 veteres
1191 526 1400 583 Judm‘os
1430 516 1831 576 similitudinem
1856 512 2029 568 crucis
2052 511 2137 564 ha-
2236 506 2412 579 juravi
2455 507 2507 560 in
2541 513 2720 559 saneto
2750 517 2890 570 meo,
2923 504 2968 558 si
3001 502 3166 557 David
3198 502 3452 569 mentiar,
3505 515 3728 556 semen
3759 501 3864 572 ejus

1744 607 1770 618 Α
1812 604 1884 618 -.η
2001 603 2036 618 εκ
2068 602 2102 618 ν·
2243 604 2255 616 ο
2343 609 2426 618 ΛΑ-
2467 616 2491 618 η
2523 616 2584 618 ,s-
2638 599 2872 618 s-____-t,2¢
2952 596 3324 618 ne.--_.-..___--.‘
3378 611 3466 618 -__
3523 595 3751 618 l-__-._..
3804 595 3864 618 Ιτι

3772 293 3868 349 772

521 602 529 628 ᾗ
562 602 745 693 behat.
788 602 1014 700 Lageam
1063 630 1258 684 autem,
1289 628 1407 685 qua:
1433 619 1555 667 sunt
1582 622 1712 664 vasa
1742 604 1944 670 ﬁctilia,
1971 602 2137 672 signi-

565 728 725 782 ﬁcant
753 694 977 790 corpora
1007 712 1318 770 corumdem
1366 704 1776 775 prtedicatorum
1806 698 2036 759 inﬁrma,
2071 694 2138 748 de

565 818 753 887 quibus
791 787 930 868 idem
976 804 1220 876 egregius
1271 798 1590 870 prmdicator
1633 792 1761 848 dicit
1809 806 1823 843 :
1874 787 2142 844 Habemus

2241 604 2296 658 in
2335 609 2590 655 aeternum
2637 599 2893 654 manebit.
2950 596 3324 651 Obturaveruut
3370 611 3469 649 ora
3519 595 3776 649 (unum.
3804 595 3864 649 Ut

2242 695 2487 761 Samson,
2512 692 2697 760 David,
2719 690 2901 746 Dani'el
2920 690 3002 743 bis
3027 689 3222 744 missus
3244 691 3296 742 in
3319 689 3548 743 lacum.
3580 686 3859 742 Exstinxt-

2243 795 2363 841 rtmt
2407 789 2649 857 impetum
2695 785 2847 855 ignis.
2899 782 3046 839 Sicut
3078 791 3185 836 tres
3233 781 3382 850 pueri
3411 780 3691 836 Danielis
3721 783 3855 847 socii,

567 872 872 964 thesaurum
913 872 1071 954 istuin
1111 872 1164 948 in
1203 892 1349 947 vasis
1380 886 1650 943 ﬁctilibus.
1692 883 1867 940 Sonus
1897 880 2142 933 tubarum
2239 877 2395 950 jussu
2444 875 2964 940 Nabuchodonosor,
3007 872 3294 928 Chaldaica
3324 879 3579 944 urgente
3623 873 3850 936 vesania,

567 1011 750 1056 vocem
789 991 1196 1064 praedicatorum
1231 980 1503 1052 exprimit.
1537 975 1740 1031 Fractis
1771 985 1898 1041 ergo
1937 967 2144 1039 lagenis

568 1062 895 1162 rQSplenduit
920 1082 1075 1154 ignis,
1113 1079 1401 1146 hostesque
1431 1074 1482 1128 in
1511 1073 1686 1142 fugam
1710 1068 1850 1122 versi
1881 1071 2005 1119 sunt
2038 1062 2149 1116 Ma-

570 1158 800 1245 dianitte,
825 1175 914 1245 qui
943 1183 1124 1243 typum
1150 1175 1332 1224 tenent
1354 1164 1686 1235 principum:
1713 1158 1835 1228 quia
1862 1163 2144 1226 postquam

568 1271 736 1328 sancti
776 1275 1038 1337 martyres
1069 1262 1138 1317 ab
1175 1261 1275 1315 hoc
1323 1257 1522 1312 saeculo
1568 1252 1849 1318 deﬁciunt,
1896 1254 2151 1304 crescunt

568 1361 826 1420 miracula
856 1375 870 1412 :
902 1358 1086 1424 sicque
1126 1353 1322 1407 virtute
1371 1346 1747 1402 miraculorum
1802 1340 2047 1396 concussi
2094 1339 2149 1392 in

571 1460 1078 1530 fugam-vertuntur,
1111 1448 1314 1506 scilicet
1343 1454 1433 1500 aut
1465 1444 1590 1498 ﬁdei
1619 1456 1677 1498 se
1704 1439 2001 1501 subdendo,
2059 1443 2150 1490 aut

573 1553 732 1607 etiam
765 1562 795 1601 a
823 1543 1100 1602 tormentis
1146 1537 1426 1602 cessando,
1472 1535 1597 1589 victi
1626 1535 1822 1588 timore
1853 1531 2148 1599 signorum.

571 1641 712 1695 lllud'
736 1650 948 1708 quoque
993 1648 1099 1689 non
1138 1639 1291 1684 vacat
1338 1644 1366 1682 a
1413 1625 1666 1695 mvsterio
1707 1620 1849 1692 quod
1899 1619 2156 1675 Gedeone

574 1740 762 1788 orante
789 1731 957 1785 vellus
983 1711 1454 1796 primo-madidum
1484 1717 1579 1771 fuit
1608 1724 1661 1770 et
1691 1726 1832 1770 terra
1860 1713 2001 1766 sicca
2032 1726 2046 1774 ;
2072 1722 2157 1764 se-

2247 971 2394 1026 missi
2427 976 2549 1025 sunt
2579 969 2630 1023 in
2663 969 2931 1023 fornacem
2985 967 3122 1038 ignis
3169 966 3406 1021 ardentis
3459 965 3691 1036 quibus
3738 967 3852 1021 nihil

2248 1066 2510 1124 molestise
2545 1065 2741 1120 intulit.
2794 1063 3166 1134 Eﬂ'ugaverunt
3211 1062 3372 1115 aciem
3418 1060 3638 1132 gladii.
3690 1058 3747 1114 1d
3787 1069 3854 1115 est

2250 1158 2557 1229 repulerunt
2623 1155 2984 1211 fortitudinem
3034 1155 3270 1209 hostium
3315 1169 3346 1208 a
3406 1166 3478 1208 se
3537 1151 3730 1207 valide
3772 1169 3848 1222 po:

2251 1250 2480 1322 gnando,
2511 1250 2648 1303 sicut
2674 1247 2866 1314 Josue,
2900 1245 3148 1311 Gedeon,
3183 1244 3368 1310 David,
3402 1244 3639 1314 aliique
3670 1244 3844 1312 prisci

2252 1355 2346 1412 pes
2394 1348 2447 1395 et
2472 1353 2627 1410 reges
2657 1339 2986 1393 Judtcorum.
3016 1335 3392 1390 Convatucrunt
3425 1335 3503 1389 de
3537 1335 3837 1404 iri/inuitata.

2257 1436 2324 1492 Ut
2351 1434 2453 1491 Job
2491 1441 2547 1491 et
2574 1433 2862 1499 Ezechias,
2896 1433 2984 1501 qui
3033 1437 3164 1486 cum'
3197 1436 3534 1499 :egrotasset
3581 1443 3754 1498 usque
3790 1429 3838 1481 ad

2256 1536 2517 1594 mortem,
2550 1528 2778 1581 Domino
2808 1525 2910 1580 sibi
2951 1523 3192 1595 propitio
3213 1521 3463 1577 redditus
3499 1529 3594 1584 est
3632 1521 3836 1591 pristinae

2257 1620 2472 1677 sanitati
2505 1634 2600 1690 per
2632 1619 2859 1687 Spatium
2899 1616 2967 1671 15
2998 1630 3256 1670 annorum
3291 1635 3306 1672 :
3335 1627 3658 1685 possumus
3695 1621 3741 1666 et
3771 1612 3835 1665 in-

2259 1715 2529 1770 ﬁrmitatis
2566 1712 2786 1768 nomine
2822 1713 3019 1766 malum
3051 1708 3372 1779 captivitatis
3405 1706 3758 1776 intelligere,
3782 1705 3832 1759 de

574 1822 750 1878 eundo
777 1833 907 1874 vero
942 1816 1112 1871 vellus
1140 1814 1362 1876 siccum,
1385 1816 1440 1864 et
1471 1813 1582 1862 tota
1611 1815 1750 1860 terra
1775 1802 2004 1857 madida.
2033 1799 2158 1854 νει-
2186 1809 2232 1869 ιι
2259 1823 2362 1877 qua
2399 1805 2608 1861 liberati
2667 1810 2790 1858 sum
2849 1802 3076 1857 υοηιίηο
3119 1801 3353 1867 volente,
3403 1799 3570 1868 cyro
3610 1799 3829 1867 iuben“.

577 1912 659 1968 lus
685 1911 830 1966 enim
858 1908 1079 1978 ﬁguram
1109 1912 1254 1960 tenet
1293 1900 1473 1971 populi
1524 1896 1751 1959 Judaici,
1807 1903 1947 1948 terra
1977 1900 2157 1945 autem

577 2003 812 2060 omnium
839 1999 1095 2070 gentium.
1119 1996 1248 2052 lure
1273 2006 1400 2063 ergo
1423 1990 1590 2046 vellus
1615 1987 1852 2057 primum
1883 1981 2156 2038 madidum

578 2102 695 2167 fuit,
729 2108 867 2154 terra
890 2094 1086 2150 mansit
1106 2093 1246 2146 sicca
1273 2107 1284 2141 :
1310 2088 1432 2158 quia
1461 2083 1678 2156 quando
1703 2080 1956 2136 Iudaicus
1990 2091 2162 2146 popu-

577 2193 661 2248 lus
688 2204 812 2245 t'ore
833 2199 1079 2257 superna
1101 2181 1376 2252 sapientiae
1414 2177 1510 2232 fuit
1535 2178 1874 2230 humectatus
1905 2177 2026 2224 ante
2052 2168 2160 2220 Do-

579 2284 709 2340 mini
756 2273 1059 2342 adventum,
1108 2289 1294 2332 omnes
1325 2280 1512 2344 gentes
1559 2268 1800 2323 siccitate
1831 2263 1952 2318 ﬁdei
1996 2272 2048 2315 et
2074 2275 2162 2313 sa-

580 2373 794 2446 pientim
839 2371 1122 2428 exsiccatae
1173 2372 1343 2420 erant.
1396 2363 1594 2416 lterum
1641 2371 1761 2411 cum
1798 2362 1916 2423 post
1949 2349 2163 2405 Domini

581 2445 868 2521 adventum
897 2473 1084 2516 omnes
1118 2465 1305 2524 gentes
1333 2467 1455 2507 rore
1497 2449 1774 2519 sapientiai
1803 2445 2018 2507 fuerunt
2051 2455 2162 2494 ma-

582 2556 719 2612 didae
747 2553 968 2620 eilectae,
1001 2551 1181 2606 Judtea
1204 2546 1448 2602 ariditate
1471 2541 1645 2613 periit.
1682 2537 1908 2593 Barach.
1938 2535 2056 2604 Ipse
2083 2542 2165 2589 est

584 2646 846 2717 Lapidotb
901 2629 1121 2698 maritus
1175 2637 1460 2701 Debborae,
1493 2635 1581 2703 qui
1627 2630 1750 2696 ﬁde,
1796 2641 1903 2698 qua
1932 2623 2160 2702 credidit

586 2735 956 2807 prophetissa,
1007 2729 1279 2800 superavit
1321 2725 1556 2781 Sisaram
1612 2731 1906 2787 omnesque
1969 2699 2162 2768 currus

591 2804 728 2902 eius.
760 2829 984 2886 Samson
1007 2823 1110 2879 ﬁde
1137 2835 1237 2891 qua
1266 2815 1492 2875 credidit
1520 2816 1808 2883 impetrare
1830 2823 1858 2862 a
1882 2808 1994 2863 Deo
2024 2804 2165 2875 quod

589 2896 798 2987 orabat,
830 2919 1012 2989 plures
1036 2910 1303 2970 interlbcit
1325 2909 1556 2963 moriens
1583 2907 1755 2974 quam’
1773 2902 2000 2954 vivens:
2032 2896 2168 2951 dixit

591 3015 732 3071 enim
765 3030 779 3068 :
811 3010 1036 3067 Domine
1067 3008 1230 3071 Deus,
1281 3007 1550 3057 memento
1593 2996 1717 3063 mei,
1752 3003 1804 3049 et
1832 2991 1995 3048 redde
2026 3002 2167 3044 nunc

591 3106 724 3161 mihi
753 3103 1028 3175 pristinam
1057 3095 1442 3158 fortitudinem,
1476 3092 1619 3146 Deus
1655 3101 1827 3152 meus,
1859 3093 1918 3138 ut
1943 3083 2167 3138 ulciscar

2261 1903 2426 1956 Esdra
2452 1909 2503 1956 et
2525 1899 2777 1955 Nebemia
2793 1904 3133 1966 procurante.
3157 1892 3338 1949 Fortes
3354 1893 3488 1964 facti
3500 1902 3633 1945 sunt
3647 1892 3696 1944 in
3707 1890 3828 1944 odia.

2262 1995 2330 2052 Ut
2361 1993 2515 2050 Jesus
2541 1992 2684 2047 Nave
2711 2004 2991 2046 successor
3021 1989 3218 2059 Moysi;
3260 1985 3521 2050 Samson,
3577 1985 3670 2053 qui
3711 1999 3829 2036 man-

2263 2087 2444 2143 dibula
2476 2085 2612 2141 asini
2653 2084 2847 2139 multos
2887 2078 3283 2136 Philistinorum
3318 2078 3651 2140 interfecit;
3697 2075 3828 2131 David

2263 2195 2476 2252 quoque
2511 2193 2634 2244 rex;
2664 2176 2827 2232 Judas
2858 2173 3190 2229 Machameus
3227 2182 3277 2227 et
3306 2171 3512 2225 fratres
3545 2176 3688 2240 ejus,
3718 2183 3819 2238 qua-

2266 2288 2383 2330 rum
2414 2272 2745 2342 temporibus
2776 2271 2936 2326 etiam
2965 2283 3057 2324 sex
3090 2265 3252 2321 millia
3283 2265 3610 2319 Judacorum
3646 2262 3824 2316 interfe-

2266 2373 2453 2421 cerunt
2483 2373 2697 2419 centum
2745 2360 2910 2416 millia
2961 2359 3224 2423 hostium;
3257 2366 3309 2412 et
3351 2357 3449 2410 tria
3506 2355 3676 2409 millia
3705 2352 3820 2407 missi

2267 2459 2604 2513 Antiochiam
2641 2457 2692 2510 in
2741 2454 2998 2509 auxilium
3046 2451 3319 2519 Demetrii,
3367 2458 3717 2521 peremerunt
3745 2445 3821 2500 litt

2268 2549 2452 2604 millia.
2486 2548 2669 2601 Castra
2696 2555 2949 2600 verterunt
2979 2555 3285 2599 exterarum.
3319 2543 3371 2597 ll
3411 2551 3533 2608 est,
3587 2544 3639 2596 in
3675 2539 3816 2609 fugam

2269 2641 2572 2710 frequenter
2604 2645 2910 2708 coegerunt.
2953 2637 3140 2692 Castra
3179 2635 3429 2689 dicuntur
3467 2649 3497 2686 a
3534 2630 3816 2692 castrando,

2270 2749 2334 2790 eo
2363 2735 2502 2804 quod
2535 2734 2605 2788 ibi
2633 2740 2895 2786 castretur
2921 2731 3088 2785 libido
3117 2746 3130 2782 :
3158 2743 3262 2784 non
3292 2739 3374 2783 est
3411 2727 3555 2782 enim
3585 2740 3703 2780 mos
3742 2722 3819 2776 mi.

2270 2829 2438 2883 litoris
2485 2836 2542 2881 ut
2584 2835 2866 2896 pergentes
2909 2827 2961 2879 in
3017 2824 3254 2892 praelium
3287 2835 3478 2877 uxores
3502 2828 3597 2874 aut
3620 2818 3822 2872 feminas

2270 2920 2402 2974 alias
2435 2933 2616 2973 secum
2663 2918 2878 2972 ducant.
2928 2916 3040 2970 Duo
3083 2915 3341 2985 quondam
3373 2912 3641 2982 principes
3681 2921 3824 2964 terra:

2271 3027 2392 3067 cum
2410 3014 2664 3068 comitatu
2689 3023 2913 3065 uxorum
2940 3017 3278 3079 perrexerunt
3301 3007 3346 3060 in
3371 3005 3559 3058 beilum
3586 3020 3601 3055 :
3632 3003 3828 3055 Darius

2273 3106 2545 3171 videlicet,
2576 3115 2734 3173 atque
2766 3103 3058 3165 Antonius;
3095 3101 3189 3156 sed
3216 3109 3424 3167 uterque
3449 3096 3580 3149 inibi
3604 3093 3820 3150 corruit.

591 3213 680 3254 me
698 3198 766 3252 de
793 3193 1022 3251 inimiCis
1050 3191 1184 3246 meis
1209 3206 1224 3243 ³
1249 3196 1302 3243 et
1327 3200 1422 3256 pro
1449 3182 1737 3238 amissmne
1759 3179 1983 3232 (“mrum
2013 3173 2143 3268 limi
2159 3224 2178 3234 -
2201 3184 2248 3247 Ο
2285 3200 2471 3254 Darius
2494 3197 2706 3268 quidem
2731 3205 3010 3266 superatus
3034 3201 3117 3247 est
3144 3193 3210 3247 ab
3236 3188 3556 3255 Alexandro,
3577 3187 3819 3240 Antonius

595 3308 723 3350 num
752 3303 913 3346 unam
951 3284 1202 3354 recipiam
1230 3282 1510 3336 ultionem.
1545 3273 1740 3344 Jepthe
1767 3271 1924 3325 ﬁdem
1958 3267 2168 3332 habuit,

594 3381 877 3456 pugnando
898 3387 1083 3435 contra
1118 3376 1258 3430 ﬁlios
1297 3375 1526 3428 Ammon
1557 3377 1608 3423 et
1639 3367 1692 3421 in
1722 3365 1884 3419 ﬁliam
1909 3375 2059 3416 suam
2086 3358 2170 3414 of-

595 3453 834 3543 ierendo,
867 3471 990 3526 licet
1016 3469 1070 3523 in
1099 3468 1201 3522 huc
1222 3465 1385 3520 stulte
1409 3464 1624 3532 egisset,
1661 3455 1802 3526 quod
1833 3453 2175 3520 omnipoten-

598 3578 703 3624 tem
736 3566 898 3621 D'eum
922 3561 1234 3631 sanguinem
1260 3557 1549 3610 humanum
1572 3550 1797 3606 fundens
1831 3545 2038 3615 putavit
2063 3544 2174 3611 pla-

596 3672 759 3722 care;
833 3655 977 3708 vovit
1023 3650 1308 3720 siquidem,
1350 3647 1478 3700 utsi
1507 3644 1554 3698 ei
1601 3643 1855 3696 Dominus
1899 3636 2174 3690 victoriam

597 3751 749 3805 daret
773 3748 840 3802 de
879 3746 1000 3800 ﬁliis
1027 3743 1273 3804 Ammon,
1307 3739 1610 3792 immolaret
1655 3733 1703 3787 ei
1732 3732 2037 3800 quicunque
2066 3726 2176 3795 pri-

599 3855 724 3896 mus
739 3844 1046 3893 occurreret
1071 3834 1120 3889 ei
1150 3832 1218 3887 de
1233 3831 1393 3885 domo
1413 3824 1684 3896 sua,quod
1713 3824 1785 3877 ita
1812 3831 1866 3876 et
1893 3820 2174 3884 fecit,nam

599 3929 830 3986 occurrit
859 3925 909 3981 ei
956 3924 1063 3978 lilia
1093 3936 1210 3988 sua,
1269 3933 1428 3989 quam
1456 3925 1576 3986 post
1601 3914 1929 3982 deploratam
1964 3908 2180 3976 virgini-

601 4030 764 4076 tatem
795 4015 1008 4074 occidit.
1039 4014 1144 4071 Sed
1186 4019 1362 4083 potest
1413 4008 1575 4080 quaeri
1607 4021 1709 4076 qua
1752 4004 1820 4058 de
1854 4015 2010 4057 causa
2062 4015 2176 4054 mos

599 4111 882 4169 inoleverit
907 4118 966 4163 ut
987 4107 1130 4161 omni
1159 4107 1299 4159 anno
1323 4100 1554 4171 virgines
1585 4098 1932 4153 Hebraeorum
1961 4093 2178 4162 plorent

603 4203 763 4258 ﬁliam
813 4198 1041 4269 Jcpthe:
1072 4211 1190 4267 qua;
1234 4195 1334 4249 ista
1377 4189 1716 4262 cognoscitur
1758 4199 1879 4242 esse
1918 4185 2076 4249 ratio,
2122 4190 2180 4236 ut

599 4297 722 4352 dum
751 4301 978 4350 cernunt
1003 4287 1275 4360 deplorari
1298 4286 1444 4341 illam
1474 4301 1504 4339 a
1531 4282 1743 4337 ﬁliabus
1769 4279 1900 4344 suis,
1929 4289 2088 4330 nemo
2111 4273 2177 4328 ad

599 4397 798 4444 tantam
831 4385 1109 4443 stultitiam
1150 4390 1463 4448 tantumque
1515 4375 1780 4447 piaculum
1823 4369 2023 4426 audeat
2058 4381 2178 4437 pro-

598 4477 770 4542 silire,
801 4484 861 4531 ut
909 4475 1020 4530 Deo
1068 4472 1380 4540 sanguinem
1417 4468 1607 4523 fundat.
1645 4465 1955 4518 humanum.
2015 4457 2180 4512 David

2277 3304 2405 3346 vero
2428 3289 2496 3343 ab
2524 3287 2814 3343 Octaviano
2846 3289 3102 3355 Augusto.
3160 3284 3471 3353 Acceperunt
3493 3277 3726 3331 mulieres
3770 3276 3819 3327 de

2277 3381 2639 3435 resurrectione
2675 3386 2896 3430 mortuos
2926 3391 3062 3429 suos.
3104 3373 3205 3428 Eas
3244 3371 3495 3426 mulieres
3557 3367 3679 3422 dicit
3710 3379 3818 3435 qua-

2279 3491 2394 3530 rum
2426 3475 2516 3528 ﬁlii
2549 3473 2613 3526 ab
2640 3471 2750 3525 Elia
2781 3477 2833 3524 et
2864 3469 3040 3523 Eliseo
3070 3463 3373 3521 resnscitati
3405 3472 3556 3525 sunt,
3587 3471 3710 3528 quos
3737 3457 3814 3510 ilia:

2280 3575 2600 3637 acceperunt
2639 3574 2754 3635 post
2796 3560 3291 3625 resuscitationem,
3326 3571 3432 3611 non
3475 3565 3534 3609 ut
3573 3569 3662 3610 eos
3691 3553 3811 3604 habe-

2281 3670 2400 3716 rent
2427 3661 2479 3714 in
2510 3660 2762 3723 maritos,
2793 3654 2888 3711 sed
2916 3669 3048 3724 quos
3075 3651 3368 3707 amiserant
3398 3649 3449 3703 in
3481 3655 3671 3715 morte,
3700 3656 3812 3696 rece-

2281 3767 2474 3829 perunt
2506 3757 2669 3810 vivos.
2695 3753 2799 3807 Alii
2821 3762 2988 3805 autem
3014 3749 3219 3803 distenti
3241 3756 3378 3812 sunt,
3410 3762 3515 3800 non
3541 3743 3813 3811 suscipientes

2281 3849 2674 3919 redemptionem
2694 3886 2708 3910 ,
2741 3855 2796 3898 ut
2825 3845 3078 3897 meliorem
3104 3840 3380 3893 invenirent
3413 3837 3810 3891 resurrectionem.

2284 3943 2502 3998 Plurimi
2550 3949 2855 3995 sanctorum
2903 3937 3117 3992 distenti
3151 3943 3310 4001 sunt,
3364 3933 3470 3988 hoc
3500 3939 3588 3986 est
3615 3933 3660 3985 in
3694 3936 3812 3980 cruce

2284 4034 2511 4100 extensi,
2547 4033 2763 4087 funibus
2794 4029 3046 4099 colligati,
3081 4029 3218 4083 sicut
3243 4027 3432 4081 beatus
3463 4024 3723 4085 Andreas;
3745 4030 3814 4071 seu

2284 4130 2526 4193 distenti,
2561 4128 2663 4181 hoc
2691 4134 2772 4180 est
2803 4123 2867 4177 ad
2890 4123 3064 4193 capita
3088 4121 3314 4175 duarum
3341 4118 3604 4173 arborum
3633 4106 3813 4181 colligati

2285 4238 2344 4277 ac
2373 4223 2628 4291 disrupti;
2654 4220 2734 4274 vel
2765 4218 2922 4272 etiam
2950 4216 3014 4270 ad
3043 4214 3257 4270 brachia
3286 4227 3556 4281 equorum
3582 4205 3814 4265 indomito-

2286 4331 2401 4371 rum
2422 4313 2662 4378 extincti,
2681 4312 2746 4366 ab
2760 4312 2836 4366 eis
2850 4308 3105 4378 disrupti;
3128 4307 3212 4362 vel
3232 4314 3377 4361 certe
3400 4305 3646 4367 distenti,
3666 4302 3746 4354 hoc
3757 4303 3818 4350 est

2286 4409 2532 4467 decollati
2563 4425 2575 4460 :
2607 4422 2723 4477 quae
2751 4405 2928 4460 omnia
2962 4404 3014 4456 in
3049 4401 3246 4457 sanctis
3269 4396 3602 4470 martyribus
3630 4393 3820 4449 videntur

2289 4519 2408 4559 esse
2437 4500 2719 4571 completa.
2749 4496 2863 4551 Non
2895 4501 3245 4564 susceperunt
3273 4490 3727 4559 redemptionem,
3748 4480 3818 4536 [tot

603 4568 707 4658 me
727 4567 916 4635 plenus
966 4572 1225 4658 Processit
1272 4569 1456 4658 colum
1511 4556 1988 4658 Pl]i!'?.l_lmum.’.el
2019 4559 2180 4658 ","er'
2205 4584 2262 4646 Β
2283 4556 2747 4653 θειὶὶὴθιηθίίοηθηι
2775 4589 2826 4642 in
2855 4556 3128 4658 pimsenti,
3160 4585 3226 4640 ad
3255 4585 3357 4639 hoc
3391 4556 3780 4636 utsalvarentur
3801 4585 3821 4622 ι

604 4656 730 4714 fecit
753 4671 915 4721 eum;
961 4653 1287 4724 etquoniam
1327 4652 1439 4708 Deo
1488 4647 1736 4714 credidit,
1793 4645 1988 4700 multas
2044 4657 2173 4712 pro-

600 4747 885 4804 missiones
922 4744 990 4800 do
1038 4741 1251 4799 Christo
1300 4741 1614 4812 promeruit.
1654 4737 1867 4793 Samuel
1918 4733 2176 4804 propheta

602 4851 656 4896 et
683 4841 934 4896 sacerdos
957 4837 1116 4894 ﬁdem
1139 4837 1323 4892 habuit
1346 4834 1656 4904 perfectam,
1682 4831 1804 4899 quia
1828 4828 1983 4882 unxit
2013 4826 2176 4881 David

604 4935 657 4989 in
688 4937 866 5002 regem
902 4931 968 4986 ad
999 4931 1217 4986 verbum
1260 4926 1507 4992 Domini,
1557 4933 1612 4979 et
1659 4919 1953 4977 occidendo
2002 4932 2179 4988 regem

601 5024 876 5082 Amalech.
912 5021 1124 5094 Operati
1151 5029 1265 5074 sunt
1307 5018 1578 5086 iustitiam.
1611 5013 1743 5082 Quia
1773 5009 1914 5082 quod
1943 5007 2181 5064 credide-

602 5124 731 5172 runt
749 5129 910 5185 opere
930 5111 1353 5180 compleverunt,
1377 5114 1702 5163 exornantes
1725 5101 1965 5158 eamdem
1999 5099 2179 5154 ﬁdem.

604 5206 790 5276 Adepti
815 5213 930 5260 sunt
960 5202 1402 5272 repromissiones.
1437 5198 1512 5253 De
1543 5197 1779 5261 Christo,
1806 5193 1896 5248 vel
1922 5193 1987 5247 de
2015 5191 2181 5262 patria

605 5295 831 5352 caelesti.
883 5291 1152 5349 Abraham
1201 5290 1342 5346 enim
1392 5288 1459 5343 de
1510 5287 1721 5342 Christo
1769 5282 2180 5354 promissionem

605 5385 831 5453 accepit,
861 5383 1078 5437 dicente
1106 5380 1208 5436 sibi
1244 5380 1470 5434 Domino
1503 5393 1516 5432 :
1548 5376 1604 5431 ln
1633 5375 1839 5431 semine
1870 5380 1991 5437 tuo,
2019 5369 2070 5423 id
2101 5378 2182 5424 est

606 5477 660 5531 in
680 5474 915 5538 Christo,
945 5470 1329 5528 benedicentur
1350 5482 1538 5524 omnes
1560 5478 1766 5537 gentes.
1791 5459 1953 5517 David
1971 5475 2178 5529 quoque

607 5562 987 5632 plurimas,cui
1016 5561 1272 5616 Dominus
1295 5555 1603 5613 dixit:Cum
1634 5551 1914 5606 dormieris
1934 5563 2048 5600 runt
2081 5563 2177 5616 pa-

609 5652 777 5706 tribus
810 5653 910 5707 tuis
934 5650 1203 5707 suscitabo
1226 5664 1409 5703 semen
1442 5641 1764 5712 tuum,quod
1798 5638 2097 5705 egredietur
2119 5638 2181 5691 de

608 5740 802 5795 lumbis
826 5741 946 5807 tuis,
979 5750 1030 5796 et
1063 5740 1283 5795 lirmabo
1330 5737 1576 5790 thronum
1603 5733 1718 5800 ejus
1743 5743 1907 5798 super
1933 5727 2179 5780 thronum

612 5837 779 5883 tuum.
816 5827 880 5883 Et
911 5829 1035 5884 alibi
1066 5845 1078 5883 :
1115 5827 1189 5884 De
1228 5827 1401 5882 fructu
1431 5823 1630 5878 ventris
1661 5822 1734 5876 tui
1783 5830 1974 5889 ponam
2025 5825 2181 5881 super

2279 4693 2654 4754 tormentis,ut
2676 4687 2950 4742 meliorem
2977 4688 3136 4752 atque
3166 4679 3542 4752 gloriosiorem
3569 4671 3821 4731 invenirem

2280 4788 2726 4845 resurrectionem
2742 4781 2792 4835 in
2807 4779 3064 4843 futurum,
3086 4775 3337 4846 quoniam
3351 4787 3457 4842 quo
3471 4769 3622 4838 ampl
3633 4772 3727 4822 iora
3740 4757 3822 4830 quis

2249 4900 2252 4901 ν
2283 4889 2549 4936 tormenta
2575 4890 2671 4946 pro
2696 4875 2804 4929 Deo
2823 4874 2874 4927 in
2899 4869 3146 4940 prmsenti
3159 4865 3408 4927 sustinet,
3423 4877 3488 4917 eo
3507 4857 3772 4932 gloriosior
3789 4853 3825 4902 in

2288 4971 2685 5027 resurrectione
2707 4965 3002 5035 apparebit.
3036 4961 3138 5014 Alii
3169 4974 3287 5013 vero
3318 4954 3548 5009 ludibria
3582 4960 3640 5005 et
3666 4946 3828 5003 verbera

2287 5066 2480 5134 experti
2507 5105 2520 5130 ,
2553 5065 2762 5131 insuper
2793 5070 2838 5112 ct
2866 5056 3097 5122 vincula,
3133 5061 3180 5106 et
3207 5065 3454 5104 carceres.
3503 5042 3749 5100 Ludibria
3772 5033 3831 5089 di-

2287 5169 2479 5215 cuntur
2510 5174 2536 5210 a
2572 5153 2715 5216 ludo,
2750 5152 2853 5204 hoc
2886 5158 2969 5203 est
2999 5145 3252 5201 irrisione
3281 5161 3292 5196 :
3328 5141 3503 5209 primo
3525 5138 3676 5193 enim
3699 5126 3828 5190 sancti

2288 5262 2548 5322 martyres
2596 5245 2836 5301 ludibriis
2899 5251 3058 5310 atque
3118 5234 3459 5292 irrisionibus
3511 5233 3829 5287 ludebantur.

2290 5316 2484 5402 deinde
2539 5340 2848 5397 verberibus
2908 5334 3280 5390 afﬁciebantur
3327 5349 3340 5382 :
3389 5329 3578 5398 sicque
3645 5316 3833 5379 vinculis

2287 5436 2489 5494 astricti
2517 5432 2852 5503 ponebantur
2874 5429 2928 5481 in
2958 5437 3263 5487 carcerem;
3294 5421 3358 5475 ad
3384 5429 3717 5490 postremum
3738 5422 3836 5464 vero

2291 5501 2751 5586 interﬁciebantur
2773 5520 3002 5576 diversis
3025 5525 3078 5572 ct
3107 5514 3386 5583 exquisitis
3431 5512 3730 5566 tormentis.
3761 5501 3835 5555 LJ-

2291 5621 2456 5692 pidati
2486 5627 2621 5672 sunt.
2655 5617 2723 5671 Ut
2747 5612 2952 5667 Naboth
2978 5652 2990 5675 ,
3026 5607 3284 5663 Jerentias
3314 5609 3363 5658 in
3395 5603 3658 5675 ASgypto,
3691 5619 3714 5654 π
3741 5593 3836 5650 reli-

2294 5714 2430 5781 quiis
2459 5708 2987 5776 transmigratornm;
3015 5699 3265 5754 Ezechiel
3285 5700 3333 5751 in
3358 5697 3656 5765 Babylone,
3675 5692 3833 5752 aliique

2262 5807 2627 5877 ιῳιίιωριυτθε
2652 5802 2704 5856 ἱη
2732 5799 2877 5856 Novo
2903 5796 3269 5853 Testamento.
3300 5791 3436 5847 Secti
3459 5799 3594 5844 sum.
3627 5787 3723 5844 llic
3749 5781 3833 5854 pltt'
