3968 6354
86 309 214 387 Α775

966 308 1031 365 ΙΝ
1072 306 1458 365 EPISTOLAM
1498 306 1591 362 AD
1632 303 1971 362 HEBRAEOS
2007 287 2536 365 COMMENTARIA.‘

3273 308 3375 365 774

114 430 239 485 ralis
283 440 539 483 numerus
588 440 684 497 pro
720 425 974 498 singulari
1016 428 1222 496 positus
1250 436 1374 482 est:
1409 426 1677 480 neminem
1707 433 1760 491 Α
1788 426 1923 480 viam
1955 427 2275 496 impetrare,
2314 430 2481 485 verbo
2521 429 2655 484 Elite
2695 435 2894 498 apertae
2938 435 3063 484 sunt
3090 437 3371 485 cataractae

112 523 251 579 enim
297 520 522 589 legimus
570 529 879 581 sanctorum
906 519 976 574 .in
1007 519 1188 575 Veteri
1218 519 1566 573 Testamento
1597 532 1684 572 se-

110 623 276 680 ctum,
301 610 407 666 nisi
434 610 623 666 Isaiam
648 610 995 681 prophetam,-
1008 625 1167 681 quem
1193 610 1317 665 fecit
1338 612 1508 665 secari
1531 624 1679 664 serra

113 707 283 776 lignea
313 704 587 761 Manasses
617 719 711 760 rex
731 744 747 771 ,
775 704 866 775 qui
894 704 1053 759 filiam
1077 704 1194 773 ejus
1219 702 1450 758 habebat
1474 705 1527 758 in
1551 718 1683 758 uxo-

112 815 249 855 rem.
284 798 483 853 Tentati
516 808 656 853 sunt.
698 798 766 855 Ut
794 798 1063 854 Abraham
1094 808 1148 854 et
1174 798 1267 852 alii
1297 797 1448 853 multi
1476 811 1584 852 non
1616 798 1681 851 ad

108 891 505 960 deceptionem,
530 892 623 947 sed
649 891 825 960 potius
847 893 911 947 ad
936 892 1328 962 probationem,
1360 892 1445 946 illa
1476 891 1684 947 scilicet

112 984 409 1059 tentatione
431 983 501 1040 de
525 998 627 1055 qua
652 985 849 1041 dicitur
874 1004 887 1039 :
912 986 1103 1041 Tentat
1132 1000 1225 1041 vos
1256 987 1515 1041 Dominus
1542 987 1682 1043 Deus

112 1086 309 1144 vester,
341 1078 391 1133 id
417 1085 533 1145 est,
562 1079 753 1149 probat
776 1093 906 1134 vos:
934 1093 1057 1135 nam
1087 1080 1225 1134 Deus
1253 1080 1547 1135 iutentator
1570 1095 1685 1136 ma-

113 1171 285 1226 lorum
325 1178 425 1226 est.
456 1169 522 1225 In
557 1172 806 1226 occisione
830 1173 993 1243 gladii
1018 1174 1207 1227 mortui
1231 1183 1370 1230 sunt.
1404 1173 1472 1233 Ut
1503 1174 1680 1244 Urius,

112 1272 166 1318 et
192 1263 387 1326 Josias,
415 1272 467 1319 et
494 1262 583 1316 alii
610 1263 782 1318 multi.
814 1262 1135 1318 Circuierunt
1164 1265 1217 1317 in
1242 1264 1459 1332 melotis,
1495 1265 1547 1317 in
1578 1264 1683 1333 pet-

113 1356 246 1410 libus
269 1356 752 1427 caprinis,egentcs,
773 1357 997 1427 angusti,
1024 1358 1271 1427 afﬂictati.
1304 1357 1473 1411 Eliam
1498 1359 1550 1411 in
1587 1360 1689 1412 hoc

113 1446 233 1503 ioco
254 1446 510 1503 debemus
532 1448 846 1518 intelligere,
879 1456 934 1503 et
960 1447 1095 1502 alios
1119 1450 1206 1517 qui
1232 1448 1411 1503 taliter
1432 1448 1686 1518 egeruntf;

115 1549 169 1597 et
212 1542 302 1611 qui
348 1541 529 1596 afﬂicti
580 1541 816 1611 undique
857 1541 1096 1611 periuriis
1146 1548 1201 1595 et
1230 1541 1686 1609 tribulationibus,

115 1632 407 1704 angustiati‘
431 1633 533 1689 ﬁde
561 1633 929 1688 sustinuerunt
955 1634 1157 1699 omnia,
1182 1642 1237 1688 ut
1266 1634 1333 1687 ad
1363 1633 1688 1690 desiderium

114 1730 449 1798 superiorum
494 1736 715 1797 possent
764 1729 1065 1796 pervenire.
1118 1727 1305 1783 Omnis
1345 1738 1521 1783 autem
1556 1729 1692 1783 indi-

1789 517 1907 571 caeli
1928 558 1944 584 ,
1976 527 2031 572 et
2057 520 2199 575 venit
2226 522 2402 591 pluvia
2433 534 2594 592 super
2620 521 2808 579 faciem
2834 531 3011 579 terrm.
3041 521 3107 576 1n
3131 525 3375 577 solitudi-

1786 612 1933 667 nibus
1963 624 2218 682 errantes,
2249 626 2295 669 et
2323 616 2579 671 montibus
2608 626 2655 671 et
2683 618 2968 687 speluncis,
2993 626 3038 671 et
3069 618 3123 671 in
3147 620 3374 672 cavernis

1787 706 2133 761 terrtc.Eliam
2162 708 2413 763 eximium
2444 710 2825 779 prophetarum
2856 710 2943 765 hic
2974 711 3083 765 vult
3120 709 3368 780 intelligi,

1786 808 1841 854 et
1868 798 2008 854 ﬁlios
2034 800 2436 870 prophetarum,
2461 803 2550 873 qui
2572 805 2900 873 temporibus
2922 803 3106 858 Achab
3131 812 3187 858 et
3212 804 3367 857 .leza-

1786 892 1923 948 belis
1951 892 2116 963 fugati
2137 902 2280 960 sunt,
2303 909 2369 951 eo
2397 896 2537 965 quod
2571 896 2823 952 voluiset
2855 911 2943 951 eos
2966 896 3175 951 Jezabel
3202 894 3374 950 inte'r-

1788 984 1948 1039 ﬁcere
1978 1002 1990 1038 :
2027 995 2151 1040 tunc
2178 988 2433 1057 temporis
2453 989 2592 1057 pavit
2622 1003 2715 1045 eos
2742 992 3144 1060 quinquagenos
3167 987 3367 1043 Abdias

1787 1075 1840 1130 in
1886 1075 2155 1146 speluncis
2184 1086 2238 1132 et
2280 1078 2351 1147 in:
2378 1080 2623 1135 cavernis
2664 1089 2860 1146 terras;
2894 1080 3035 1135 unde
3077 1088 3130 1135 et
3169 1078 3365 1133 meruit

1788 1169 1984 1225 donum
2007 1172 2318 1240 prOphetize,
2340 1171 2489 1242 juxta
2514 1175 2655 1243 quod
2679 1175 2937 1231 Dominus
2961 1174 3089 1229 dicit
3111 1173 3165 1227 in
3190 1172 3368 1226 Evan-

1787 1260 1927 1330 gelio
1959 1261 2095 1326 :Qui
2146 1264 2332 1331 recipit
2361 1264 2671 1333 prophetam
2712 1265 2779 1318 in‘
2813 1266 3028 1319 nomine
3069 1263 3367 1332 prophetat,

1790 1356 2091 1406 mercedem
2115 1353 2391 1422 prophetae
2425 1355 2671 1425 accipiet.
2708 1355 2773 1409 Et
2800 1355 2853 1408 lii
2884 1370 3053 1409 omnes
3082 1357 3374 1409 tesrimonio

1790 1445 1913 1514 ﬁdei
1944 1448 2161 1513 probati.
2189 1448 2411 1503 Inventi.
2436 1448 2559 1503 Non
2580 1457 2885 1517 acceperunt
2903 1450 3368 1520 repromissionem,

1792 1535 1902 1589 Deo
1935 1554 2026 1605 pro
2055 1538 2200 1591 nobis
2225 1541 2405 1591 melius
2440 1539 2637 1609 aliquid
2666 1542 2987 1611 providente,
3020 1542 3103 1595 uti
3140 1556 3241 1595 non
3267 1543 3379 1595 sine

1791 1628 1935 1679 nobis
1977 1638 2471 1681 consummarentur.
2518 1629 2616 1695 Qui
2663 1634 2850 1686 Omnes
2893 1631 3198 1686 testimonio
3248 1630 3376 1685 fidei

1793 1722 1916 1770 sunt
1946 1716 2176 1785 probati,
2225 1717 2326 1772 nisi
2357 1732 2543 1773 omnes
2585 1720 2831 1788 superius
2882 1722 3208 1777 memorati?
3246 1737 3382 1791 quo-

114 1796 292 1891 gentia
314 1827 369 1875 et
386 1796 596 1890 egestas
626 1820 868 1889 anguStia
905 1826 1162 1885 vocatur;
1199 1820 1320 1887 quia
1353 1821 1687 1890 angustiatur
1719 1796 1911 1868 Βίῐιιω
1956 1813 2065 1860 iam
2099 1807 2351 1876 Praedam
2403 1818 2455 1862 εί
2494 1808 2775 1865 laudabilis
2797 1811 2930 1866 ﬁdes
2959 1822 3379 1869 Commemm‘aia

117 1913 300 1980 homo,
327 1913 379 1968 id
402 1919 481 1967 est
504 1910 759 1980 affligitur
781 1924 874 1965 seu
902 1910 1061 1975 fame,
1088 1925 1181 1965 seu
1213 1911 1317 1965 alia
1348 1912 1545 1981 inopia.
1579 1911 1692 1967 Me-

115 2004 278 2059 lotam
309 2003 492 2058 dicunt
511 2001 728 2072 quidam
760 2012 930 2072 genus
952 2016 1073 2056 esse
1102 2001 1407 2057 vestimenti
1437 2016 1503 2056 ex
1534 2002 1691 2071 pelli-

117 2094 217 2149 bus
244 2094 505 2163 caprinis,
544 2106 611 2147 ex
647 2106 755 2147 uno
799 2092 964 2147 latere
993 2091 1296 2161 dependens
1315 2135 1328 2158 ,
1357 2106 1465 2163 quo
1496 2106 1695 2162 genere

118 2184 421 2239 vestimenti
453 2190 670 2253 pr0pter
698 2185 1039 2250 aSperitatem
1081 2185 1133 2238 in
1180 2182 1414 2255 Egypto
1444 2186 1693 2241 monachi

117 2275 369 2330 dicuntur
406 2277 497 2331 uti.
551 2276 689 2329 Elias
719 2291 927 2345 quoque
957 2276 1148 2346 legitur
1187 2292 1314 2332 usus
1352 2278 1445 2332 illo
1484 2278 1691 2345 fuisse;

117 2377 172 2423 et
193 2368 341 2439 μῆλον
385 2367 568 2422 Graece
591 2365 704 2421 ovis
726 2367 937 2430 dicitur,
961 2368 1043 2421 vel
1062 2367 1362 2437 quadrupes
1378 2370 1651 2437 quodlibet
1679 2386 1691 2422 :

120 2461 262 2515 unde
286 2461 473 2533 μηλοτὴ
504 2458 661 2530 pellis
691 2460 867 2513 ovina.
914 2462 980 2514 At
1018 2474 1145 2515 vero
1172 2461 1603 2531 quidam.dicunt
1628 2478 1693 2517 ex

120 2552 350 2621 pellibus
399 2550 507 2605 taxi
547 2565 721 2620 genus
777 2552 1079 2606 vestimenti
1121 2566 1240 2607 esse
1297 2555 1695 2624 compositum:

119 2654 202 2702 est
227 2646 367 2702 enim
400 2645 592 2700 animal
620 2646 757 2715 quod
784 2652 933 2700 taxus
955 2655 1196 2711 vocatur,
1221 2646 1408 2701 solitus
1435 2648 1483 2701 in
1506 2663 1696 2702 caver-

120 2738 205 2794 nis
235 2748 389 2794 terrrc
422 2737 658 2793 habitare
682 2778 696 2804 ,
739 2736 892 2806 cujus
922 2738 1077 2807 pellis
1108 2738 1311 2809 hispida
1346 2753 1465 2794 esse
1509 2739 1697 2805 fertur,

120 2843 149 2884 a
179 2843 287 2899 quo
313 2831 528 2884 nomine
574 2828 842 2883 derivatur
871 2830 1184 2885 vocabulum
1218 2830 1375 2901 hujus
1409 2834 1607 2896 vestis,
1647 2833 1698 2888 id

120 2931 203 2977 est
236 2936 267 2976 a‘
293 2920 433 2984 melo
461 2921 675 2975 melota.
716 2921 910 2988 Quibus
940 2920 1123 2992 dignus
1162 2938 1261 2976 non
1307 2932 1417 2977 erat
1457 2925 1694 2980 mundus.

122 3014 306 3069 Mundi
336 3016 550 3069 nomine
579 3014 663 3070 hic
698 3016 795 3070 sub
836 3030 937 3070 una
990 3016 1378 3086 significatione
1418 3032 1701 3087 possumus

120 3106 421 3177 intelligere
466 3116 730 3162 amatores
760 3107 965 3174 mundi,
997 3108 1084 3176 qui
1112 3116 1323 3163 terrena
1365 3111 1702 3165 solummodo

1796 1905 1879 1952 est
1906 1899 2073 1954 stella:
2097 1900 2343 1955 videlicet
2363 1908 2416 1955 et
2445 1901 2768 1956 firmamenti
2789 1906 2988 1958 terreni
3023 1906 3285 1972 homines,
3314 1914 3372 1961 et

1797 1990 2046 2045 caelestes
2067 1991 2238 2060 angeli
2258 1991 2391 2045 :vivi
2427 1992 2629 2061 lapides
2650 2000 2705 2048 et
2729 1994 3022 2063 splendidae
3053 1996 3376 2065 margarita),

1797 2097 2024 2153 quorum
2073 2098 2233 2153 Opera
2280 2099 2398 2154 quae
2445 2095 2697 2157 egerunt,
2746 2087 2907 2143 fidem
2949 2102 3134 2143 eorum
3180 2090 3381 2143 contir—

1798 2183 1969 2243 mant,
1999 2176 2250 2243 quoniam
2294 2177 2497 2247 absque
2524 2177 2626 2232 fide
2666 2178 2998 2247 impossibile
3041 2188 3124 2234 est
3168 2180 3383 2248 placere

1802 2265 1943 2329 Deo;
1974 2266 2281 2321 testimonio
2305 2268 2486 2335 itaque
2511 2267 2635 2322 fidei
2671 2269 2883 2323 fuerunt
2905 2271 3138 2339 probati,
3170 2271 3272 2326 hoc
3300 2281 3385 2328 est

1798 2355 2109 2423 operatione
2134 2364 2340 2421 sancta,
2363 2371 2482 2427 quae
2520 2372 2615 2427 per
2656 2359 2823 2415 fidem
2857 2361 3201 2430 operabatur,
3227 2363 3385 2419 laude

1799 2447 1948 2518 digni
1975 2449 2178 2504 inventi
2200 2459 2342 2504 sunt.
2370 2451 2531 2506 Fides
2553 2452 2697 2506 enim
2721 2452 2931 2508 illorum
2954 2454 3205 2524 Operibus
3225 2469 3384 2509 mun-

1802 2539 1884 2594 dis
1905 2540 2310 2607 declarabatur;
2340 2543 2433 2596 sed
2462 2557 2581 2596 cum
2614 2543 2686 2597 ita
2710 2556 2890 2599 essent
2923 2546 3164 2613 perfecti,
3194 2560 3382 2616 repro-

1801 2631 2108 2686 missionctn
2141 2648 2247 2687 non
2276 2644 2619 2702 acceperunt.
2658 2636 2791 2691 Dicit
2818 2650 2944 2705 ergo
2976 2637 3168 2706 aliquis
3197 2654 3213 2691 :
3246 2637 3387 2704 Quid

1801 2723 1880 2778 eis
1905 2723 2101 2792 profuit
2142 2723 2254 2779 Deo
2301 2726 2555 2791 servisse,
2599 2727 2642 2779 si
2691 2727 2948 2781 hactenus
2998 2729 3115 2782 sine
3164 2728 3391 2797 praemio

1803 2816 2152 2885 permanent?
2176 2815 2329 2870 Absit
2359 2816 2460 2870 hoc
2490 2830 2521 2870 a
2551 2816 2782 2872 fidelium
2804 2818 3077 2886 cordibus,
3105 2828 3160 2873 ut
3199 2819 3388 2873 creda-

1806 2920 1927 2962 mus
1948 2922 2041 2961 eos
2071 2909 2189 2963 sine
2216 2910 2438 2979 praemio
2467 2923 2687 2965 manere
2715 2926 2730 2976 ;
2759 2910 2933 2966 adhuc
2961 2911 3157 2982 quippe
3178 2911 3390 2968 mortali

1806 3013 1969 3054 carne
1998 3000 2353 3064 circumdati,
2403 3016 2651 3071 magnum
2694 3003 2970 3071 pramium
3002 3014 3387 3072 perceperunt,

1806 3092 2021 3147 vivendi
2052 3093 2275 3159 scilicet,
2324 3093 2488 3147 Deum
2520 3094 2901 3162 cognoscendi,
2932 3095 3204 3164 multaque
3227 3096 3391 3149 mira-

122 3205 458 3266 ηρρειεηιθς,
504 3198 571 3251 ab
624 3211 805 3251 amore
852 3196 1122 3253 creatoris
1171 3201 1251 3253 sui
1309 3200 1463 3270 longe
1510 3202 1702 3256 remoti
1733 3176 1783 3252 Cl
1808 3183 1930 3237 bilia
1957 3184 2197 3252 patrandi
2227 3201 2240 3249 ;
2272 3198 2409 3238 nunc
2434 3198 2559 3239 vero
2588 3183 2871 3253 quiescunt
2890 3185 3154 3250 inanima,
3182 3185 3237 3239 in
3267 3184 3394 3241 bea-

120 3294 302 3353 erant,
333 3300 395 3342 ac
428 3296 706 3358 prepterea
748 3301 852 3342 non
882 3298 1036 3343 erant
1062 3289 1204 3359 digni
1237 3291 1371 3345 tales
1403 3290 1577 3346 socios
1609 3293 1703 3347 ha-

124 3382 260 3437 bere
298 3380 481 3451 quales
508 3379 719 3435 fuerunt
745 3378 820 3433 illi
851 3394 1075 3449 quorum
1123 3382 1384 3451 magnalia
1418 3384 1706 3453 Apostolus

122 3474 292 3543 supra
319 3472 619 3543 descripsit.
653 3472 779 3528 Sive
818 3473 1000 3527 mundi
1033 3474 1249 3529 nomine
1288 3484 1505 3543 possunt
1538 3476 1707 3545 accipi

123 3567 315 3623 omnia
343 3580 460 3638 quae
490 3566 828 3621 continentur
856 3566 994 3621 inter
1034 3567 1229 3622 ccelum
1273 3574 1326 3623 et
1356 3576 1577 3633 terram,
1611 3586 1706 3623 au-

122 3677 251 3718 rum
283 3662 547 3728 videlicet,
582 3670 890 3733 argentum,
925 3677 1149 3731 gemmae
1190 3673 1346 3733 atque
1383 3666 1558 3719 omnia
1591 3682 1709 3735 pre-

124 3754 268 3808 tiosa
297 3769 309 3805 :
338 3753 556 3822 insuper
594 3762 647 3809 et
692 3754 791 3823 ipsi
825 3754 1039 3824 reprobi
1087 3770 1271 3810 amore
1319 3757 1708 3813 mundanarum

126 3852 315 3901 rerum
357 3844 583 3913 decepti.
636 3844 756 3901 istis
814 3860 941 3916 ergo
984 3848 1181 3901 sanctis
1221 3863 1324 3902 non
1373 3857 1485 3904 erat
1522 3850 1712 3920 dignus

130 3937 370 3994 mundus
393 3978 406 4002 ,
441 3936 539 3991 hoc
570 3945 684 4001 est,
730 3937 774 3991 si
826 3946 967 3992 totus
995 3939 1222 3993 mundus
1253 3940 1583 4009 redigeretur
1613 3942 1712 3996 sub

132 4029 333 4098 pretio,
367 4041 472 4081 non
506 4033 712 4095 poterat
740 4027 829 4079 uni
854 4027 1064 4080 illorum
1089 4037 1234 4081 recte
1261 4029 1558 4096 comparari
1582 4046 1595 4093 ;
1624 4044 1715 4083 nc-

134 4131 243 4187 que
274 4118 433 4172 etiam
465 4118 510 4171 si
540 4115 717 4170 omnia
751 4116 838 4170 illa
879 4118 929 4170 in
974 4118 1205 4185 pretium
1240 4117 1351 4171 dari
1394 4119 1711 4187 potuissent,

133 4214 299 4269 talem
328 4212 557 4282 aliquem
585 4212 755 4265 virum
786 4225 966 4266 emere
998 4219 1234 4281 possent.
1264 4211 1330 4265 Ut
1357 4225 1487 4281 ergo
1511 4225 1573 4265 ex
1600 4211 1717 4279 pitt-

132 4303 289 4360 ribus
309 4317 595 4372 paucorum
620 4302 933 4357 memoriam
956 4318 1194 4371 agamus,
1218 4302 1484 4371 quomodo
1506 4310 1717 4370 poterat

134 4399 261 4453 talis
300 4412 360 4453 ac
391 4405 567 4451 tantus
605 4398 685 4450 vir
717 4395 1051 4466 comparari,
1088 4406 1143 4449 ut.
1182 4394 1387 4465 Moyses
1426 4394 1560 4447 fuit?
1605 4394 1717 4463 qui,

137 4488 359 4560 quando
387 4489 582 4553 voluit,
634 4502 781 4542 mare
824 4486 1039 4551 divisit;
1084 4483 1297 4555 quando
1340 4484 1527 4552 voluit,
1554 4497 1718 4554 aquas

1814 3273 2039 3328 titudine
2066 3277 2212 3343 regni
2242 3273 2501 3343 C(Blcstis,
2533 3273 2790 3329 ineffabili
2818 3275 2999 3330 lmtitia
3030 3278 3387 3345 periruentes.

1814 3364 1917 3421 Sed
1946 3365 2220 3419 videamus
2249 3365 2373 3435 quid
2397 3365 2634 3421 Joannes
2656 3365 2723 3422 de
2747 3366 2852 3420 illis
2875 3366 2931 3420 in
2952 3367 3275 3439 Apocalypsi
3295 3384 3391 3423 sua

1813 3457 1976 3523 dicat,
2026 3458 2210 3527 sicque
2239 3458 2391 3513 nobis
2424 3459 2848 3515 manifestabitur
2875 3474 3033 3530 quam
3085 3463 3395 3530 promissio-

1815 3565 1937 3605 nem
1959 3564 2065 3605 non
2088 3559 2439 3621 perceperunt
2464 3570 2475 3603 :
2506 3552 2619 3605 Vidi
2646 3552 3102 3625 (inquitioanncs)
3118 3556 3216 3610 sub
3229 3554 3399 3611 altare

1816 3640 1909 3695 Dei
1938 3645 2144 3695 animas
2174 3641 2572 3697 interfectorum
2598 3652 2815 3713 propter
2842 3644 3072 3699 Verbum
3105 3644 3221 3714 Dei,
3257 3645 3397 3714 quod

1818 3734 2106 3800 habebant,
2139 3743 2194 3788 et
2237 3734 2537 3789 clamabant
2563 3748 2694 3790 voce
2723 3750 2943 3806 magna,
2977 3736 3221 3793 dicentes
3252 3754 3263 3790 :
3299 3737 3401 3793 Us-

1816 3841 2051 3897 quequo,
2106 3828 2328 3883 Domine
2375 3837 2593 3884 sanctus
2638 3836 2695 3884 et
2736 3843 2914 3896 verus,
2957 3843 3064 3885 non
3108 3829 3319 3900 judicas
3346 3839 3402 3886 et

1817 3919 2059 3973 vindicas
2089 3922 2403 3989 sanguinem
2438 3929 2676 3975 nostrum
2705 3920 2773 3975 de
2813 3921 2895 3975 his
2936 3922 3025 3991 qui
3076 3922 3317 3978 habitant
3346 3922 3402 3978 iu

1822 4011 1994 4065 terra?
2026 4018 2079 4064 et
2112 4010 2251 4065 datm
2278 4021 2402 4066 sunt
2430 4014 2534 4069 illis
2571 4012 2792 4081 singulae
2824 4013 2977 4068 stolae
3006 4014 3171 4079 albae;
3223 4022 3278 4070 et
3324 4016 3408 4071 di-

1827 4109 1971 4155 ctum
1995 4111 2076 4155 est
2100 4101 2205 4155 illis
2235 4110 2292 4155 ut
2315 4104 2717 4171 requiescerent
2749 4118 2762 4156 :
2790 4104 3198 4170 tempus‘adhuc
3221 4106 3399 4159 modi-

1819 4205 1965 4258 cum,
1996 4190 2167 4246 donec
2200 4192 2484 4260 impleatur
2506 4206 2759 4247 numerus
2785 4206 3166 4247 conservorum
3204 4202 3259 4248 et
3294 4194 3403 4248 fra-

1822 4288 1963 4336 trum
2004 4282 2237 4336 illorum.
2284 4282 2532 4353 Singulas
2583 4283 2750 4337 stolas
2778 4283 2941 4336 modo
2987 4284 3186 4338 habent
3215 4284 3409 4339 animae

1823 4382 2161 4438 sanctorum,
2211 4372 2279 4427 de
2327 4388 2422 4427 sua
2471 4373 2870 4428 immortalitate
2894 4373 3221 4443 gaudentes,
3253 4375 3406 4431 etde

1825 4463 2077 4520 felicitate
2104 4479 2204 4533 qua
2232 4464 2478 4521 fruuntur
2504 4465 2849 4521 exsultantes.
2882 4466 3042 4522 Binas
3072 4482 3199 4524 vero
3242 4470 3409 4525 stolas

136 4556 263 4653 ejus
291 4580 527 4647 reduxit;
558 4581 769 4651 quando
792 4579 981 4649 voluit,
1014 4593 1207 4634 manna
1232 4579 1298 4634 de
1327 4578 1463 4633 coelo
1490 4577 1716 4633 descen-
1748 4556 1803 4633 Ῑ)
1828 4558 2115 4653 Μδθδθηξ
2139 4572 2257 4612 cum
2301 4559 2361 4613 ίη
2391 4560 2632 4653 Ββηθνθίί
2675 4561 3076 4618 τθευττεοῑίοηθ
3107 4564 3411 4634 “ceperim

131 4673 273 4728 dere
297 4670 440 4741 fecit,
467 4686 656 4741 aquam
685 4672 749 4726 de
782 4681 930 4742 petra
972 4669 1240 4741 produxit,
1273 4677 1327 4725 et
1348 4678 1538 4725 caetera
1569 4668 1722 4723 innu-

134 4762 423 4819 merabilia
440 4761 582 4818 fecit.
599 4762 697 4818 Vel
715 4760 979 4831 quomodo
998 4771 1204 4831 poterat
1220 4761 1518 4832 comparari
1543 4767 1724 4815 tantus

129 4855 246 4921 vi‘r,
277 4859 335 4906 ut
352 4851 457 4907 fuit
481 4852 644 4908 Josue
666 4866 943 4908 successor
968 4852 1123 4922 ejus?
1152 4851 1262 4922 qui,
1294 4851 1505 4921 quando
1532 4850 1722 4919 voluit,

136 4944 316 5000 solem
345 4957 407 4998 ac
446 4943 655 5010 lunam,
703 4942 790 4996 illa
813 4940 920 4996 duo
950 4943 1176 4997 maxima
1207 4943 1512 5006 luminaria,
1541 4955 1647 4996 uno
1671 4943 1722 4997 in

134 5037 268 5090 loco
288 5044 430 5089 stare
460 5035 605 5102 fecit,
638 5033 824 5089 dicens
851 5051 861 5085 ;
895 5032 985 5089 Sol
1005 5073 1018 5098 ,
1053 5042 1236 5087 contra
1260 5031 1477 5087 Gabaon
1510 5046 1578 5087 ne
1603 5045 1721 5086 mo-

134 5135 350 5200 vearis;
384 5144 437 5189 et
478 5136 599 5190 luna
627 5175 641 5201 ,
676 5142 859 5190 contra
885 5135 1075 5189 vallem
1108 5131 1327 5187 llailon.
1358 5132 1620 5188 Fortassis
1648 5140 1727 5187 ta-

133 5249 264 5290 men
289 5234 437 5290 dicet
465 5236 675 5305 aliquis,
718 5234 842 5290 ideo
892 5248 1000 5290 non
1036 5241 1282 5304 poterant
1311 5234 1433 5301 emi,
1467 5234 1584 5305 quia
1618 5250 1725 5290 non

134 5337 360 5407 quibant
384 5337 635 5392 inveniri.
658 5336 851 5408 Utique
876 5352 1057 5394 verum
1074 5346 1178 5403 est,
1208 5338 1328 5408 quia
1353 5352 1458 5393 non
1481 5347 1725 5407 poterant

135 5440 191 5494 in
227 5445 339 5492 toto
364 5439 563 5493 mundo
587 5440 793 5496 similes
824 5440 1037 5496 illorum
1070 5440 1326 5505 inveniri;
1360 5449 1413 5496 et
1439 5442 1479 5494 si
1514 5442 1717 5511 potuis-

133 5547 264 5595 sent
286 5543 602 5610 comparari,
635 5544 902 5612 quomodo
929 5543 1068 5613 quod
1102 5552 1242 5598 totus
1271 5543 1499 5597 mundus
1527 5544 1717 5612 nequi-

135 5639 231 5695 bat
265 5642 538 5708 perﬁcere,
569 5642 671 5697 boc
699 5658 833 5697 unus
863 5644 1073 5699 illorum
1107 5645 1270 5699 verbo
1308 5645 1498 5716 agebat
1526 5646 1545 5698 ?
1590 5660 1712 5699 nam

138 5754 267 5793 cum
304 5751 441 5797 totus
484 5743 714 5798 ntuudus
746 5746 1071 5814 temporibus
1117 5746 1247 5801 Elia:
1294 5746 1597 5823 laborasset;
1628 5760 1719 5815 per

146 5850 259 5901 tres
284 5856 447 5902 annos
476 5854 527 5903 et
551 5860 641 5903 sex
669 5858 877 5903 menses
906 5846 1163 5916 siccitate,
1189 5862 1289 5906 nec
1320 5849 1575 5920 potuisset
1604 5850 1719 5920 plu-

1830 4650 2284 4707 immortalitatem
2316 4662 2370 4706 et
2419 4652 2873 4722 incorruptionem
2896 4655 2949 4710 in
2971 4670 3220 4725 corpore,
3245 4672 3403 4727 quam

1828 4742 1987 4796 modo
2016 4742 2214 4800 habent
2242 4744 2578 4800 solummodo
2602 4746 2653 4799 in
2679 4746 2873 4802 anima.
2900 4747 3047 4803 lianc
3067 4762 3197 4817 ergo
3226 4761 3413 4818 repro-

1828 4834 2138 4891 missionem
2170 4837 2395 4891 necdum
2419 4846 2794 4908 perceperunt,
2821 4839 2888 4895 de
2910 4854 3010 4910 qua
3041 4838 3204 4895 Isaias
3235 4839 3367 4895 dicit
3391 4858 3405 4894 :

1829 4924 1887 4979 in
1913 4933 2053 4979 terra
2087 4938 2182 4980 sua
2212 4926 2440 4997 duplicia
2471 4929 2820 4997 possidebunt
2842 4939 2961 5000 post
2994 4932 3300 5001 generalem
3329 4946 3413 4987 re—

1830 5016 2237 5072 surrectionem.
2287 5016 2356 5071 Et
2399 5032 2588 5074 revera
2640 5019 2711 5074 ita
2756 5022 2973 5091 dignum
3023 5032 3103 5077 est
3142 5030 3200 5077 ut
3249 5023 3335 5093 qui
3360 5024 3417 5077 iu’

1833 5122 2059 5176 corpore
2089 5118 2141 5164 et
2174 5110 2351 5165 anima
2386 5111 2493 5166 Deo
2519 5113 2844 5181 servierunt,
2878 5116 2932 5169 in
2962 5129 3188 5185 corpore
3210 5117 3413 5186 pariter

1833 5207 1887 5253 et
1916 5200 2093 5255 anima
2142 5204 2630 5258 remunerationem
2675 5207 2997 5275 percipiant;
3030 5207 3279 5278 quodque
3329 5222 3415 5263 se-

1835 5296 2049 5366 quitur:
2077 5294 2186 5349 Deo
2218 5306 2313 5363 pro
2344 5295 2496 5349 nobis
2526 5297 2718 5351 melius
2746 5297 2943 5367 aliquid
2973 5300 3310 5368 providente,
3336 5301 3414 5355 uti

1832 5400 1902 5440 ne
1926 5388 2041 5441 sine
2064 5385 2217 5439 nobis
2243 5392 2761 5452 consummarentur,
2792 5386 2894 5441 hoc
2916 5398 2997 5442 est
3023 5388 3406 5458 perfectionem

1829 5486 2286 5546 consequerentur
2318 5477 2410 5529 illi.
2446 5477 2589 5531 More
2621 5476 2852 5531 humano
2876 5480 3067 5548 agitur,
3114 5482 3261 5536 verbi
3291 5496 3410 5551 gra-

1828 5572 2119 5627 tia:Sicut
2174 5570 2383 5639 quidam
2442 5570 2534 5624 filii
2582 5580 2914 5626 revertentes
2962 5570 3030 5627 de
3073 5586 3202 5643 agro
3226 5573 3411 5629 dicunt

1829 5663 1961 5732 patri
1996 5680 2006 5714 :
2034 5662 2188 5716 Pater
2216 5703 2229 5728 ,
2284 5661 2640 5717 laboravimus
2672 5662 2829 5717 hodie
2851 5705 2865 5729 ,
2910 5673 3097 5719 aestum
3130 5667 3256 5723 solis
3291 5683 3409 5738 per-

1830 5756 1969 5824 pessi
1999 5770 2181 5809 sumus
2221 5773 2235 5810 ;
2264 5765 2469 5824 tempus
2503 5768 2583 5811 est
2624 5766 2678 5810 ut
2711 5758 2915 5812 tribuas
2956 5759 3107 5815 nobis
3152 5750 3406 5815 refectio"

1830 5863 1947 5905 ηοω
1974 5865 1988 5915 ;
2014 5858 2065 5905 ct
2089 5847 2176 5909 ille
2200 5850 2275 5906 eis
2299 5849 2587 5920 respondet
2610 5849 2906 5908 :Sustinete
2940 5866 3245 5924 parumper,
3285 5852 3403 5919 filii,
