3968 6354
602 365 707 422 775

1745 347 2046 410 PRIMASII
2087 342 2531 404 ADRUIIETANI
2571 341 2786 401 EPISC.

3792 343 3876 399 716

603 501 880 560 quousque
915 486 1133 543 veniant
1161 483 1349 538 fratres
1380 477 1586 544 vestri,
1617 475 1706 547 qui
1747 473 1994 530 similiter
2023 468 2175 523 labo-
2201 469 2254 526 Α
2279 464 2358 517 bis
2387 463 2543 518 fidem
2570 461 2804 517 infundit
2831 476 2845 526 ;
2883 474 2986 515 non
3009 459 3150 516 enim
3177 470 3466 526 possumus
3503 455 3775 522 credere,
3799 458 3878 515 nisi

605 589 764 648 rant,
821 589 875 635 et
920 589 1044 634 tunc
1081 591 1199 633 cum
1227 577 1303 629 eis
1334 571 1638 642 plenissime
1675 565 2018 637 epulatiimini
2050 580 2065 629 ;
2107 563 2183 614 sic

605 674 944 743 omnipotens
978 673 1115 725 Deus
1145 665 1536 737 quodammodo
1565 664 1702 736 egit,
1754 677 1874 717 cum
1905 676 2008 713 non
2036 656 2184 710 dedit

606 765 792 822 electis
814 762 1267 820 immortalitatem
1291 760 1344 813 in
1365 771 1618 826 corpore,
1644 765 1702 809 ut
1723 752 1893 821 major
1917 750 2084 822 gloria
2114 751 2187 800 sit

609 861 887 926 majusque
916 852 1238 910 desiderium
1260 893 1277 917 ,
1309 865 1431 906 cum
1462 863 1649 903 omnes
1671 844 1993 916 generaliter
2015 843 2068 894 in
2099 840 2186 894 die

609 951 786 1021 iudicii
812 949 962 1003 binas
986 945 1152 1000 stolas
1175 943 1515 1012 acceperint,
1545 951 1598 996 et
1622 942 1723 994 hoc
1750 944 1832 992 est
1857 933 1994 1004 quod
2024 933 2185 988 dicit:

614 1044 690 1098 Ne
710 1043 824 1097 sine
843 1039 1016 1103 nobis,
1032 1039 1121 1109 qui
1148 1037 1322 1091 adhuc
1346 1035 1432 1088 hic
1464 1031 1883 1102 peregrinamur,
1902 1023 2188 1095 perfectio-

611 1150 732 1190 nem
761 1139 1218 1201 consequerentur
1240 1130 1292 1183 in
1317 1125 1705 1182 resurrectione
1735 1133 2039 1189 corporum.

678 1223 810 1277 CAP.
851 1237 946 1276 χιι.
981 1222 1206 1290 Ideoque
1225 1226 1274 1272 et
1304 1234 1396 1270 nos
1419 1224 1612 1269 tantam
1633 1213 1869 1263 habentes
1897 1205 2186 1276 impositam

611 1316 791 1369 nubem
843 1316 1062 1379 testium,
1111 1315 1416 1382 deponentes
1471 1323 1617 1361 omne
1671 1303 1870 1375 pondus
1900 1310 1945 1355 et
1976 1300 2192 1352 circum-

613 1417 751 1462 stans
780 1424 870 1461 nos
901 1415 1187 1475 peccatum,
1207 1421 1294 1473 per
1323 1399 1620 1473 patientiam
1662 1409 1925 1449 curramus
1958 1390 2192 1460 proposi-

615 1509 718 1554 tum
743 1509 1020 1552 certamen.
1051 1495 1256 1550 Nuhem
1291 1493 1504 1548 testium
1535 1489 1766 1559 appellat
1793 1484 2188 1539 multitudinem

616 1591 1038 1663 patriarcharum
1067 1603 1130 1644 ac
1153 1587 1560 1657 prophetarum,
1594 1581 2032 1648 reliquorumque
2061 1575 2191 1628 fide-

618 1683 745 1738 tiutn
791 1682 887 1751 qui
929 1690 1093 1737 testes
1121 1679 1332 1733 fuerunt
1371 1676 1621 1746 perfectas
1651 1672 1806 1736 fidei;
1841 1680 2003 1725 testes
2029 1667 2192 1722 etiam

619 1772 740 1828 Filii
771 1773 886 1838 Dei,
918 1787 1077 1842 quem
1108 1770 1474 1841 pra-dixerunt
1509 1777 1789 1820 venturum
1819 1763 1874 1816 in
1901 1759 2190 1823 mundum;

621 1865 706 1936 qui
736 1866 873 1920 bene
896 1865 1063 1920 nubes
1089 1872 1364 1929 vocantur,
1396 1861 1467 1916 ob
1492 1859 1824 1914 altitudinem
1858 1866 1911 1912 et
1939 1853 2185 1908 multitu-

622 1961 797 2018 dinem
829 1959 1139 2013 meritorum
1169 1973 1184 2010 :
1211 1957 1348 2011 sicut
1391 1956 1532 2010 enim
1578 1953 1748 2007 nubes
1777 1967 1806 2005 a
1841 1951 1954 2006 sole
1994 1947 2196 2004 illumi-

623 2061 804 2118 natur,
828 2050 1053 2120 ejusque
1074 2049 1252 2103 calore
1275 2046 1631 2117 perfunditur,
1654 2045 1835 2114 sicque
1860 2041 2195 2113 postmodum

623 2157 818 2200 terram
847 2140 1119 2206 calefacit,
1147 2149 1202 2196 et
1227 2140 1538 2209 plerumque
1564 2136 1844 2192 imbriticat
1877 2134 2020 2190 illam
2042 2175 2056 2199 ,
2090 2132 2200 2201 ple-

624 2251 843 2302 rumque
881 2243 1058 2289 autem
1089 2231 1485 2287 coruscationes
1514 2229 1746 2289 emittit;
1800 2227 1870 2280 ita
1914 2225 1986 2279 illi
2031 2221 2200 2278 sancti

625 2339 798 2398 patres
840 2342 871 2381 a
921 2340 1051 2379 vero
1103 2325 1218 2378 sole
1262 2323 1498 2377 calefacti
1547 2331 1705 2383 atque
1753 2315 2054 2379 illuminati,
2105 2327 2202 2368 suo

627 2420 866 2487 exemplo
883 2417 1043 2472 corda
1065 2415 1338 2470 hominum
1363 2413 1678 2469 calefaciunt
1698 2422 1856 2480 atque
1877 2408 2199 2471 illuminant,

630 2525 825 2580 suoque
854 2521 1093 2577 tempore
1125 2509 1355 2577 pluviam
1395 2507 1690 2560 emiserunt
1715 2503 1914 2565 verbis,
1945 2511 2000 2555 et
2021 2514 2206 2554 corus-

631 2611 879 2658 .averunt
906 2602 1196 2655 miraculis.
1228 2598 1477 2667 Imposita
1502 2606 1581 2651 est
1603 2611 1734 2664 ergo
1766 2594 1922 2648 nobis
1949 2593 2000 2645 in
2025 2606 2207 2644 exem-

632 2693 771 2761 plum
805 2699 910 2744 tam
954 2704 1144 2757 magna
1173 2688 1339 2742 nubes
1364 2687 1603 2753 testium,
1635 2694 1691 2737 ut
1713 2682 1870 2737 fidem
1913 2681 2123 2735 illorum
2154 2686 2209 2733 et

633 2798 792 2851 opera
842 2782 1034 2836 imitari
1076 2789 1376 2848 satagamus
1410 2796 1422 2832 :
1457 2784 1788 2845 quapropter
1835 2773 1999 2826 simus
2045 2770 2208 2837 depo-

634 2886 819 2930 nentes
874 2889 1032 2928 omne.
1083 2871 1287 2940 pondus
1344 2869 1590 2924 vitiorum
1648 2883 1743 2934 per
1798 2865 2210 2935 paenitentiam,

636 2980 879 3023 somnum
937 2978 1146 3032 quoque
1193 2960 1416 3031 pigritia:
1466 2967 1521 3013 et
1559 2956 1908 3026 cogitationes
1949 2955 2208 3010 infirmas.

637 3058 737 3112 Per
778 3057 879 3110 hoc
923 3053 1269 3123 autemquod
1310 3049 1580 3106 subdidit:
1618 3050 1683 3104 Et
1723 3047 2071 3102 circnmstans
2117 3057 2214 3098 nos

637 3158 910 3221 peccatum
967 3147 1133 3200 simus
1180 3145 1547 3214 deponentes,
1607 3139 1842 3195 ostendit
1890 3138 2104 3192 Judaaos
2159 3135 2210 3189 in

638 3206 782 3298 διιιηὶ
814 3247 962 3308 parte
989 3253 1016 3290 a
1047 3236 1260 3290 diabolo
1307 3233 1519 3298 tentari,
1551 3230 1944 3296 desidet-iisque
1988 3225 2215 3281 carnali-

2321 3210 2374 3262 in
2410 3211 2616 3261 dextera
2647 3209 2779 3260 sedis
2834 3206 2931 3258 Dei
2964 3206 3122 3259 sedet.

640 3333 740 3389 bus
793 3331 1100 3395 deservire,
1150 3326 1438 3395 multisque
1487 3323 1719 3392 peccatis
1766 3319 2060 3374 abundare.
2117 3315 2219 3370 Per

641 3423 948 3493 patientiam
977 3434 1252 3475 curramus
1281 3416 1435 3470 nobis
1467 3413 1796 3484 propositum
1837 3419 2133 3472 certamen,
2166 3415 2223 3462 ut

642 3515 779 3569 sicut
806 3514 880 3567 illi
907 3513 1270 3565 sustinuerunt
1294 3509 1558 3578 patienter
1581 3505 1802 3559 adversa
1826 3502 1985 3571 hujus
2014 3500 2220 3566 saeculi,

645 3608 718 3663 ita
745 3615 798 3660 et
836 3621 932 3659 nos
970 3605 1352 3658 sustineamus.
1393 3600 1508 3654 Non
1551 3598 1703 3662 dixit,
1748 3596 2006 3650 addamus
2045 3592 2225 3647 cursui

646 3711 832 3757 nostro
873 3698 1105 3767 aliquid;
1137 3697 1234 3752 sed
1283 3697 1334 3749 itt
1376 3694 1563 3749 eodem
1608 3703 1907 3760 manentes,
1950 3704 2227 3745 curramus

650 3792 974 3845 destinatqu
1023 3788 1174 3840 nobis
1222 3796 1519 3850 certamen,
1562 3786 1712 3853 juxta
1756 3783 1898 3852 quod
1945 3780 2228 3834 Psalmista

650 3881 786 3937 dicit
809 3896 823 3933 :
849 3880 998 3934 Viam
1023 3879 1390 3932 mandaturum
1416 3889 1623 3931 tuorum
1648 3876 1878 3931 cucurri.
1903 3875 1960 3928 In
1981 3874 2233 3944 praesenti

651 3971 794 4028 enim
835 3971 1032 4026 sazculo
1079 3971 1130 4024 in
1177 3968 1468 4024 certamine
1495 3983 1678 4022 sumus
1708 3966 1863 4037 positi
1895 3975 2078 4020 contra
2106 3963 2232 4018 vitia

654 4067 830 4122 carnis
856 4107 870 4132 ,
900 4075 1086 4121 contra
1115 4065 1388 4120 dmmones
1415 4105 1429 4128 ,
1474 4074 1659 4117 contra
1706 4061 1868 4115 falsos
1908 4060 2100 4114 fratres
2134 4075 2148 4111 :
2180 4065 2235 4113 et

653 4174 879 4218 necesse
906 4166 987 4214 est
1030 4167 1087 4212 ut
1130 4159 1393 4228 patienter
1418 4169 1697 4210 curramus
1723 4194 1739 4220 ,
1785 4155 1900 4208 sive
1926 4152 2236 4222 espleamus

654 4261 926 4308 certamen
950 4250 1110 4315 istud,
1139 4257 1400 4319 quatenus
1424 4247 1704 4317 pervenire
1726 4245 1997 4314 possimus
2021 4241 2087 4295 ad
2115 4253 2237 4308 pro-

654 4342 875 4399 missum
895 4341 1206 4398 certaminis
1230 4340 1526 4409 praemium.
1558 4337 1872 4404 Aspicientes
1899 4337 1950 4389 in
1977 4343 2236 4388 auctorem

657 4436 802 4504 ﬁdei,
852 4444 898 4489 et
941 4443 1399 4488 consuntmatorem
1443 4429 1645 4499 Iesum,
1701 4429 1788 4498 qui
1834 4427 2095 4498 prOposito
2142 4422 2238 4477 sibi

658 4527 847 4597 gaudio
891 4527 1136 4580 sustinuit
1189 4539 1390 4579 crucem
1438 4521 1738 4591 confusione
1785 4526 2095 4587 contempta.
2148 4514 2238 4569 Sic

2286 558 2353 611 ab
2378 558 2467 609 illo
2500 557 2888 624 prteaeniamur
2915 573 2927 608 :
2959 555 3100 608 unde
3125 552 3242 622 ipse
3266 552 3531 606 fidi-libus
3570 550 3708 605 dicit
3738 569 3752 603 :
3781 552 3871 607 Non

2285 662 2379 702 vos
2403 664 2486 702 me
2510 649 2766 718 elegistis,
2790 646 2882 699 Sed
2907 660 3004 714 ego
3025 644 3162 713 elegi
3186 659 3300 698 vos.
3327 643 3449 710 Ipse
3471 656 3867 697 consummatur

2287 736 2411 790 fidei
2442 737 2552 790 sive
2577 736 2844 805 perfector
2873 745 2957 789 est
2979 777 2996 802 ,
3045 735 3166 803 quia
3199 732 3749 789 consummationem
3775 737 3860 790 sive

2285 825 2670 896 perfectionem
2701 825 2854 880 nobis
2881 833 3127 895 prastat,
3161 823 3215 878 in
3251 824 3352 877 hoc
3378 833 3442 877 ιιι
3476 823 3542 877 in
3569 822 3681 877 fide
3709 838 3860 892 perse-

2287 929 2556 969 veremus.
2588 914 2712 970 Sive
2761 915 2814 969 in
2862 916 2966 970 hoc
3003 925 3088 970 est
3133 913 3404 983 perfector
3443 912 3618 977 fidei,
3655 912 3768 981 quia
3794 915 3857 969 dat

2287 1010 2613 1062 voluntatem
2651 1020 2809 1078 atque
2841 1007 3241 1072 possibilitatem
3281 1005 3626 1075 perficiendi
3673 1006 3853 1068 bonum,

2289 1117 2398 1172 quo
2427 1102 2539 1169 ipsa
2589 1101 2720 1154 fides
2744 1111 3035 1156 exornetur
3065 1119 3078 1154 :
3118 1116 3240 1155 nam
3289 1101 3421 1155 ﬁdes
3478 1099 3616 1153 sine
3646 1098 3851 1167 operibus

2290 1211 2398 1250 non
2426 1206 2504 1250 est
2535 1196 2788 1264 perfecta,
2840 1197 2932 1250 sed
2979 1207 3206 1251 mortua.
3252 1196 3308 1250 In
3351 1195 3454 1250 illo
3511 1196 3666 1276 enim
3708 1210 3849 1249 omnes

2293 1289 2672 1359 perfectionem
2729 1289 3015 1357 habemus,
3065 1290 3155 1359 qui
3206 1289 3500 1359 proposito
3557 1287 3666 1343 sibi
3703 1289 3847 1359 gaudia

2292 1378 2546 1431 sustinuit
2583 1392 2818 1432 crucem.
2855 1379 2970 1446 Ipse
3013 1378 3180 1432 Filius
3229 1377 3322 1431 Dei
3367 1389 3701 1444 proponens
3740 1377 3843 1441 sibi,

2294 1469 2397 1524 hoc
2448 1478 2531 1523 est
2573 1469 2624 1523 in
2667 1470 2916 1538 praesenti
2944 1479 3184 1525 statuens
3217 1468 3486 1538 gaudium
3522 1472 3837 1523 resurrectio-

2295 1564 2379 1618 nis
2419 1573 2577 1632 atque
2605 1563 2936 1617 ascensionis
2978 1563 3030 1616 in
3076 1565 3270 1619 caelum
3295 1603 3313 1629 ,
3363 1562 3660 1629 totiusque
3700 1563 3838 1631 gloria

2294 1668 2453 1725 quam
2489 1653 2726 1722 percepit
2747 1662 2866 1722 post
2889 1652 3356 1720 resurrectionem,
3380 1651 3660 1707 sustinuit
3680 1667 3836 1706 enicem

2297 1753 2515 1813 pr0pter
2548 1743 2648 1797 hoc
2687 1743 2827 1813 quod
2859 1743 2910 1798 in
2944 1753 3213 1812 postremo
3241 1742 3464 1797 videbat
3505 1743 3614 1796 sibi
3647 1743 3834 1810 profata-

2220 1837 2271 1900 Β
2297 1848 2436 1888 rum.
2467 1833 2789 1888 Confusione
2815 1841 3117 1901 contempta
3139 1871 3156 1899 ,
3198 1831 3300 1887 hoc
3345 1844 3426 1887 est
3476 1848 3585 1902 pro
3613 1832 3758 1886 nihilo
3778 1833 3836 1884 de-

2299 1932 2484 1995 putata
2534 1924 2884 1990 verecundia,
2937 1923 3184 1992 quoniam
3239 1922 3357 1977 sine
3403 1923 3765 1977 erubesoentia
3799 1933 3831 1978 et

2300 2013 2506 2084 pudore
2536 2012 2666 2067 illttd
2700 2010 3044 2082 opprobrium
3073 2010 3343 2065 sustinuit.
3365 2011 3643 2066 Gaudium
3665 2027 3832 2078 namque

2302 2103 2593 2158 maximum
2627 2101 2728 2156 fuit
2755 2101 2831 2154 illi
2870 2100 3014 2171 quod
3049 2115 3146 2170 pro
3178 2100 3331 2155 nobis
3359 2109 3444 2154 est
3479 2115 3686 2170 passus,
3711 2112 3829 2154 utra-

2303 2193 2561 2249 luntatem
2594 2191 2686 2246 Dei
2726 2189 2899 2245 Patris
2927 2190 3202 2257 impleret,
3231 2203 3334 2258 qua
3373 2199 3573 2258 postea
3604 2191 3827 2258 potentiam

2305 2299 2467 2353 super
2495 2297 2713 2336 omnem
2745 2287 3046 2335 creaturam
3083 2277 3330 2348 accepit:
3361 2278 3516 2333 unde
3564 2279 3675 2347 ipse
3713 2279 3825 2333 dicit:

2307 2375 2588 2430 Desiderio
2633 2371 2930 2428 desideravi
2963 2370 3065 2425 hoc
3105 2369 3300 2439 pascha
3345 2369 3673 2424 manducare
3700 2369 3827 2422 vobis-

2307 2486 2450 2525 cum.
2481 2468 2537 2522 Si
2575 2466 2734 2536 igitur
2770 2465 2890 2531 ille,
2923 2463 3010 2533 qui
3053 2461 3236 2516 habuit
3265 2461 3470 2517 nullam
3515 2462 3825 2516 necessitate

2309 2575 2367 2619 ut
2398 2564 2820 2630 cruciﬁgeretur,
2856 2557 3143 2612 crucifixus
3173 2565 3253 2610 est
3287 2565 3518 2626 propter
3546 2571 3661 2623 nos,
3686 2567 3828 2625 quanto

2311 2657 2482 2725 magis
2515 2655 2668 2708 nobis
2705 2654 2907 2721 justum
2944 2661 3026 2706 est
3061 2650 3239 2704 omnia
3273 2647 3484 2704 fortiter
3521 2647 3829 2704 tolerare?“

2314 2749 2416 2804 hoc
2450 2748 2630 2816 itaque
2652 2745 2923 2816 {Dominus
2951 2743 3196 2813 apparuit
3227 2742 3280 2796 in
3303 2756 3483 2807 carne,
3514 2753 3569 2796 ut
3598 2741 3830 2795 humanam

2313 2842 2476 2895 vitam
2515 2837 2855 2892 admonendo
2885 2836 3168 2900 excitaret,
3214 2834 3450 2902 exempla
3479 2833 3751 2902 praebendo
3775 2845 3834 2883 ac-

2314 2932 2587 2995 cenderet,
2612 2928 2890 2984 moriendo
2916 2927 3224 2991 redimeret,
3244 2925 3546 2994 resurgendo
3563 2932 3836 2990 repararet;

2315 3034 2598 3096 propterea
2649 3024 2791 3079 enim
2847 3020 3175 3076 moriebatur
3224 3028 3276 3071 ut
3321 3017 3521 3070 doceret
3575 3029 3669 3068 nos
3720 3012 3839 3066 nihil

2318 3118 2587 3172 aestimare
2633 3114 2855 3184 gloriam
2886 3125 3002 3180 quae
3025 3112 3090 3165 ab
3120 3109 3416 3163 hominibus
3437 3106 3682 3161 defertur.
3709 3106 3836 3172 Atque

3163 3203 3274 3256 Iioc
3313 3211 3392 3256 est
3434 3203 3485 3254 in
3531 3199 3831 3268 prospeitate

2323 3309 2538 3354 reterns:
2593 3299 2715 3352 vita:
2755 3297 2886 3352 etin
2922 3294 3250 3365 plenitudine
3285 3302 3520 3362 paterna:
3545 3288 3827 3359 maiestatis:

2324 3392 2369 3445 si
2402 3390 2546 3444 nulla
2577 3397 2722 3444 esset
2754 3388 2854 3441 alia
2887 3387 3166 3454 promissio
3205 3392 3258 3439 et
3292 3383 3620 3445 exhortatio,
3645 3379 3754 3433 istud
3771 3391 3829 3430 so-

2328 3484 2436 3539 lum
2464 3481 2767 3550 exemplum
2797 3480 3055 3535 debuerat
3083 3477 3350 3543 sufficere,
3385 3476 3528 3547 quod
3552 3477 3600 3529 in
3640 3473 3721 3527 hoc
3749 3471 3826 3524 loco

2330 3575 2398 3630 de
2443 3572 2656 3629 Christo
2693 3572 2927 3627 ostendit
2977 3569 3264 3640 Apostolus
3294 3612 3308 3636 ,
3357 3569 3427 3622 ad
3475 3564 3822 3637 persuadendum

2329 3668 2509 3720 omnia
2536 3665 2757 3719 adversa
2801 3663 3064 3733 pa‘ienter
3116 3661 3370 3727 tolerare,
3421 3667 3480 3712 ut
3532 3673 3640 3711 cum
3677 3653 3823 3708 Christo

2331 3775 2634 3818 mereamur
2663 3757 2976 3813 consedere.
3009 3754 3301 3823 Recogitate
3330 3751 3466 3804 enim
3500 3743 3824 3816 ευηι,ᾳιίίαιεα

2333 3854 2574 3908 sustinuit
2619 3867 2651 3904 a
2697 3848 3045 3919 peccatoribus
3072 3849 3308 3900 adversus
3345 3846 3661 3914 semetipsum
3685 3849 3823 3891 contri-

2336 3949 2628 4010 dictionem,
2677 3952 2730 3996 ut
2760 3960 2822 3996 ne
2851 3941 3154 4013 fatigentini,
3183 3939 3368 3992 animis
3401 3939 3585 3993 vestris
3603 3934 3823 4001 deﬁcimus.

2337 4037 2525 4095 Omnia
2551 4039 2775 4093 adversa
2797 4049 2915 4103 quae
2943 4033 3190 4087 Christus
3212 4032 3463 4086 sustinuit
3497 4045 3532 4083 a
3558 4025 3735 4086 iudicis,
3752 4020 3825 4088 pla-

2337 4147 2431 4201 gas
2462 4131 2688 4195 scilicet,
2711 4129 3007 4194 irrisiones,
3034 4135 3208 4196 sputa,
3235 4124 3521 4194 colaphos,
3557 4123 3723 4191 alapas,
3741 4115 3828 4168 blas-

2339 4223 2582 4294 pltentias
2611 4221 2886 4290 ipsamque
2915 4227 3142 4274 mortem
3160 4259 3176 4286 ,
3200 4217 3496 4287 Apostolus
3547 4214 3650 4269 solo
3687 4207 3830 4264 nomine

2339 4315 2779 4372 contradictionis
2819 4313 3105 4368 ostendere
3152 4310 3321 4365 voluit
3368 4328 3381 4361 :
3427 4296 3832 4364 Rememoratnini.

2342 4411 2533 4480 inquit,
2576 4408 2850 4466 Christum
2881 4407 2970 4477 qui
3004 4405 3130 4460 talia
3164 4420 3227 4458 ac
3263 4413 3412 4458 tanta
3445 4397 3698 4456 contraria
3728 4387 3832 4446 susti-

2342 4504 2459 4558 nuit
2479 4516 2575 4571 pro
2604 4497 3007 4570 peccatoribus,
3038 4496 3126 4565 qui
3158 4505 3437 4565 peccatum
3468 4508 3583 4548 non
3607 4485 3832 4545 fecerat,“

663 4580 754 4670 filii
779 4625 1049 4685 parentes,
1079 4624 1134 4671 et
1163 4614 1407 4684 discipuii
1434 4580 1745 4682 magistrum
1775 4609 1829 4663 in
1857 4580 2032 4662 studio
2059 4605 2215 4675 operi:

2317 4609 2437 4650 tvos
2465 4592 2554 4663 qui
2591 4600 3015 4659 transgressores
3046 4596 3102 4641 et
3141 4595 3448 4655 peccatores
3483 4598 3605 4639 esse
3635 4580 3832 4647 dignosci-

660 4717 822 4778 atque
858 4707 909 4760 in
943 4705 1322 4760 certaminibus
1353 4703 1658 4767 attendunt,
1705 4699 2056 4754 iuformantes
2086 4711 2236 4750 men-

664 4810 772 4855 tem
800 4814 866 4854 ex
906 4797 1370 4868 partedoctorum
1391 4835 1406 4860 ,
1440 4800 1712 4848 sumentes
1741 4789 1997 4859 quasdam
2028 4785 2238 4856 regulas

665 4889 734 4945 ab
778 4889 857 4944 eis
888 4904 982 4959 per
1008 4891 1200 4943 visum.
1229 4889 1302 4941 lla
1344 4894 1395 4939 et
1425 4899 1542 4945 nos.
1576 4883 1620 4936 si
1647 4881 1888 4936 volumus
1916 4894 2155 4944 currere,
2184 4887 2240 4932 et

670 4981 878 5036 discere
901 4996 933 5035 u
987 4979 1124 5035 bene
1153 4992 1458 5042 curramus,
1480 4976 1545 5029 ad
1571 4981 1845 5029 auctorem
1875 4987 1968 5026 seu
1992 4985 2239 5026 consum-

667 5082 929 5128 matorem
975 5073 1244 5127 Christum
1295 5069 1666 5133 attendamus,
1717 5064 1808 5135 qui
1861 5063 1994 5116 dixit
2037 5063 2189 5116 nobis
2227 5076 2243 5116 :

669 5160 867 5215 Discite
912 5175 942 5213 a
989 5175 1074 5214 Ille
1116 5157 1240 5228 quia
1285 5155 1428 5209 mitis
1467 5169 1583 5207 sum
1625 5162 1676 5207 et
1729 5150 1945 5204 humilis
1973 5148 2161 5213 corde;
2192 5154 2246 5202 et

668 5251 834 5307 alibi:
870 5252 924 5306 Si
956 5265 1062 5313 me,
1095 5248 1307 5317 inquit,
1341 5249 1603 5315 persecuti
1635 5256 1757 5298 sunt
1783 5288 1797 5312 ,
1847 5253 1899 5297 ct
1929 5256 2026 5295 vos
2058 5254 2242 5311 perse-

667 5351 896 5414 queutur
921 5354 936 5396 :
959 5352 1012 5396 et
1037 5381 1052 5407 ,
1100 5341 1156 5395 Si
1188 5349 1390 5409 patrem
1434 5337 1659 5392 familias
1686 5334 1986 5391 Beelzebub
2014 5349 2243 5388 vocave-

669 5443 831 5498 runt,
881 5441 1080 5502 quanto
1126 5429 1296 5500 magis
1338 5428 1659 5483 domesticos
1703 5426 1852 5494 ejus?
1894 5424 2242 5480 Attendamus

669 5538 797 5592 ergo
826 5523 878 5577 in
924 5521 1223 5585 Christum,
1270 5527 1324 5572 et
1368 5517 1693 5585 accipiamus
1739 5515 1792 5568 in
1821 5514 1911 5567 illo
1941 5515 2243 5584 exemplum

669 5613 939 5681 patientia:
964 5653 980 5680 ,
1029 5611 1118 5681 qui
1165 5608 1300 5664 disit
1330 5624 1344 5661 :
1375 5607 1476 5673 Qui
1507 5604 1929 5675 perseveraverit
1977 5619 2147 5674 usque
2191 5605 2245 5660 in

673 5703 856 5773 finem,
908 5707 994 5760 hic
1035 5704 1213 5762 salvus
1260 5702 1383 5757 erit.
1419 5699 1537 5770 Ipse
1568 5713 1797 5769 namque
1828 5707 2014 5752 auctor
2042 5696 2163 5752 fidei
2191 5703 2248 5753 et

675 5805 1088 5856 consummator.
1120 5795 1319 5854 Auctor
1348 5791 1469 5851 fidei
1497 5790 1651 5850 nobis
1676 5797 1790 5862 est,
1821 5788 1945 5861 quia
1983 5788 2101 5860 ipse
2138 5801 2238 5845 no-

2348 4685 2513 4750 mini,
2544 4697 2649 4738 non
2681 4681 2994 4737 deficientes
3037 4678 3328 4749 fatigcmiui
3375 4677 3427 4730 in
3466 4677 3657 4731 animis
3683 4663 3832 4724 vestris.

2346 4776 2441 4831 sed
2475 4773 2732 4830 imitando
2770 4771 2922 4827 illum
2961 4771 3220 4826 sustinete
3254 4769 3445 4823 similia
3488 4770 3740 4838 patienter.
3766 4755 3834 4809 Ad-

2346 4882 2533 4922 versus
2547 4868 2890 4935 semetipsum
2904 4860 3156 4917 sustinuit
3167 4859 3410 4914 Christus
3423 4854 3839 4913 contradictionem.

2350 4962 2402 5017 id
2425 4973 2528 5028 est,
2559 4956 3066 5014 dimisitsccundum
3080 4953 3219 5021 quod
3243 4953 3532 5006 voluerunt
3555 4951 3708 5006 facere
3723 4948 3842 4997 conlo

2349 5069 2431 5118 se,
2460 5053 2592 5107 nihil
2613 5052 2691 5106 eis
2715 5047 3111 5105 contradicens.
3134 5043 3389 5099 Hortatur
3409 5054 3591 5096 autem
3611 5052 3690 5094 eos
3715 5047 3762 5088 ne
3782 5030 3842 5080 de-

2350 5149 2529 5204 ficiant
2553 5147 2604 5200 in
2630 5140 3080 5204 tribulationibus,
3109 5137 3234 5191 dum
3258 5150 3425 5206 usque
3455 5135 3525 5188 ad
3549 5125 3847 5199 martyriumtt

2350 5239 2624 5307 sanguinis
2654 5233 2965 5292 effusionem
2988 5230 3162 5284 adhuc
3203 5243 3311 5282 non
3359 5229 3734 5296 pervenerant:
3759 5208 3848 5267 unde

2348 5342 2404 5390 et
2423 5332 2602 5387 subdit
2629 5345 2642 5382 :
2671 5327 2915 5381 Nondum
2947 5323 3079 5377 enim
3116 5337 3277 5389 usque
3305 5321 3372 5372 ad
3407 5320 3690 5388 sanguinem
3722 5302 3850 5362 restiti-

2346 5425 2468 5489 stis,
2504 5422 2745 5474 advcrsus
2785 5426 3042 5487 peceatum
3085 5421 3446 5482 repugnantes.
3487 5413 3568 5464 Ac
3601 5408 3640 5462 si
3677 5403 3850 5458 diceret:

2353 5517 2467 5574 Etsi
2490 5512 2742 5569 amisistis
2773 5508 3051 5563 facultates
3082 5502 3640 5572 terrenas,exspoliati
3664 5513 3690 5551 ι
3711 5485 3851 5549 contri-

2353 5611 2567 5667 bulibus
2611 5604 2834 5668 vestris,
2884 5609 3062 5654 tamen
3111 5605 3341 5653 mortem
3386 5609 3494 5650 non
3549 5579 3850 5647 sustinuistis:

2355 5709 2530 5764 adhuc
2550 5704 2691 5760 enim
2710 5699 2828 5771 ,vivi
2857 5695 3106 5752 manetis.
3136 5691 3318 5761 Usque
3344 5689 3409 5743 ad
3449 5685 3732 5759 sanguinem
3760 5670 3851 5771 res:

2355 5760 2730 5874 stit,pugnans
2744 5795 2808 5852 ad
2817 5804 3003 5852 tersus
3017 5796 3323 5860 peccatum,
3341 5784 3432 5856 qui
3446 5797 3545 5854 pro
3560 5779 3756 5840 veritate
3764 5760 3850 5825 fidei
