3968 6354
172 370 275 435 777

1009 381 1077 439 IN
1117 366 1506 441 urtsrocau
1542 381 1636 440 an
1673 381 2019 442 llEBREOS
2069 380 2597 448 COMMENTARIA.

3333 390 3443 450 778

171 494 437 553 adversus
464 494 707 553 inﬁdeles
735 504 936 568 pugnat
968 513 1140 570 usque
1190 498 1259 555 ad
1306 506 1540 554 mortem
1570 516 1583 552 :
1614 498 1753 555 sicut
1779 501 1834 562 Α
1858 500 1975 558 haec
1992 518 2099 559 non
2120 507 2456 574 pateremini,
2474 518 2600 563 tunc
2620 506 2789 579 magis
2809 520 2909 563 vos
2931 504 3032 563 hoc
3044 506 3281 577 cogitare
3291 521 3444 564 com-

170 589 423 661 apostoli,‘
447 604 739 661 eorumque
783 606 1120 649 successores
1164 593 1440 659 iecerunt;
1472 607 1596 647 nam
1636 591 1755 648 inﬁ-

171 683 364 741 delitas
409 694 686 754 peccatum
735 687 1025 743 maximum
1072 696 1155 743 est
1190 704 1204 742 :
1241 687 1370 742 dum
1417 694 1594 743 autem
1637 685 1758 757 quis

170 774 308 845 vult,
338 775 537 847 decipit
563 785 655 833 aut
684 777 977 848 blanditiis,
1022 789 1114 835 aut
1163 779 1481 847 terroribus,
1512 794 1757 851 pugnans

170 881 273 939 pro
299 866 404 923 ﬁde
424 877 611 925 contra
646 868 935 939 inﬁdelem,
977 870 1167 943 utique
1193 872 1448 929 adversus
1477 880 1755 942 peccatum

169 967 447 1030 repugnat.
473 960 657 1017 Potest
678 971 731 1017 et
760 962 827 1019 de
857 962 1002 1019 omni
1032 963 1596 1035 peccatointelligi,de
1617 963 1756 1020 mala

170 1049 425 1106 videlicet
452 1054 791 1122 suggestione
828 1062 883 1110 et
924 1068 1087 1124 prava
1114 1054 1413 1123 voluntate,
1445 1055 1754 1112 immundo-

170 1156 276 1213 que
306 1142 572 1199 desiderio
596 1160 611 1197 :
634 1144 826 1214 quibus
854 1146 1077 1215 resistit,
1102 1161 1208 1201 non
1235 1146 1625 1203 consentiendo
1649 1149 1753 1218 eis,

170 1233 426 1290 adversus
450 1245 672 1306 pugnat.
696 1233 767 1290 Et
795 1237 939 1292 obliti
978 1237 1098 1293 estis
1123 1238 1504 1307 consolationis,
1536 1254 1639 1309 qua
1662 1254 1753 1294 vo-

169 1324 245 1380 bis
272 1333 517 1395 tanquam
541 1325 665 1395 ﬁliis
689 1327 932 1397 loquitur,
964 1329 1137 1384 dicens
1161 1344 1179 1384 :
1210 1326 1322 1384 Fili
1339 1330 1434 1399 mi,
1463 1329 1569 1384 noli
1592 1328 1758 1402 negli-

168 1434 286 1490 gere
308 1419 633 1491 disciplinam
668 1418 918 1488 Domini;
965 1438 1121 1492 neque
1152 1421 1408 1494 fatigeris,
1441 1421 1565 1477 dum
1591 1423 1656 1476 ab
1696 1437 1757 1477 eo

170 1511 419 1581 argueris.
444 1508 719 1581 Sapientia
746 1511 844 1567 Dei
882 1510 1081 1581 Patris,
1116 1526 1237 1583 quae
1279 1527 1377 1583 per
1412 1512 1754 1570 Salomonem

170 1603 510 1676 loquebatur,
543 1606 683 1661 intra
723 1613 918 1662 caetera
958 1605 1122 1662 etiam
1172 1605 1276 1662 hoc
1319 1605 1543 1677 protulit
1574 1621 1670 1676 per
1694 1620 1755 1663 os

169 1698 357 1755 illius:
390 1698 532 1767 quod
576 1698 765 1754 beatus
792 1697 1083 1768 Apostolus
1130 1698 1292 1755 modo
1340 1698 1395 1753 in
1450 1696 1755 1768 exemplum

168 1790 480 1861 assumpsit,
506 1789 721 1847 Judaeos
745 1791 1036 1847 cohortans
1064 1804 1133 1846 ne
1160 1789 1413 1846 deﬁciant
1441 1788 1495 1845 in
1524 1789 1753 1845 tribula-

1858 594 2097 663 petebat;
2128 611 2248 651 nam
2272 598 2316 653 si
2347 598 2579 669 ﬂagellat
2616 614 2829 656 omnem
2852 599 3018 654 ﬁlium
3043 612 3202 670 quem
3226 599 3442 669 recipit,

1855 684 1947 755 qui
1977 700 2083 741 non
2110 685 2431 758 ﬂagellatur,
2464 691 2579 746 sine
2609 691 2775 748 dubio
2805 706 2911 748 nou
2944 701 3027 747 est
3055 692 3112 747 in
3134 672 3356 747 numero
3379 690 3445 746 ll-

1856 776 2072 833 liorum.
2120 779 2215 835 His
2240 781 2420 838 verbis
2448 783 2683 840 ostendit
2716 784 2819 851 eis,
2864 784 2987 853 quia
3017 785 3159 839 unde
3184 785 3444 854 putabant

1857 884 1918 926 se
1941 869 2230 928 derelictos
2252 888 2392 941 esse,
2417 876 2542 931 inde
2571 876 2742 946 magis
2770 875 2991 932 credere
3013 885 3259 946 poterant
3288 876 3441 945 diligi

1854 959 1923 1016 ab
1960 960 2074 1018 illo.
2119 962 2247 1029 Quis
2287 966 2421 1019 enim
2466 967 2606 1035 ﬁlius
2647 983 2795 1038 quem
2845 984 2948 1021 non
2999 968 3213 1037 corripit
3243 977 3389 1037 pater
3417 968 3446 1022 Ρ

1857 1051 2004 1109 Solet
2034 1053 2319 1125 aliquoties
2340 1057 2725 1126 paterfamilias
2747 1059 2887 1114 ﬁlios
2914 1058 3119 1114 alienos
3145 1060 3439 1128 negligere,

1857 1158 1984 1199 suos
2014 1160 2140 1201 vero
2185 1148 2448 1218 castigare
2503 1159 2559 1205 et
2592 1151 2885 1221 corripere,
2924 1166 2991 1207 ne
3030 1165 3125 1207 eos
3172 1151 3442 1221 opprimat

1858 1239 2199 1310 negligentia.
2229 1241 2415 1298 Nullus
2456 1252 2540 1300 est
2588 1253 2741 1315 pater
2767 1245 2981 1314 sapiens
3007 1246 3098 1317 qui
3126 1259 3235 1301 non
3262 1244 3440 1300 corri-

1859 1330 1969 1400 piat
2000 1330 2139 1389 ﬁlios
2162 1333 2541 1405 delinquentes
2581 1352 2597 1391 ;
2637 1344 2691 1393 et
2734 1336 3021 1406 aliquando
3047 1337 3187 1393 bona
3218 1346 3441 1408 agentes

1858 1420 2117 1492 increpat,
2150 1433 2207 1478 ut
2239 1424 2307 1480 ad
2339 1426 2561 1482 meliora
2591 1427 2974 1483 accendantur.
3024 1427 3179 1484 Unde
3202 1436 3257 1485 et
3296 1428 3439 1494 Heli,

1857 1513 1982 1583 quia
2010 1512 2148 1570 lilios
2175 1529 2301 1570 suos
2334 1531 2438 1573 non
2477 1518 2756 1587 corripuit,
2782 1534 2889 1576 non
2929 1520 3121 1575 meruit
3148 1534 3242 1575 eos
3268 1520 3444 1577 htere-

1857 1603 1955 1659 des
1970 1605 2262 1661 Sacerdotii
2276 1616 2397 1677 post
2410 1620 2469 1664 se
2487 1609 2811 1680 relinquere.
2836 1612 2987 1679 Quod
3007 1613 3052 1669 si
3081 1622 3242 1668 extra.
3268 1613 3439 1669 illam.

1860 1696 2202 1767 Disciplinam
2244 1701 2386 1769 estis,
2431 1705 2580 1774 cujus
2619 1705 2893 1775 participes
2932 1706 3055 1777 facti
3095 1715 3215 1761 sunt
3247 1723 3442 1763 omnes.

1858 1790 1993 1849 Boni
2024 1794 2140 1865 lilii,
2169 1796 2254 1851 vel
2280 1800 2449 1852 sancti
2480 1805 2683 1867 patres,
2703 1800 2950 1868 superius
2976 1805 3281 1857 memorati.
3300 1800 3444 1873 Ergo

170 1884 339 1950 tione,
389 1883 480 1955 qui
527 1898 557 1938 a
608 1882 838 1939 Domino
886 1890 1180 1953 arguuntur
1210 1896 1370 1940 causa
1402 1881 1753 1953 probationis.
1785 1889 1832 1951 B
1861 1886 2102 1956 adulteri,
2131 1896 2179 1943 et
2203 1905 2306 1944 non
2330 1890 2430 1959 filii
2462 1892 2604 1945 estis.
2633 1892 2884 1962 Quisquis
2923 1902 3071 1949 extra
3102 1896 3244 1950 illam
3282 1896 3450 1952 disci-

172 1977 315 2033 Dicit
341 1992 471 2049 ergo
500 1995 515 2031 :
545 1976 650 2032 Fili
675 1977 770 2045 mi,
797 1976 907 2032 noli
938 1978 1235 2048 negligere,
1273 1976 1388 2034 sive
1427 1977 1758 2048 negligenter

172 2071 370 2126 ducere
424 2070 763 2140 disciplinam
808 2069 1041 2127 Domini.
1095 2070 1389 2142 Disciplina
1437 2070 1577 2126 dicta
1617 2081 1759 2127 esta

175 2161 436 2217 discendo
465 2179 479 2215 :
510 2177 628 2232 quae
657 2161 764 2217 alio
806 2164 1025 2219 nomine
1050 2163 1313 2219 correctio
1342 2178 1553 2220 morum
1582 2172 1761 2233 potest

171 2252 435 2322 appellari
467 2270 481 2306 :
512 2253 637 2309 dum
670 2253 812 2310 enim
852 2255 973 2324 quis
1000 2254 1260 2325 angustiis
1305 2264 1359 2311 et
1397 2254 1759 2311 tribulationi-

171 2342 273 2399 bus
297 2344 529 2400 at‘ﬁcitur
570 2360 678 2402 non
726 2346 885 2402 debet
933 2346 1164 2417 fatigari,
1207 2361 1309 2402 nec
1352 2345 1619 2413 deﬁcere;
1663 2346 1759 2402 sed

172 2437 357 2506 potius
386 2436 648 2505 patienter
675 2445 916 2508 portare,
968 2438 1270 2509 recogitans
1297 2438 1422 2509 quia
1453 2454 1484 2493 a
1528 2438 1760 2495 Domino

169 2524 480 2595 corripitur.
511 2525 677 2594 Quem
708 2526 842 2581 enim
867 2525 1037 2598 diligit
1063 2526 1332 2594 Dominus,
1357 2527 1571 2598 castigat
1597 2542 1617 2581 :
1656 2528 1758 2597 [la-

170 2617 325 2688 gellat
343 2626 513 2673 autem
540 2634 738 2675 omnem
773 2619 941 2688 ﬁlium
964 2635 1116 2690 quem
1145 2620 1345 2692 recipit.
1384 2618 1510 2676 ideo
1536 2618 1652 2675 haec
1680 2628 1762 2676 te-

171 2711 425 2769 stimonia
456 2714 711 2784 proponit
735 2714 1050 2785 Apostolus,
1074 2721 1135 2771 ut
1160 2715 1300 2769 sicut
1329 2713 1427 2769 lilii
1463 2728 1494 2769 a
1522 2712 1764 2784 patribus

170 2803 287 2861 suis
312 2803 671 2876 ﬂagellantur,
704 2814 761 2860 ut
788 2804 935 2877 digni
956 2805 1063 2861 sint
1089 2804 1156 2860 ad
1183 2804 1550 2862 haereditatem
1584 2815 1763 2876 pater-

172 2911 306 2956 nam
327 2898 604 2967 accedere,
635 2899 779 2957 unde
808 2909 863 2957 et
891 2900 1203 2971 plerumque
1222 2907 1368 2955 stare
1388 2907 1497 2956 tota
1523 2909 1681 2955 nocte
1704 2900 1762 2956 in

173 2989 376 3062 frigore
397 2990 677 3063 iubentur,
708 2990 975 3062 variisque
1002 2990 1178 3047 modis
1206 3001 1524 3047 exercentur
1554 3008 1570 3048 :
1609 2990 1682 3047 ita
1709 2998 1766 3047 et

174 3082 271 3139 isti
297 3083 545 3140 similiter
564 3085 933 3155 correptiones
962 3099 991 3139 a
1023 3084 1134 3139 Deo
1163 3082 1330 3139 alacri
1373 3084 1556 3140 animo
1598 3082 1765 3139 susti-

174 3185 372 3239 neant.
414 3185 474 3232 ut
516 3177 585 3232 ad
627 3191 808 3233 veram
860 3177 1225 3235 haereditatem
1272 3184 1545 3248 perpetua:
1576 3176 1764 3246 patria:

1861 1979 2061 2049 plinam
2109 1980 2322 2037 Domini
2362 1992 2565 2052 manet,
2613 1983 2766 2053 cujus
2808 1983 3101 2054 disciplinae
3153 1986 3447 2057 participes

1860 2071 1985 2127 lacti
2014 2082 2138 2128 sunt
2179 2089 2368 2131 omnes
2409 2076 2535 2131 boni
2565 2076 2659 2136 lilii
2689 2078 3017 2147 pertinentes
3048 2078 3116 2133 ad
3159 2079 3447 2136 haeredita-

1862 2171 1969 2219 tem
1990 2166 2287 2235 ctelestem,
2319 2168 2651 2224 adulterinus
2682 2170 2819 2225 illius
2855 2177 2957 2233 cst,
2990 2185 3091 2226 nec
3116 2172 3348 2241 pertinet
3374 2172 3447 2228 ad

1862 2252 2228 2313 haereditatem
2253 2268 2527 2327 paternam
2556 2279 2569 2313 :
2600 2261 2724 2331 quia
2755 2275 2861 2316 non
2888 2271 2969 2317 est
2992 2261 3131 2319 ﬁlius
3162 2262 3318 2321 liber.
3336 2265 3449 2323 Ca-

1861 2358 1983 2405 vcte
2009 2364 2076 2405 ne
2109 2351 2229 2407 sitis
2255 2350 2543 2408 adulterini
2570 2353 2687 2422 ﬁlii,
2719 2368 2906 2410 omnes
2943 2354 3087 2411 enim
3119 2355 3360 2412 inﬁdeles
3389 2365 3451 2414 et

1862 2442 2215 2513 negligentes,
2265 2443 2710 2517 disciplinamque
2758 2445 2971 2502 Domini
3016 2456 3447 2517 contemnentes,

1863 2533 2170 2602 adulterini,
2203 2543 2258 2591 et
2286 2551 2393 2593 non
2424 2537 2519 2592 ﬁlii
2545 2546 2884 2610 reputantur.
2916 2538 3116 2595 Deinde
3140 2548 3309 2610 patres
3327 2540 3449 2610 qui-

1864 2623 1980 2679 dem
1996 2625 2166 2679 carnis
2186 2633 2373 2682 nostris
2392 2627 2666 2683 habuimus
2695 2629 2994 2697 eruditores,
3027 2639 3075 2684 et
3096 2632 3451 2689 reverebamur

1863 2730 1981 2771 eos:
2004 2732 2129 2770 num
2152 2719 2312 2772 multo
2333 2719 2496 2790 magis
2512 2720 2968 2792 obtemperabimus
2988 2722 3123 2791 patri
3146 2721 3448 2791 spirituum,

1863 2816 1912 2863 et
1936 2809 2196 2864 vivemus?
2233 2809 2457 2877 Deinde,
2497 2811 2748 2880 subaudi,
2790 2811 3134 2868 considerare
3164 2812 3447 2883 debemus,

1864 2898 1989 2970 quia
2020 2907 2202 2970 patres
2230 2899 2512 2957 habuimus
2540 2902 2865 2970 eruditores,
2896 2908 2952 2960 et
2981 2903 3299 2960 timebamus
3321 2918 3452 2965 eos:

1864 3003 2045 3045 nonne
2074 2988 2242 3045 multo
2283 2992 2452 3061 magis
2491 2990 2980 3062 obtemperabimus
3018 2993 3129 3048 Deo
3167 2992 3306 3063 patri
3332 2992 3453 3062 spi-

1865 3078 2086 3147 rituum,
2139 3088 2195 3135 et
2241 3082 2484 3137 vivemus
2534 3081 2591 3137 in
2634 3081 2804 3153 gloria
2851 3085 3089 3139 aeterna?
3132 3083 3291 3139 Pater
3330 3084 3449 3155 spi-

1866 3170 2090 3239 rituum,
2121 3169 2175 3227 id
2213 3180 2297 3227 est
2324 3181 2535 3228 creator
2571 3172 2889 3239 animarum,
2919 3173 3061 3230 Deus
3105 3174 3449 3245 omnipotens

176 3272 468 3342 pervenire
493 3270 604 3325 sint
632 3269 832 3325 idonei.
871 3270 1008 3326 Sunt
1051 3270 1194 3327 enim
1231 3269 1384 3325 multi
1413 3267 1504 3339 qui
1540 3268 1596 3323 in
1638 3281 1763 3337 pro-
1790 3262 1838 3327 C
1867 3268 1971 3332 est,
1998 3261 2089 3332 qui
2131 3262 2270 3318 bona
2306 3262 2511 3318 creavit
2537 3264 2766 3334 primum
2795 3278 2863 3320 ex
2886 3263 3075 3331 nihilo.
3100 3263 3291 3323 deinde
3318 3279 3454 3323 vero

175 3362 356 3433 speris
381 3361 608 3417 Domino
631 3362 893 3430 serviunt,
924 3362 1020 3418 sed
1046 3371 1221 3418 tamen
1249 3361 1304 3417 in
1327 3359 1567 3416 adversis
1600 3372 1763 3416 exce-

176 3453 353 3510 dunt:
384 3452 441 3508 hi
492 3452 624 3509 tales
668 3468 774 3508 non
804 3462 929 3509 sunt
965 3454 1140 3510 adhuc
1170 3452 1409 3524 perfecte
1438 3450 1648 3523 probati
1696 3449 1764 3507 ad

176 3544 548 3602 htereditatem
593 3545 932 3615 captandam.
969 3544 1118 3602 Unde
1155 3544 1466 3616 Apostolus,
1516 3559 1674 3614 quem
1709 3543 1765 3599 in

177 3635 457 3708 prosperis
487 3635 623 3692 bene
652 3636 831 3693 vivere
853 3637 1057 3704 docuit,
1090 3650 1158 3693 ne
1183 3636 1236 3692 in
1264 3636 1609 3707 correptione
1633 3634 1768 3693 deﬂ-

183 3726 319 3794 ciat,
352 3726 642 3783 hortatur:
684 3728 936 3799 quoniam
980 3727 1146 3784 ﬁlium
1184 3742 1341 3800 quem
1380 3727 1551 3798 diligit
1585 3725 1767 3783 Domi-

179 3832 309 3889 nus,
336 3818 404 3874 ad
431 3817 535 3874 hoc
571 3826 634 3874 ut
672 3819 940 3876 hacredem
970 3819 1120 3877 illum
1151 3818 1304 3891 regni
1331 3819 1595 3877 cmlorum
1638 3833 1767 3877 con-

180 3911 393 3979 stituat,
421 3913 647 3982 castigat
692 3912 842 3969 illum
890 3914 1059 3970 variis
1098 3914 1431 3986 diversisque
1464 3913 1669 3979 modis;
1713 3922 1769 3971 et

178 4004 421 4077 ﬂagellat
441 4014 534 4061 aut
552 4004 879 4073 inﬁrmitate,
912 4014 1004 4061 aut
1032 4014 1367 4076 paupertate,
1396 4013 1490 4061 aut
1516 4020 1769 4076 persecu-

182 4095 357 4165 tione,
390 4105 481 4153 aut
510 4097 811 4163 tormentis,
842 4110 1058 4153 omnem
1082 4096 1251 4153 ﬁlium
1277 4112 1437 4168 quem
1464 4097 1653 4168 recipit
1682 4110 1769 4153 sc-

180 4201 309 4245 cum
344 4188 401 4243 in
448 4188 697 4260 gloriam.
744 4188 1046 4247 Notandum
1076 4200 1256 4248 autem
1289 4190 1415 4262 quia
1442 4205 1550 4247 non
1593 4190 1769 4247 omnis

180 4280 278 4349 qui
317 4280 615 4352 ﬂagellatur
643 4282 787 4337 ﬁlius
831 4292 914 4339 est
946 4301 960 4337 :
992 4283 1088 4339 sed
1129 4282 1305 4341 omnis
1333 4284 1426 4354 qui
1475 4284 1619 4340 lilius
1662 4291 1764 4351 est,

182 4371 508 4441 ﬂagellatur.
552 4375 722 4441 Quem
752 4388 879 4443 ergo
906 4384 1216 4431 sanctorum
1241 4375 1308 4430 ab
1347 4374 1451 4429 hoc
1478 4372 1675 4429 saeculo
1702 4371 1771 4427 ad

185 4463 560 4518 hazreditatem
601 4478 889 4532 supernam
927 4465 1155 4535 legimus
1183 4465 1494 4535 pervenisse
1532 4464 1649 4518 sine
1674 4463 1775 4517 ﬂa-

185 4553 479 4624 gellatione
506 4553 724 4610 divina?
744 4555 1078 4626 Quapropter
1097 4564 1243 4613 tanto
1263 4556 1440 4613 minus
1455 4554 1525 4612 de
1539 4554 1769 4624 ﬂagello,

1867 3367 1935 3409 ex
1990 3352 2270 3410 elementis
2327 3368 2555 3425 corpora
2611 3354 2891 3411 hominum
2948 3355 3281 3428 aliorumque
3333 3358 3455 3414 ani-

1867 3445 2110 3503 malium.
2166 3446 2415 3501 Animam
2463 3460 2593 3504 vero
2640 3446 2873 3503 hominis
2918 3461 2987 3504 ex
3030 3447 3198 3504 nihilo
3226 3450 3454 3517 creavit,

1867 3546 1922 3596 et
1972 3546 2122 3595 creat
2167 3539 2343 3596 adhuc
2394 3558 2410 3595 :
2464 3556 2571 3596 non
2634 3548 2719 3597 est
2769 3541 2913 3598 enim
2962 3542 3255 3612 putandum
3304 3542 3453 3614 quod

1867 3631 2045 3688 anima
2086 3645 2213 3702 pars
2250 3631 2466 3689 deitatis
2515 3632 2589 3688 sit
2630 3650 2645 3686 :
2692 3632 2947 3703 quoniam
2994 3633 3168 3690 deitas
3211 3633 3451 3691 increata

1868 3735 1953 3782 est
1976 3766 1994 3793 ,
2057 3726 2237 3782 anima
2307 3733 2489 3782 autem
2554 3735 2799 3782 creatura
2854 3734 2961 3783 est.
3012 3725 3218 3783 Idcirco
3276 3734 3457 3783 autem

1870 3817 2295 3889 omnipotentem
2347 3819 2515 3874 Deum
2564 3828 2865 3876 creatorem
2917 3818 3220 3874 animarum
3267 3816 3458 3888 appel-

1869 3908 1964 3977 lat,
1995 3924 2104 3966 non
2142 3925 2451 3980 corporum,
2485 3924 2609 3966 cum
2650 3912 2893 3967 omnium
2933 3918 3145 3968 creator
3177 3909 3247 3967 sit
3279 3927 3293 3965 :
3329 3908 3458 3981 quia

1870 4016 2065 4074 corpus
2095 4013 2337 4060 nostrum
2370 4019 2437 4059 ex
2467 4004 2676 4060 semine
2703 4014 2928 4075 paterno
2964 3988 3294 4061 eraterno
3316 4017 3455 4059 con-

1873 4091 2051 4150 ﬁcitur
2079 4110 2094 4148 :
2122 4092 2302 4149 anima
2327 4108 2457 4149 vero
2477 4107 2694 4163 semper
2718 4108 2750 4150 a
2776 4095 2888 4149 Deo
2916 4109 2984 4150 ex
3023 4095 3191 4150 nihilo
3217 4103 3454 4150 creatur.

1872 4185 1950 4254 Si,
2005 4187 2196 4258 inquit,
2258 4194 2437 4257 patres
2484 4186 2727 4242 carnales
2775 4186 3116 4254 timebamus,
3174 4200 3205 4239 a
3257 4186 3457 4255 quibus

1872 4279 2239 4349 temporaliter
2272 4278 2668 4345 erudiebamur,
2697 4278 2775 4333 uti
2808 4277 3050 4333 literedes
3079 4276 3305 4332 ~illorum
3335 4290 3455 4331 me-

1873 4385 2119 4430 reremur
2146 4370 2260 4426 ﬁeri
2295 4387 2308 4422 :
2337 4378 2534 4439 quanto
2550 4371 2719 4441 magis
2747 4368 2975 4425 creatori
3004 4368 3304 4425 animarum
3326 4367 3461 4424 obe~

1873 4461 1990 4518 dire
2034 4468 2193 4531 atque
2239 4459 2613 4530 obtemperare
2654 4460 2941 4528 debemus,
2982 4468 3041 4516 ut
3088 4475 3211 4516 cum
3259 4459 3353 4516 illo
3400 4460 3461 4518 in

1876 4553 2045 4624 gloria
2073 4561 2287 4610 :eternae
2315 4550 2657 4609 beatitudinis
2679 4551 2952 4609 vivamus?
2981 4552 3089 4611 Nec
3114 4553 3453 4610 solummodo

188 4659 303 4714 quo
340 4645 681 4716 castigamur,
728 4662 1063 4707 murmurare
1113 4649 1403 4713 debemus,
1447 4656 1647 4719 quanto
1683 4661 1771 4701 ar-
1795 4636 1851 4699 Ι)
1876 4645 2177 4703 diﬂ‘erentia
2212 4655 2293 4702 est
2319 4646 2457 4701 inter
2495 4659 2589 4701 eos
2618 4655 2834 4717 propter
2859 4643 3238 4702 discretionem
3266 4659 3458 4716 perso-

189 4737 334 4793 ctius
361 4738 412 4792 in
455 4753 519 4795 eo
562 4747 800 4809 paternae
842 4740 1145 4800 dilectionis
1182 4741 1430 4799 allectum
1458 4740 1719 4797 sentimus
1750 4756 1764 4793 :

190 4830 339 4887 unde
360 4831 664 4902 ipsedicit:
696 4834 809 4903 Ego
828 4849 963 4905 quos
986 4851 1131 4907 amo,
1162 4850 1328 4907 arguo
1362 4843 1415 4890 et
1447 4834 1674 4905 castigo.
1700 4834 1773 4891 At

191 4940 327 4982 vero
356 4926 508 4981 multi
556 4926 917 4997 ﬂagellantur,
965 4937 1025 4985 ut
1072 4929 1366 4986 Antiochus
1403 4939 1459 4984 et
1506 4926 1768 4997 llerodes,

192 5035 306 5075 non
345 5028 404 5075 ut
444 5020 511 5077 ad
541 5020 911 5078 haareditatem
943 5032 1302 5092 assumantur,
1346 5021 1438 5079 sed
1472 5030 1531 5077 ut
1560 5021 1647 5078 hic
1673 5020 1772 5077 de-

196 5120 527 5168 monstretur
554 5127 619 5169 ex
671 5122 842 5183 parte,
883 5128 1001 5184 qua:
1049 5114 1189 5169 mala
1247 5113 1454 5184 passuri
1497 5112 1605 5169 sint
1654 5117 1776 5181 post

198 5211 449 5259 mortem.
500 5202 569 5259 In
610 5204 885 5274 disciplina
930 5215 1255 5275 persevcrate.
1317 5204 1581 5275 Tanquam
1630 5204 1775 5273 ﬁliis.

199 5292 567 5351 Charissimis.
601 5293 756 5350 Vobis
782 5294 933 5364 affert
959 5312 1013 5351 se
1061 5295 1222 5353 Deus.
1262 5295 1499 5353 Subaudi
1547 5294 1779 5352 haeredi-

202 5392 365 5441 tatem
393 5387 580 5457 patria:
608 5386 872 5455 ctelestis;
903 5403 967 5445 ac
994 5390 1038 5444 si
1068 5388 1272 5445 diceret
1303 5405 1317 5442 :
1349 5387 1539 5444 Melius
1567 5396 1652 5444 est
1682 5402 1778 5444 vo-

199 5476 283 5532 bis
312 5493 405 5547 per
434 5477 766 5551 disciplinam
790 5489 845 5538 et
871 5483 1291 5553 correptionem,
1317 5495 1434 5553 quae
1462 5480 1656 5537 aﬂ'ectu
1683 5494 1781 5551 pa-

200 5578 355 5624 terno
401 5570 605 5640 agitur,
659 5572 886 5629 transire
933 5574 1002 5630 ad
1058 5574 1423 5631 htereditatem
1479 5572 1775 5641 caelestem,

200 5676 361 5732 quam
392 5673 544 5718 extra
584 5664 921 5736 disciplinam
962 5683 1101 5734 esse,
1136 5670 1320 5740 sicque
1348 5667 1415 5724 ad
1453 5682 1638 5737 poenas
1686 5668 1780 5724 de-

201 5751 462 5810 scendere
488 5769 505 5810 :
532 5755 727 5824 putatis
754 5758 918 5823 enim,
949 5760 1091 5828 quod
1110 5759 1234 5817 odio
1257 5773 1356 5815 vos
1382 5758 1571 5816 habeat
1594 5773 1662 5816 ac
1687 5757 1782 5817 de-

202 5844 479 5918 reliquerit
518 5846 657 5903 Deus
705 5862 801 5918 per
841 5849 956 5906 hac
994 5867 1114 5922 quae
1150 5853 1295 5926 passi
1337 5852 1510 5915 estis:
1551 5854 1599 5917 si
1632 5853 1780 5917 enim

533 5958 810 6028 Panos.
851 5958 1145 6047 LXVIII,

1876 4754 2088 4805 narum,
2118 4740 2241 4811 quia
2272 4739 2360 4795 isti
2390 4739 2610 4809 terreni,
2638 4738 2727 4794 ille
2753 4746 2837 4794 est
2862 4737 3130 4802 caelestis;
3165 4737 3259 4793 sed
3288 4737 3457 4794 etiam

1878 4830 1992 4900 ipsa
2032 4844 2191 4885 causa
2234 4828 2528 4898 disciplina:
2564 4836 2722 4898 atque
2753 4827 3086 4884 eruditionis.
3137 4826 3254 4883 Non
3307 4828 3457 4889 enim

1879 4924 1947 4978 ad
1974 4921 2213 4979 eamdem
2241 4935 2454 4976 causam
2485 4919 2568 4975 vel
2606 4921 2671 4975 ad
2702 4920 2847 4990 ipsas
2875 4935 2963 4977 res
2987 4919 3296 4990 spirituales
3331 4932 3459 4973 eru-

1880 5013 2034 5069 diunt
2059 5028 2074 5062 r
2104 5011 2198 5068 sed
2229 5010 2296 5066 ad
2320 5011 2463 5082 quod
2495 5009 2575 5067 eis
2602 5011 2831 5078 videtur,
2862 5011 3001 5066 sicut
3019 5009 3307 5080 Apostolus
3336 5023 3456 5063 ma-

1880 5106 2116 5172 nifestat,
2146 5103 2348 5159 dicens.
2396 5102 2464 5156 Et
2497 5103 2576 5157 illi
2603 5103 2824 5175 quidem.
2862 5102 3071 5169 Patres,
3116 5116 3181 5156 ex
3228 5115 3458 5170 quorum

1878 5197 2087 5256 semine
2137 5209 2364 5265 corpora
2410 5195 2757 5266 sumpsimus.
2804 5192 2873 5248 In
2921 5202 3145 5263 tempore
3172 5208 3458 5264 paucorum

1881 5292 2079 5348 dierum
2118 5291 2398 5346 secundum
2441 5306 2589 5343 suant
2634 5290 2946 5343 voluntatem
2995 5288 3291 5343 erudiebant
3317 5304 3412 5342 nos
3439 5304 3463 5344 :

1880 5386 1962 5441 hic
1992 5397 2180 5440 autem.
2203 5382 2363 5438 Pater
2388 5381 2633 5438 videlicet
2653 5380 2959 5452 spirituum.
2988 5380 3069 5434 Ad
3093 5380 3147 5434 id
3162 5379 3303 5451 quod
3329 5380 3481 5451 utile_

1882 5494 1975 5541 est.
2032 5483 2221 5541 Erudit
2267 5494 2365 5537 nos
2397 5498 2412 5536 :
2440 5481 2543 5538 hoc
2578 5488 2661 5537 est
2698 5480 2766 5536 ad
2806 5479 3033 5536 salutem
3083 5491 3138 5537 ct
3171 5481 3461 5540 utilitatem

1884 5578 2077 5632 anima:
2108 5585 2325 5631 nostrzn.
2380 5575 2448 5629 In
2498 5573 2785 5646 recipiendo
2828 5574 3283 5642 sanctificationem
3326 5579 3460 5648 ejus.

1883 5668 1966 5725 Illi
1994 5668 2210 5739 quidem
2238 5676 2419 5738 patres
2440 5667 2685 5723 carnales
2714 5667 2779 5722 ad
2813 5665 2916 5723 hoc
2954 5667 3206 5723 erudiunt
3243 5682 3364 5735 nos,
3406 5675 3467 5722 ut

1886 5760 2021 5833 ipsis
2072 5764 2243 5818 simus
2292 5760 2449 5818 utiles
2515 5761 2811 5818 secundum
2878 5774 3031 5817 suam
3086 5760 3463 5829 voluntatem,

1886 5868 2008 5931 qua:
2044 5853 2103 5916 in
2149 5853 2399 5916 omnibus
2425 5867 2534 5916 non
2576 5854 2842 5931 est.utilis
2872 5869 2888 5910 :
2921 5854 3064 5911 Deus
3103 5868 3232 5912 vero
3277 5848 3464 5910 omni-

2944 5965 3022 6035 τό
