3968 6354
460 728 463 731 ν
564 653 941 710 ctiﬁcationem
1008 652 1185 725 ejus:

562 354 669 412 779

1680 352 1976 412 PRIMASII
2019 352 2470 412 ADRUMETANI
2508 352 2722 412 EPISC.
3786 365 3873 422 πο

565 478 762 539 patens
805 465 875 526 ad
927 467 1108 526 omnia
1165 468 1315 525 utilia
1356 468 1455 525 nos
1503 466 1773 538 instituit,
1816 479 1873 522 ut
1919 470 2144 524 salutem
2174 473 2228 531 Α
2253 482 2351 522 nus
2387 468 2636 531 omnibus
2668 468 2845 523 modis
2872 466 3108 525 inveniat
3137 469 3470 529 medicinam
3507 474 3736 535 anima
3754 491 3867 536 suae.

526 564 763 617 animas
814 570 1013 619 nostrae
1064 574 1488 632 consequamur,
1543 571 1599 616 ct
1650 562 1972 631 accipiamus
2027 575 2148 616 san-

1236 652 1528 720 videlicet,
1588 662 1648 708 ut
1705 654 1874 708 simus
1937 655 2147 720 sancti,

561 752 702 807 sicut
756 761 810 807 et
857 752 1005 822 ipse,
1058 748 1353 808 secundum
1398 750 1682 822 quemdam
1724 752 1970 819 modum,
1999 754 2151 823 juxta

564 842 709 913 quod
752 844 868 914 ipse
906 840 1075 899 dicit:
1109 844 1293 898 Sancti
1322 852 1512 910 estote,
1541 841 1662 912 quia
1709 854 1764 898 et
1792 856 1890 912 ego
1936 854 2151 898 sanctus

562 946 703 990 sum.
761 934 842 990 Ad
897 934 1001 990 hoc
1060 934 1350 1007 (inquam)
1397 950 1496 991 nos
1548 934 1721 991 erudit
1780 944 1835 991 ct
1886 935 2148 1004 castigat,

560 1036 624 1081 ut
662 1042 758 1084 nos
798 1028 989 1099 dignos
1038 1027 1235 1085 efﬁciat
1263 1030 1374 1085 suis
1415 1028 1746 1085 muneribus.
1802 1026 2151 1098 Unaquaeque

560 1119 764 1175 etenim
829 1134 963 1191 gens
1032 1120 1327 1178 secundum
1396 1136 1549 1177 suam
1608 1121 1934 1175 voluntatem
2012 1120 2150 1176 ﬁlios

562 1223 691 1267 suos
747 1214 925 1269 erudit
980 1232 993 1268 :
1045 1215 1186 1271 sicut
1237 1214 1571 1271 consuetudo
1634 1214 1731 1268 fuit
1786 1212 2149 1268 Romanorum

562 1313 692 1356 suos
722 1302 860 1357 ﬁlios
896 1303 1110 1360 erudire
1139 1306 1193 1359 in
1224 1320 1283 1361 re
1309 1304 1551 1371 militari,
1580 1304 1910 1369 Graecorum,
1952 1302 2149 1359 litteris

561 1393 847 1451 instituere
878 1408 1025 1465 suos,
1073 1396 1252 1451 Omnis
1299 1405 1467 1451 autent
1502 1397 1775 1466 disciplina
1813 1398 1866 1450 in
1911 1397 2148 1465 prcrsenti

563 1486 772 1557 quidem
813 1503 915 1541 non
958 1488 1155 1543 videtur
1185 1502 1293 1543 esse
1324 1488 1518 1559 gaudii,
1549 1488 1639 1543 sed
1668 1488 1919 1543 maeroris.
1960 1487 2151 1543 Postea

563 1586 734 1633 autem
766 1580 987 1649 fructum
1014 1582 1396 1651 pacatissimam
1420 1581 1703 1635 exercitatis
1724 1596 1813 1652 per
1842 1597 1954 1635 eam
1976 1580 2151 1636 reddet

551 1672 795 1744 justitite.
828 1670 1033 1739 Omnis,
1059 1673 1249 1743 inquit,
1278 1672 1558 1743 disciplina
1586 1683 1695 1727 tam
1722 1670 1954 1728 humana
1988 1688 2149 1742 quam

562 1764 766 1833 divina,
820 1772 943 1821 tunc
980 1764 1193 1835 quando
1236 1764 1479 1830 discitur,
1518 1780 1625 1820 non
1656 1764 1866 1821 videtur
1908 1780 2029 1821 esse
2069 1763 2151 1820 di-

562 1857 789 1926 sciplina
834 1856 1050 1927 gaudii,
1107 1855 1202 1912 sed
1254 1857 1521 1913 mteroris.
1590 1856 1715 1913 ideo
1778 1867 1955 1913 autem
2011 1855 2148 1914 hanc

564 1956 779 2003 Omnem
814 1957 867 2003 et
894 1934 1130 2003 divinam
1153 1954 1206 2003 et
1235 1947 1521 2003 humanam
1548 1947 1884 2018 disciplinam
1910 1950 2142 2018 vocavit,

560 2041 686 2109 quia
736 2039 992 2109 quidquid
1040 2038 1284 2107 discitur,
1331 2039 1611 2110 disciplina
1654 2050 1899 2096 vocatur.
1942 2040 2149 2099 idcirco

559 2135 741 2185 autem
770 2129 823 2184 in
852 2131 1108 2200 praesenti
1131 2146 1240 2185 non
1266 2130 1477 2187 videtur
1493 2144 1611 2188 esse
1634 2130 1913 2201 disciplina
1943 2133 2144 2203 gaudii,

563 2223 660 2278 sed
695 2224 941 2280 maeroris
967 2240 982 2279 :
1016 2224 1156 2295 quod
1188 2224 1487 2295 ﬂagellatus
1508 2226 1803 2295 smpissime
1825 2226 2149 2296 constringi-

556 2325 670 2381 tur,
701 2315 769 2371 de
809 2330 917 2386 quo
951 2317 1146 2387 agitur,
1197 2320 1426 2374 sustinet
1477 2317 1693 2389 famem,
1744 2320 1941 2389 patitur
1980 2319 2146 2389 frigus

556 2419 880 2477 mutemque
905 2407 1179 2476 laborem;
1204 2419 1258 2464 at
1286 2424 1415 2466 vero
1442 2425 1565 2466 cum
1594 2413 1905 2482 pervenerit
1934 2412 2001 2467 ad
2023 2427 2145 2483 per-

553 2497 872 2568 fectionem,
903 2501 1100 2571 gaudet
1129 2510 1184 2559 et
1224 2503 1460 2573 laetatur,
1501 2505 1964 2576 gratissimamquc
2001 2520 2144 2561 mer-

555 2589 746 2647 cedem
776 2592 988 2663 recipit,
1005 2593 1143 2650 sicut
1156 2592 1449 2665 Apostolus
1471 2596 1598 2652 dicit
1616 2615 1627 2652 :
1643 2598 1830 2653 Postea
1851 2596 2143 2669 (inquiens)

554 2692 680 2738 eum
707 2690 1013 2754 pervenerit
1032 2686 1098 2743 ad
1123 2688 1333 2745 culmen
1362 2690 1724 2760 perfectionis,
1745 2690 1933 2747 reddet
1955 2691 2142 2748 eadem

552 2775 840 2847 disciplina
887 2780 1288 2849 pacatissimum
1339 2783 1565 2839 fructum
1616 2780 1842 2855 iustitia:
1893 2800 1986 2854 per
2024 2799 2139 2841 eam

556 2866 867 2923 exercitatis
896 2884 911 2924 :
944 2868 999 2925 id
1029 2878 1130 2937 est,
1162 2885 1259 2941 per
1290 2871 1535 2928 eamdem
1581 2873 1916 2943 disciplinam
1949 2875 2142 2944 proba-

550 2957 625 3014 tis
650 2967 810 3030 atque
835 2961 1106 3032 perfectis.
1137 2962 1392 3020 Fructum
1420 2976 1599 3021 autem
1620 2967 2019 3036 pacatissimum
2044 2983 2138 3023 vo.

551 3059 641 3105 est
676 3052 1033 3122 gratissimam
1081 3062 1242 3126 atque
1288 3058 1713 3127 acceptissimam
1750 3060 2139 3116 remuneratio-

550 3156 700 3214 nem,
725 3160 884 3216 quam
921 3148 1223 3220 percipiunt
1265 3151 1324 3220 ii,
1356 3152 1445 3223 qui
1490 3168 1585 3223 per
1615 3153 1857 3209 eamdem
1899 3152 2137 3223 discipli-

549 3252 675 3293 nam
728 3251 1047 3298 exercentur
1105 3254 1266 3315 atque
1325 3246 1656 3317 probantur,
1722 3248 1872 3303 verbi
1926 3248 2135 3318 gratia:

2262 560 2303 615 ll
2314 562 2356 615 is
2380 570 2556 617 autem
2581 561 2757 617 verbis
2788 561 3155 619 haesitationes
3177 579 3363 620 corum
3389 568 3625 638 tangit,
3666 568 3738 624 ad
3784 572 3867 629 hoc

2252 660 2311 708 ut
2344 651 2463 707 sine
2504 652 2682 722 aliqua
2712 651 3039 709 dubitatione
3064 655 3345 712 crederent
3376 657 3440 715 in
3479 673 3658 715 eum.
3692 658 3863 719 Pam

2253 744 2525 814 sequimini
2551 761 2665 799 cum
2695 745 2950 800 omnibus.
2978 745 3213 804 Subaudi
3241 748 3419 807 bonis.
3458 749 3546 805 Et
3586 757 3859 810 metim-

2257 836 2418 903 nt'am,
2451 837 2563 890 sine
2591 853 2691 908 qua
2720 853 2867 892 nemo
2912 838 3094 894 videbit
3141 838 3325 896 Deum.
3351 842 3635 900 Plurima
3665 846 3856 917 quim

2252 936 2379 983 sunt
2421 943 2541 998 quae
2596 927 2828 985 formam
2881 929 3367 1006 discretionemque
3417 935 3853 997 Christianitatis

2253 1009 2543 1074 ostendunt
2576 1034 2591 1073 :
2623 1019 2720 1075 sed
2769 1019 2889 1090 plus
2936 1023 3184 1082 omnibus
3227 1040 3291 1082 ac
3334 1028 3561 1086 melius
3598 1030 3849 1089 charitatis

2253 1118 2449 1164 mutua:
2475 1106 2699 1166 aﬁectus
2743 1118 2797 1165 ct
2823 1125 2950 1181 pax,
2980 1127 3099 1182 quae
3129 1113 3407 1172 hominum
3441 1118 3646 1175 corda
3686 1137 3846 1179 conso-

2250 1202 2380 1258 ciat.
2412 1202 2751 1272 Quapropter
2778 1202 2910 1259 dicit
2935 1206 3049 1275 ipsa
3084 1205 3327 1263 Veritas:
3360 1208 3596 1268 Pacem
3630 1214 3842 1284 relinque

2250 1295 2434 1361 vobis;
2467 1301 2521 1349 et
2567 1294 2761 1350 iterum
2795 1312 2809 1351 :
2840 1294 2898 1351 lu
2946 1294 3048 1353 hoc
3102 1310 3436 1371 cognoscent
3497 1316 3707 1359 omnes
3742 1307 3836 1374 quia

2254 1386 2361 1440 mei
2394 1385 2524 1441 estis
2555 1385 2823 1457 discipuli,
2856 1385 2904 1442 si
2930 1387 3272 1447 dilectionem
3302 1391 3641 1449 habueritis
3680 1397 3742 1450 ad
3772 1398 3832 1451 in-

2250 1477 2445 1531 vicem.
2493 1476 2783 1548 Propterea
2821 1478 2982 1535 etiam
3013 1488 3068 1537 et
3103 1484 3391 1552 Apostolus
3426 1484 3587 1542 dicit
3613 1502 3633 1541 :
3676 1486 3828 1545 Pacem

2250 1568 2532 1627 sectamini
2559 1585 2682 1626 cum
2708 1572 2957 1628 omnibus
2985 1574 3161 1631 bouis.
3208 1574 3361 1633 Pacis
3404 1589 3621 1635 autem
3653 1583 3826 1639 nomine

2250 1660 2597 1731 intelligenda
2648 1671 2731 1721 est
2770 1664 2989 1722 dilectio
3015 1675 3068 1723 et
3101 1669 3415 1728 concordia.
3476 1654 3821 1730 Sanctimoeia

2250 1767 2431 1812 autem
2463 1756 2660 1814 dicitur
2696 1758 2911 1814 castitas
2946 1761 3139 1816 mentis
3166 1771 3219 1818 et
3254 1765 3522 1835 corporis
3549 1782 3567 1818 :
3610 1780 3675 1822 ac
3700 1768 3822 1824 side

2250 1860 2399 1907 ceret
2429 1868 2444 1907 :
2478 1851 2552 1908 ita
2584 1851 2788 1923 diligite
2809 1866 2997 1909 omnes
3027 1854 3219 1924 bonos,
3250 1864 3309 1911 ut
3344 1859 3819 1930 vosmetipsos;et

2252 1943 2324 2000 sit
2353 1944 2407 1999 in
2434 1943 2590 2000 vobis
2616 1945 2857 2015 castitas,
2890 1945 3001 2002 sive
3025 1947 3286 2004 munditia
3326 1952 3546 2007 mentis
3572 1961 3632 2007 et
3667 1967 3818 2024 corpo-

2252 2035 2327 2092 ris
2356 2051 2372 2093 :
2401 2037 2652 2107 quoniam
2680 2037 2798 2093 sine
2839 2053 2973 2110 pace
3002 2048 3056 2095 et
3085 2042 3446 2100 sanctimonia
3512 2059 3682 2101 nemo
3705 2048 3816 2104 vids-

2251 2126 2331 2184 bit
2356 2128 2544 2184 Deum.
2577 2128 2729 2184 Beati
2756 2130 2901 2185 enim
2946 2130 3175 2201 paciﬁci,
3205 2134 3467 2203 quoniam
3497 2136 3604 2192 ﬁlii
3630 2138 3715 2194 Dei
3742 2155 3811 2194 vo-

2249 2219 2531 2275 cabuntur.
2566 2220 2715 2276 Beati
2759 2220 2959 2277 mundo
3003 2223 3187 2291 corde,
3220 2225 3481 2293 quoniam
3532 2227 3644 2297 ipsi
3680 2228 3809 2284 Deum

2250 2310 2526 2367 videbunt.
2584 2311 2996 2383 Contemplantes
3043 2316 3246 2385 nequis
3298 2316 3433 2372 desit
3487 2320 3675 2391 gratia
3717 2318 3803 2375 Da}

2248 2402 2401 2472 Quod
2430 2404 2578 2472 dicit,
2613 2403 3071 2475 Contemplantes,
3102 2407 3155 2462 id
3199 2416 3281 2463 cst
3324 2409 3627 2479 diligenter
3667 2422 3808 2468 atten-

2248 2498 2437 2553 dentes
2476 2507 2634 2569 atque
2674 2498 3113 2569 considerantes,
3160 2515 3226 2558 ne
3254 2503 3375 2573 quis
3412 2514 3659 2561 vestrum
3692 2506 3802 2561 desit

2245 2589 2429 2659 gratiae
2460 2588 2573 2645 Dei.
2601 2589 2687 2646 Sic
2717 2589 2952 2661 loquitur
2970 2606 3090 2647 cum
3118 2591 3217 2660 eis,
3248 2601 3502 2665 tanquam
3543 2612 3670 2654 cum
3714 2598 3800 2652 ria-

2248 2681 2478 2750 toribus,
2512 2682 2603 2751 qui
2640 2696 2761 2738 cum
2795 2697 3021 2739 numero
3050 2693 3103 2739 ct
3136 2686 3391 2741 comitatu
3437 2687 3598 2759 longa
3637 2689 3802 2745 itinera

2247 2786 2526 2845 permeant
2554 2790 2571 2827 :
2596 2776 2788 2846 quibus
2813 2776 2950 2833 solet
2976 2776 3157 2835 dicere
3186 2779 3233 2835 is
3261 2782 3349 2849 qui
3370 2792 3561 2854 przeest
3587 2799 3608 2841 :
3640 2783 3806 2841 Videte

2243 2881 2314 2923 ne
2343 2868 2534 2938 aliquis
2567 2878 2839 2925 remaneat
2868 2870 2959 2942 qui
2982 2885 3089 2927 non
3120 2882 3303 2943 pergat
3323 2874 3610 2942 vobiscum,
3646 2876 3807 2933 velati

2244 2961 2290 3016 si
2322 2962 2567 3018 diceret:
2598 2963 2715 3019 Non
2766 2962 2868 3020 hoc
2925 2972 3132 3020 tantum
3186 2967 3396 3036 requiro,
3449 2976 3504 3022 ut
3552 2981 3650 3022 vos
3692 2967 3805 3023 soli

2242 3055 2467 3124 gratiam
2490 3055 2913 3128 consequamiui,
2928 3058 3265 3129 patriamque
3280 3059 3537 3115 ctelestetn
3554 3059 3798 3117 intretis:

2242 3146 2339 3202 scd
2370 3149 2530 3203 etiam
2556 3159 2613 3205 ut
2640 3148 2935 3220 inspiciatis
2957 3159 3012 3207 et
3039 3159 3287 3208 exteros.
3329 3151 3567 3209 Gratiam
3593 3152 3725 3211 dicit
3746 3156 3798 3208 ﬁ-

2243 3237 2390 3309 dem,
2422 3255 2570 3311 spcm
2612 3250 2666 3297 et
2694 3240 3031 3310 charitatem,
3062 3257 3159 3313 per
3201 3257 3359 3317 quam
3394 3252 3630 3300 meretur
3656 3244 3793 3302 homo

551 3332 785 3391 Romani
812 3335 1038 3407 tirones,
1068 3337 1158 3409 qui
1190 3339 1244 3394 in
1282 3338 1561 3410 disciplina
1592 3342 1671 3398 rei
1726 3341 1970 3397 militaris
2017 3351 2141 3398 sunt
2166 3302 2213 3369 Ο
2244 3335 2469 3407 gratiam
2512 3334 2611 3391 Dei
2640 3335 2883 3392 invenire
2915 3354 2928 3389 :
2957 3336 3079 3408 quia
3105 3351 3228 3396 cum
3274 3339 3391 3395 istis
3420 3337 3579 3395 habet
3618 3348 3668 3394 et
3686 3339 3792 3395 reli-

553 3426 858 3498 exercitati,
893 3430 1058 3487 multa
1087 3432 1355 3488 contraria
1396 3433 1625 3503 primum
1659 3435 2007 3501 suStincntes,
2040 3450 2139 3506 po-

546 3522 664 3577 stea
698 3521 866 3592 gavisi
904 3530 1053 3592 sunt,
1083 3524 1453 3582 monarchiam
1486 3526 1646 3582 totius
1678 3527 1824 3583 orbis
1855 3527 2139 3597 possiden-

551 3602 652 3672 tes.
681 3615 951 3686 Similiter,
978 3618 1384 3689 intelligendum
1424 3618 1491 3676 de
1528 3617 1596 3675 iis
1624 3619 1716 3689 qui
1763 3621 1819 3675 in
1860 3621 2139 3691 disciplina

552 3709 891 3781 affliguntur,
915 3712 1006 3782 qui
1032 3712 1255 3781 praemia
1280 3722 1482 3768 aeterna
1508 3713 1780 3783 recepturi
1807 3722 1931 3769 sunt
1954 3730 1968 3768 :
2000 3714 2137 3769 sicut

552 3802 725 3857 sancti
740 3801 987 3871 apostoli,
1006 3812 1270 3877 martyres
1284 3812 1337 3859 et
1353 3804 1601 3861 doctores
1624 3804 1895 3861 Ecclesiae.
1915 3805 2135 3877 Propter

553 3894 691 3964 quod
720 3893 954 3949 remissas
980 3909 1164 3950 manus
1206 3903 1253 3950 et
1291 3896 1457 3950 soluta
1482 3912 1649 3968 genua
1683 3895 1856 3967 erigite
1880 3913 1899 3952 :
1928 3906 1973 3951 et
1999 3914 2138 3970 gres-

552 4003 641 4042 sus
672 3998 831 4043 rectos
859 3988 1010 4067 fuci“
1035 3988 1247 4054 pedibus
1278 3991 1473 4060 vestris,
1506 3998 1560 4044 ut
1586 4006 1688 4045 non
1720 3992 2017 4046 claudicans
2050 3992 2137 4063 qui

550 4089 705 4150 erret,
746 4080 907 4150 magis
933 4090 1105 4137 autem
1143 4093 1368 4137 sanetur.
1407 4081 1630 4153 Propter
1657 4083 1819 4153 quod,
1857 4084 1981 4154 quia
2012 4097 2136 4155 pro-

550 4184 673 4244 pter
718 4173 1058 4243 disciplinam
1092 4174 1356 4230 mercedis
1398 4174 1678 4244 praemium
1711 4175 1972 4244 redditur,
2006 4190 2137 4246 gau-

553 4264 809 4336 diumque
847 4266 1221 4337 subsequitur;
1260 4266 1343 4323 vel
1384 4279 1668 4339 propterea
1698 4276 1755 4323 ut
1783 4269 2001 4338 possitis
2024 4269 2134 4325 lue-

548 4358 834 4415 reditatem
864 4372 1168 4429 supremam
1202 4373 1323 4415 cum
1362 4357 1516 4415 bonis
1544 4361 1668 4416 ﬁliis
1694 4359 1989 4431 percipere.
2031 4361 2137 4418 lte-

551 4452 748 4505 missas
796 4467 983 4507 manus
1036 4466 1065 4506 a
1118 4452 1262 4507 bono
1316 4466 1514 4522 opere,
1580 4459 1635 4506 et
1688 4462 1957 4523 torpentes
2019 4453 2134 4509 otio

552 4543 805 4612 pigtitia).
862 4543 931 4596 Et
972 4544 1144 4598 soluta
1188 4559 1360 4614 genua
1410 4544 1620 4614 erigite,
1666 4544 1733 4599 ad
1782 4544 1921 4600 bona
1974 4559 2134 4615 opera

2243 3443 2394 3499 quas.
2444 3426 2568 3484 Sive
2605 3427 2829 3499 gratiam
2861 3428 2955 3484 Dei
2982 3428 3111 3484 dicit
3145 3429 3529 3486 remissionem
3570 3438 3786 3502 peccato-

2242 3535 2380 3587 rum,
2417 3535 2534 3591 qua:
2565 3519 2718 3575 nobis
2756 3521 2919 3590 gratis
2958 3519 3135 3577 datur.
3184 3519 3247 3576 In
3291 3523 3617 3593 baptismate
3650 3523 3724 3580 vel
3758 3536 3783 3576 ε

2242 3611 2348 3669 ﬁde
2406 3611 2638 3683 perfecta
2680 3613 2998 3682 ueterisque
3041 3613 3349 3671 virtutibus.
3401 3613 3491 3669 Ne
3531 3631 3629 3685 qua
3666 3613 3784 3668 radis

2242 3706 2605 3760 amaritudinis
2630 3722 2834 3762 sursum
2859 3706 3148 3778 germinans
3193 3705 3466 3776 impediat,
3492 3716 3548 3761 et
3568 3722 3647 3780 per
3665 3705 3783 3759 illam

2242 3798 2569 3868 inquinentur
2592 3798 2761 3852 multi.
2780 3798 3034 3854 liadicem
3055 3798 3430 3855 amaritudinis
3451 3810 3611 3856 vocat
3627 3797 3783 3855 malam

2244 3889 2581 3946 voluntatem
2633 3905 2964 3961 pravamque
3003 3892 3380 3960 intentionem,
3412 3893 3567 3949 unde
3592 3890 3785 3963 procedit

2242 3992 2523 4053 peccatum
2552 3983 2952 4049 amaritudinis;
2986 3997 3110 4039 nam
3134 3983 3273 4041 sicut
3300 3983 3461 4040 radix
3493 3999 3674 4042 amara
3700 3983 3785 4037 tru-

2242 4084 2361 4131 ctus
2390 4076 2573 4132 dulces
2604 4086 2713 4132 non
2741 4084 2919 4146 potest
2943 4075 3207 4146 proferre,
3230 4077 3325 4133 sed
3352 4076 3440 4134 sui
3460 4078 3685 4145 similes,
3710 4074 3785 4131 hoc

2241 4180 2325 4226 est
2353 4182 2603 4227 amaros:
2632 4169 2952 4240 sulphureus
2981 4184 3195 4241 quoque
3226 4168 3349 4227 fons
3376 4185 3552 4244 aquas
3582 4185 3682 4228 non
3715 4170 3786 4222 ha-

2238 4262 2374 4321 biles
2412 4263 2478 4319 ad
2527 4263 2865 4319 bibendum:
2897 4264 2972 4319 ita
3000 4265 3142 4320 mala
3191 4265 3447 4323 voluntas
3500 4276 3557 4323 et
3604 4263 3787 4321 intentio

2240 4371 2403 4428 prava
2432 4354 2627 4412 malam
2658 4356 3025 4427 operationem
3052 4367 3107 4414 et
3152 4366 3428 4429 peccatum
3454 4353 3786 4415 amaritudine

2239 4463 2354 4505 asc
2406 4449 2672 4516 emittunt,
2728 4448 2922 4518 quibus
2976 4448 3267 4520 impeditur
3316 4448 3423 4505 iter
3477 4451 3545 4505 ad
3609 4447 3788 4520 patria

2238 4543 2562 4600 ascendendi
2588 4542 2864 4600 caelestem
2899 4560 2915 4597 :
2948 4552 3108 4614 atque
3139 4558 3237 4613 per
3278 4542 3427 4598 illam
3478 4544 3679 4599 malam
3715 4553 3789 4595 vt»

555 4634 779 4705 agenda.
806 4633 909 4690 Per
941 4635 1102 4705 pedes
1129 4646 1305 4692 autem
1333 4646 1387 4693 et
1410 4652 1582 4707 genua
1610 4638 1867 4694 debemus
1894 4640 2136 4709 accipere
2161 4627 2217 4690 D
2241 4630 2520 4701 luntatem,
2545 4637 2610 4691 dc
2644 4652 2747 4707 qua
2775 4636 3071 4707 procedunt
3104 4637 3309 4692 semina
3333 4636 3624 4706 nequitia,

549 4742 738 4797 opera,
771 4726 908 4783 sicut
930 4736 984 4784 et
1003 4741 1098 4798 per
1127 4743 1315 4785 manus
1344 4747 1357 4783 :
1391 4744 1488 4800 per
1512 4743 1727 4801 gressus
1764 4738 1942 4785 autem
1980 4732 2136 4786 intel-

549 4819 770 4889 lectum,
800 4819 1255 4892 intentionemun
1275 4821 1504 4888 mentis;
1538 4829 1699 4877 etest
1727 4835 1917 4878 sensus
1943 4839 1955 4875 ;
1985 4821 2130 4877 Talia

550 4927 718 4984 opera
746 4913 884 4986 agite
909 4929 1025 4984 qua:
1048 4914 1343 4984 perfectum
1370 4913 1695 4970 intellectum
1720 4912 1972 4983 habeant,
1988 4914 2131 4987 quod

550 5006 694 5063 bona
730 5007 1028 5065 intentione
1058 5007 1221 5074 ﬁant;
1255 5006 1442 5076 Recte,
1473 5007 1668 5079 inquit,
1702 5008 2001 5075 ambulate;
2034 5021 2135 5065 nec

550 5100 789 5156 laudatio
817 5100 936 5171 plus
972 5108 1266 5168 accrescat,
1296 5099 1390 5157 sed
1424 5103 1601 5170 potius
1640 5101 1713 5160 ad
1748 5110 1943 5157 statum
1975 5102 2137 5158 recti-

553 5197 759 5252 tudinis
785 5196 975 5267 erigat.
999 5193 1271 5253 Remissas
1293 5209 1484 5252 manus
1508 5205 1564 5253 et
1586 5212 1757 5268 genua
1778 5197 1953 5254 soluta
1985 5211 2139 5254 man-

555 5291 646 5346 dat
674 5290 901 5361 erigere,
931 5288 1072 5346 sicut
1099 5288 1262 5346 lsaias
1283 5287 1546 5360 praecipit,
1578 5288 1796 5346 dicens:
1828 5288 2137 5348 Coniortate

553 5398 747 5439 manus
795 5381 1086 5439 dissolutas
1115 5391 1168 5438 et
1193 5395 1369 5453 genua
1406 5381 1601 5439 debilia
1629 5381 1896 5447 roborato,
1928 5392 1988 5437 ut
2028 5396 2138 5442 non

552 5476 859 5530 claudicans
903 5474 1026 5546 quis
1054 5482 1198 5531 erret
1231 5492 1246 5531 :
1277 5475 1331 5530 id
1369 5482 1452 5531 est
1480 5483 1537 5531 ut
1579 5490 1687 5531 non
1725 5474 1979 5529 haesitans
2015 5476 2134 5543 quis

551 5566 606 5619 in
639 5564 743 5619 ﬁde
793 5565 1057 5637 bonisque
1084 5565 1357 5636 operibus,
1385 5574 1532 5621 erret
1564 5580 1595 5619 a
1638 5564 1723 5619 via
1754 5563 2085 5620 rectitudinis
2118 5583 2130 5619 :

554 5657 729 5725 magis
786 5666 962 5715 autem
1030 5672 1248 5716 sanetur
1298 5675 1330 5715 a
1378 5663 1609 5731 peccatis
1670 5656 1939 5713 credendo
1993 5668 2138 5715 recte

552 5752 611 5807 in
655 5754 854 5818 Deum;
900 5770 963 5812 ac
1015 5755 1062 5811 si
1120 5756 1367 5813 diceret:
1425 5754 1530 5822 Qui
1573 5767 1680 5807 non
1731 5751 1902 5807 credit
1950 5762 2136 5823 recte,

550 5846 751 5905 melius
812 5853 896 5901 est
962 5855 1021 5903 ut
1073 5846 1279 5903 ﬁrmius
1326 5854 1380 5902 ct
1432 5844 1670 5904 tenacius
1716 5842 1901 5902 credat
1953 5850 2140 5917 quate-

2244 4738 2439 4785 nantur
2468 4728 2621 4784 multi
2653 4746 2665 4783 :
2697 4732 2819 4800 quia
2843 4729 3112 4783 modicum
3136 4730 3458 4785 fermentum
3490 4736 3662 4783 totam
3684 4738 3793 4782 tw-

2242 4837 2356 4880 sam
2409 4822 2725 4894 corrumpit,
2776 4831 2832 4879 et
2877 4837 2983 4877 uno
3009 4831 3233 4891 peccato
3263 4820 3605 4876 inﬁdelitatis
3654 4815 3795 4876 omns

2240 4930 2405 4987 opera
2433 4930 2551 4988 quae
2578 4923 2824 4987 poterant
2864 4928 2985 4969 esse
3029 4912 3172 4969 bona
3214 4911 3605 4982 depravantur,
3635 4919 3685 4968 et
3716 4918 3797 4964 uno

2239 5019 2521 5083 peccatore
2558 5010 2713 5067 multi
2748 5008 3164 5079 coinquinentur
3194 5025 3207 5062 :
3241 5007 3480 5065 radicem
3508 5007 3663 5063 enim
3684 5017 3800 5060 anta-

2239 5102 2488 5159 ritudinis
2515 5103 2821 5174 specialiter
2848 5112 3131 5173 peccatum
3170 5100 3505 5157 inﬁdelitatis
3552 5098 3715 5157 voluit
3738 5097 3802 5153 in-

2241 5197 2435 5268 telligi,
2467 5197 2591 5254 licet
2618 5204 2674 5253 et
2701 5195 2771 5253 ad
2799 5195 2995 5252 malam
3022 5196 3350 5252 voluntatem
3379 5204 3544 5264 atque
3573 5189 3804 5249 intentio-

2244 5304 2391 5357 nem,
2423 5297 2483 5345 ut
2522 5288 2774 5354 diximus,
2815 5287 3106 5345 referatur.
3134 5286 3224 5345 .Et
3265 5299 3506 5357 congrue
3547 5293 3801 5357 pecuina

2243 5396 2482 5440 amarum
2509 5381 2641 5437 dixit
2664 5393 2788 5438 esse
2816 5396 2833 5437 :
2866 5377 3120 5452 quoniam
3150 5377 3289 5436 nihil
3323 5385 3410 5434 est
3453 5378 3695 5434 amarius
3730 5373 3805 5431 illo

2242 5485 2524 5546 postquam
2576 5472 2739 5528 fuerit
2786 5480 3149 5543 perpetratum
3195 5487 3213 5526 :
3261 5472 3404 5542 quod
3455 5470 3806 5540 experituento

2242 5572 2573 5637 cognoscunt
2595 5565 2672 5620 illi
2700 5564 2789 5633 qui
2813 5571 2933 5635 post
2950 5562 3247 5619 admissum
3275 5560 3530 5618 delictum
3549 5561 3809 5618 conscien-

2243 5646 2333 5714 iiaa
2367 5672 2603 5714 maerore
2643 5664 3005 5725 macerantur,
3036 5656 3262 5726 diraque
3292 5654 3425 5711 satis
3468 5652 3809 5711 amaritudine

2244 5760 2651 5819 consumuntur,
2684 5750 2948 5807 intantum
2977 5756 3038 5804 ut
3074 5746 3379 5807 amaritudo
3424 5745 3602 5818 ipsius
3649 5740 3809 5802 delicti

2246 5844 2420 5923 ipsum
2447 5845 2777 5907 intellectum
2805 5845 3083 5917 ipsamque
3111 5843 3378 5903 rationem
3398 5836 3807 5915 aliquemali-
