3968 6354
148 327 243 385 781

973 318 1038 383 IN
1081 322 1469 384 EPISTOLAM
1507 321 1599 378 AD
1638 316 1981 379 ΙΙΕΒΙὶιΕΟὸ
2020 315 2541 379 COMMENTARIA.

3298 316 3400 379 782

142 451 338 517 vertat,
363 443 502 501 sicut
532 439 600 500 de
634 439 764 501 Cain
805 442 1052 516 legimus,
1084 444 1173 515 qui
1202 445 1256 498 in
1292 440 1720 512 desperationem
1750 439 1804 502 Α
1829 436 2043 493 fratrem
2072 450 2270 493 meum.
2301 435 2638 506 Quapropter
2662 446 2970 506 quanquam
2996 449 3118 493 cum
3148 436 3402 509 lacrymis

142 543 268 598 ruit.
302 538 387 594 Ne
423 538 533 610 quis
571 534 868 610 fornicator,
907 546 997 591 aut
1039 537 1283 609 profanus
1321 543 1376 588 ut
1416 530 1581 599 Esau,
1626 531 1717 601 qui

144 644 350 707 praptcr
379 651 533 688 imam
560 650 725 688 escam
745 634 974 689 vendidit
1000 631 1339 703 primogenita
1371 646 1486 684 sua.
1517 626 1718 683 Forni~

142 734 293 784 calor
320 726 619 796 appellatur
649 726 808 793 Esau,
833 726 953 796 quia
985 732 1169 781 contra
1199 723 1526 777 voluntatem
1557 719 1719 790 patris

143 825 197 874 et
228 818 411 873 matris
452 832 644 874 uxores
682 818 1008 889 alienigenas
1037 816 1205 872 duxit.
1254 814 1516 870 Profanus
1541 820 1719 868 autem

142 912 361 981 proprie
383 911 576 967 dicitur
602 910 947 981 irreligiosus,
979 909 1129 981 quasi
1160 923 1341 979 porro,
1370 907 1424 963 id
1451 916 1532 962 est
1560 906 1717 975 longe

142 1020 174 1060 a
198 1004 320 1059 fano
347 1012 398 1059 et
421 1005 617 1076 templo
644 1005 761 1060 Dei.
782 1005 877 1061 llic
892 1014 1071 1061 autem
1101 1020 1193 1074 pro
1210 1002 1583 1075 gastrimargo,
1603 999 1718 1055 sive

143 1111 245 1166 pro
266 1096 358 1151 illo
380 1094 468 1167 qui
486 1096 612 1151 utile
625 1096 907 1167 proinutili
926 1096 1131 1163 vendit,
1153 1096 1399 1166 ponitur:
1418 1092 1560 1164 quod
1581 1093 1718 1148 bene

142 1190 386 1259 congruit
417 1188 580 1257 Esau,
614 1191 701 1259 qui
745 1189 845 1244 fuit
874 1189 1252 1260 gastrimargus
1280 1197 1439 1258 atque
1480 1185 1716 1258 gulosus,

143 1282 383 1338 vendens
411 1282 759 1354 primogenita
783 1297 876 1339 sua
910 1298 1008 1353 pro
1038 1282 1130 1338 vili
1159 1280 1301 1347 cibo,
1346 1295 1440 1350 pro
1469 1278 1718 1336 lenticula

142 1373 353 1429 scilicet
382 1374 518 1431 rufa.
545 1373 904 1445 Primogenita
932 1382 1109 1430 autem
1151 1374 1252 1428 isto
1292 1372 1344 1426 in
1374 1374 1495 1427 loco
1541 1371 1723 1440 appel-

143 1463 319 1519 lantur
355 1465 527 1521 honor
570 1474 623 1521 ct
664 1466 895 1537 dignitas
950 1463 1235 1520 sacerdmii
1263 1478 1276 1517 :
1309 1471 1434 1517 ante
1475 1459 1723 1516 sacerdo«

144 1542 276 1610 tium
322 1556 465 1611 enim
507 1557 707 1619 Aaron,
750 1555 893 1627 quod
932 1570 961 1611 a
999 1556 1110 1610 Deo
1152 1553 1499 1611 consritutum
1544 1559 1628 1608 est
1666 1551 1720 1607 in

144 1647 283 1719 lege,
312 1662 499 1705 omnes
527 1648 865 1719 primogeniti
887 1649 1190 1704 sacerdotes
1217 1656 1372 1704 erant
1407 1665 1418 1701 :
1462 1646 1602 1702 sicut
1624 1645 1723 1702 fuit

141 1739 289 1827 sem,
324 1742 413 1812 qui
437 1741 944 1836 et‘Melehisedeeh,
968 1742 1354 1836 primogenitus
1378 1739 1511 1796 Noe.
1534 1740 1719 1811 Magna
1750 1775 1801 1836 Β

142 1826 341 1889 etenim
372 1834 602 1905 dignitas
640 1844 758 1891 erat
802 1835 1003 1892 habere
1045 1834 1396 1906 primogenita
1424 1850 1441 1892 :
1468 1836 1719 1906 quoniam

143 1931 199 1981 et
228 1926 294 1980 de
316 1924 611 1983 substantia
639 1935 692 1982 et
720 1925 1037 1983 haereditate
1062 1936 1284 1996 paterna
1317 1926 1573 1996 majorem
1599 1942 1721 1997 por-

147 2016 347 2072 tionem
381 2020 648 2089 sumebat,
681 2023 1107 2090 vestimentoque
1145 2028 1366 2075 ornatus
1404 2017 1722 2088 locupletior

145 2109 482 2178 Splendebat.
527 2110 681 2168 Unde
718 2112 911 2182 legitur
955 2112 1010 2168 in
1058 2110 1275 2179 Genesi,
1305 2109 1447 2183 quod
1479 2110 1722 2167 Rebecca

147 2201 417 2271 accipiens
443 2204 755 2259 vestimenta
785 2203 928 2259 Esau
957 2204 1111 2260 valde
1150 2203 1309 2272 bona,
1339 2218 1457 2275 qua:
1497 2204 1635 2273 apud
1664 2218 1723 2260 se

145 2290 289 2343 domi
319 2293 565 2358 habebat,
599 2293 769 2347 induit
795 2308 856 2349 ea
896 2293 1080 2360 Jacob,
1126 2295 1306 2364 sicque
1348 2293 1571 2348 adduxit
1598 2308 1720 2349 eum

143 2379 211 2434 ad
243 2388 450 2450 patrem
472 2383 561 2452 qui
581 2391 638 2439 ut
663 2383 827 2439 sensit
858 2384 1076 2440 odorem
1103 2398 1168 2439 ac
1190 2383 1531 2454 fragrantiam
1560 2386 1721 2440 veSti-

141 2473 441 2530 mentorum
488 2476 625 2545 ejus,
666 2477 844 2532 dixit:
876 2477 1017 2533 Ecce
1066 2477 1201 2533 odor
1248 2476 1341 2532 lilii
1375 2478 1510 2545 mei,
1570 2478 1722 2549 quasi

142 2568 277 2625 odor
304 2570 434 2640 agri.
468 2570 598 2637 Quia
620 2584 750 2642 ergo
776 2570 916 2627 inter
944 2570 1161 2629 Judaaos
1182 2580 1335 2628 erant
1376 2571 1593 2643 quidam
1635 2587 1724 2629 se-

141 2662 376 2717 ctatores
407 2659 549 2717 Esau
570 2662 625 2718 in
654 2661 1007 2718 fornicatione
1027 2671 1185 2733 atque
1215 2662 1609 2734 gastrimargia,
1637 2676 1723 2718 re-

141 2752 293 2809 ducit
323 2755 400 2810 eis
431 2742 716 2824 Apostolus
746 2755 812 2812 ad
852 2756 1165 2813 memoriam
1192 2755 1387 2812 factum
1412 2757 1573 2823 Esau,
1601 2756 1727 2812 hor-

142 2852 267 2900 tans
298 2847 596 2902 cavendum
622 2848 690 2903 ab
715 2849 966 2905 omnibus
993 2849 1100 2904 illis
1127 2864 1195 2905 ne
1220 2848 1335 2919 quis
1366 2849 1507 2904 illius
1535 2846 1724 2904 similis

140 2936 307 3007 foret,
340 2939 427 3008 qui
452 2952 549 3008 pro
578 2939 866 2995 dilectione
906 2940 1278 3011 temporalium
1327 2955 1507 2997 rerum
1557 2954 1726 3011 usque

140 3026 213 3083 ad
248 3028 521 3085 vendenda
553 3043 648 3085 sua
689 3031 1044 3103 primogenita
1080 3030 1325 3102 pervenit
1355 3047 1369 3086 :
1405 3031 1616 3101 propria
1653 3031 1727 3085 si-

140 3118 365 3191 quidem
394 3119 717 3192 negligentia
755 3130 810 3178 et
851 3122 1142 3193 cupiditate
1172 3122 1414 3177 vendidit
1466 3121 1724 3177 honorent

137 3216 305 3284 quem
335 3228 367 3269 a
406 3210 517 3270 Deo
559 3223 893 3285 perceperat,
924 3222 979 3269 et
1022 3228 1121 3284 pro
1168 3228 1332 3285 parva
1370 3228 1429 3269 re
1474 3228 1719 3284 magnam

138 3305 376 3378 gloriam
406 3305 637 3378 perdidit
662 3323 677 3361 :
704 3314 1004 3378 postremus
1030 3305 1172 3361 enim
1212 3304 1436 3361 effectus
1464 3313 1567 3371 est,
1599 3304 1723 3374 quia

139 3399 358 3470 primus
386 3408 499 3456 erat
524 3417 538 3455 :
567 3407 623 3456 et
654 3400 778 3471 quia
806 3400 921 3454 erat
946 3396 1236 3463 secundus,
1268 3396 1466 3453 mansit
1496 3397 1720 3466 primus.

140 3490 347 3549 Scitote
371 3492 525 3561 enim,
556 3491 799 3563 quoniam
825 3500 871 3546 et
900 3500 1071 3561 postea
1094 3491 1299 3561 cupiens
1326 3487 1625 3543 Itwreditare
1644 3484 1727 3542 be-

140 3582 506 3655 nedictionem,
534 3583 828 3655 reprobatus
872 3594 964 3639 est.
998 3581 1259 3651 Subaudi,
1305 3597 1336 3636 a
1372 3580 1505 3639 Deo.
1536 3579 1728 3636 Narrat

143 3674 375 3733 historia
420 3674 641 3731 Genesis
683 3674 824 3746 quod
863 3674 1002 3731 Esau
1051 3681 1333 3731 revertens
1362 3673 1429 3728 de
1475 3686 1625 3743 agro,
1669 3680 1730 3727 ιιι

144 3767 413 3837 comperit
444 3776 773 3837 praeventum
811 3782 872 3824 se
907 3782 938 3823 a
978 3765 1145 3822 fratre
1191 3764 1257 3821 ad
1301 3762 1728 3821 benedictionem

147 3858 342 3930 patris,
370 3858 505 3914 dixit
532 3874 652 3915 eum
683 3859 939 3931 laerymis
960 3867 1016 3915 et
1044 3860 1282 3914 clamore
1320 3871 1551 3927 magno:
1590 3854 1727 3911 Num

148 3960 319 4007 unam
350 3958 553 4006 tantum
583 3950 1010 4007 benedictionem
1041 3949 1227 4015 habes,
1276 3946 1464 4019 pater?
1505 3946 1735 4004 benedic

147 4043 321 4099 etiam
345 4050 400 4097 et
429 4042 580 4097 mihi.
611 4041 709 4098 Cui
732 4042 879 4098 Isaac
906 4059 918 4093 :
946 4041 1230 4096 Dominum
1260 4049 1405 4095 tuum
1434 4040 1582 4094 illum
1608 4054 1738 4095 con-

154 4130 346 4199 stitui;
381 4143 435 4188 et
460 4132 582 4204 tibi,
613 4131 685 4188 fili
713 4131 808 4199 mi,
840 4130 982 4187 ultra
1007 4130 1134 4201 quid
1159 4129 1344 4186 iaciam
1361 4129 1383 4182 ?
1403 4128 1639 4185 Tandem
1659 4128 1739 4184 vi-

152 4230 281 4284 ctus
312 4225 458 4281 lsaac
485 4224 812 4282 clamoribus
841 4223 1016 4291 illius,
1047 4221 1194 4280 dedit
1222 4223 1273 4279 ei
1312 4220 1741 4278 benedictionem

155 4319 217 4375 in
248 4318 446 4374 divitiis
492 4319 651 4390 hujus
694 4319 900 4385 smculi,
946 4328 999 4374 et
1056 4318 1139 4373 his
1177 4332 1297 4388 qum
1349 4325 1491 4372 terra
1543 4316 1746 4387 profert

155 4413 459 4479 abundare,
499 4411 683 4468 dicens
721 4429 734 4464 :
772 4412 830 4465 In
864 4410 1191 4481 pinguedine
1244 4417 1403 4464 terra:
1444 4417 1498 4463 et
1532 4407 1588 4461 in
1624 4422 1747 4463 rore

1826 527 2132 597 inquisisset
2182 543 2323 598 eam,
2362 529 2473 599 jam
2530 527 2597 584 ad
2652 526 2801 583 illum
2845 527 3020 587 locum
3070 528 3405 587 benedictio.

1826 620 1908 676 nis
1945 635 2051 676 non
2081 623 2253 692 potuit
2282 620 2585 693 pervenire,
2634 628 2695 676 ut
2740 621 2903 677 frater
2938 637 3086 679 suus.
3138 621 3214 677 lta
3257 623 3403 683 enim

1824 708 2081 767 debuerat
2108 711 2389 782 paenitere,
2416 712 2551 767 sicut
2572 710 2637 767 de
2662 709 2821 767 Petro
2847 700 3090 783 legimus,
3116 712 3256 783 quod
3278 730 3399 772 cum

1824 801 2110 859 Dominum
2141 813 2408 874 negasset,
2434 817 2680 873 egressus
2704 803 2845 860 foras
2869 803 3015 869 flevit
3036 806 3399 864 amarissime:

1825 894 2025 951 idcirco
2054 894 2135 951 illi
2158 896 2439 950 remissum
2465 902 2548 951 est
2569 904 2673 951 tam
2706 896 2907 967 grande
2931 908 3225 969 peccatum,
3268 915 3403 971 quo-

1824 986 1967 1065 niam
1998 987 2135 1042 sicut
2154 984 2356 1052 debuit,
2383 988 2750 1056 paenitentiam
2774 989 2899 1060 egit.
2932 988 3057 1045 Non
3075 990 3207 1046 enim
3227 1008 3399 1049 acces-

1825 1077 1963 1133 sistis
1996 1077 2065 1131 ad
2110 1079 2424 1134 tractabilem
2455 1090 2500 1135 et
2539 1082 2881 1138 accessibilem
2917 1083 3105 1157 ignem,
3150 1095 3198 1140 et
3235 1089 3399 1145 turbi-

1827 1186 1963 1238 nem,
2013 1178 2059 1224 et
2101 1170 2391 1241 caliginem,
2423 1180 2469 1226 et
2510 1175 2808 1245 procellam,
2841 1186 2886 1231 et
2930 1178 3063 1234 tuba:
3109 1196 3313 1248 sonum,
3352 1190 3403 1241 et

1830 1279 2001 1317 rorem
2026 1263 2313 1320 verborum.
2344 1264 2455 1321 Mos
2482 1276 2565 1322 est
2595 1267 2805 1324 illorum
2832 1271 2919 1339 qui
2950 1274 3403 1343 comparationem

1826 1354 2049 1427 faciunt,
2081 1364 2138 1413 ut
2177 1357 2398 1413 alteram
2442 1369 2650 1430 partem
2695 1361 2997 1432 deprimant
3048 1375 3208 1438 atque
3250 1376 3400 1427 exte-

1826 1455 2010 1514 nuent,
2041 1453 2099 1502 ut
2119 1448 2453 1505 remiterius
2479 1451 2648 1519 partis
2671 1452 2904 1508 emineat
2934 1469 2952 1509 :
2991 1455 3071 1513 sic
3099 1467 3151 1515 et
3173 1462 3403 1528 Aposto-

1827 1538 1909 1596 lus
1939 1555 2004 1596 ex
2033 1542 2433 1612 comparatione
2460 1545 2699 1615 illorum,
2741 1561 2859 1618 qua:
2888 1546 3096 1605 fuerunt
3134 1550 3191 1605 in
3220 1550 3405 1609 Veteri

1826 1629 2171 1687 Testamento
2201 1673 2218 1700 ,
2274 1644 2457 1689 nostra
2506 1635 2709 1707 majora
2771 1638 3073 1697 declararet
3127 1642 3354 1698 clariora
3382 1684 3400 1712 ,

1826 1722 2188 1777 mansuetiora
2211 1738 2444 1794 quoque,
2475 1733 2530 1781 et
2570 1726 2813 1796 meliora,
2840 1739 3000 1800 atque
3048 1733 3404 1791 admiratione

1824 1812 1985 1885 digna
2001 1833 2014 1869 :
2030 1813 2158 1871 facit
2180 1817 2321 1872 enim
2355 1832 2494 1872 nunc
2515 1816 2871 1875 differentiam
2895 1822 3032 1880 inter
3052 1822 3327 1882 Christum
3346 1836 3402 1881 et

1825 1903 2067 1976 Moysen,
2116 1906 2256 1962 inter
2300 1907 2470 1980 legem
2519 1918 2571 1966 et
2626 1909 2991 1982 Evangelium,
3045 1913 3184 1971 inter
3208 1917 3405 1974 emittm

1824 2005 1881 2053 et
1924 2008 2157 2055 montem
2205 2000 2354 2068 Sina,
2406 2000 2547 2058 inter
2588 2006 2955 2073 aspersionem
3001 2010 3276 2079 sanguinis
3324 2010 3405 2067 le-

1827 2088 1985 2162 galis,
2036 2102 2091 2149 et
2144 2093 2579 2150 emundationem
2626 2097 2904 2168 sanguinis
2957 2097 3153 2155 Christi
3192 2118 3205 2153 :
3238 2102 3405 2157 multo

1826 2180 1967 2240 enim
1995 2185 2215 2242 meliora
2246 2197 2369 2243 sunt
2394 2188 2518 2255 ista,
2553 2204 2713 2259 quam
2757 2188 2985 2247 fuissent
3009 2191 3097 2248 illa
3129 2209 3145 2249 :
3172 2192 3243 2248 ibi
3263 2194 3405 2249 enim

1828 2277 2017 2333 umbra
2044 2280 2431 2349 requiescebat,
2459 2281 2548 2337 hic
2589 2283 2786 2339 veritas
2818 2292 3028 2343 tenetur
3060 2295 3113 2340 et
3137 2285 3404 2355 panditur.

1828 2360 1944 2424 Non
1975 2371 2117 2425 enim
2148 2372 2454 2429 accessistis
2482 2374 2550 2429 ad
2577 2374 2908 2431 tractabilem
2945 2385 3000 2432 et
3043 2378 3407 2435 accessibilem

1826 2462 2027 2533 ignem,
2058 2462 2109 2518 id
2137 2472 2239 2531 est,
2270 2479 2376 2520 non
2405 2466 2706 2522 accessistis
2734 2467 2804 2525 ad
2832 2468 3044 2525 visibile
3067 2480 3122 2527 et
3147 2471 3411 2541 palpabile

1826 2553 2011 2611 lumen
2040 2556 2200 2626 ignis,
2224 2558 2365 2629 quod
2391 2558 2505 2614 visu
2528 2573 2789 2630 corporeo
2812 2562 3026 2619 tractari
3054 2565 3249 2633 possit,
3272 2564 3411 2621 sicut

1828 2645 1898 2703 de
1921 2649 2089 2704 veteri
2116 2647 2338 2706 Iudaico
2363 2650 2561 2720 populo
2584 2651 2842 2723 legimus;
2870 2653 2965 2711 sed
2990 2654 3059 2710 ad
3086 2654 3411 2712 mvisibilem

1828 2750 1881 2799 et
1924 2744 2520 2813 incomprehensibilem
2564 2746 2754 2804 Deum.
2802 2748 2927 2806 llaec
2971 2752 3025 2805 in
3069 2751 3199 2807 Sina
3228 2761 3410 2809 monte

1830 2833 1965 2891 facta
2007 2836 2335 2906 referuntur,
2383 2839 2596 2910 quando
2625 2840 2748 2896 data
2779 2848 2863 2899 est
2906 2841 3017 2912 lex,
3045 2843 3209 2915 ignis,
3256 2845 3411 2903 turbo

1826 2929 2078 2986 videlicet
2095 2939 2150 2986 et
2170 2930 2365 3002 caligo,
2388 2932 2643 3004 procella,
2669 2936 2810 2992 tubis
2827 2949 2994 2993 sonus
3014 2945 3070 2992 et
3094 2951 3197 2994 vox
3220 2938 3414 2995 verbo-

1829 3036 1972 3077 rum.
2002 3023 2156 3078 Visus
2173 3033 2274 3091 est,
2299 3024 2491 3096 inquit,
2512 3027 2771 3084 Dominus
2787 3028 2844 3087 in
2862 3039 3047 3087 monte
3067 3032 3217 3089 Sina.
3232 3032 3415 3088 Turbo

1833 3123 1914 3169 est
1939 3121 2129 3169 ventus
2153 3116 2383 3184 validus,
2409 3117 2662 3176 auferens
2681 3120 2933 3189 stipulas,
2955 3131 3012 3177 et
3031 3122 3236 3178 leviora
3266 3139 3415 3193 qure-

1833 3221 1938 3276 que
1984 3207 2203 3279 pulvere
2245 3216 2402 3264 terrte
2443 3210 2746 3269 involvens.
2792 3213 3112 3283 Plerumque
3150 3217 3311 3272 etiam
3351 3231 3415 3272 ea

1830 3299 1973 3356 tollit
1994 3315 2114 3371 qum
2140 3300 2385 3372 graviora
2414 3313 2561 3359 sunt.
2594 3303 2777 3377 Caligo
2795 3314 2881 3363 est
2905 3308 3259 3366 tenebrositas
3286 3309 3417 3367 fumi

1831 3403 1886 3451 et
1914 3394 2073 3465 ignis.
2098 3394 2340 3452 Procclla
2362 3405 2445 3455 est
2468 3407 2758 3468 tempestas
2783 3408 2839 3457 et
2873 3400 3069 3472 pluvia.
3092 3401 3257 3460 Facta
3290 3416 3417 3463 sunt

1832 3494 2012 3542 autem
2041 3486 2162 3555 ista,
2195 3488 2406 3559 quando
2436 3489 2523 3545 lex
2550 3490 2800 3563 dabatur,
2833 3500 2891 3549 ut
2917 3492 3083 3551 corda
3109 3494 3415 3552 Judaeorutv

1834 3594 2002 3650 prona
2034 3581 2101 3636 ad
2132 3583 2460 3651 peccandum
2490 3595 2926 3657 concuterentur,
2953 3603 3022 3645 ne
3053 3590 3220 3659 ipsam
3243 3591 3417 3661 legem

1837 3672 2093 3729 auderent
2122 3675 2442 3746 transgredi.
2471 3675 2625 3733 Unde
2651 3688 2704 3733 et
2732 3686 3068 3737 terraemotus
3097 3682 3301 3737 exstitit
3323 3683 3416 3750 ibi,

1838 3777 1897 3822 ut
1928 3766 2027 3837 ipsi
2065 3782 2129 3823 ex
2163 3777 2272 3823 toto
2317 3778 2521 3826 terrore
2563 3770 2814 3841 perculsi,
2848 3773 2913 3827 ad
2955 3773 3120 3828 Deum
3161 3777 3422 3831 caelorum

1841 3858 2147 3930 cenfugium
2174 3860 2445 3928 facerent;
2474 3863 2715 3919 tenebrae
2741 3872 2942 3933 autem,
2972 3865 3088 3923 sive
3107 3866 3298 3938 caligo,
3329 3868 3427 3923 ob-

1842 3952 2153 4009 scuritatem
2181 3953 2347 4024 ipsius
2369 3953 2500 4026 legis
2535 3956 2800 4027 designat.
2830 3957 3010 4015 Turbo
3041 3959 3155 4016 sive
3183 3974 3429 4016 commo-

1846 4046 1924 4101 tio
1948 4055 2225 4102 ventorum
2273 4048 2741 4106 comminationem
2762 4050 2929 4121 ipsius
2954 4043 3088 4123 lQis
3109 4069 3228 4122 qua:
3255 4053 3387 4111 dicit
3412 4073 3426 4109 ε

1848 4134 1905 4193 Si
1936 4136 2054 4207 quis
2086 4137 2188 4193 hoc
2235 4138 2319 4195 vel
2346 4140 2474 4195 illud
2504 4140 2711 4208 fecerit,
2742 4141 3040 4197 occidatur.
3069 4141 3309 4199 Procella
3335 4160 3433 4200 au-

1850 4234 1960 4285 tem
1990 4231 2159 4299 ipsam
2191 4230 2498 4285 vindictam.
2530 4230 2696 4287 Tuba:
2722 4233 2948 4298 sonitus,
2986 4233 3324 4302 praesentiam
3378 4243 3431 4289 et

1854 4321 2145 4375 adventum
2185 4320 2281 4376 Dei
2324 4322 2728 4390 omnipotentis.
2776 4322 2926 4377 Unde
2970 4322 3114 4379 idem
3158 4325 3433 4394 apestolus

1857 4407 1989 4463 alias
2009 4407 2139 4463 dicit
2163 4424 2178 4464 :
2205 4408 2261 4463 ln
2279 4409 2454 4478 jussu,
2480 4418 2533 4463 et
2554 4410 2607 4464 in
2630 4424 2759 4465 voce
2782 4411 3109 4484 archangeli,
3141 4422 3196 4470 et
3224 4414 3279 4468 in
3309 4416 3435 4472 tuba

159 4506 291 4561 cmti
320 4505 571 4570 desuper,
606 4504 707 4557 erit
726 4502 1027 4556 benedictio
1056 4510 1164 4556 tua.
1197 4503 1433 4571 Apparet
1459 4514 1605 4571 ergo,
1624 4499 1747 4571 quia
1780 4529 1834 4590 D
1863 4497 1956 4554 Dei
1986 4497 2275 4555 descendet
2303 4499 2369 4555 de
2398 4499 2555 4557 coelo.
2580 4500 2681 4557 Per
2711 4502 2891 4559 tubam
2920 4514 3100 4561 autem
3123 4506 3439 4577 intelligitur

165 4610 293 4652 cum
336 4594 594 4649 voluisset
642 4593 963 4649 itzrreditare
1010 4601 1064 4648 et
1094 4591 1521 4648 benedictionem
1572 4599 1750 4663 pater-

170 4700 324 4754 nam,
347 4686 660 4757 dignitatem
684 4683 932 4742 videlicet
958 4686 1269 4754 sacerdotii,
1299 4686 1558 4756 recipere,
1591 4700 1749 4756 quam

163 4779 278 4852 jam
311 4776 579 4845 amiserat,
610 4792 708 4833 nec
737 4794 839 4833 non
866 4788 919 4834 et
941 4779 1275 4834 sanctitatem
1308 4778 1476 4847 patris
1497 4792 1619 4834 cum
1642 4777 1751 4847 spi-

169 4873 278 4929 ritu
311 4870 624 4943 prophetiae,
658 4873 890 4941 peccatis
921 4872 1351 4943 impedientibus,
1386 4872 1451 4926 ad
1484 4871 1584 4926 hoc
1625 4885 1749 4941 per-

171 4967 363 5021 ductus
404 4972 485 5020 est
514 4970 571 5020 ut
601 4963 981 5033 reprobaretur
1018 4979 1049 5019 a
1096 4965 1207 5021 Deo
1251 4974 1304 5021 et
1334 4963 1674 5019 fraudaretur
1718 4978 1750 5019 a

170 5059 339 5115 fratre
367 5058 740 5116 benedictione
766 5069 1008 5130 paterna,
1044 5059 1185 5116 unde
1212 5066 1267 5115 et
1308 5058 1548 5129 sequitur
1575 5074 1591 5113 :
1626 5055 1751 5112 Non

169 5152 307 5205 enim
323 5151 509 5207 invenit
534 5152 836 5223 poenitentia:
857 5152 1049 5223 locum,
1065 5167 1355 5224 quanquam
1376 5168 1491 5206 cum
1514 5150 1751 5222 lacrymt's

172 5244 463 5314 ittqttisissel
490 5245 806 5313 eam.Quare
834 5259 939 5300 non
968 5245 1170 5300 invenit
1192 5241 1522 5316 poenitentiae
1550 5242 1752 5310 locum,

172 5332 226 5391 id
256 5342 339 5390 est
368 5337 573 5391 veniam
604 5352 697 5407 per
728 5336 1114 5405 paenitentiam,
1160 5351 1319 5407 quam
1349 5350 1473 5391 cum
1502 5333 1755 5408 lacrymis

172 5432 466 5501 qttzcsivit‘l
513 5432 645 5499 Quia
690 5447 798 5488 non
847 5431 919 5487 ita
971 5429 1217 5501 qumsivit
1288 5438 1345 5486 ut
1397 5428 1629 5485 debuit:
1668 5427 1755 5485 la-

172 5539 376 5597 crymte
442 5525 586 5581 enim
665 5523 770 5580 illa:
841 5523 1223 5597 indignationis
1292 5522 1506 5579 fuerunt
1576 5521 1757 5593 potius

173 5618 358 5675 amissi
412 5619 630 5675 honoris
684 5627 739 5675 et
776 5621 1018 5675 rancoris
1072 5627 1259 5675 contra
1316 5616 1556 5685 fratrem,
1598 5630 1757 5685 quam

176 5712 495 5769 humilitatis
540 5728 789 5784 veraeque
843 5714 1171 5785 poenitentiae
1218 5729 1232 5764 :
1273 5711 1415 5768 unde
1464 5719 1516 5766 et
1566 5710 1754 5767 dixit:

175 5804 408 5867 Veniant
436 5806 552 5867 dies
602 5804 773 5867 luctus
808 5807 978 5880 patris
1023 5807 1149 5875 mei,
1207 5813 1262 5865 et
1311 5804 1548 5865 occidam
1593 5802 1758 5861 Jacob

1856 4591 1973 4662 ipsa
2006 4606 2109 4646 vox
2147 4591 2488 4661 angelorum;
2522 4607 2627 4647 non
2667 4594 2811 4651 enim
2854 4605 2937 4653 est
2968 4599 3262 4667 putandum
3293 4601 3439 4671 quod

1856 4697 2028 4752 aenea,
2060 4692 2151 4739 aut
2189 4698 2384 4739 cornea
2429 4684 2551 4739 tuba
2584 4684 2678 4741 Dei
2705 4688 2879 4759 angeli
2905 4688 3289 4760 increpuerint.
3322 4691 3434 4750 V’oa

1854 4791 2065 4848 quoque
2090 4775 2375 4835 verborum
2409 4794 2515 4835 non
2545 4779 2711 4851 ipsius
2739 4782 3121 4852 omnipotentis
3152 4782 3247 4840 Dei
3276 4783 3427 4840 intel‘

1857 4870 2057 4941 ligitur,
2088 4871 2181 4928 sed
2213 4873 2521 4943 angelorum
2553 4890 2567 4926 :
2601 4889 2697 4943 per
2726 4873 3023 4945 subjectam
3052 4874 3195 4931 enim
3222 4885 3437 4933 creatu-

1856 4976 1993 5029 ram,
2021 4960 2076 5017 id
2099 4972 2180 5020 est
2204 4978 2297 5033 per
2318 4964 2565 5034 angelum
2587 4963 2906 5036 loquebatur
2927 4964 3067 5023 Deus
3087 4966 3154 5021 ad
3176 4965 3393 5037 Moysen
3422 4984 3436 5019 :

1859 5071 1984 5113 nam
2012 5056 2153 5127 quod
2192 5072 2298 5112 non
2338 5065 2483 5112 esset
2524 5072 2630 5114 vox
2672 5059 2791 5125 Dei,
2824 5058 3081 5115 Dominus
3108 5059 3443 5116 demonstrat

1859 5148 1913 5204 in
1946 5147 2254 5220 Evangelio,
2297 5144 2522 5219 loquens
2550 5148 2749 5206 Judaeis
2800 5165 2815 5205 :
2860 5148 3043 5219 Neque
3089 5163 3277 5205 vocem
3324 5149 3441 5219 ejus

1860 5241 2105 5312 audistis,
2129 5256 2299 5313 neque
2321 5243 2557 5313 speciem
2577 5242 2695 5315 ejus
2718 5242 2947 5297 vidistis.
2968 5241 3037 5299 Et
3063 5242 3206 5313 quod
3233 5242 3442 5314 Moyses

1862 5350 1983 5392 cum
2013 5335 2227 5407 angelo,
2260 5349 2366 5391 non
2395 5350 2515 5392 cum
2552 5334 2777 5392 Domino
2806 5333 2969 5394 fuerit
2993 5336 3224 5407 loeutus,
3255 5345 3443 5394 osten-

1860 5427 1940 5485 dit
1966 5428 2154 5485 beatus
2181 5428 2485 5498 Stephanus
2515 5428 2569 5482 in
2600 5427 2861 5487 concione
2885 5443 3013 5496 sua,
3054 5443 3216 5498 quam
3256 5428 3445 5484 habuit

1861 5537 1982 5578 cum
2018 5521 2220 5579 Judaois
2264 5537 2279 5577 :
2330 5522 2443 5577 lloc
2487 5527 2597 5589 est,
2629 5521 2911 5591 inquiens,
2941 5521 3177 5594 Moyses,
3222 5524 3312 5593 qui
3343 5523 3447 5580 fuit

1861 5628 1982 5669 cum
2012 5612 2223 5683 angelo,
2254 5611 2345 5683 qui
2378 5612 2693 5684 loquebatur
2719 5612 2769 5668 ei
2797 5612 2851 5667 in
2880 5621 3066 5672 monte
3090 5612 3238 5671 Sina.
3268 5613 3435 5670 Evan-

1862 5706 2057 5778 gelium
2080 5715 2258 5762 autem
2282 5721 2389 5761 non
2414 5704 2514 5761 fuit
2538 5704 2723 5761 datum
2743 5704 2797 5761 in
2827 5714 3086 5776 tremore,
3117 5720 3297 5779 neque
3321 5721 3444 5764 cum

1862 5796 2297 5865 comminatione,
2327 5798 2417 5857 sed
2448 5797 2640 5869 allecto
2667 5806 2893 5871 paterno
2918 5799 3128 5863 locum
3150 5807 3240 5861 est
3264 5799 3445 5860 Domi-
