3968 6354
525 374 647 448 783'

1610 378 1908 439 PRIMASll
1947 372 2399 439 ADRllMETANI
2437 382 2646 441 EPlSC.

3740 375 3843 432 73$

526 526 631 567 nus
656 508 903 567 ﬁdelibus
928 515 1183 580 tanquam
1209 492 1334 563 ﬁliis
1365 522 1379 560 :
1410 519 1533 560 nam
1558 505 1853 561 ascendens
1878 505 1930 560 in
1953 519 2104 558 mon-
2134 511 2188 570 Α
2210 513 2315 572 est,
2349 504 2600 573 quoniam
2628 505 2768 561 sicut
2793 502 3002 575 Moyses
3030 497 3291 557 mediator
3328 496 3442 556 fuit
3474 497 3651 555 inter
3679 494 3846 558 Deum

530 613 664 671 tem,
696 602 910 673 quando
939 602 1078 658 inter
1105 609 1300 658 caetera
1329 608 1597 670 praecepta
1625 598 1749 653 vita:
1781 607 1903 653 octo
1940 597 2111 652 beati-

530 696 744 751 tudines
772 695 853 751 eis
884 694 1118 765 protulit,
1150 707 1259 748 non
1286 698 1610 762 paruerunt,
1643 706 1816 760 neque
1845 690 1959 745 visa
1986 696 2114 744 sunt

532 790 687 858 signa
722 788 915 859 quibus
955 794 1303 851 terrerentur,
1335 784 1473 841 sicut
1503 783 1719 854 quando
1750 784 1833 837 lex
1862 783 1986 837 data
2009 789 2110 837 est.

530 878 807 950 Sequitur.
852 878 1037 943 Quam.
1071 876 1307 932 Subaudi
1346 890 1534 932 vocem
1580 876 1830 931 tubarum
1859 882 1913 929 et
1941 888 2103 943 ange-

532 971 729 1031 lorum,
763 969 862 1035 Qui
892 968 1168 1022 audierunt
1214 975 1577 1023 excusaverunt
1616 983 1699 1032 se,
1746 982 1809 1020 ne
1851 966 1921 1021 eis
1968 965 2111 1034 ﬁeret

530 1062 758 1119 uerbum.
790 1059 901 1115 Hoc
929 1067 1031 1129 est,
1063 1075 1131 1117 ne
1160 1061 1237 1116 eis
1266 1061 1594 1132 loqueretur.
1628 1058 1748 1112 Non
1778 1059 1913 1113 enim
1940 1066 2113 1127 porta-

533 1154 653 1207 bant
679 1152 815 1222 quod
842 1151 1124 1206 dicebatur.
1154 1150 1237 1208 Ad
1279 1165 1394 1219 eos,
1436 1151 1539 1207 hoc
1569 1156 1684 1217 est,
1715 1164 1822 1205 non
1868 1155 2113 1218 poterant

530 1244 679 1299 ferre
720 1257 909 1299 vocem
956 1243 1131 1313 angeli
1178 1258 1287 1313 pro:
1328 1243 1545 1310 timore,
1591 1240 1731 1296 unde
1773 1246 1828 1295 et
1869 1239 2120 1295 dixerunt

532 1335 703 1406 Moysi
733 1351 748 1389 :
778 1335 1021 1405 Loquere
1050 1346 1108 1391 tu
1131 1334 1307 1402 nobis,
1340 1349 1447 1390 non
1483 1334 1733 1401 loquatur
1759 1329 1919 1386 nobis
1938 1327 2120 1384 Domi-

534 1442 659 1493 nus,
691 1441 759 1483 ne
787 1426 927 1483 forte
953 1426 1280 1491 moriamur;
1316 1423 1487 1480 nimio
1518 1422 1660 1479 enim
1690 1422 1881 1477 timore
1912 1419 2122 1475 fuerant

534 1520 789 1591 perculsi,
820 1519 1064 1577 videntes
1097 1528 1265 1575 totum
1296 1525 1532 1574 montem
1566 1516 1697 1574 Sina
1728 1496 1962 1579 fdmare,
1996 1530 2118 1581 pro-

536 1612 702 1669 cellas
740 1626 955 1683 quoque
982 1619 1037 1669 et
1061 1611 1317 1677 tonitrua,
1361 1620 1415 1665 et
1458 1623 1616 1664 voces
1659 1607 1927 1663 tubarum.
1971 1603 2037 1658 Et
2076 1603 2122 1657 si

540 1707 698 1763 bestia
726 1709 943 1779 tetigerit
966 1716 1204 1776 montem,
1232 1704 1560 1775 lapidabitur.
1595 1699 1918 1758 Subauditur
1936 1696 2123 1767 lapidi-

538 1798 640 1855 bus
659 1799 932 1870 grandinis
952 1798 1161 1855 coalitus
1181 1796 1390 1861 missis;
1415 1794 1491 1849 sic
1514 1793 1653 1848 enim
1676 1797 2002 1861 praeceperat
2020 1787 2149 1843 Do-.

542 1891 721 1947 minus
752 1908 763 1943 :
790 1890 972 1961 Longe
993 1904 1051 1945 se
1071 1887 1267 1945 faciant
1286 1886 1377 1941 ﬁlii
1404 1884 1569 1941 Israel
1589 1900 1618 1939 a
1646 1892 1848 1949 monte,
1876 1879 2121 1951 quoniam

542 1986 590 2039 si
622 1984 781 2039 homo
820 1990 911 2038 aut
948 1983 1128 2053 aliqua
1153 1981 1325 2037 bestia
1353 1978 1637 2034 accesserit
1661 1977 1729 2031 ad
1756 1983 2013 2041 montem,
2042 1973 2123 2026 la~

544 2078 756 2150 pidibus
799 2076 1069 2148 grandinis
1105 2074 1475 2131 interﬁcietur.
1509 2071 1578 2127 Et
1614 2073 1687 2127 ita
1730 2068 1950 2125 terribile
1991 2074 2123 2137 erat,

544 2172 683 2244 quod
702 2171 986 2227 videbatur.
1009 2169 1359 2235 Subauditur,
1378 2177 1433 2223 ut
1449 2182 1621 2237 neque
1642 2165 1899 2221 auderent
1919 2161 2123 2227 audire,

546 2280 720 2335 neque
741 2264 996 2320 accedere
1016 2262 1084 2317 ad
1108 2272 1365 2317 montem.
1390 2261 1594 2330 Moyses
1617 2258 1747 2312 cnim
1769 2257 1917 2320 dixit,
1944 2253 2125 2307 Exter-

545 2357 675 2411 ritus
700 2372 835 2422 sum,
874 2362 920 2408 et
951 2352 1330 2407 tremebundus.
1366 2350 1426 2407 Si
1462 2350 1672 2418 Moyses
1701 2345 1987 2403 exterritus
2011 2352 2129 2411 est,

546 2446 676 2516 quid
702 2444 988 2500 dicendum
1016 2442 1084 2499 de
1108 2442 1272 2497 aliis?
1302 2440 1410 2497 Sed
1431 2439 1710 2494 accessistis
1734 2438 1803 2491 ad
1834 2437 1962 2492 Sion
1988 2452 2133 2491 mon-

552 2545 674 2601 tem,
703 2544 749 2589 et
778 2536 1028 2589 civitatem
1052 2532 1150 2588 Dei
1175 2533 1382 2588 viventis
1408 2531 1738 2586 Hierusalem
1761 2530 2026 2585 ctelestcm.
2052 2528 2134 2584 Ex

549 2624 911 2694 superioribus
949 2625 1048 2680 ista
1090 2623 1343 2693 pendent,
1373 2623 1463 2678 ubi
1494 2621 1694 2678 dictum
1724 2628 1807 2677 est
1847 2638 1861 2673 :
1893 2619 2011 2675 Non
2040 2633 2134 2675 ac-

550 2716 791 2773 cessistis
812 2716 880 2773 ad
908 2717 1239 2774 tractabilem
1263 2726 1317 2773 et
1342 2716 1705 2773 accessibilem
1736 2714 1911 2787 ignem
1936 2713 2134 2770 montis

550 2808 720 2876 Sinai,
750 2809 847 2865 sed
886 2810 1185 2867 accessistis
1223 2808 1292 2865 ad
1331 2808 1459 2865 Sion
1499 2816 1754 2865 montem.
1796 2807 2003 2862 Cmtera
2039 2819 2134 2876 per

549 2912 733 2972 partes
748 2903 859 2972 jam
882 2903 1023 2960 dicta
1048 2911 1192 2959 sunt.
1218 2902 1323 2959 Per
1346 2901 1475 2958 Sion
1506 2913 1706 2968 autem,
1729 2916 1847 2972 quae
1872 2900 2136 2970 interpre-

551 3002 696 3049 tatur
714 2994 1030 3063 speculatio,
1056 3001 1113 3048 et
1138 3008 1235 3063 per
1264 2993 1620 3062 Hierusalem,
1644 3008 1763 3063 quae
1786 2993 1977 3049 dicitur
1997 2994 2136 3049 visio

550 3084 724 3156 pacis,
758 3086 869 3140 vult
899 3085 1123 3156 intelligi
1154 3086 1427 3143 ccelestem
1459 3086 1703 3156 patriam,
1733 3086 2027 3142 Ecclesiam
2056 3085 2136 3140 vi-

551 3177 746 3234 delicet
773 3192 1083 3249 supernam,
1114 3192 1234 3248 quae
1263 3187 1472 3233 constat
1499 3193 1563 3234 ex
1592 3179 1794 3251 angelis
1824 3186 1880 3236 et
1908 3176 2137 3239 homini-

551 3268 655 3327 bus
690 3270 871 3343 iustis,
897 3270 965 3330 ad
992 3285 1153 3345 quam
1183 3270 1453 3332 acceditur
1483 3276 1589 3331 ﬁde
1617 3285 1672 3332 et
1715 3276 2003 3333 desiderio.
2037 3276 2139 3331 Ac-

553 3377 794 3433 cessistis
815 3417 830 3443 ,
858 3376 1058 3447 inquit,
1085 3376 1152 3432 ad
1177 3375 1309 3433 Sion
1335 3385 1571 3433 montem
1591 3417 1607 3445 ,
1640 3377 1741 3434 hoc
1767 3386 1881 3445 est,
1917 3377 1984 3434 ad
2012 3378 2141 3434 civi-

554 3476 721 3525 tatem
763 3468 861 3525 Dei
908 3469 1138 3526 viventis
1187 3485 1205 3524 :
1254 3468 1585 3525 Hierusalem
1629 3470 1904 3527 cmlestem
1933 3469 2041 3526 ﬁde
2086 3478 2141 3526 et

554 3562 845 3620 desiderio.
874 3562 940 3618 Et
966 3562 1289 3619 accessistis.
1322 3562 1404 3617 Ad
1433 3564 1795 3634 frequentiam.
1828 3562 1951 3619 Sive
1995 3563 2137 3618 mul-

555 3656 862 3713 titudinem.
908 3656 1195 3711 Multorum
1233 3655 1457 3709 millium
1485 3656 1806 3725 angelorum.
1837 3654 2141 3712 Cousociati

556 3746 667 3803 illis
689 3748 748 3802 in
774 3746 898 3809 ﬁde,
929 3746 1274 3802 consociandi
1302 3746 1493 3801 iterum
1517 3746 1571 3801 in
1594 3745 1780 3815 gloria.
1809 3746 1967 3801 Juxta
1996 3746 2139 3823 quod

558 3840 819 3897 Dominus
841 3840 969 3895 dicit
992 3860 1006 3895 ;
1030 3841 1203 3897 Erunt
1224 3840 1381 3898 electi
1400 3842 1539 3897 sicut
1559 3843 1733 3912 angeli
1758 3843 1872 3899 Deo
1894 3844 1947 3899 in
1977 3846 2137 3901 coelo.

559 3929 631 3986 Et
672 3928 997 3986 accessistis.
1025 3932 1105 3986 Ad
1155 3925 1443 3989 Ecclesium
1478 3933 1880 4002 primitivorum,
1910 3941 1993 4006 qui
2021 3952 2143 3991 con-

559 4023 743 4094 scripti
762 4033 881 4077 sunt
900 4024 954 4077 in
979 4024 1136 4096 cmlis.
1161 4025 1455 4081 Ecclesiam
1477 4026 1866 4096 primitivorum
1888 4028 2143 4086 debemus

562 4113 810 4184 accipere
837 4115 890 4169 in
914 4092 1188 4186 apostolis,
1220 4118 1307 4187 qui
1337 4118 1494 4187 primi
1522 4118 1884 4189 crediderunt,
1915 4135 2143 4191 quorum

562 4204 671 4262 ﬁde
707 4205 788 4261 illi
829 4207 1067 4278 adjunoti
1106 4217 1233 4265 sunt
1262 4210 1559 4279 credendo,
1588 4220 1640 4266 et
1670 4226 1895 4281 quorum
1926 4211 2142 4266 nomina

560 4299 762 4369 scripta
806 4308 933 4357 sunt
980 4301 1034 4356 in
1081 4304 1338 4358 memoria
1379 4304 1759 4373 omnipotentis
1804 4305 1895 4359 Dei
1940 4320 1953 4357 :
1992 4302 2141 4371 juxta

565 4402 709 4473 quod
750 4402 864 4472 ipsa
894 4400 1103 4459 Veritas
1147 4403 1227 4459 eis
1270 4404 1439 4473 dixit,
1471 4403 1727 4470 Gaudete,
1758 4403 1899 4473 quod
1928 4403 2143 4458 nomina

564 4504 745 4547 vestra
765 4493 960 4561 scripta
982 4500 1106 4549 sunt
1128 4495 1185 4548 in
1210 4497 1383 4551 caelis.
1408 4494 1496 4549 Et.
1526 4495 1844 4550 Accessistis
1866 4493 1930 4549 ad
1961 4493 2142 4549 Domi-

2215 606 2270 654 et
2298 598 2573 668 populum,
2607 596 2775 652 verba
2804 595 2899 651 Dei
2933 594 3173 651 referens
3200 594 3267 649 ad
3298 591 3599 663 populum
3630 604 3847 646 rursus-

2215 706 2318 762 que
2345 691 2524 761 populi
2553 690 2619 745 ad
2653 691 2815 746 Deum
2844 689 3137 744 secundum
3161 687 3302 758 quod
3329 687 3464 757 ipse
3499 682 3660 739 dicit
3696 699 3715 738 :
3740 682 3844 755 Ego

2217 792 2493 851 sequester
2521 790 2699 837 vester
2726 791 2783 837 et
2811 781 3018 836 medius
3046 780 3185 835 inter
3226 779 3395 837 Deum
3431 788 3504 834 et
3535 790 3675 844 vos,
3699 776 3776 833 ita
3795 787 3842 833 et

2219 872 2473 929 Dominus
2488 872 2644 929 Jesus
2667 872 2827 928 verba
2849 871 2947 928 Dei
2968 870 3139 926 Patris
3160 869 3343 927 retulit
3361 868 3582 935 nobis,
3605 876 3669 924 et
3689 865 3839 924 modo

2219 976 2402 1023 nostra
2423 965 2586 1021 refert
2606 965 2672 1020 ad
2699 965 2869 1032 illum,
2892 963 3236 1034 interpellans
3256 962 3495 1019 assidue
3524 976 3641 1033 pro
3670 959 3835 1027 nobis,

2217 1054 2485 1124 simulque
2529 1068 2623 1109 sua
2664 1055 2911 1123 passione
2937 1050 3272 1108 conﬁrmavit
3302 1050 3475 1108 nobis
3510 1048 3835 1105 Testamen-

2221 1155 2334 1203 tum
2357 1147 2585 1201 Novum.
2608 1145 2688 1199 Ad
2712 1146 3053 1215 aspersionem
3074 1160 3269 1215 quoque
3293 1140 3631 1213 sanguinis.
3653 1139 3833 1195 Acces

2219 1238 2387 1295 sistis.
2412 1236 2600 1305 Melius
2624 1236 2906 1306 loquentem
2932 1251 3085 1305 quam
3110 1234 3447 1290 Abel.-More
3483 1231 3641 1301 legis
3670 1245 3833 1299 asper-

2221 1333 2392 1389 sionis
2422 1332 2640 1388 nomine
2668 1329 3098 1387 emundationem
3128 1326 3330 1386 Christi
3366 1324 3691 1397 sanguinis
3726 1324 3829 1380 inti-

2226 1425 2392 1481 mavit
2424 1442 2437 1479 :
2468 1424 2718 1495 quoniam
2743 1422 3019 1479 inundatio
3044 1437 3160 1493 quae
3190 1436 3282 1492 per
3308 1419 3668 1491 sanguinem
3689 1416 3829 1473 ﬁebat

2223 1516 2465 1586 aspersio
2489 1516 2800 1571 vocabatur.
2826 1514 3186 1570 Accesserunt
3220 1527 3347 1583 ergo
3376 1511 3471 1567 illi
3509 1509 3593 1566 ad
3631 1510 3825 1580 sangui-

2227 1624 2350 1666 nem
2374 1608 2596 1679 Christi,
2630 1609 2741 1664 sive
2767 1608 3235 1675 emundationem,
3265 1608 3367 1662 hoc
3397 1612 3501 1662 est
3532 1603 3611 1659 ad
3642 1605 3823 1675 passio-

2228 1716 2353 1757 nem
2377 1701 2514 1771 ejus,
2541 1702 2792 1771 quoniam
2822 1701 2927 1757 ﬁde
2956 1700 3217 1770 passionis
3248 1698 3364 1770 ejus
3394 1696 3674 1753 mundati
3698 1706 3819 1753 sunt.

2230 1794 2458 1865 Sanguis
2485 1803 2665 1849 autem
2689 1792 2892 1849 Christi
2921 1793 3111 1849 melius
3137 1805 3297 1863 quam
3325 1789 3578 1862 sanguis
3606 1788 3739 1845 Abel
3759 1788 3821 1844 lo-

2152 1923 2202 1986 B
2231 1889 2431 1960 quitur,
2455 1888 2576 1958 quia
2599 1886 2818 1958 sanguis
2838 1887 2969 1941 Abel
2986 1886 3269 1942 vindictam
3290 1882 3817 1957 exposcebatl'ntris

2226 1997 2257 2036 a
2300 1981 2432 2050 Deo,
2476 1981 2694 2052 sanguis
2730 1996 2856 2037 vero
2885 1980 3083 2036 Christi
3124 1981 3289 2035 vitam
3331 1986 3387 2035 et
3434 1978 3816 2049 indulgentiam

2227 2074 2475 2145 implorat
2495 2076 2606 2130 suis
2630 2076 3081 2144 persecutoribus,
3105 2074 3317 2130 dicente
3342 2072 3445 2129 illo
3472 2071 3553 2127 ad
3579 2071 3811 2128 Patrem:

2230 2168 2411 2236 Pater,
2462 2169 2681 2239 ignosce
2710 2168 2837 2234 illis,
2870 2167 2993 2237 quia
3022 2166 3269 2222 nesciunt
3305 2164 3443 2236 quid
3474 2164 3708 2219 faciunt.
3738 2160 3811 2216 \‘el

2232 2272 2377 2318 certe
2402 2262 2596 2318 melius
2623 2260 2876 2331 loquitur,
2906 2260 3033 2316 dum
3064 2272 3163 2315 nos
3184 2260 3475 2330 loquentes
3501 2256 3661 2323 facit,
3690 2254 3809 2325 quod

2235 2354 2494 2412 Dominus
2522 2356 2639 2427 ipse
2664 2364 2746 2412 est
2772 2354 2938 2411 Filius
2967 2354 3064 2409 Dei
3102 2354 3241 2421 vivi,
3270 2352 3429 2423 cujus
3458 2353 3715 2423 passione
3736 2364 3807 2405 su-

2235 2464 2356 2506 mus
2384 2450 2669 2520 redempti,
2696 2460 2751 2506 et
2773 2450 3091 2520 baptismate
3113 2448 3301 2520 abluti,
3328 2457 3385 2504 et
3414 2451 3549 2520 quia
3581 2461 3677 2519 per
3696 2461 3803 2502 san-

2235 2543 2447 2614 guinem
2478 2542 2594 2614 ejus
2622 2557 2806 2598 sumus
2831 2542 3006 2601 eﬂ'ecti
3036 2542 3129 2597 ﬁlii
3151 2542 3265 2598 Dei.
3294 2541 3486 2597 Videte
3504 2558 3575 2597 ne
3593 2540 3803 2597 recusatis

2236 2632 2543 2706 loquentem.
2571 2636 2723 2703 Quod
2755 2646 2837 2691 est
2864 2635 3046 2693 dicere
3077 2652 3093 2689 :
3135 2634 3334 2691 Cavete
3358 2651 3429 2692 ne
3468 2633 3802 2692 contemmtis

2236 2726 2419 2782 Jesum
2448 2727 2750 2796 loquentem
2780 2743 2878 2799 per
2907 2728 3248 2798 Evangelium
3276 2743 3455 2794 suum,
3482 2729 3729 2799 quoniam
3755 2726 3803 2779 in

2237 2820 2461 2876 dextera
2487 2820 2583 2876 Dei
2612 2820 2784 2887 sedet,
2807 2820 3154 2877 considerans
3177 2820 3318 2891 quod
3343 2821 3702 2890 unusquisque
3718 2831 3806 2873 no-

2238 2920 2410 2968 strum
2439 2912 2569 2984 agit.
2596 2912 2661 2969 Si
2680 2913 2815 2967 enim
2836 2914 2915 2968 illi
2938 2930 3037 2967 non
3059 2912 3360 2984 effugerunt,
3382 2920 3669 2967 recusantes
3689 2926 3804 2965 eum

2237 3006 2324 3073 qui
2355 3021 2507 3076 super
2538 3014 2726 3060 (errant
2760 3005 3060 3076 loquebatur
3083 3022 3104 3061 :
3135 3006 3285 3060 multo
3308 3006 3457 3076 magis
3478 3020 3591 3071 nos,
3615 3004 3709 3072 qui
3729 3003 3797 3056 de

2238 3096 2363 3153 aeto
2394 3096 2679 3173 loquentem
2704 3096 2850 3158 nobis
2870 3098 3163 3157 avertimus.
3191 3094 3517 3162 Subauditur,
3532 3107 3649 3153 non
3668 3090 3802 3152 cliu-

2158 3227 2212 3295 c
2238 3197 2475 3265 giemus,
2508 3210 2571 3252 ac
2613 3197 2657 3251 si
2702 3196 2905 3251 diceret
2945 3211 2960 3249 :
3007 3195 3064 3251 Si
3107 3203 3286 3265 patres
3322 3191 3485 3248 vestri
3520 3189 3799 3295 vindictam

2243 3288 2627 3357 omnipotentis
2652 3286 2749 3343 Dei
2775 3301 2883 3343 non
2912 3285 3231 3357 eﬁ‘ugerunt,
3261 3285 3354 3356 qui
3382 3292 3645 3354 praecepta
3670 3280 3793 3337 illius

2243 3379 2579 3450 prmvaricati
2607 3388 2732 3434 sunt
2754 3378 3067 3435 fabricando
3094 3377 3317 3443 idolum,
3340 3392 3459 3447 qua:
3483 3390 3579 3446 per
3601 3374 3790 3444 Moysen

2244 3473 2326 3530 vel
2344 3489 2438 3543 per
2448 3474 2694 3545 angelum
2712 3474 2837 3530 data
2852 3483 2977 3530 sunt
2993 3473 3119 3540 illis,
3134 3487 3364 3543 quorum
3376 3469 3666 3540 uterqueiu
3678 3476 3787 3522 terra

2243 3567 2584 3636 loquebatur,
2613 3567 2782 3622 multo
2807 3567 2977 3638 magis
3007 3580 3105 3622 nos
3133 3580 3240 3622 non
3268 3562 3570 3634 poterimus
3599 3558 3787 3616 evadere

2242 3655 2537 3712 vindictam
2570 3656 2748 3722 illius,
2779 3654 2826 3710 si
2850 3664 3133 3726 praecepta,
3176 3669 3297 3724 qua:
3338 3668 3437 3722 per
3476 3652 3663 3708 Filium
3693 3649 3787 3702 data

2244 3756 2391 3814 sunt,
2411 3747 2921 3814 contempserimus.
2948 3746 3047 3813 Illi,
3066 3745 3254 3815 inquit,
3278 3746 3333 3800 in
3360 3756 3510 3799 terra
3532 3745 3781 3813 loquentem

2243 3838 2573 3907 audierunt,
2615 3854 2716 3893 nos
2762 3837 2832 3894 de
2878 3837 3036 3895 coelo.
3076 3838 3299 3907 Propter
3344 3838 3612 3892 unitatem
3650 3840 3787 3888 autem

2242 3942 2521 3997 personae,
2549 3944 2708 3998 quam
2755 3928 2917 3986 habet
2950 3928 3115 3984 Filius
3153 3929 3247 3984 Dei
3275 3929 3328 3983 in
3358 3928 3573 3983 duabus
3600 3924 3783 3987 naturis,

2245 4020 2438 4076 dicitur
2468 4020 2534 4077 de
2557 4022 2695 4077 coelo
2723 4021 2879 4077 nobis
2906 4022 3072 4093 loqui.
3097 4008 3153 4076 In
3179 4031 3318 4078 terra
3345 4030 3529 4077 autem
3551 4020 3783 4076 videbatur

2246 4113 2395 4184 loqui
2426 4130 2519 4185 per
2548 4115 2927 4172 humanitatem
2948 4156 2965 4184 ,
3006 4116 3101 4172 sed
3127 4125 3243 4172 erat
3271 4116 3325 4172 in
3359 4127 3506 4172 terra
3533 4125 3596 4173 et
3620 4117 3665 4170 in
3686 4109 3787 4168 σαξΙο

2247 4219 2345 4274 per
2373 4205 2706 4264 divinitatem
2736 4226 2749 4261 :
2780 4206 2919 4263 unde
2944 4208 3059 4278 ipse
3084 4207 3212 4264 dicit
3255 4226 3268 4261 :
3299 4208 3471 4264 Nemo
3499 4206 3720 4265 ascendit
3749 4205 3790 4257 in

2246 4298 2441 4353 coelum
2461 4338 2478 4367 ,
2510 4299 2615 4355 nisi
2643 4300 2731 4369 qui
2763 4300 3045 4356 descendit
3072 4300 3140 4356 de
3168 4302 3326 4367 coelo,
3359 4300 3533 4356 Filius
3581 4296 3781 4361 hominis.

2246 4390 2340 4458 qui
2372 4399 2451 4444 est
2479 4390 2532 4445 in
2563 4393 2722 4447 ctelo.
2752 4392 3007 4448 Similiter
3036 4392 3163 4449 dum
3194 4392 3548 4462 Evangelium
3584 4389 3791 4463 praedica-

2248 4490 2333 4536 tur
2379 4484 2433 4539 in
2464 4486 2644 4553 terris,
2676 4486 2791 4555 ipse
2830 4500 3041 4556 quoque
3085 4485 3154 4541 de
3192 4486 3331 4543 coelo
3377 4486 3536 4541 nobis
3582 4483 3789 4554 loquitur.

564 4597 717 4638 num.
742 4580 978 4636 Judieem
1000 4587 1221 4639 omnium
1244 4585 1429 4640 Deum.
1458 4586 1515 4641 ld
1541 4597 1623 4642 est
1648 4585 1713 4640 ad
1740 4586 2024 4641 Dominum
2052 4585 2141 4640 Je-
2168 4596 2224 4658 ι)
2248 4577 2583 4647 Quapropter
2603 4577 2898 4634 audiendus
2921 4586 3003 4634 est
3024 4580 3190 4634 multo
3215 4578 3383 4648 magis
3405 4594 3572 4649 quam
3604 4578 3790 4646 Moyses.

565 4688 713 4740 sum,
757 4672 845 4739 qui
875 4672 1001 4728 dicit
1042 4690 1056 4728 :
1100 4674 1256 4729 Pater
1294 4690 1400 4730 non
1437 4676 1637 4745 judicat
1667 4690 2015 4745 quemquam,
2048 4674 2144 4730 sed

565 4776 727 4820 omne
762 4761 1023 4833 judicium
1051 4762 1199 4818 dedit
1222 4763 1380 4819 Filio.
1409 4764 1512 4820 Per
1540 4766 1690 4819 illum
1718 4764 1860 4819 enim
1887 4764 2146 4835 iudicabit

566 4854 712 4910 Deus
753 4854 910 4910 Pater
939 4870 1046 4909 non
1074 4855 1411 4912 solummodo
1440 4856 1674 4922 Judmos,
1715 4857 1808 4911 sed
1837 4870 2024 4911 omnes
2049 4855 2145 4911 ho-

567 4945 760 5000 mines.
784 4943 872 4999 Et.
898 4947 1234 5004 Accessistis.
1260 4948 1339 5001 Ad
1363 4949 1598 5019 spiritum
1614 4950 1873 5016 juslorum
1899 4953 2147 5019 perfecto-

563 5053 699 5092 rum.
726 5034 981 5106 Spiritum
1011 5036 1368 5108 perfectorum
1404 5047 1560 5094 vocat
1588 5037 1845 5109 Spiritum
1874 5048 2139 5109 sanctum,

562 5142 663 5199 per
691 5142 850 5199 quem
888 5127 1020 5199 justi
1056 5138 1315 5184 vocantur
1344 5143 1532 5184 omnes
1562 5130 1615 5185 in
1645 5130 1964 5200 baptismate
2003 5131 2145 5185 acci-

563 5223 775 5292 pientes
806 5221 872 5275 ab
900 5221 991 5276 illo
1020 5221 1392 5276 remissionem
1419 5224 1654 5277 omnium
1687 5233 2047 5292 peccatorum.
2077 5222 2148 5277 Et

562 5314 706 5370 bene
742 5313 1121 5383 justiﬁcantur,
1148 5313 1273 5383 quia
1304 5321 1427 5366 tunc
1451 5311 1580 5383 justi
1608 5323 1886 5383 vocantur,
1920 5313 2048 5369 dum
2077 5312 2146 5368 ab

566 5403 815 5460 omnibus
855 5402 1116 5473 contagiis
1147 5402 1490 5457 mundantur.
1534 5402 1658 5458 Sive
1698 5403 1940 5473 spiritum
1970 5404 2144 5473 justo-

564 5509 688 5551 rum
714 5494 1072 5565 perlectorum
1100 5494 1228 5549 dicit
1266 5495 1470 5549 animas
1512 5503 1836 5560 sanctorum,
1868 5494 1959 5563 qui
2004 5494 2145 5563 apud

565 5584 736 5640 Deum
759 5585 1064 5655 probabiles
1084 5586 1422 5655 exstiterunt,
1446 5587 1638 5657 quibus
1664 5585 1936 5657 conjuncti
1958 5585 2061 5640 ﬁde
2091 5594 2146 5642 et

568 5675 834 5731 desiderio
865 5678 1076 5735 luerunt
1102 5680 1198 5735 illi.
1229 5680 1317 5735 Et.
1350 5681 1668 5737 Accessistis
1690 5692 1919 5749 quoque.
1944 5678 2024 5730 Ad
2049 5676 2145 5732 Jeo

567 5783 681 5822 sunt
717 5772 1045 5826 mediatorcnt
1074 5772 1378 5827 Testamenti
1405 5771 1561 5827 Novi.
1592 5770 1847 5825 Dominus
1870 5769 2024 5825 Jesus
2048 5785 2145 5840 per

566 5858 671 5917 hoc
700 5860 842 5931 quod
873 5859 1033 5921 homo
1061 5864 1262 5939 pariter
1288 5871 1342 5923 et
1369 5863 1511 5923 Deus
1538 5870 1641 5934 est,
1671 5860 1935 5920 mediator
1960 5870 2145 5920 noster

2247 4671 2517 4740 Sequitur.
2543 4670 2703 4743 Cujus
2722 4687 2818 4726 vox
2838 4673 2987 4726 movit
3009 4681 3195 4727 terram
3216 4683 3351 4727 tunc.
3378 4671 3647 4737 Subaudi,
3667 4681 3793 4739 quin-

2248 4763 2319 4819 do
2347 4764 2467 4819 data
2495 4774 2578 4820 est
2604 4764 2711 4823 lex.
2746 4766 2903 4819 Nunc
2930 4772 3103 4821 autem
3130 4766 3434 4837 repromittit
3464 4765 3643 4819 dicem
3677 4759 3795 4817 :Ad-

2247 4856 2350 4909 huc
2375 4859 2529 4912 semel
2557 4867 2604 4912 et
2630 4875 2719 4929 ego
2750 4859 2976 4925 movebo,
3006 4875 3109 4914 non
3134 4858 3299 4913 solum
3326 4859 3533 4925 terram,
3564 4858 3659 4914 sed
3683 4854 3793 4910 etiam

2248 4947 2447 5005 coelum.
2479 4948 2593 5018 lpse
2620 4950 2710 5019 qui
2740 4959 2863 5004 tunc
2885 4949 3129 5019 jussione
3151 4950 3317 5005 movit
3337 4960 3582 5006 montem
3608 4950 3796 5011 81113.6

2250 5046 2450 5093 terram
2480 5040 2535 5094 in
2568 5041 2791 5095 circuitu
2816 5040 2932 5111 ejus
2954 5082 2969 5109 ,
2999 5042 3091 5096 ubi
3121 5041 3348 5112 populus
3372 5043 3581 5110 stabat,
3627 5035 3796 5111 quando

2247 5128 2413 5201 Moysi
2441 5130 2587 5187 dedit
2613 5132 2806 5202 legem,
2832 5134 2944 5202 ipse
2971 5148 3112 5189 nunc
3136 5133 3461 5203 repromittit
3488 5148 3602 5189 non
3632 5140 3799 5205 partem

2249 5230 2406 5277 terra:
2435 5224 2751 5279 movendam
2775 5239 2805 5278 a
2832 5239 2912 5291 se,
2937 5240 3110 5295 neque
3134 5226 3307 5296 ipsam
3330 5236 3496 5281 totam
3520 5236 3715 5283 terram
3734 5234 3801 5277 soc

2248 5313 2521 5369 lummodo
2541 5356 2556 5382 ,
2589 5315 2685 5371 sed
2714 5314 2872 5372 etiam
2902 5316 3121 5372 coelum.
3152 5316 3222 5371 Et
3249 5317 3369 5373 ideo
3396 5326 3603 5386 quanto
3632 5316 3801 5385 majora

2248 5406 2368 5461 ﬁeri
2396 5407 2679 5476 promittit,
2712 5415 2858 5463 tanto
2884 5407 3052 5478 magis
3080 5409 3344 5465 timendus
3371 5419 3475 5465 est.
3506 5409 3665 5466 Licet
3686 5406 3801 5463 enim

2252 5504 2590 5555 terraemotus
2619 5498 2779 5554 luerit
2804 5499 2859 5555 in
2880 5499 3109 5557 diversis
3131 5501 3283 5567 locis,
3312 5499 3650 5571 diversisque
3670 5496 3801 5570 parti-

2248 5586 2350 5642 bus
2371 5589 2574 5657 mundi,
2607 5603 2713 5644 non
2740 5590 2837 5646 l‘uit
2860 5598 3037 5647 tantus
3063 5606 3158 5661 per
3180 5598 3349 5647 totum
3377 5592 3663 5647 mundum.
3688 5585 3803 5645 Etsi

2250 5689 2393 5735 mota
2419 5690 2499 5737 est
2538 5692 2674 5738 terra
2692 5720 2707 5747 ,
2741 5690 2920 5741 tamen
2950 5699 3058 5739 non
3085 5686 3303 5740 coelum.
3332 5684 3487 5741 Unde
3508 5685 3649 5741 bene
3671 5682 3798 5741 dicit.

2249 5771 2415 5826 semel
2440 5772 2677 5828 futurum
2700 5789 2821 5831 esse
2842 5775 2945 5831 hoc
2972 5776 3027 5830 in
3053 5775 3140 5832 die
3158 5776 3366 5845 judicii,
3392 5776 3683 5833 ostendens
3702 5771 3801 5842 quia

2170 5952 2191 5977 θ
2248 5878 2519 5935 nunquam
2548 5866 2741 5927 iterum
2765 5867 3141 5929 movebuntur.
3174 5866 3327 5928 Unde
3345 5869 3590 5941 sequitur
3625 5885 3643 5927 :
3680 5860 3802 5936 Quod
