  <div class='ocr_page' id='page_1' title='image "/cluster/home/n/w/nwhite01/storage/ocr_20150623/68/hvd.32044015469331/398.png"; bbox 0 0 3968 6354; ppageno 0'>
   <div class='ocr_carea' id='block_1_1' title="bbox 174 429 292 489">
    <p class='ocr_par' dir='ltr' id='par_1_1' title="bbox 174 429 292 489">
     <span class='ocr_line' id='line_1_1' title="bbox 174 429 292 489; baseline 0.034 -4"><span class='ocrx_word' id='word_1_1' title='bbox 174 429 292 489; x_wconf 81' lang='grc'><strong>785</strong></span> 
     </span>
    </p>
   </div>
   <div class='ocr_carea' id='block_1_2' title="bbox 1012 422 2559 494">
    <p class='ocr_par' dir='ltr' id='par_1_2' title="bbox 1012 422 2559 494">
     <span class='ocr_line' id='line_1_2' title="bbox 1012 422 2559 494; baseline 0.005 -10"><span class='ocrx_word' id='word_1_2' title='bbox 1012 427 1080 485; x_wconf 82' lang='lat' dir='ltr'><strong>IN</strong></span> <span class='ocrx_word' id='word_1_3' title='bbox 1119 424 1509 487; x_wconf 76' lang='lat' dir='ltr'><strong>EPISTOLAM</strong></span> <span class='ocrx_word' id='word_1_4' title='bbox 1544 424 1636 483; x_wconf 87' lang='lat' dir='ltr'><strong>AD</strong></span> <span class='ocrx_word' id='word_1_5' title='bbox 1673 422 2008 484; x_wconf 67' lang='lat' dir='ltr'><strong>ilEBRlEOS</strong></span> <span class='ocrx_word' id='word_1_6' title='bbox 2045 428 2559 494; x_wconf 79' lang='lat' dir='ltr'><strong>COMMENTABIA.</strong></span> 
     </span>
    </p>
   </div>
   <div class='ocr_carea' id='block_1_3' title="bbox 3332 439 3441 497">
    <p class='ocr_par' dir='ltr' id='par_1_3' title="bbox 3332 439 3441 497">
     <span class='ocr_line' id='line_1_3' title="bbox 3332 439 3441 497; baseline -0.009 0"><span class='ocrx_word' id='word_1_7' title='bbox 3332 439 3441 497; x_wconf 75' lang='lat'><strong>786</strong></span> 
     </span>
    </p>
   </div>
   <div class='ocr_carea' id='block_1_4' title="bbox 173 542 3441 626">
    <p class='ocr_par' dir='ltr' id='par_1_4' title="bbox 173 542 3441 626">
     <span class='ocr_line' id='line_1_4' title="bbox 173 542 3441 626; baseline 0.003 -23"><span class='ocrx_word' id='word_1_8' title='bbox 173 555 357 604; x_wconf 82' lang='lat' dir='ltr'><strong>autem</strong></span> <span class='ocrx_word' id='word_1_9' title='bbox 380 544 548 601; x_wconf 83' lang='lat' dir='ltr'><strong>adhuc</strong></span> <span class='ocrx_word' id='word_1_10' title='bbox 576 544 700 601; x_wconf 83' lang='lat' dir='ltr'><strong>dicit</strong></span> <span class='ocrx_word' id='word_1_11' title='bbox 728 545 903 614; x_wconf 85' lang='lat' dir='ltr'><strong>semel,</strong></span> <span class='ocrx_word' id='word_1_12' title='bbox 935 547 1157 601; x_wconf 82' lang='lat' dir='ltr'><strong>ostendit</strong></span> <span class='ocrx_word' id='word_1_13' title='bbox 1178 545 1443 600; x_wconf 75' lang='lat' dir='ltr'><strong>mobilium</strong></span> <span class='ocrx_word' id='word_1_14' title='bbox 1470 542 1764 600; x_wconf 86' lang='lat' dir='ltr'><strong>translatio-</strong></span> <span class='ocrx_word' id='word_1_15' title='bbox 1790 545 1846 608; x_wconf 74' lang='grc' dir='ltr'><strong>Α</strong></span> <span class='ocrx_word' id='word_1_16' title='bbox 1868 546 2308 618; x_wconf 76' lang='lat' dir='ltr'><strong>omnipotentem,</strong></span> <span class='ocrx_word' id='word_1_17' title='bbox 2340 558 2394 606; x_wconf 93' lang='lat' dir='ltr'><strong>et</strong></span> <span class='ocrx_word' id='word_1_18' title='bbox 2421 565 2581 606; x_wconf 88' lang='lat' dir='ltr'><strong>unam</strong></span> <span class='ocrx_word' id='word_1_19' title='bbox 2611 556 2839 609; x_wconf 78' lang='lat' dir='ltr'><strong>matrem</strong></span> <span class='ocrx_word' id='word_1_20' title='bbox 2883 551 3201 626; x_wconf 88' lang='lat' dir='ltr'><strong>Ecclesiam,</strong></span> <span class='ocrx_word' id='word_1_21' title='bbox 3235 552 3441 613; x_wconf 71' lang='lat' dir='ltr'><strong>sive‘ex</strong></span> 
     </span>
    </p>
   </div>
   <div class='ocr_carea' id='block_1_5' title="bbox 169 641 1760 710">
    <p class='ocr_par' dir='ltr' id='par_1_5' title="bbox 169 641 1760 710">
     <span class='ocr_line' id='line_1_5' title="bbox 169 641 1760 710; baseline -0.003 -15"><span class='ocrx_word' id='word_1_22' title='bbox 169 656 303 697; x_wconf 80' lang='lat' dir='ltr'><strong>rtem</strong></span> <span class='ocrx_word' id='word_1_23' title='bbox 324 649 563 710; x_wconf 77' lang='lat' dir='ltr'><strong>tanquam</strong></span> <span class='ocrx_word' id='word_1_24' title='bbox 591 642 865 709; x_wconf 75' lang='lat' dir='ltr'><strong>factorum,</strong></span> <span class='ocrx_word' id='word_1_25' title='bbox 888 647 944 693; x_wconf 85' lang='lat' dir='ltr'><strong>ut</strong></span> <span class='ocrx_word' id='word_1_26' title='bbox 966 641 1281 709; x_wconf 62' lang='lat' dir='ltr'><strong>maneantjea</strong></span> <span class='ocrx_word' id='word_1_27' title='bbox 1300 654 1415 708; x_wconf 65' lang='lat' dir='ltr'><strong>qua</strong></span> <span class='ocrx_word' id='word_1_28' title='bbox 1433 645 1550 693; x_wconf 85' lang='lat' dir='ltr'><strong>sunt</strong></span> <span class='ocrx_word' id='word_1_29' title='bbox 1577 642 1760 693; x_wconf 83' lang='lat' dir='ltr'><strong>immo-</strong></span> 
     </span>
    </p>
   </div>
   <div class='ocr_carea' id='block_1_6' title="bbox 173 732 1757 789">
    <p class='ocr_par' dir='ltr' id='par_1_6' title="bbox 173 732 1757 789">
     <span class='ocr_line' id='line_1_6' title="bbox 173 732 1757 789; baseline -0.002 -1"><span class='ocrx_word' id='word_1_30' title='bbox 173 734 331 789; x_wconf 86' lang='lat' dir='ltr'><strong>bilia.</strong></span> <span class='ocrx_word' id='word_1_31' title='bbox 353 733 457 788; x_wconf 86' lang='lat' dir='ltr'><strong>Ista</strong></span> <span class='ocrx_word' id='word_1_32' title='bbox 478 735 642 788; x_wconf 88' lang='lat' dir='ltr'><strong>motio</strong></span> <span class='ocrx_word' id='word_1_33' title='bbox 662 733 783 789; x_wconf 72' lang='grc' dir='ltr'><strong>οωιὶ</strong></span> <span class='ocrx_word' id='word_1_34' title='bbox 806 742 858 788; x_wconf 89' lang='lat' dir='ltr'><strong>et</strong></span> <span class='ocrx_word' id='word_1_35' title='bbox 882 741 1039 788; x_wconf 78' lang='lat' dir='ltr'><strong>terrae</strong></span> <span class='ocrx_word' id='word_1_36' title='bbox 1060 734 1126 788; x_wconf 88' lang='lat' dir='ltr'><strong>ad</strong></span> <span class='ocrx_word' id='word_1_37' title='bbox 1150 732 1545 787; x_wconf 89' lang='lat' dir='ltr'><strong>innovationem</strong></span> <span class='ocrx_word' id='word_1_38' title='bbox 1572 739 1626 787; x_wconf 91' lang='lat' dir='ltr'><strong>et</strong></span> <span class='ocrx_word' id='word_1_39' title='bbox 1644 744 1757 785; x_wconf 87' lang='lat' dir='ltr'><strong>me-</strong></span> 
     </span>
    </p>
   </div>
   <div class='ocr_carea' id='block_1_7' title="bbox 170 823 1756 895">
    <p class='ocr_par' dir='ltr' id='par_1_7' title="bbox 170 823 1756 895">
     <span class='ocr_line' id='line_1_7' title="bbox 170 823 1756 895; baseline -0.003 -14"><span class='ocrx_word' id='word_1_40' title='bbox 170 826 522 881; x_wconf 88' lang='lat' dir='ltr'><strong>liorationem</strong></span> <span class='ocrx_word' id='word_1_41' title='bbox 568 826 779 880; x_wconf 91' lang='lat' dir='ltr'><strong>illorum</strong></span> <span class='ocrx_word' id='word_1_42' title='bbox 826 827 1082 895; x_wconf 76' lang='lat' dir='ltr'><strong>pertinet,</strong></span> <span class='ocrx_word' id='word_1_43' title='bbox 1115 832 1255 880; x_wconf 90' lang='lat' dir='ltr'><strong>terra</strong></span> <span class='ocrx_word' id='word_1_44' title='bbox 1297 823 1514 895; x_wconf 86' lang='lat' dir='ltr'><strong>quidem</strong></span> <span class='ocrx_word' id='word_1_45' title='bbox 1553 831 1756 879; x_wconf 91' lang='lat' dir='ltr'><strong>motum</strong></span> 
     </span>
    </p>
   </div>
   <div class='ocr_carea' id='block_1_8' title="bbox 172 915 1757 989">
    <p class='ocr_par' dir='ltr' id='par_1_8' title="bbox 172 915 1757 989">
     <span class='ocr_line' id='line_1_8' title="bbox 172 915 1757 989; baseline -0.002 -17"><span class='ocrx_word' id='word_1_46' title='bbox 172 918 645 988; x_wconf 82' lang='lat' dir='ltr'><strong>apprOpinquante</strong></span> <span class='ocrx_word' id='word_1_47' title='bbox 672 917 760 973; x_wconf 86' lang='lat' dir='ltr'><strong>die</strong></span> <span class='ocrx_word' id='word_1_48' title='bbox 783 917 967 989; x_wconf 90' lang='lat' dir='ltr'><strong>judicii</strong></span> <span class='ocrx_word' id='word_1_49' title='bbox 998 916 1298 982; x_wconf 78' lang='lat' dir='ltr'><strong>sustinebit,</strong></span> <span class='ocrx_word' id='word_1_50' title='bbox 1330 915 1425 971; x_wconf 89' lang='lat' dir='ltr'><strong>sed</strong></span> <span class='ocrx_word' id='word_1_51' title='bbox 1446 915 1649 986; x_wconf 89' lang='lat' dir='ltr'><strong>pariter</strong></span> <span class='ocrx_word' id='word_1_52' title='bbox 1677 916 1757 969; x_wconf 92' lang='lat' dir='ltr'><strong>in-</strong></span> 
     </span>
    </p>
   </div>
   <div class='ocr_carea' id='block_1_9' title="bbox 169 1006 1759 1075">
    <p class='ocr_par' dir='ltr' id='par_1_9' title="bbox 169 1006 1759 1075">
     <span class='ocr_line' id='line_1_9' title="bbox 169 1006 1759 1075; baseline -0.001 -12"><span class='ocrx_word' id='word_1_53' title='bbox 169 1010 522 1065; x_wconf 80' lang='lat' dir='ltr'><strong>novabantur</strong></span> <span class='ocrx_word' id='word_1_54' title='bbox 547 1009 745 1064; x_wconf 66' lang='lat' dir='ltr'><strong>caelum</strong></span> <span class='ocrx_word' id='word_1_55' title='bbox 774 1016 825 1063; x_wconf 88' lang='lat' dir='ltr'><strong>ct</strong></span> <span class='ocrx_word' id='word_1_56' title='bbox 854 1016 1026 1075; x_wconf 89' lang='lat' dir='ltr'><strong>terra,</strong></span> <span class='ocrx_word' id='word_1_57' title='bbox 1056 1014 1111 1063; x_wconf 88' lang='lat' dir='ltr'><strong>et</strong></span> <span class='ocrx_word' id='word_1_58' title='bbox 1148 1008 1503 1064; x_wconf 87' lang='lat' dir='ltr'><strong>movebuntur</strong></span> <span class='ocrx_word' id='word_1_59' title='bbox 1548 1006 1615 1061; x_wconf 92' lang='lat' dir='ltr'><strong>ab</strong></span> <span class='ocrx_word' id='word_1_60' title='bbox 1658 1007 1759 1062; x_wconf 88' lang='lat' dir='ltr'><strong>hac</strong></span> 
     </span>
    </p>
   </div>
   <div class='ocr_carea' id='block_1_10' title="bbox 170 1098 1758 1170">
    <p class='ocr_par' dir='ltr' id='par_1_10' title="bbox 170 1098 1758 1170">
     <span class='ocr_line' id='line_1_10' title="bbox 170 1098 1758 1170; baseline -0.001 -15"><span class='ocrx_word' id='word_1_61' title='bbox 170 1100 363 1170; x_wconf 86' lang='lat' dir='ltr'><strong>specie</strong></span> <span class='ocrx_word' id='word_1_62' title='bbox 388 1099 443 1155; x_wconf 91' lang='lat' dir='ltr'><strong>in</strong></span> <span class='ocrx_word' id='word_1_63' title='bbox 470 1100 891 1157; x_wconf 88' lang='lat' dir='ltr'><strong>meliorationem</strong></span> <span class='ocrx_word' id='word_1_64' title='bbox 917 1117 932 1156; x_wconf 86' lang='lat'><strong>:</strong></span> <span class='ocrx_word' id='word_1_65' title='bbox 956 1100 1104 1169; x_wconf 79' lang='lat' dir='ltr'><strong>juxta</strong></span> <span class='ocrx_word' id='word_1_66' title='bbox 1125 1099 1266 1169; x_wconf 92' lang='lat' dir='ltr'><strong>quod</strong></span> <span class='ocrx_word' id='word_1_67' title='bbox 1298 1098 1440 1155; x_wconf 90' lang='lat' dir='ltr'><strong>idem</strong></span> <span class='ocrx_word' id='word_1_68' title='bbox 1467 1100 1758 1170; x_wconf 88' lang='lat' dir='ltr'><strong>Apostolus</strong></span> 
     </span>
    </p>
   </div>
   <div class='ocr_carea' id='block_1_11' title="bbox 169 1189 1757 1261">
    <p class='ocr_par' dir='ltr' id='par_1_11' title="bbox 169 1189 1757 1261">
     <span class='ocr_line' id='line_1_11' title="bbox 169 1189 1757 1261; baseline -0.003 -14"><span class='ocrx_word' id='word_1_69' title='bbox 169 1190 309 1247; x_wconf 81' lang='lat' dir='ltr'><strong>alibi</strong></span> <span class='ocrx_word' id='word_1_70' title='bbox 342 1189 471 1245; x_wconf 87' lang='lat' dir='ltr'><strong>dicit</strong></span> <span class='ocrx_word' id='word_1_71' title='bbox 502 1208 515 1243; x_wconf 90' lang='lat'><strong>:</strong></span> <span class='ocrx_word' id='word_1_72' title='bbox 562 1191 805 1247; x_wconf 78' lang='lat' dir='ltr'><strong>Praeterit</strong></span> <span class='ocrx_word' id='word_1_73' title='bbox 834 1190 1000 1261; x_wconf 79' lang='lat' dir='ltr'><strong>figura</strong></span> <span class='ocrx_word' id='word_1_74' title='bbox 1032 1190 1188 1260; x_wconf 88' lang='lat' dir='ltr'><strong>hujus</strong></span> <span class='ocrx_word' id='word_1_75' title='bbox 1214 1189 1419 1245; x_wconf 90' lang='lat' dir='ltr'><strong>mundi.</strong></span> <span class='ocrx_word' id='word_1_76' title='bbox 1460 1190 1658 1245; x_wconf 88' lang='lat' dir='ltr'><strong>Mutata</strong></span> <span class='ocrx_word' id='word_1_77' title='bbox 1689 1189 1757 1243; x_wconf 82' lang='lat' dir='ltr'><strong>ti-</strong></span> 
     </span>
    </p>
   </div>
   <div class='ocr_carea' id='block_1_12' title="bbox 170 1282 1754 1355">
    <p class='ocr_par' dir='ltr' id='par_1_12' title="bbox 170 1282 1754 1355">
     <span class='ocr_line' id='line_1_12' title="bbox 170 1282 1754 1355; baseline -0.001 -17"><span class='ocrx_word' id='word_1_78' title='bbox 170 1298 342 1355; x_wconf 81' lang='lat' dir='ltr'><strong>gura,</strong></span> <span class='ocrx_word' id='word_1_79' title='bbox 380 1282 677 1340; x_wconf 85' lang='lat' dir='ltr'><strong>remanebit</strong></span> <span class='ocrx_word' id='word_1_80' title='bbox 705 1282 1000 1339; x_wconf 83' lang='lat' dir='ltr'><strong>substantia</strong></span> <span class='ocrx_word' id='word_1_81' title='bbox 1032 1300 1046 1339; x_wconf 92' lang='lat'><strong>:</strong></span> <span class='ocrx_word' id='word_1_82' title='bbox 1077 1282 1288 1354; x_wconf 86' lang='lat' dir='ltr'><strong>eritque</strong></span> <span class='ocrx_word' id='word_1_83' title='bbox 1331 1293 1515 1353; x_wconf 90' lang='lat' dir='ltr'><strong>postea</strong></span> <span class='ocrx_word' id='word_1_84' title='bbox 1559 1282 1754 1338; x_wconf 74' lang='lat' dir='ltr'><strong>omium</strong></span> 
     </span>
    </p>
   </div>
   <div class='ocr_carea' id='block_1_13' title="bbox 170 1375 1754 1446">
    <p class='ocr_par' dir='ltr' id='par_1_13' title="bbox 170 1375 1754 1446">
     <span class='ocr_line' id='line_1_13' title="bbox 170 1375 1754 1446; baseline -0.001 -13"><span class='ocrx_word' id='word_1_85' title='bbox 170 1391 409 1446; x_wconf 88' lang='lat' dir='ltr'><strong>novum,</strong></span> <span class='ocrx_word' id='word_1_86' title='bbox 454 1384 510 1434; x_wconf 90' lang='lat' dir='ltr'><strong>et</strong></span> <span class='ocrx_word' id='word_1_87' title='bbox 539 1387 676 1433; x_wconf 90' lang='lat' dir='ltr'><strong>terra</strong></span> <span class='ocrx_word' id='word_1_88' title='bbox 712 1391 871 1433; x_wconf 84' lang='lat' dir='ltr'><strong>nova.</strong></span> <span class='ocrx_word' id='word_1_89' title='bbox 904 1377 1107 1434; x_wconf 80' lang='lat' dir='ltr'><strong>Caelum</strong></span> <span class='ocrx_word' id='word_1_90' title='bbox 1152 1384 1330 1432; x_wconf 87' lang='lat' dir='ltr'><strong>autem</strong></span> <span class='ocrx_word' id='word_1_91' title='bbox 1361 1376 1448 1430; x_wconf 90' lang='lat' dir='ltr'><strong>hic</strong></span> <span class='ocrx_word' id='word_1_92' title='bbox 1478 1390 1585 1429; x_wconf 89' lang='lat' dir='ltr'><strong>non</strong></span> <span class='ocrx_word' id='word_1_93' title='bbox 1613 1375 1754 1431; x_wconf 90' lang='lat' dir='ltr'><strong>side-</strong></span> 
     </span>
    </p>
   </div>
   <div class='ocr_carea' id='block_1_14' title="bbox 170 1467 1753 1541">
    <p class='ocr_par' dir='ltr' id='par_1_14' title="bbox 170 1467 1753 1541">
     <span class='ocr_line' id='line_1_14' title="bbox 170 1467 1753 1541; baseline -0.004 -13"><span class='ocrx_word' id='word_1_94' title='bbox 170 1486 354 1539; x_wconf 89' lang='lat' dir='ltr'><strong>reum,</strong></span> <span class='ocrx_word' id='word_1_95' title='bbox 383 1485 557 1541; x_wconf 86' lang='lat' dir='ltr'><strong>neque</strong></span> <span class='ocrx_word' id='word_1_96' title='bbox 582 1470 899 1536; x_wconf 87' lang='lat' dir='ltr'><strong>aethereum,</strong></span> <span class='ocrx_word' id='word_1_97' title='bbox 939 1469 1035 1525; x_wconf 92' lang='lat' dir='ltr'><strong>sed</strong></span> <span class='ocrx_word' id='word_1_98' title='bbox 1064 1468 1204 1524; x_wconf 88' lang='lat' dir='ltr'><strong>istud</strong></span> <span class='ocrx_word' id='word_1_99' title='bbox 1244 1481 1461 1523; x_wconf 89' lang='lat' dir='ltr'><strong>aereum</strong></span> <span class='ocrx_word' id='word_1_100' title='bbox 1489 1467 1688 1536; x_wconf 88' lang='lat' dir='ltr'><strong>accipe,</strong></span> <span class='ocrx_word' id='word_1_101' title='bbox 1721 1481 1753 1522; x_wconf 86' lang='lat' dir='ltr'><strong>a</strong></span> 
     </span>
    </p>
   </div>
   <div class='ocr_carea' id='block_1_15' title="bbox 170 1556 1750 1632">
    <p class='ocr_par' dir='ltr' id='par_1_15' title="bbox 170 1556 1750 1632">
     <span class='ocr_line' id='line_1_15' title="bbox 170 1556 1750 1632; baseline -0.004 -16"><span class='ocrx_word' id='word_1_102' title='bbox 170 1574 284 1632; x_wconf 86' lang='lat' dir='ltr'><strong>quo</strong></span> <span class='ocrx_word' id='word_1_103' title='bbox 323 1569 378 1616; x_wconf 88' lang='lat' dir='ltr'><strong>et</strong></span> <span class='ocrx_word' id='word_1_104' title='bbox 402 1575 529 1617; x_wconf 89' lang='lat' dir='ltr'><strong>aves</strong></span> <span class='ocrx_word' id='word_1_105' title='bbox 555 1561 676 1616; x_wconf 87' lang='lat' dir='ltr'><strong>coeli</strong></span> <span class='ocrx_word' id='word_1_106' title='bbox 716 1560 985 1616; x_wconf 88' lang='lat' dir='ltr'><strong>dicuntur.</strong></span> <span class='ocrx_word' id='word_1_107' title='bbox 1019 1559 1205 1628; x_wconf 84' lang='lat' dir='ltr'><strong>Itaque</strong></span> <span class='ocrx_word' id='word_1_108' title='bbox 1225 1574 1459 1629; x_wconf 82' lang='lat' dir='ltr'><strong>regnum.</strong></span> <span class='ocrx_word' id='word_1_109' title='bbox 1488 1558 1605 1613; x_wconf 90' lang='lat' dir='ltr'><strong>Dei.</strong></span> <span class='ocrx_word' id='word_1_110' title='bbox 1638 1556 1750 1611; x_wconf 85' lang='lat' dir='ltr'><strong>Im-</strong></span> 
     </span>
    </p>
   </div>
   <div class='ocr_carea' id='block_1_16' title="bbox 166 1647 1751 1722">
    <p class='ocr_par' dir='ltr' id='par_1_16' title="bbox 166 1647 1751 1722">
     <span class='ocr_line' id='line_1_16' title="bbox 166 1647 1751 1722; baseline -0.002 -16"><span class='ocrx_word' id='word_1_111' title='bbox 166 1651 360 1706; x_wconf 81' lang='lat' dir='ltr'><strong>mobile</strong></span> <span class='ocrx_word' id='word_1_112' title='bbox 403 1651 748 1722; x_wconf 74' lang='lat' dir='ltr'><strong>suscipientes.</strong></span> <span class='ocrx_word' id='word_1_113' title='bbox 796 1648 1140 1717; x_wconf 86' lang='lat' dir='ltr'><strong>Subauditur,</strong></span> <span class='ocrx_word' id='word_1_114' title='bbox 1180 1663 1321 1704; x_wconf 88' lang='lat' dir='ltr'><strong>nunc</strong></span> <span class='ocrx_word' id='word_1_115' title='bbox 1357 1648 1413 1703; x_wconf 90' lang='lat' dir='ltr'><strong>in</strong></span> <span class='ocrx_word' id='word_1_116' title='bbox 1451 1662 1581 1717; x_wconf 84' lang='lat' dir='ltr'><strong>spe,</strong></span> <span class='ocrx_word' id='word_1_117' title='bbox 1609 1647 1751 1718; x_wconf 89' lang='lat' dir='ltr'><strong>quod</strong></span> 
     </span>
    </p>
   </div>
   <div class='ocr_carea' id='block_1_17' title="bbox 168 1741 1751 1816">
    <p class='ocr_par' dir='ltr' id='par_1_17' title="bbox 168 1741 1751 1816">
     <span class='ocr_line' id='line_1_17' title="bbox 168 1741 1751 1816; baseline -0.004 -16"><span class='ocrx_word' id='word_1_118' title='bbox 168 1746 481 1816; x_wconf 85' lang='lat' dir='ltr'><strong>percepturi</strong></span> <span class='ocrx_word' id='word_1_119' title='bbox 507 1758 692 1799; x_wconf 90' lang='lat' dir='ltr'><strong>sumus</strong></span> <span class='ocrx_word' id='word_1_120' title='bbox 716 1744 770 1799; x_wconf 91' lang='lat' dir='ltr'><strong>in</strong></span> <span class='ocrx_word' id='word_1_121' title='bbox 796 1750 869 1798; x_wconf 89' lang='lat' dir='ltr'><strong>te.</strong></span> <span class='ocrx_word' id='word_1_122' title='bbox 902 1741 1199 1797; x_wconf 79' lang='lat' dir='ltr'><strong>Habeamus</strong></span> <span class='ocrx_word' id='word_1_123' title='bbox 1220 1742 1459 1812; x_wconf 86' lang='lat' dir='ltr'><strong>gratiam,</strong></span> <span class='ocrx_word' id='word_1_124' title='bbox 1483 1758 1573 1813; x_wconf 84' lang='lat' dir='ltr'><strong>per</strong></span> <span class='ocrx_word' id='word_1_125' title='bbox 1597 1757 1751 1811; x_wconf 84' lang='lat' dir='ltr'><strong>quam</strong></span> 
     </span>
    </p>
   </div>
   <div class='ocr_carea' id='block_1_18' title="bbox 169 1832 1753 1906">
    <p class='ocr_par' dir='ltr' id='par_1_18' title="bbox 169 1832 1753 1906">
     <span class='ocr_line' id='line_1_18' title="bbox 169 1832 1753 1906; baseline -0.003 -13"><span class='ocrx_word' id='word_1_126' title='bbox 169 1838 453 1893; x_wconf 81' lang='lat' dir='ltr'><strong>serviamus</strong></span> <span class='ocrx_word' id='word_1_127' title='bbox 481 1836 737 1906; x_wconf 76' lang='lat' dir='ltr'><strong>placentes</strong></span> <span class='ocrx_word' id='word_1_128' title='bbox 762 1834 873 1889; x_wconf 77' lang='lat' dir='ltr'><strong>Deo</strong></span> <span class='ocrx_word' id='word_1_129' title='bbox 903 1850 1019 1889; x_wconf 88' lang='lat' dir='ltr'><strong>cum</strong></span> <span class='ocrx_word' id='word_1_130' title='bbox 1053 1841 1190 1888; x_wconf 84' lang='lat' dir='ltr'><strong>metu</strong></span> <span class='ocrx_word' id='word_1_131' title='bbox 1227 1842 1276 1889; x_wconf 87' lang='lat' dir='ltr'><strong>et</strong></span> <span class='ocrx_word' id='word_1_132' title='bbox 1302 1836 1597 1888; x_wconf 83' lang='lat' dir='ltr'><strong>reuerentia.</strong></span> <span class='ocrx_word' id='word_1_133' title='bbox 1640 1832 1753 1889; x_wconf 76' lang='lat' dir='ltr'><strong>Be-</strong></span> 
     </span>
    </p>
   </div>
   <div class='ocr_carea' id='block_1_19' title="bbox 1866 643 3434 721">
    <p class='ocr_par' dir='ltr' id='par_1_19' title="bbox 1866 643 3434 721">
     <span class='ocr_line' id='line_1_19' title="bbox 1866 643 3434 721; baseline 0.006 -28"><span class='ocrx_word' id='word_1_134' title='bbox 1866 653 1973 695; x_wconf 92' lang='lat' dir='ltr'><strong>uno</strong></span> <span class='ocrx_word' id='word_1_135' title='bbox 2000 650 2150 710; x_wconf 83' lang='lat' dir='ltr'><strong>patre</strong></span> <span class='ocrx_word' id='word_1_136' title='bbox 2178 643 2368 711; x_wconf 86' lang='lat' dir='ltr'><strong>Adam,</strong></span> <span class='ocrx_word' id='word_1_137' title='bbox 2400 652 2454 701; x_wconf 92' lang='lat' dir='ltr'><strong>et</strong></span> <span class='ocrx_word' id='word_1_138' title='bbox 2481 660 2583 702; x_wconf 91' lang='lat' dir='ltr'><strong>una</strong></span> <span class='ocrx_word' id='word_1_139' title='bbox 2622 654 2795 703; x_wconf 85' lang='lat' dir='ltr'><strong>matre</strong></span> <span class='ocrx_word' id='word_1_140' title='bbox 2822 647 3012 703; x_wconf 91' lang='lat' dir='ltr'><strong>editos.</strong></span> <span class='ocrx_word' id='word_1_141' title='bbox 3060 647 3131 703; x_wconf 83' lang='lat' dir='ltr'><strong>Et</strong></span> <span class='ocrx_word' id='word_1_142' title='bbox 3168 648 3434 721; x_wconf 77' lang='lat' dir='ltr'><strong>hospitali-</strong></span> 
     </span>
    </p>
   </div>
   <div class='ocr_carea' id='block_1_20' title="bbox 1865 735 3445 810">
    <p class='ocr_par' dir='ltr' id='par_1_20' title="bbox 1865 735 3445 810">
     <span class='ocr_line' id='line_1_20' title="bbox 1865 735 3445 810; baseline 0.006 -23"><span class='ocrx_word' id='word_1_143' title='bbox 1865 741 2016 787; x_wconf 83' lang='lat' dir='ltr'><strong>tatem</strong></span> <span class='ocrx_word' id='word_1_144' title='bbox 2040 735 2196 789; x_wconf 86' lang='lat' dir='ltr'><strong>nolite</strong></span> <span class='ocrx_word' id='word_1_145' title='bbox 2218 736 2461 790; x_wconf 81' lang='lat' dir='ltr'><strong>oblivisci.</strong></span> <span class='ocrx_word' id='word_1_146' title='bbox 2485 736 2598 791; x_wconf 83' lang='lat' dir='ltr'><strong>Non</strong></span> <span class='ocrx_word' id='word_1_147' title='bbox 2621 736 2776 807; x_wconf 79' lang='lat' dir='ltr'><strong>dixit,</strong></span> <span class='ocrx_word' id='word_1_148' title='bbox 2798 738 3086 809; x_wconf 83' lang='lat' dir='ltr'><strong>hospitales</strong></span> <span class='ocrx_word' id='word_1_149' title='bbox 3106 748 3301 810; x_wconf 87' lang='lat' dir='ltr'><strong>estote,</strong></span> <span class='ocrx_word' id='word_1_150' title='bbox 3324 740 3445 807; x_wconf 84' lang='lat' dir='ltr'><strong>sed,</strong></span> 
     </span>
    </p>
   </div>
   <div class='ocr_carea' id='block_1_21' title="bbox 1862 823 3438 902">
    <p class='ocr_par' dir='ltr' id='par_1_21' title="bbox 1862 823 3438 902">
     <span class='ocr_line' id='line_1_21' title="bbox 1862 823 3438 902; baseline 0.005 -23"><span class='ocrx_word' id='word_1_151' title='bbox 1862 823 2274 893; x_wconf 80' lang='lat' dir='ltr'><strong>hOSpitalitatem</strong></span> <span class='ocrx_word' id='word_1_152' title='bbox 2299 828 2462 883; x_wconf 87' lang='lat' dir='ltr'><strong>nolite</strong></span> <span class='ocrx_word' id='word_1_153' title='bbox 2483 828 2742 884; x_wconf 80' lang='lat' dir='ltr'><strong>oblivisci.</strong></span> <span class='ocrx_word' id='word_1_154' title='bbox 2768 828 2999 886; x_wconf 89' lang='lat' dir='ltr'><strong>Fuerant</strong></span> <span class='ocrx_word' id='word_1_155' title='bbox 3022 831 3097 887; x_wconf 88' lang='lat' dir='ltr'><strong>illi</strong></span> <span class='ocrx_word' id='word_1_156' title='bbox 3116 832 3245 887; x_wconf 90' lang='lat' dir='ltr'><strong>satis</strong></span> <span class='ocrx_word' id='word_1_157' title='bbox 3262 831 3438 902; x_wconf 82' lang='lat' dir='ltr'><strong>hospi-</strong></span> 
     </span>
    </p>
   </div>
   <div class='ocr_carea' id='block_1_22' title="bbox 1865 918 3436 996">
    <p class='ocr_par' dir='ltr' id='par_1_22' title="bbox 1865 918 3436 996">
     <span class='ocr_line' id='line_1_22' title="bbox 1865 918 3436 996; baseline 0.006 -24"><span class='ocrx_word' id='word_1_158' title='bbox 1865 918 2051 973; x_wconf 88' lang='lat' dir='ltr'><strong>talitati</strong></span> <span class='ocrx_word' id='word_1_159' title='bbox 2096 919 2259 976; x_wconf 90' lang='lat' dir='ltr'><strong>dediti</strong></span> <span class='ocrx_word' id='word_1_160' title='bbox 2294 930 2576 993; x_wconf 86' lang='lat' dir='ltr'><strong>antequam</strong></span> <span class='ocrx_word' id='word_1_161' title='bbox 2605 925 2863 995; x_wconf 78' lang='lat' dir='ltr'><strong>expoliati</strong></span> <span class='ocrx_word' id='word_1_162' title='bbox 2891 933 3073 982; x_wconf 88' lang='lat' dir='ltr'><strong>essent</strong></span> <span class='ocrx_word' id='word_1_163' title='bbox 3110 939 3327 996; x_wconf 86' lang='lat' dir='ltr'><strong>prorsus</strong></span> <span class='ocrx_word' id='word_1_164' title='bbox 3356 924 3436 981; x_wconf 82' lang='lat' dir='ltr'><strong>fa-</strong></span> 
     </span>
    </p>
   </div>
   <div class='ocr_carea' id='block_1_23' title="bbox 1862 1010 3436 1084">
    <p class='ocr_par' dir='ltr' id='par_1_23' title="bbox 1862 1010 3436 1084">
     <span class='ocr_line' id='line_1_23' title="bbox 1862 1010 3436 1084; baseline 0.005 -20"><span class='ocrx_word' id='word_1_165' title='bbox 1862 1010 2166 1079; x_wconf 88' lang='lat' dir='ltr'><strong>cultatibus,</strong></span> <span class='ocrx_word' id='word_1_166' title='bbox 2211 1012 2306 1067; x_wconf 89' lang='lat' dir='ltr'><strong>sed</strong></span> <span class='ocrx_word' id='word_1_167' title='bbox 2348 1022 2625 1084; x_wconf 89' lang='lat' dir='ltr'><strong>postquam</strong></span> <span class='ocrx_word' id='word_1_168' title='bbox 2656 1017 2873 1072; x_wconf 89' lang='lat' dir='ltr'><strong>enudati</strong></span> <span class='ocrx_word' id='word_1_169' title='bbox 2920 1022 3048 1073; x_wconf 88' lang='lat' dir='ltr'><strong>sunt</strong></span> <span class='ocrx_word' id='word_1_170' title='bbox 3089 1030 3158 1073; x_wconf 83' lang='lat' dir='ltr'><strong>ex</strong></span> <span class='ocrx_word' id='word_1_171' title='bbox 3202 1017 3436 1073; x_wconf 80' lang='lat' dir='ltr'><strong>maxima</strong></span> 
     </span>
    </p>
   </div>
   <div class='ocr_carea' id='block_1_24' title="bbox 1860 1103 3437 1178">
    <p class='ocr_par' dir='ltr' id='par_1_24' title="bbox 1860 1103 3437 1178">
     <span class='ocr_line' id='line_1_24' title="bbox 1860 1103 3437 1178; baseline 0.006 -21"><span class='ocrx_word' id='word_1_172' title='bbox 1860 1112 2011 1173; x_wconf 86' lang='lat' dir='ltr'><strong>parte</strong></span> <span class='ocrx_word' id='word_1_173' title='bbox 2046 1103 2259 1175; x_wconf 90' lang='lat' dir='ltr'><strong>propria</strong></span> <span class='ocrx_word' id='word_1_174' title='bbox 2305 1107 2621 1178; x_wconf 87' lang='lat' dir='ltr'><strong>substantia,</strong></span> <span class='ocrx_word' id='word_1_175' title='bbox 2667 1117 2821 1165; x_wconf 89' lang='lat' dir='ltr'><strong>erant</strong></span> <span class='ocrx_word' id='word_1_176' title='bbox 2863 1109 3054 1165; x_wconf 88' lang='lat' dir='ltr'><strong>iterum</strong></span> <span class='ocrx_word' id='word_1_177' title='bbox 3098 1110 3322 1165; x_wconf 88' lang='lat' dir='ltr'><strong>nimium</strong></span> <span class='ocrx_word' id='word_1_178' title='bbox 3353 1117 3437 1166; x_wconf 86' lang='lat' dir='ltr'><strong>te-</strong></span> 
     </span>
    </p>
   </div>
   <div class='ocr_carea' id='block_1_25' title="bbox 1860 1199 3435 1272">
    <p class='ocr_par' dir='ltr' id='par_1_25' title="bbox 1860 1199 3435 1272">
     <span class='ocr_line' id='line_1_25' title="bbox 1860 1199 3435 1272; baseline 0.005 -23"><span class='ocrx_word' id='word_1_179' title='bbox 1860 1209 2060 1260; x_wconf 89' lang='lat' dir='ltr'><strong>naces,</strong></span> <span class='ocrx_word' id='word_1_180' title='bbox 2107 1206 2428 1266; x_wconf 88' lang='lat' dir='ltr'><strong>quapropter</strong></span> <span class='ocrx_word' id='word_1_181' title='bbox 2470 1199 2709 1255; x_wconf 84' lang='lat' dir='ltr'><strong>hortatur</strong></span> <span class='ocrx_word' id='word_1_182' title='bbox 2748 1215 2840 1257; x_wconf 91' lang='lat' dir='ltr'><strong>eos</strong></span> <span class='ocrx_word' id='word_1_183' title='bbox 2877 1202 3195 1272; x_wconf 87' lang='lat' dir='ltr'><strong>Apostolus,</strong></span> <span class='ocrx_word' id='word_1_184' title='bbox 3243 1210 3303 1257; x_wconf 88' lang='lat' dir='ltr'><strong>ut</strong></span> <span class='ocrx_word' id='word_1_185' title='bbox 3348 1215 3435 1257; x_wconf 87' lang='lat' dir='ltr'><strong>se-</strong></span> 
     </span>
    </p>
   </div>
   <div class='ocr_carea' id='block_1_26' title="bbox 1857 1286 3434 1363">
    <p class='ocr_par' dir='ltr' id='par_1_26' title="bbox 1857 1286 3434 1363">
     <span class='ocr_line' id='line_1_26' title="bbox 1857 1286 3434 1363; baseline 0.004 -22"><span class='ocrx_word' id='word_1_186' title='bbox 1857 1286 2091 1341; x_wconf 89' lang='lat' dir='ltr'><strong>cundum</strong></span> <span class='ocrx_word' id='word_1_187' title='bbox 2141 1289 2506 1355; x_wconf 87' lang='lat' dir='ltr'><strong>possibilitatis</strong></span> <span class='ocrx_word' id='word_1_188' title='bbox 2546 1291 2763 1347; x_wconf 88' lang='lat' dir='ltr'><strong>modum</strong></span> <span class='ocrx_word' id='word_1_189' title='bbox 2792 1292 3168 1363; x_wconf 86' lang='lat' dir='ltr'><strong>hospitalitatis</strong></span> <span class='ocrx_word' id='word_1_190' title='bbox 3198 1292 3434 1349; x_wconf 76' lang='lat' dir='ltr'><strong>officium</strong></span> 
     </span>
    </p>
   </div>
   <div class='ocr_carea' id='block_1_27' title="bbox 1859 1376 3433 1453">
    <p class='ocr_par' dir='ltr' id='par_1_27' title="bbox 1859 1376 3433 1453">
     <span class='ocr_line' id='line_1_27' title="bbox 1859 1376 3433 1453; baseline 0.004 -23"><span class='ocrx_word' id='word_1_191' title='bbox 1859 1376 2228 1449; x_wconf 89' lang='lat' dir='ltr'><strong>adimplerent,</strong></span> <span class='ocrx_word' id='word_1_192' title='bbox 2281 1379 2461 1437; x_wconf 91' lang='lat' dir='ltr'><strong>dicens</strong></span> <span class='ocrx_word' id='word_1_193' title='bbox 2504 1382 2582 1437; x_wconf 92' lang='lat' dir='ltr'><strong>eis</strong></span> <span class='ocrx_word' id='word_1_194' title='bbox 2626 1400 2641 1436; x_wconf 88' lang='lat'><strong>:</strong></span> <span class='ocrx_word' id='word_1_195' title='bbox 2687 1382 3109 1453; x_wconf 82' lang='lat' dir='ltr'><strong>Hospitalitatem</strong></span> <span class='ocrx_word' id='word_1_196' title='bbox 3152 1384 3433 1453; x_wconf 81' lang='lat' dir='ltr'><strong>pristinam</strong></span> 
     </span>
    </p>
   </div>
   <div class='ocr_carea' id='block_1_28' title="bbox 1859 1460 3436 1544">
    <p class='ocr_par' dir='ltr' id='par_1_28' title="bbox 1859 1460 3436 1544">
     <span class='ocr_line' id='line_1_28' title="bbox 1859 1460 3436 1544; baseline 0.006 -22"><span class='ocrx_word' id='word_1_197' title='bbox 1859 1460 2025 1523; x_wconf 85' lang='lat' dir='ltr'><strong>nolite</strong></span> <span class='ocrx_word' id='word_1_198' title='bbox 2073 1469 2329 1527; x_wconf 86' lang='lat' dir='ltr'><strong>oblivioni</strong></span> <span class='ocrx_word' id='word_1_199' title='bbox 2384 1472 2613 1529; x_wconf 87' lang='lat' dir='ltr'><strong>tradere.</strong></span> <span class='ocrx_word' id='word_1_200' title='bbox 2664 1474 3005 1544; x_wconf 82' lang='lat' dir='ltr'><strong>HOSpitalitas</strong></span> <span class='ocrx_word' id='word_1_201' title='bbox 3050 1483 3229 1531; x_wconf 86' lang='lat' dir='ltr'><strong>autem</strong></span> <span class='ocrx_word' id='word_1_202' title='bbox 3276 1474 3436 1532; x_wconf 80' lang='lat' dir='ltr'><strong>hilari</strong></span> 
     </span>
    </p>
   </div>
   <div class='ocr_carea' id='block_1_29' title="bbox 1858 1561 3434 1637">
    <p class='ocr_par' dir='ltr' id='par_1_29' title="bbox 1858 1561 3434 1637">
     <span class='ocr_line' id='line_1_29' title="bbox 1858 1561 3434 1637; baseline 0.005 -23"><span class='ocrx_word' id='word_1_203' title='bbox 1858 1568 2039 1616; x_wconf 88' lang='lat' dir='ltr'><strong>mente</strong></span> <span class='ocrx_word' id='word_1_204' title='bbox 2083 1569 2139 1617; x_wconf 92' lang='lat' dir='ltr'><strong>et</strong></span> <span class='ocrx_word' id='word_1_205' title='bbox 2178 1561 2357 1617; x_wconf 88' lang='lat' dir='ltr'><strong>animo</strong></span> <span class='ocrx_word' id='word_1_206' title='bbox 2386 1563 2509 1619; x_wconf 87' lang='lat' dir='ltr'><strong>laeto</strong></span> <span class='ocrx_word' id='word_1_207' title='bbox 2536 1572 2618 1619; x_wconf 89' lang='lat' dir='ltr'><strong>est</strong></span> <span class='ocrx_word' id='word_1_208' title='bbox 2656 1565 2861 1637; x_wconf 86' lang='lat' dir='ltr'><strong>agenda</strong></span> <span class='ocrx_word' id='word_1_209' title='bbox 2888 1566 3037 1636; x_wconf 83' lang='lat' dir='ltr'><strong>juxta</strong></span> <span class='ocrx_word' id='word_1_210' title='bbox 3074 1565 3214 1636; x_wconf 89' lang='lat' dir='ltr'><strong>quod</strong></span> <span class='ocrx_word' id='word_1_211' title='bbox 3243 1565 3434 1622; x_wconf 87' lang='lat' dir='ltr'><strong>beatus</strong></span> 
     </span>
    </p>
   </div>
   <div class='ocr_carea' id='block_1_30' title="bbox 1856 1650 3430 1725">
    <p class='ocr_par' dir='ltr' id='par_1_30' title="bbox 1856 1650 3430 1725">
     <span class='ocr_line' id='line_1_30' title="bbox 1856 1650 3430 1725; baseline 0.005 -18"><span class='ocrx_word' id='word_1_212' title='bbox 1856 1650 2049 1709; x_wconf 89' lang='lat' dir='ltr'><strong>Petrus</strong></span> <span class='ocrx_word' id='word_1_213' title='bbox 2072 1654 2199 1710; x_wconf 90' lang='lat' dir='ltr'><strong>dicit</strong></span> <span class='ocrx_word' id='word_1_214' title='bbox 2223 1671 2238 1708; x_wconf 90' lang='lat'><strong>:</strong></span> <span class='ocrx_word' id='word_1_215' title='bbox 2266 1654 2564 1725; x_wconf 87' lang='lat' dir='ltr'><strong>Hospitales</strong></span> <span class='ocrx_word' id='word_1_216' title='bbox 2588 1657 2819 1714; x_wconf 85' lang='lat' dir='ltr'><strong>invicem</strong></span> <span class='ocrx_word' id='word_1_217' title='bbox 2847 1659 2963 1715; x_wconf 89' lang='lat' dir='ltr'><strong>sine</strong></span> <span class='ocrx_word' id='word_1_218' title='bbox 2985 1659 3430 1715; x_wconf 88' lang='lat' dir='ltr'><strong>murmuratione.</strong></span> 
     </span>
    </p>
   </div>
   <div class='ocr_carea' id='block_1_31' title="bbox 1855 1741 3433 1821">
    <p class='ocr_par' dir='ltr' id='par_1_31' title="bbox 1855 1741 3433 1821">
     <span class='ocr_line' id='line_1_31' title="bbox 1855 1741 3433 1821; baseline 0.006 -25"><span class='ocrx_word' id='word_1_219' title='bbox 1855 1741 1921 1797; x_wconf 90' lang='lat' dir='ltr'><strong>Et</strong></span> <span class='ocrx_word' id='word_1_220' title='bbox 1951 1743 2077 1797; x_wconf 89' lang='lat' dir='ltr'><strong>alibi</strong></span> <span class='ocrx_word' id='word_1_221' title='bbox 2106 1759 2123 1801; x_wconf 88' lang='lat'><strong>:</strong></span> <span class='ocrx_word' id='word_1_222' title='bbox 2155 1744 2387 1801; x_wconf 86' lang='lat' dir='ltr'><strong>Hilarem</strong></span> <span class='ocrx_word' id='word_1_223' title='bbox 2417 1748 2559 1803; x_wconf 92' lang='lat' dir='ltr'><strong>enim</strong></span> <span class='ocrx_word' id='word_1_224' title='bbox 2586 1747 2825 1805; x_wconf 88' lang='lat' dir='ltr'><strong>datorem</strong></span> <span class='ocrx_word' id='word_1_225' title='bbox 2852 1750 3025 1820; x_wconf 83' lang='lat' dir='ltr'><strong>diligit</strong></span> <span class='ocrx_word' id='word_1_226' title='bbox 3049 1752 3211 1806; x_wconf 89' lang='lat' dir='ltr'><strong>Deus.</strong></span> <span class='ocrx_word' id='word_1_227' title='bbox 3241 1749 3433 1821; x_wconf 81' lang='lat' dir='ltr'><strong>Sequi—</strong></span> 
     </span>
    </p>
   </div>
   <div class='ocr_carea' id='block_1_32' title="bbox 1851 1835 3432 1914">
    <p class='ocr_par' dir='ltr' id='par_1_32' title="bbox 1851 1835 3432 1914">
     <span class='ocr_line' id='line_1_32' title="bbox 1851 1835 3432 1914; baseline 0.004 -24"><span class='ocrx_word' id='word_1_228' title='bbox 1851 1841 1940 1890; x_wconf 84' lang='lat' dir='ltr'><strong>tur</strong></span> <span class='ocrx_word' id='word_1_229' title='bbox 1971 1852 1986 1890; x_wconf 90' lang='lat'><strong>:</strong></span> <span class='ocrx_word' id='word_1_230' title='bbox 2015 1835 2119 1890; x_wconf 89' lang='lat' dir='ltr'><strong>Per</strong></span> <span class='ocrx_word' id='word_1_231' title='bbox 2147 1837 2279 1891; x_wconf 85' lang='lat' dir='ltr'><strong>hanc</strong></span> <span class='ocrx_word' id='word_1_232' title='bbox 2308 1840 2437 1892; x_wconf 89' lang='lat' dir='ltr'><strong>enim</strong></span> <span class='ocrx_word' id='word_1_233' title='bbox 2469 1838 2770 1908; x_wconf 82' lang='lat' dir='ltr'><strong>placuerunt</strong></span> <span class='ocrx_word' id='word_1_234' title='bbox 2798 1841 3027 1911; x_wconf 86' lang='lat' dir='ltr'><strong>quidam.</strong></span> <span class='ocrx_word' id='word_1_235' title='bbox 3057 1843 3190 1899; x_wconf 86' lang='lat' dir='ltr'><strong>Deo.</strong></span> <span class='ocrx_word' id='word_1_236' title='bbox 3220 1840 3432 1914; x_wconf 85' lang='lat' dir='ltr'><strong>Angelis</strong></span> 
     </span>
    </p>
   </div>
   <div class='ocr_carea' id='block_1_33' title="bbox 168 1925 3430 2003">
    <p class='ocr_par' dir='ltr' id='par_1_33' title="bbox 168 1925 3430 2003">
     <span class='ocr_line' id='line_1_33' title="bbox 168 1925 3430 2003; baseline 0.001 -19"><span class='ocrx_word' id='word_1_237' title='bbox 168 1943 336 2000; x_wconf 86' lang='lat' dir='ltr'><strong>gnum</strong></span> <span class='ocrx_word' id='word_1_238' title='bbox 385 1927 674 1992; x_wconf 83' lang='lat' dir='ltr'><strong>immobile,</strong></span> <span class='ocrx_word' id='word_1_239' title='bbox 706 1927 944 1982; x_wconf 88' lang='lat' dir='ltr'><strong>Ecclesia</strong></span> <span class='ocrx_word' id='word_1_240' title='bbox 971 1934 1056 1981; x_wconf 89' lang='lat' dir='ltr'><strong>est</strong></span> <span class='ocrx_word' id='word_1_241' title='bbox 1090 1926 1352 1992; x_wconf 66' lang='lat' dir='ltr'><strong>caelestis,</strong></span> <span class='ocrx_word' id='word_1_242' title='bbox 1385 1940 1503 1995; x_wconf 68' lang='lat' dir='ltr'><strong>qua:</strong></span> <span class='ocrx_word' id='word_1_243' title='bbox 1542 1932 1751 1981; x_wconf 90' lang='lat' dir='ltr'><strong>constat</strong></span> <span class='ocrx_word' id='word_1_244' title='bbox 1779 1937 1829 1999; x_wconf 78' lang='grc' dir='ltr'><strong>Β</strong></span> <span class='ocrx_word' id='word_1_245' title='bbox 1853 1925 2073 1997; x_wconf 84' lang='lat' dir='ltr'><strong>hospitio</strong></span> <span class='ocrx_word' id='word_1_246' title='bbox 2099 1930 2331 1999; x_wconf 79' lang='lat' dir='ltr'><strong>receptis.</strong></span> <span class='ocrx_word' id='word_1_247' title='bbox 2364 1929 2431 1985; x_wconf 90' lang='lat' dir='ltr'><strong>Ut</strong></span> <span class='ocrx_word' id='word_1_248' title='bbox 2458 1930 2747 1999; x_wconf 82' lang='lat' dir='ltr'><strong>Abraham,</strong></span> <span class='ocrx_word' id='word_1_249' title='bbox 2776 1933 2864 2001; x_wconf 88' lang='lat' dir='ltr'><strong>qui</strong></span> <span class='ocrx_word' id='word_1_250' title='bbox 2894 1934 3091 1990; x_wconf 86' lang='lat' dir='ltr'><strong>meruit</strong></span> <span class='ocrx_word' id='word_1_251' title='bbox 3116 1934 3430 2003; x_wconf 39' lang='lat' dir='ltr'><strong>promissios</strong></span> 
     </span>
    </p>
   </div>
   <div class='ocr_carea' id='block_1_34' title="bbox 170 2016 1745 2089">
    <p class='ocr_par' dir='ltr' id='par_1_34' title="bbox 170 2016 1745 2089">
     <span class='ocr_line' id='line_1_34' title="bbox 170 2016 1745 2089; baseline -0.001 -15"><span class='ocrx_word' id='word_1_252' title='bbox 170 2033 243 2075; x_wconf 85' lang='lat' dir='ltr'><strong>ex</strong></span> <span class='ocrx_word' id='word_1_253' title='bbox 268 2019 472 2089; x_wconf 89' lang='lat' dir='ltr'><strong>angelis</strong></span> <span class='ocrx_word' id='word_1_254' title='bbox 494 2018 691 2074; x_wconf 92' lang='lat' dir='ltr'><strong>sanctis</strong></span> <span class='ocrx_word' id='word_1_255' title='bbox 722 2024 777 2073; x_wconf 90' lang='lat' dir='ltr'><strong>et</strong></span> <span class='ocrx_word' id='word_1_256' title='bbox 811 2016 1115 2072; x_wconf 87' lang='lat' dir='ltr'><strong>hominibus</strong></span> <span class='ocrx_word' id='word_1_257' title='bbox 1139 2016 1299 2087; x_wconf 91' lang='lat' dir='ltr'><strong>justis</strong></span> <span class='ocrx_word' id='word_1_258' title='bbox 1331 2035 1345 2071; x_wconf 89' lang='lat'><strong>:</strong></span> <span class='ocrx_word' id='word_1_259' title='bbox 1376 2017 1620 2089; x_wconf 79' lang='lat' dir='ltr'><strong>Regnum</strong></span> <span class='ocrx_word' id='word_1_260' title='bbox 1648 2032 1745 2073; x_wconf 85' lang='lat' dir='ltr'><strong>au-</strong></span> 
     </span>
    </p>
   </div>
   <div class='ocr_carea' id='block_1_35' title="bbox 167 2106 1749 2179">
    <p class='ocr_par' dir='ltr' id='par_1_35' title="bbox 167 2106 1749 2179">
     <span class='ocr_line' id='line_1_35' title="bbox 167 2106 1749 2179; baseline -0.001 -14"><span class='ocrx_word' id='word_1_261' title='bbox 167 2118 282 2165; x_wconf 83' lang='lat' dir='ltr'><strong>tem</strong></span> <span class='ocrx_word' id='word_1_262' title='bbox 315 2110 406 2163; x_wconf 90' lang='lat' dir='ltr'><strong>Dei</strong></span> <span class='ocrx_word' id='word_1_263' title='bbox 435 2108 535 2163; x_wconf 90' lang='lat' dir='ltr'><strong>ista</strong></span> <span class='ocrx_word' id='word_1_264' title='bbox 564 2107 802 2164; x_wconf 88' lang='lat' dir='ltr'><strong>Ecclesia</strong></span> <span class='ocrx_word' id='word_1_265' title='bbox 826 2114 927 2175; x_wconf 92' lang='lat' dir='ltr'><strong>est,</strong></span> <span class='ocrx_word' id='word_1_266' title='bbox 956 2114 1011 2163; x_wconf 91' lang='lat' dir='ltr'><strong>et</strong></span> <span class='ocrx_word' id='word_1_267' title='bbox 1035 2122 1259 2179; x_wconf 80' lang='lat' dir='ltr'><strong>regnum</strong></span> <span class='ocrx_word' id='word_1_268' title='bbox 1289 2106 1546 2163; x_wconf 70' lang='lat' dir='ltr'><strong>Ecclesia:</strong></span> <span class='ocrx_word' id='word_1_269' title='bbox 1576 2109 1749 2164; x_wconf 90' lang='lat' dir='ltr'><strong>omni-</strong></span> 
     </span>
    </p>
   </div>
   <div class='ocr_carea' id='block_1_36' title="bbox 172 2198 1747 2272">
    <p class='ocr_par' dir='ltr' id='par_1_36' title="bbox 172 2198 1747 2272">
     <span class='ocr_line' id='line_1_36' title="bbox 172 2198 1747 2272; baseline 0.002 -17"><span class='ocrx_word' id='word_1_270' title='bbox 172 2209 366 2272; x_wconf 90' lang='lat' dir='ltr'><strong>potens</strong></span> <span class='ocrx_word' id='word_1_271' title='bbox 404 2201 545 2255; x_wconf 88' lang='lat' dir='ltr'><strong>Deus</strong></span> <span class='ocrx_word' id='word_1_272' title='bbox 581 2208 685 2256; x_wconf 89' lang='lat' dir='ltr'><strong>est.</strong></span> <span class='ocrx_word' id='word_1_273' title='bbox 727 2199 839 2255; x_wconf 80' lang='lat' dir='ltr'><strong>Hoc</strong></span> <span class='ocrx_word' id='word_1_274' title='bbox 876 2214 1098 2271; x_wconf 82' lang='lat' dir='ltr'><strong>regnum</strong></span> <span class='ocrx_word' id='word_1_275' title='bbox 1138 2198 1299 2255; x_wconf 90' lang='lat' dir='ltr'><strong>modo</strong></span> <span class='ocrx_word' id='word_1_276' title='bbox 1335 2200 1656 2271; x_wconf 89' lang='lat' dir='ltr'><strong>suscipimus</strong></span> <span class='ocrx_word' id='word_1_277' title='bbox 1691 2203 1747 2258; x_wconf 88' lang='lat' dir='ltr'><strong>in</strong></span> 
     </span>
    </p>
   </div>
   <div class='ocr_carea' id='block_1_37' title="bbox 167 2290 1747 2360">
    <p class='ocr_par' dir='ltr' id='par_1_37' title="bbox 167 2290 1747 2360">
     <span class='ocr_line' id='line_1_37' title="bbox 167 2290 1747 2360; baseline 0.002 -14"><span class='ocrx_word' id='word_1_278' title='bbox 167 2306 299 2360; x_wconf 87' lang='lat' dir='ltr'><strong>spe,</strong></span> <span class='ocrx_word' id='word_1_279' title='bbox 332 2298 454 2345; x_wconf 90' lang='lat' dir='ltr'><strong>tunc</strong></span> <span class='ocrx_word' id='word_1_280' title='bbox 493 2304 621 2345; x_wconf 90' lang='lat' dir='ltr'><strong>vero</strong></span> <span class='ocrx_word' id='word_1_281' title='bbox 662 2290 1020 2360; x_wconf 90' lang='lat' dir='ltr'><strong>percipiemus</strong></span> <span class='ocrx_word' id='word_1_282' title='bbox 1065 2290 1121 2345; x_wconf 91' lang='lat' dir='ltr'><strong>in</strong></span> <span class='ocrx_word' id='word_1_283' title='bbox 1163 2303 1261 2359; x_wconf 87' lang='lat' dir='ltr'><strong>re,</strong></span> <span class='ocrx_word' id='word_1_284' title='bbox 1307 2302 1425 2345; x_wconf 92' lang='lat' dir='ltr'><strong>cum</strong></span> <span class='ocrx_word' id='word_1_285' title='bbox 1469 2290 1747 2349; x_wconf 90' lang='lat' dir='ltr'><strong>tradiderit</strong></span> 
     </span>
    </p>
   </div>
   <div class='ocr_carea' id='block_1_38' title="bbox 161 2379 1746 2451">
    <p class='ocr_par' dir='ltr' id='par_1_38' title="bbox 161 2379 1746 2451">
     <span class='ocr_line' id='line_1_38' title="bbox 161 2379 1746 2451; baseline 0.003 -15"><span class='ocrx_word' id='word_1_286' title='bbox 161 2381 415 2436; x_wconf 86' lang='lat' dir='ltr'><strong>Christus</strong></span> <span class='ocrx_word' id='word_1_287' title='bbox 444 2395 665 2451; x_wconf 79' lang='lat' dir='ltr'><strong>regnum</strong></span> <span class='ocrx_word' id='word_1_288' title='bbox 695 2380 806 2436; x_wconf 93' lang='lat' dir='ltr'><strong>Deo</strong></span> <span class='ocrx_word' id='word_1_289' title='bbox 835 2380 1001 2436; x_wconf 87' lang='lat' dir='ltr'><strong>Patri.</strong></span> <span class='ocrx_word' id='word_1_290' title='bbox 1032 2379 1236 2435; x_wconf 86' lang='lat' dir='ltr'><strong>Idcirco</strong></span> <span class='ocrx_word' id='word_1_291' title='bbox 1260 2388 1439 2436; x_wconf 90' lang='lat' dir='ltr'><strong>autem</strong></span> <span class='ocrx_word' id='word_1_292' title='bbox 1470 2381 1746 2441; x_wconf 88' lang='lat' dir='ltr'><strong>immobile</strong></span> 
     </span>
    </p>
   </div>
   <div class='ocr_carea' id='block_1_39' title="bbox 164 2469 1744 2541">
    <p class='ocr_par' dir='ltr' id='par_1_39' title="bbox 164 2469 1744 2541">
     <span class='ocr_line' id='line_1_39' title="bbox 164 2469 1744 2541; baseline 0.001 -14"><span class='ocrx_word' id='word_1_293' title='bbox 164 2470 486 2541; x_wconf 88' lang='lat' dir='ltr'><strong>appellatur,</strong></span> <span class='ocrx_word' id='word_1_294' title='bbox 530 2469 781 2540; x_wconf 89' lang='lat' dir='ltr'><strong>quoniam</strong></span> <span class='ocrx_word' id='word_1_295' title='bbox 825 2470 871 2524; x_wconf 91' lang='lat' dir='ltr'><strong>si</strong></span> <span class='ocrx_word' id='word_1_296' title='bbox 911 2470 1108 2525; x_wconf 85' lang='lat' dir='ltr'><strong>caelum</strong></span> <span class='ocrx_word' id='word_1_297' title='bbox 1150 2477 1206 2525; x_wconf 92' lang='lat' dir='ltr'><strong>et</strong></span> <span class='ocrx_word' id='word_1_298' title='bbox 1232 2479 1375 2526; x_wconf 91' lang='lat' dir='ltr'><strong>terra</strong></span> <span class='ocrx_word' id='word_1_299' title='bbox 1400 2471 1744 2529; x_wconf 88' lang='lat' dir='ltr'><strong>immobiliter</strong></span> 
     </span>
    </p>
   </div>
   <div class='ocr_carea' id='block_1_40' title="bbox 160 2562 1743 2635">
    <p class='ocr_par' dir='ltr' id='par_1_40' title="bbox 160 2562 1743 2635">
     <span class='ocr_line' id='line_1_40' title="bbox 160 2562 1743 2635; baseline 0.003 -17"><span class='ocrx_word' id='word_1_300' title='bbox 160 2562 554 2635; x_wconf 88' lang='lat' dir='ltr'><strong>permanebunt</strong></span> <span class='ocrx_word' id='word_1_301' title='bbox 578 2570 701 2634; x_wconf 86' lang='lat' dir='ltr'><strong>post</strong></span> <span class='ocrx_word' id='word_1_302' title='bbox 723 2562 1173 2633; x_wconf 88' lang='lat' dir='ltr'><strong>immutationem,</strong></span> <span class='ocrx_word' id='word_1_303' title='bbox 1199 2564 1368 2619; x_wconf 90' lang='lat' dir='ltr'><strong>multo</strong></span> <span class='ocrx_word' id='word_1_304' title='bbox 1389 2566 1560 2635; x_wconf 88' lang='lat' dir='ltr'><strong>magis</strong></span> <span class='ocrx_word' id='word_1_305' title='bbox 1586 2567 1743 2623; x_wconf 89' lang='lat' dir='ltr'><strong>electi</strong></span> 
     </span>
    </p>
   </div>
   <div class='ocr_carea' id='block_1_41' title="bbox 162 2661 1742 2733">
    <p class='ocr_par' dir='ltr' id='par_1_41' title="bbox 162 2661 1742 2733">
     <span class='ocr_line' id='line_1_41' title="bbox 162 2661 1742 2733; baseline 0.003 -17"><span class='ocrx_word' id='word_1_306' title='bbox 162 2668 286 2733; x_wconf 88' lang='lat' dir='ltr'><strong>post</strong></span> <span class='ocrx_word' id='word_1_307' title='bbox 327 2662 769 2718; x_wconf 88' lang='lat' dir='ltr'><strong>resurrectionem</strong></span> <span class='ocrx_word' id='word_1_308' title='bbox 808 2661 1151 2719; x_wconf 88' lang='lat' dir='ltr'><strong>immobiliter</strong></span> <span class='ocrx_word' id='word_1_309' title='bbox 1190 2664 1644 2720; x_wconf 87' lang='lat' dir='ltr'><strong>immortalitatem</strong></span> <span class='ocrx_word' id='word_1_310' title='bbox 1685 2664 1742 2721; x_wconf 89' lang='lat' dir='ltr'><strong>in</strong></span> 
     </span>
    </p>
   </div>
   <div class='ocr_carea' id='block_1_42' title="bbox 158 2753 1737 2826">
    <p class='ocr_par' dir='ltr' id='par_1_42' title="bbox 158 2753 1737 2826">
     <span class='ocr_line' id='line_1_42' title="bbox 158 2753 1737 2826; baseline 0.001 -16"><span class='ocrx_word' id='word_1_311' title='bbox 158 2767 391 2825; x_wconf 88' lang='lat' dir='ltr'><strong>corpore</strong></span> <span class='ocrx_word' id='word_1_312' title='bbox 406 2794 422 2822; x_wconf 96' lang='lat'><strong>,</strong></span> <span class='ocrx_word' id='word_1_313' title='bbox 444 2762 500 2809; x_wconf 89' lang='lat' dir='ltr'><strong>et</strong></span> <span class='ocrx_word' id='word_1_314' title='bbox 517 2753 1108 2811; x_wconf 88' lang='lat' dir='ltr'><strong>incommutabilitatem</strong></span> <span class='ocrx_word' id='word_1_315' title='bbox 1135 2755 1191 2810; x_wconf 91' lang='lat' dir='ltr'><strong>in</strong></span> <span class='ocrx_word' id='word_1_316' title='bbox 1212 2756 1387 2811; x_wconf 87' lang='lat' dir='ltr'><strong>anima</strong></span> <span class='ocrx_word' id='word_1_317' title='bbox 1412 2757 1737 2826; x_wconf 89' lang='lat' dir='ltr'><strong>percipient,</strong></span> 
     </span>
    </p>
   </div>
   <div class='ocr_carea' id='block_1_43' title="bbox 156 2846 1740 2921">
    <p class='ocr_par' dir='ltr' id='par_1_43' title="bbox 156 2846 1740 2921">
     <span class='ocr_line' id='line_1_43' title="bbox 156 2846 1740 2921; baseline 0.001 -17"><span class='ocrx_word' id='word_1_318' title='bbox 156 2848 435 2917; x_wconf 86' lang='lat' dir='ltr'><strong>regnaturi</strong></span> <span class='ocrx_word' id='word_1_319' title='bbox 456 2846 780 2904; x_wconf 86' lang='lat' dir='ltr'><strong>aeternaliter</strong></span> <span class='ocrx_word' id='word_1_320' title='bbox 799 2862 922 2903; x_wconf 91' lang='lat' dir='ltr'><strong>cum</strong></span> <span class='ocrx_word' id='word_1_321' title='bbox 945 2848 1055 2904; x_wconf 90' lang='lat' dir='ltr'><strong>Deo</strong></span> <span class='ocrx_word' id='word_1_322' title='bbox 1072 2889 1085 2913; x_wconf 93' lang='lat'><strong>,</strong></span> <span class='ocrx_word' id='word_1_323' title='bbox 1109 2856 1373 2918; x_wconf 89' lang='lat' dir='ltr'><strong>eruntque</strong></span> <span class='ocrx_word' id='word_1_324' title='bbox 1394 2848 1496 2919; x_wconf 90' lang='lat' dir='ltr'><strong>ipsi</strong></span> <span class='ocrx_word' id='word_1_325' title='bbox 1518 2863 1740 2921; x_wconf 87' lang='lat' dir='ltr'><strong>regnum</strong></span> 
     </span>
    </p>
   </div>
   <div class='ocr_carea' id='block_1_44' title="bbox 156 2937 1742 3011">
    <p class='ocr_par' dir='ltr' id='par_1_44' title="bbox 156 2937 1742 3011">
     <span class='ocr_line' id='line_1_44' title="bbox 156 2937 1742 3011; baseline 0.001 -16"><span class='ocrx_word' id='word_1_326' title='bbox 156 2937 439 2995; x_wconf 82' lang='lat' dir='ltr'><strong>immobile</strong></span> <span class='ocrx_word' id='word_1_327' title='bbox 468 2939 848 3009; x_wconf 90' lang='lat' dir='ltr'><strong>omnipotentis</strong></span> <span class='ocrx_word' id='word_1_328' title='bbox 883 2939 1016 3007; x_wconf 91' lang='lat' dir='ltr'><strong>Dei,</strong></span> <span class='ocrx_word' id='word_1_329' title='bbox 1044 2947 1099 2995; x_wconf 90' lang='lat' dir='ltr'><strong>et</strong></span> <span class='ocrx_word' id='word_1_330' title='bbox 1126 2955 1345 3011; x_wconf 81' lang='lat' dir='ltr'><strong>regnum</strong></span> <span class='ocrx_word' id='word_1_331' title='bbox 1371 2940 1585 2997; x_wconf 88' lang='lat' dir='ltr'><strong>illorum</strong></span> <span class='ocrx_word' id='word_1_332' title='bbox 1614 2956 1742 2999; x_wconf 88' lang='lat' dir='ltr'><strong>con-</strong></span> 
     </span>
    </p>
   </div>
   <div class='ocr_carea' id='block_1_45' title="bbox 156 3031 1743 3104">
    <p class='ocr_par' dir='ltr' id='par_1_45' title="bbox 156 3031 1743 3104">
     <span class='ocr_line' id='line_1_45' title="bbox 156 3031 1743 3104; baseline 0.001 -17"><span class='ocrx_word' id='word_1_333' title='bbox 156 3031 437 3100; x_wconf 86' lang='lat' dir='ltr'><strong>templatio</strong></span> <span class='ocrx_word' id='word_1_334' title='bbox 457 3038 655 3088; x_wconf 86' lang='lat' dir='ltr'><strong>sanctae</strong></span> <span class='ocrx_word' id='word_1_335' title='bbox 671 3031 971 3089; x_wconf 88' lang='lat' dir='ltr'><strong>Trinitatis.</strong></span> <span class='ocrx_word' id='word_1_336' title='bbox 996 3032 1064 3087; x_wconf 90' lang='lat' dir='ltr'><strong>Et</strong></span> <span class='ocrx_word' id='word_1_337' title='bbox 1084 3033 1207 3103; x_wconf 89' lang='lat' dir='ltr'><strong>quia</strong></span> <span class='ocrx_word' id='word_1_338' title='bbox 1235 3033 1375 3089; x_wconf 89' lang='lat' dir='ltr'><strong>istud</strong></span> <span class='ocrx_word' id='word_1_339' title='bbox 1398 3048 1618 3104; x_wconf 82' lang='lat' dir='ltr'><strong>regnum</strong></span> <span class='ocrx_word' id='word_1_340' title='bbox 1643 3033 1743 3089; x_wconf 82' lang='lat' dir='ltr'><strong>im-</strong></span> 
     </span>
    </p>
   </div>
   <div class='ocr_carea' id='block_1_46' title="bbox 154 3122 1743 3195">
    <p class='ocr_par' dir='ltr' id='par_1_46' title="bbox 154 3122 1743 3195">
     <span class='ocr_line' id='line_1_46' title="bbox 154 3122 1743 3195; baseline 0.001 -16"><span class='ocrx_word' id='word_1_341' title='bbox 154 3122 365 3179; x_wconf 87' lang='lat' dir='ltr'><strong>mobile</strong></span> <span class='ocrx_word' id='word_1_342' title='bbox 384 3123 544 3179; x_wconf 90' lang='lat' dir='ltr'><strong>modo</strong></span> <span class='ocrx_word' id='word_1_343' title='bbox 561 3125 878 3195; x_wconf 89' lang='lat' dir='ltr'><strong>suscipimus</strong></span> <span class='ocrx_word' id='word_1_344' title='bbox 895 3124 948 3179; x_wconf 91' lang='lat' dir='ltr'><strong>in</strong></span> <span class='ocrx_word' id='word_1_345' title='bbox 965 3138 1079 3194; x_wconf 90' lang='lat' dir='ltr'><strong>spe,</strong></span> <span class='ocrx_word' id='word_1_346' title='bbox 1098 3124 1339 3180; x_wconf 85' lang='lat' dir='ltr'><strong>hortatur</strong></span> <span class='ocrx_word' id='word_1_347' title='bbox 1354 3125 1663 3193; x_wconf 84' lang='lat' dir='ltr'><strong>Apostolus,</strong></span> <span class='ocrx_word' id='word_1_348' title='bbox 1684 3136 1743 3181; x_wconf 93' lang='lat' dir='ltr'><strong>ut</strong></span> 
     </span>
    </p>
   </div>
   <div class='ocr_carea' id='block_1_47' title="bbox 155 3212 1736 3287">
    <p class='ocr_par' dir='ltr' id='par_1_47' title="bbox 155 3212 1736 3287">
     <span class='ocr_line' id='line_1_47' title="bbox 155 3212 1736 3287; baseline 0.002 -18"><span class='ocrx_word' id='word_1_349' title='bbox 155 3212 456 3271; x_wconf 83' lang='lat' dir='ltr'><strong>habeamus</strong></span> <span class='ocrx_word' id='word_1_350' title='bbox 482 3216 731 3287; x_wconf 82' lang='lat' dir='ltr'><strong>gratiam,</strong></span> <span class='ocrx_word' id='word_1_351' title='bbox 758 3230 852 3286; x_wconf 88' lang='lat' dir='ltr'><strong>per</strong></span> <span class='ocrx_word' id='word_1_352' title='bbox 880 3229 1038 3285; x_wconf 89' lang='lat' dir='ltr'><strong>quam</strong></span> <span class='ocrx_word' id='word_1_353' title='bbox 1062 3214 1355 3272; x_wconf 85' lang='lat' dir='ltr'><strong>serviamus</strong></span> <span class='ocrx_word' id='word_1_354' title='bbox 1378 3214 1490 3271; x_wconf 92' lang='lat' dir='ltr'><strong>Deo</strong></span> <span class='ocrx_word' id='word_1_355' title='bbox 1516 3216 1736 3285; x_wconf 89' lang='lat' dir='ltr'><strong>placen-</strong></span> 
     </span>
    </p>
   </div>
   <div class='ocr_carea' id='block_1_48' title="bbox 1849 2021 3428 2093">
    <p class='ocr_par' dir='ltr' id='par_1_48' title="bbox 1849 2021 3428 2093">
     <span class='ocr_line' id='line_1_48' title="bbox 1849 2021 3428 2093; baseline 0.003 -17"><span class='ocrx_word' id='word_1_356' title='bbox 1849 2033 1975 2076; x_wconf 89' lang='lat' dir='ltr'><strong>nem</strong></span> <span class='ocrx_word' id='word_1_357' title='bbox 2023 2021 2291 2091; x_wconf 91' lang='lat' dir='ltr'><strong>accipere,</strong></span> <span class='ocrx_word' id='word_1_358' title='bbox 2319 2028 2374 2077; x_wconf 91' lang='lat' dir='ltr'><strong>et</strong></span> <span class='ocrx_word' id='word_1_359' title='bbox 2417 2021 2578 2091; x_wconf 89' lang='lat' dir='ltr'><strong>Loth,</strong></span> <span class='ocrx_word' id='word_1_360' title='bbox 2619 2024 2712 2093; x_wconf 89' lang='lat' dir='ltr'><strong>qui</strong></span> <span class='ocrx_word' id='word_1_361' title='bbox 2744 2024 2995 2080; x_wconf 87' lang='lat' dir='ltr'><strong>liberatus</strong></span> <span class='ocrx_word' id='word_1_362' title='bbox 3019 2025 3194 2080; x_wconf 89' lang='lat' dir='ltr'><strong>estde</strong></span> <span class='ocrx_word' id='word_1_363' title='bbox 3217 2024 3428 2081; x_wconf 79' lang='lat' dir='ltr'><strong>excidio</strong></span> 
     </span>
    </p>
   </div>
   <div class='ocr_carea' id='block_1_49' title="bbox 1849 2108 3426 2185">
    <p class='ocr_par' dir='ltr' id='par_1_49' title="bbox 1849 2108 3426 2185">
     <span class='ocr_line' id='line_1_49' title="bbox 1849 2108 3426 2185; baseline 0.002 -17"><span class='ocrx_word' id='word_1_364' title='bbox 1849 2108 2228 2168; x_wconf 86' lang='lat' dir='ltr'><strong>Sodomorum.</strong></span> <span class='ocrx_word' id='word_1_365' title='bbox 2281 2112 2433 2169; x_wconf 87' lang='lat' dir='ltr'><strong>Unde</strong></span> <span class='ocrx_word' id='word_1_366' title='bbox 2473 2121 2528 2169; x_wconf 90' lang='lat' dir='ltr'><strong>et</strong></span> <span class='ocrx_word' id='word_1_367' title='bbox 2566 2112 2679 2185; x_wconf 89' lang='lat' dir='ltr'><strong>ipse</strong></span> <span class='ocrx_word' id='word_1_368' title='bbox 2704 2114 2868 2184; x_wconf 81' lang='lat' dir='ltr'><strong>judex</strong></span> <span class='ocrx_word' id='word_1_369' title='bbox 2906 2115 3146 2171; x_wconf 89' lang='lat' dir='ltr'><strong>omnium</strong></span> <span class='ocrx_word' id='word_1_370' title='bbox 3186 2115 3426 2172; x_wconf 86' lang='lat' dir='ltr'><strong>dicturus</strong></span> 
     </span>
    </p>
   </div>
   <div class='ocr_carea' id='block_1_50' title="bbox 1848 2202 3427 2272">
    <p class='ocr_par' dir='ltr' id='par_1_50' title="bbox 1848 2202 3427 2272">
     <span class='ocr_line' id='line_1_50' title="bbox 1848 2202 3427 2272; baseline 0.003 -15"><span class='ocrx_word' id='word_1_371' title='bbox 1848 2209 1933 2257; x_wconf 87' lang='lat' dir='ltr'><strong>est</strong></span> <span class='ocrx_word' id='word_1_372' title='bbox 1954 2202 2007 2257; x_wconf 91' lang='lat' dir='ltr'><strong>in</strong></span> <span class='ocrx_word' id='word_1_373' title='bbox 2032 2202 2120 2258; x_wconf 91' lang='lat' dir='ltr'><strong>die</strong></span> <span class='ocrx_word' id='word_1_374' title='bbox 2145 2202 2408 2259; x_wconf 81' lang='lat' dir='ltr'><strong>examinis</strong></span> <span class='ocrx_word' id='word_1_375' title='bbox 2436 2224 2452 2261; x_wconf 86' lang='lat'><strong>:</strong></span> <span class='ocrx_word' id='word_1_376' title='bbox 2481 2205 2727 2272; x_wconf 88' lang='lat' dir='ltr'><strong>Quandiu</strong></span> <span class='ocrx_word' id='word_1_377' title='bbox 2756 2205 2956 2261; x_wconf 89' lang='lat' dir='ltr'><strong>fecistis</strong></span> <span class='ocrx_word' id='word_1_378' title='bbox 2982 2206 3072 2260; x_wconf 91' lang='lat' dir='ltr'><strong>uni</strong></span> <span class='ocrx_word' id='word_1_379' title='bbox 3098 2220 3164 2262; x_wconf 81' lang='lat' dir='ltr'><strong>ex</strong></span> <span class='ocrx_word' id='word_1_380' title='bbox 3192 2207 3427 2261; x_wconf 87' lang='lat' dir='ltr'><strong>minimis</strong></span> 
     </span>
    </p>
   </div>
   <div class='ocr_carea' id='block_1_51' title="bbox 1845 2292 3424 2369">
    <p class='ocr_par' dir='ltr' id='par_1_51' title="bbox 1845 2292 3424 2369">
     <span class='ocr_line' id='line_1_51' title="bbox 1845 2292 3424 2369; baseline 0.003 -22"><span class='ocrx_word' id='word_1_381' title='bbox 1845 2292 2010 2361; x_wconf 89' lang='lat' dir='ltr'><strong>meis,</strong></span> <span class='ocrx_word' id='word_1_382' title='bbox 2044 2292 2172 2347; x_wconf 90' lang='lat' dir='ltr'><strong>mihi</strong></span> <span class='ocrx_word' id='word_1_383' title='bbox 2228 2293 2450 2350; x_wconf 82' lang='lat' dir='ltr'><strong>fecistis.</strong></span> <span class='ocrx_word' id='word_1_384' title='bbox 2491 2295 2795 2352; x_wconf 80' lang='lat' dir='ltr'><strong>Mementote</strong></span> <span class='ocrx_word' id='word_1_385' title='bbox 2848 2299 3130 2352; x_wconf 86' lang='lat' dir='ltr'><strong>vinctorum</strong></span> <span class='ocrx_word' id='word_1_386' title='bbox 3177 2307 3424 2369; x_wconf 85' lang='lat' dir='ltr'><strong>tanquam</strong></span> 
     </span>
    </p>
   </div>
   <div class='ocr_carea' id='block_1_52' title="bbox 1844 2382 3423 2458">
    <p class='ocr_par' dir='ltr' id='par_1_52' title="bbox 1844 2382 3423 2458">
     <span class='ocr_line' id='line_1_52' title="bbox 1844 2382 3423 2458; baseline 0.005 -21"><span class='ocrx_word' id='word_1_387' title='bbox 1844 2382 2000 2437; x_wconf 86' lang='lat' dir='ltr'><strong>simul</strong></span> <span class='ocrx_word' id='word_1_388' title='bbox 2024 2383 2198 2438; x_wconf 85' lang='lat' dir='ltr'><strong>vincti.</strong></span> <span class='ocrx_word' id='word_1_389' title='bbox 2228 2384 2340 2439; x_wconf 83' lang='lat' dir='ltr'><strong>Hoc</strong></span> <span class='ocrx_word' id='word_1_390' title='bbox 2365 2394 2467 2453; x_wconf 91' lang='lat' dir='ltr'><strong>est,</strong></span> <span class='ocrx_word' id='word_1_391' title='bbox 2497 2388 2635 2442; x_wconf 89' lang='lat' dir='ltr'><strong>sicut</strong></span> <span class='ocrx_word' id='word_1_392' title='bbox 2665 2390 2921 2458; x_wconf 88' lang='lat' dir='ltr'><strong>optaretis</strong></span> <span class='ocrx_word' id='word_1_393' title='bbox 2946 2390 3097 2445; x_wconf 87' lang='lat' dir='ltr'><strong>vobis</strong></span> <span class='ocrx_word' id='word_1_394' title='bbox 3124 2389 3423 2457; x_wconf 89' lang='lat' dir='ltr'><strong>subveniri,</strong></span> 
     </span>
    </p>
   </div>
   <div class='ocr_carea' id='block_1_53' title="bbox 1844 2470 3427 2542">
    <p class='ocr_par' dir='ltr' id='par_1_53' title="bbox 1844 2470 3427 2542">
     <span class='ocr_line' id='line_1_53' title="bbox 1844 2470 3427 2542; baseline 0.007 -18"><span class='ocrx_word' id='word_1_395' title='bbox 1844 2470 2117 2540; x_wconf 90' lang='lat' dir='ltr'><strong>vestrique</strong></span> <span class='ocrx_word' id='word_1_396' title='bbox 2139 2473 2470 2542; x_wconf 89' lang='lat' dir='ltr'><strong>meminisse,</strong></span> <span class='ocrx_word' id='word_1_397' title='bbox 2501 2476 2547 2531; x_wconf 87' lang='lat' dir='ltr'><strong>si</strong></span> <span class='ocrx_word' id='word_1_398' title='bbox 2573 2477 2761 2532; x_wconf 89' lang='lat' dir='ltr'><strong>essetis</strong></span> <span class='ocrx_word' id='word_1_399' title='bbox 2788 2479 2945 2534; x_wconf 90' lang='lat' dir='ltr'><strong>vincti</strong></span> <span class='ocrx_word' id='word_1_400' title='bbox 2978 2478 3032 2533; x_wconf 91' lang='lat' dir='ltr'><strong>in</strong></span> <span class='ocrx_word' id='word_1_401' title='bbox 3061 2492 3278 2535; x_wconf 88' lang='lat' dir='ltr'><strong>carcere</strong></span> <span class='ocrx_word' id='word_1_402' title='bbox 3304 2498 3320 2535; x_wconf 88' lang='lat'><strong>:</strong></span> <span class='ocrx_word' id='word_1_403' title='bbox 3351 2480 3427 2535; x_wconf 86' lang='lat' dir='ltr'><strong>ita</strong></span> 
     </span>
    </p>
   </div>
   <div class='ocr_carea' id='block_1_54' title="bbox 1845 2564 3425 2637">
    <p class='ocr_par' dir='ltr' id='par_1_54' title="bbox 1845 2564 3425 2637">
     <span class='ocr_line' id='line_1_54' title="bbox 1845 2564 3425 2637; baseline 0.003 -20"><span class='ocrx_word' id='word_1_404' title='bbox 1845 2571 2171 2619; x_wconf 87' lang='lat' dir='ltr'><strong>mementote</strong></span> <span class='ocrx_word' id='word_1_405' title='bbox 2198 2564 2409 2620; x_wconf 91' lang='lat' dir='ltr'><strong>illorum</strong></span> <span class='ocrx_word' id='word_1_406' title='bbox 2441 2566 2529 2636; x_wconf 88' lang='lat' dir='ltr'><strong>qui</strong></span> <span class='ocrx_word' id='word_1_407' title='bbox 2569 2581 2663 2637; x_wconf 88' lang='lat' dir='ltr'><strong>pro</strong></span> <span class='ocrx_word' id='word_1_408' title='bbox 2692 2566 2797 2623; x_wconf 80' lang='lat' dir='ltr'><strong>fide</strong></span> <span class='ocrx_word' id='word_1_409' title='bbox 2836 2567 3034 2625; x_wconf 80' lang='lat' dir='ltr'><strong>Christi</strong></span> <span class='ocrx_word' id='word_1_410' title='bbox 3065 2568 3318 2625; x_wconf 84' lang='lat' dir='ltr'><strong>vincuiati</strong></span> <span class='ocrx_word' id='word_1_411' title='bbox 3345 2575 3425 2622; x_wconf 87' lang='lat' dir='ltr'><strong>tc-</strong></span> 
     </span>
    </p>
   </div>
   <div class='ocr_carea' id='block_1_55' title="bbox 1843 2657 3425 2734">
    <p class='ocr_par' dir='ltr' id='par_1_55' title="bbox 1843 2657 3425 2734">
     <span class='ocr_line' id='line_1_55' title="bbox 1843 2657 3425 2734; baseline 0.002 -22"><span class='ocrx_word' id='word_1_412' title='bbox 1843 2662 2062 2712; x_wconf 88' lang='lat' dir='ltr'><strong>nentur.</strong></span> <span class='ocrx_word' id='word_1_413' title='bbox 2110 2657 2175 2711; x_wconf 77' lang='lat' dir='ltr'><strong>Et</strong></span> <span class='ocrx_word' id='word_1_414' title='bbox 2225 2659 2586 2725; x_wconf 79' lang='lat' dir='ltr'><strong>laborantium,</strong></span> <span class='ocrx_word' id='word_1_415' title='bbox 2636 2668 2877 2732; x_wconf 83' lang='lat' dir='ltr'><strong>tanquam</strong></span> <span class='ocrx_word' id='word_1_416' title='bbox 2905 2668 2953 2716; x_wconf 83' lang='lat' dir='ltr'><strong>et</strong></span> <span class='ocrx_word' id='word_1_417' title='bbox 2981 2662 3083 2734; x_wconf 86' lang='lat' dir='ltr'><strong>ipsi</strong></span> <span class='ocrx_word' id='word_1_418' title='bbox 3119 2662 3173 2716; x_wconf 87' lang='lat' dir='ltr'><strong>in</strong></span> <span class='ocrx_word' id='word_1_419' title='bbox 3210 2669 3425 2731; x_wconf 77' lang='lat' dir='ltr'><strong>serpere</strong></span> 
     </span>
    </p>
   </div>
   <div class='ocr_carea' id='block_1_56' title="bbox 1843 2749 3423 2824">
    <p class='ocr_par' dir='ltr' id='par_1_56' title="bbox 1843 2749 3423 2824">
     <span class='ocr_line' id='line_1_56' title="bbox 1843 2749 3423 2824; baseline 0.004 -23"><span class='ocrx_word' id='word_1_420' title='bbox 1843 2759 2115 2802; x_wconf 84' lang='lat' dir='ltr'><strong>morantes.</strong></span> <span class='ocrx_word' id='word_1_421' title='bbox 2168 2749 2322 2817; x_wconf 85' lang='lat' dir='ltr'><strong>Quod</strong></span> <span class='ocrx_word' id='word_1_422' title='bbox 2366 2760 2451 2806; x_wconf 91' lang='lat' dir='ltr'><strong>est</strong></span> <span class='ocrx_word' id='word_1_423' title='bbox 2494 2750 2673 2808; x_wconf 92' lang='lat' dir='ltr'><strong>dicere</strong></span> <span class='ocrx_word' id='word_1_424' title='bbox 2707 2770 2720 2806; x_wconf 93' lang='lat'><strong>:</strong></span> <span class='ocrx_word' id='word_1_425' title='bbox 2754 2753 2888 2820; x_wconf 88' lang='lat' dir='ltr'><strong>Quia</strong></span> <span class='ocrx_word' id='word_1_426' title='bbox 2920 2754 2974 2809; x_wconf 91' lang='lat' dir='ltr'><strong>in</strong></span> <span class='ocrx_word' id='word_1_427' title='bbox 3000 2767 3222 2824; x_wconf 87' lang='lat' dir='ltr'><strong>corpore</strong></span> <span class='ocrx_word' id='word_1_428' title='bbox 3247 2753 3423 2808; x_wconf 89' lang='lat' dir='ltr'><strong>adhuc</strong></span> 
     </span>
    </p>
   </div>
   <div class='ocr_carea' id='block_1_57' title="bbox 1842 2840 3417 2915">
    <p class='ocr_par' dir='ltr' id='par_1_57' title="bbox 1842 2840 3417 2915">
     <span class='ocr_line' id='line_1_57' title="bbox 1842 2840 3417 2915; baseline 0.002 -20"><span class='ocrx_word' id='word_1_429' title='bbox 1842 2840 1971 2895; x_wconf 88' lang='lat' dir='ltr'><strong>estis</strong></span> <span class='ocrx_word' id='word_1_430' title='bbox 2022 2850 2320 2907; x_wconf 87' lang='lat' dir='ltr'><strong>morantes,</strong></span> <span class='ocrx_word' id='word_1_431' title='bbox 2373 2857 2465 2911; x_wconf 79' lang='lat' dir='ltr'><strong>per</strong></span> <span class='ocrx_word' id='word_1_432' title='bbox 2504 2843 2645 2913; x_wconf 88' lang='lat' dir='ltr'><strong>quod</strong></span> <span class='ocrx_word' id='word_1_433' title='bbox 2675 2844 3041 2912; x_wconf 86' lang='lat' dir='ltr'><strong>experimento</strong></span> <span class='ocrx_word' id='word_1_434' title='bbox 3066 2844 3417 2915; x_wconf 84' lang='lat' dir='ltr'><strong>cognoscitis,</strong></span> 
     </span>
    </p>
   </div>
   <div class='ocr_carea' id='block_1_58' title="bbox 1841 2926 3420 2999">
    <p class='ocr_par' dir='ltr' id='par_1_58' title="bbox 1841 2926 3420 2999">
     <span class='ocr_line' id='line_1_58' title="bbox 1841 2926 3420 2999; baseline 0.004 -17"><span class='ocrx_word' id='word_1_435' title='bbox 1841 2926 1967 2997; x_wconf 91' lang='lat' dir='ltr'><strong>quid</strong></span> <span class='ocrx_word' id='word_1_436' title='bbox 2015 2942 2236 2985; x_wconf 85' lang='lat' dir='ltr'><strong>necesse</strong></span> <span class='ocrx_word' id='word_1_437' title='bbox 2279 2930 2349 2985; x_wconf 91' lang='lat' dir='ltr'><strong>sit</strong></span> <span class='ocrx_word' id='word_1_438' title='bbox 2395 2930 2787 2999; x_wconf 88' lang='lat' dir='ltr'><strong>laborantibus,</strong></span> <span class='ocrx_word' id='word_1_439' title='bbox 2831 2941 3157 2991; x_wconf 88' lang='lat' dir='ltr'><strong>mementote</strong></span> <span class='ocrx_word' id='word_1_440' title='bbox 3204 2934 3420 2989; x_wconf 88' lang='lat' dir='ltr'><strong>illorum</strong></span> 
     </span>
    </p>
   </div>
   <div class='ocr_carea' id='block_1_59' title="bbox 1841 3021 3414 3097">
    <p class='ocr_par' dir='ltr' id='par_1_59' title="bbox 1841 3021 3414 3097">
     <span class='ocr_line' id='line_1_59' title="bbox 1841 3021 3414 3097; baseline 0.005 -23"><span class='ocrx_word' id='word_1_441' title='bbox 1841 3021 1930 3090; x_wconf 90' lang='lat' dir='ltr'><strong>qui</strong></span> <span class='ocrx_word' id='word_1_442' title='bbox 1978 3021 2221 3077; x_wconf 88' lang='lat' dir='ltr'><strong>laborant</strong></span> <span class='ocrx_word' id='word_1_443' title='bbox 2262 3023 2315 3077; x_wconf 92' lang='lat' dir='ltr'><strong>in</strong></span> <span class='ocrx_word' id='word_1_444' title='bbox 2365 3024 2607 3080; x_wconf 86' lang='lat' dir='ltr'><strong>doctrina</strong></span> <span class='ocrx_word' id='word_1_445' title='bbox 2650 3033 2705 3081; x_wconf 91' lang='lat' dir='ltr'><strong>et</strong></span> <span class='ocrx_word' id='word_1_446' title='bbox 2744 3026 2798 3082; x_wconf 91' lang='lat' dir='ltr'><strong>in</strong></span> <span class='ocrx_word' id='word_1_447' title='bbox 2838 3027 3150 3097; x_wconf 85' lang='lat' dir='ltr'><strong>operatione</strong></span> <span class='ocrx_word' id='word_1_448' title='bbox 3188 3034 3414 3094; x_wconf 88' lang='lat' dir='ltr'><strong>sancta,</strong></span> 
     </span>
    </p>
   </div>
   <div class='ocr_carea' id='block_1_60' title="bbox 1840 3113 3418 3189">
    <p class='ocr_par' dir='ltr' id='par_1_60' title="bbox 1840 3113 3418 3189">
     <span class='ocr_line' id='line_1_60' title="bbox 1840 3113 3418 3189; baseline 0.004 -22"><span class='ocrx_word' id='word_1_449' title='bbox 1840 3113 2291 3171; x_wconf 90' lang='lat' dir='ltr'><strong>subministrando</strong></span> <span class='ocrx_word' id='word_1_450' title='bbox 2318 3116 2515 3172; x_wconf 87' lang='lat' dir='ltr'><strong>victum</strong></span> <span class='ocrx_word' id='word_1_451' title='bbox 2562 3128 2616 3173; x_wconf 91' lang='lat' dir='ltr'><strong>et</strong></span> <span class='ocrx_word' id='word_1_452' title='bbox 2644 3121 3051 3189; x_wconf 88' lang='lat' dir='ltr'><strong>vestimentum,</strong></span> <span class='ocrx_word' id='word_1_453' title='bbox 3087 3120 3225 3176; x_wconf 91' lang='lat' dir='ltr'><strong>sicut</strong></span> <span class='ocrx_word' id='word_1_454' title='bbox 3248 3120 3418 3175; x_wconf 86' lang='lat' dir='ltr'><strong>velle-</strong></span> 
     </span>
    </p>
   </div>
   <div class='ocr_carea' id='block_1_61' title="bbox 1840 3202 3414 3280">
    <p class='ocr_par' dir='ltr' id='par_1_61' title="bbox 1840 3202 3414 3280">
     <span class='ocr_line' id='line_1_61' title="bbox 1840 3202 3414 3280; baseline 0.003 -22"><span class='ocrx_word' id='word_1_455' title='bbox 1840 3202 1909 3259; x_wconf 90' lang='lat' dir='ltr'><strong>tis</strong></span> <span class='ocrx_word' id='word_1_456' title='bbox 1936 3206 2096 3260; x_wconf 90' lang='lat' dir='ltr'><strong>vestri</strong></span> <span class='ocrx_word' id='word_1_457' title='bbox 2124 3207 2454 3272; x_wconf 88' lang='lat' dir='ltr'><strong>meminisse,</strong></span> <span class='ocrx_word' id='word_1_458' title='bbox 2487 3208 2532 3263; x_wconf 89' lang='lat' dir='ltr'><strong>si</strong></span> <span class='ocrx_word' id='word_1_459' title='bbox 2563 3209 2737 3264; x_wconf 85' lang='lat' dir='ltr'><strong>taliter</strong></span> <span class='ocrx_word' id='word_1_460' title='bbox 2763 3211 3083 3268; x_wconf 88' lang='lat' dir='ltr'><strong>laboraretis</strong></span> <span class='ocrx_word' id='word_1_461' title='bbox 3128 3226 3144 3266; x_wconf 87' lang='lat'><strong>:</strong></span> <span class='ocrx_word' id='word_1_462' title='bbox 3185 3223 3283 3280; x_wconf 87' lang='lat' dir='ltr'><strong>per</strong></span> <span class='ocrx_word' id='word_1_463' title='bbox 3309 3209 3414 3264; x_wconf 88' lang='lat' dir='ltr'><strong>hoc</strong></span> 
     </span>
    </p>
   </div>
   <div class='ocr_carea' id='block_1_62' title="bbox 151 3293 3412 3379">
    <p class='ocr_par' dir='ltr' id='par_1_62' title="bbox 151 3293 3412 3379">
     <span class='ocr_line' id='line_1_62' title="bbox 151 3293 3412 3379; baseline 0.001 -16"><span class='ocrx_word' id='word_1_464' title='bbox 151 3315 247 3363; x_wconf 91' lang='lat' dir='ltr'><strong>tes</strong></span> <span class='ocrx_word' id='word_1_465' title='bbox 271 3306 370 3363; x_wconf 90' lang='lat' dir='ltr'><strong>illi.</strong></span> <span class='ocrx_word' id='word_1_466' title='bbox 404 3307 639 3364; x_wconf 87' lang='lat' dir='ltr'><strong>Gratiam</strong></span> <span class='ocrx_word' id='word_1_467' title='bbox 660 3316 839 3365; x_wconf 90' lang='lat' dir='ltr'><strong>autem</strong></span> <span class='ocrx_word' id='word_1_468' title='bbox 861 3308 991 3365; x_wconf 90' lang='lat' dir='ltr'><strong>dicit</strong></span> <span class='ocrx_word' id='word_1_469' title='bbox 1012 3308 1170 3364; x_wconf 87' lang='lat' dir='ltr'><strong>iidem</strong></span> <span class='ocrx_word' id='word_1_470' title='bbox 1190 3317 1423 3377; x_wconf 89' lang='lat' dir='ltr'><strong>rectam,</strong></span> <span class='ocrx_word' id='word_1_471' title='bbox 1446 3322 1597 3379; x_wconf 90' lang='lat' dir='ltr'><strong>spem</strong></span> <span class='ocrx_word' id='word_1_472' title='bbox 1623 3324 1740 3366; x_wconf 77' lang='lat' dir='ltr'><strong>cer-</strong></span> <span class='ocrx_word' id='word_1_473' title='bbox 1763 3297 1811 3363; x_wconf 90' lang='lat' dir='ltr'><strong><em>C</em></strong></span> <span class='ocrx_word' id='word_1_474' title='bbox 1841 3293 1984 3349; x_wconf 67' lang='lat' dir='ltr'><strong>enim</strong></span> <span class='ocrx_word' id='word_1_475' title='bbox 2027 3294 2147 3364; x_wconf 70' lang='grc' dir='ltr'><strong>(ἰυῖδ</strong></span> <span class='ocrx_word' id='word_1_476' title='bbox 2190 3297 2243 3351; x_wconf 72' lang='lat' dir='ltr'><strong>in</strong></span> <span class='ocrx_word' id='word_1_477' title='bbox 2283 3310 2508 3366; x_wconf 65' lang='lat' dir='ltr'><strong>corpore</strong></span> <span class='ocrx_word' id='word_1_478' title='bbox 2536 3300 2750 3355; x_wconf 67' lang='grc' dir='ltr'><strong>ηιοηθιί</strong></span> <span class='ocrx_word' id='word_1_479' title='bbox 2779 3301 3024 3368; x_wconf 71' lang='lat' dir='ltr'><strong>manelis.</strong></span> <span class='ocrx_word' id='word_1_480' title='bbox 3059 3300 3197 3357; x_wconf 62' lang='lat' dir='ltr'><strong>sicut</strong></span> <span class='ocrx_word' id='word_1_481' title='bbox 3222 3309 3279 3357; x_wconf 75' lang='grc' dir='ltr'><strong>ει</strong></span> <span class='ocrx_word' id='word_1_482' title='bbox 3302 3300 3412 3367; x_wconf 63' lang='lat' dir='ltr'><strong>illi,</strong></span> 
     </span>
    </p>
   </div>
   <div class='ocr_carea' id='block_1_63' title="bbox 150 3399 1733 3470">
    <p class='ocr_par' dir='ltr' id='par_1_63' title="bbox 150 3399 1733 3470">
     <span class='ocr_line' id='line_1_63' title="bbox 150 3399 1733 3470; baseline 0.001 -15"><span class='ocrx_word' id='word_1_483' title='bbox 150 3406 270 3455; x_wconf 81' lang='lat' dir='ltr'><strong>tam</strong></span> <span class='ocrx_word' id='word_1_484' title='bbox 290 3438 306 3466; x_wconf 92' lang='lat'><strong>,</strong></span> <span class='ocrx_word' id='word_1_485' title='bbox 333 3399 962 3470; x_wconf 80' lang='lat' dir='ltr'><strong>charitatem&#39;perfectam</strong></span> <span class='ocrx_word' id='word_1_486' title='bbox 986 3442 1002 3468; x_wconf 91' lang='lat'><strong>,</strong></span> <span class='ocrx_word' id='word_1_487' title='bbox 1032 3414 1153 3456; x_wconf 90' lang='lat' dir='ltr'><strong>cum</strong></span> <span class='ocrx_word' id='word_1_488' title='bbox 1183 3402 1496 3469; x_wconf 82' lang='lat' dir='ltr'><strong>Operatione</strong></span> <span class='ocrx_word' id='word_1_489' title='bbox 1517 3411 1697 3457; x_wconf 87' lang='lat' dir='ltr'><strong>sancta</strong></span> <span class='ocrx_word' id='word_1_490' title='bbox 1717 3442 1733 3469; x_wconf 93' lang='lat'><strong>,</strong></span> 
     </span>
    </p>
   </div>
   <div class='ocr_carea' id='block_1_64' title="bbox 148 3493 1735 3565">
    <p class='ocr_par' dir='ltr' id='par_1_64' title="bbox 148 3493 1735 3565">
     <span class='ocr_line' id='line_1_64' title="bbox 148 3493 1735 3565; baseline 0.004 -19"><span class='ocrx_word' id='word_1_491' title='bbox 148 3505 259 3563; x_wconf 88' lang='lat' dir='ltr'><strong>per</strong></span> <span class='ocrx_word' id='word_1_492' title='bbox 298 3507 417 3563; x_wconf 66' lang='lat' dir='ltr'><strong>quas</strong></span> <span class='ocrx_word' id='word_1_493' title='bbox 455 3493 712 3550; x_wconf 91' lang='lat' dir='ltr'><strong>debemus</strong></span> <span class='ocrx_word' id='word_1_494' title='bbox 754 3494 867 3552; x_wconf 91' lang='lat' dir='ltr'><strong>Deo</strong></span> <span class='ocrx_word' id='word_1_495' title='bbox 894 3494 1099 3550; x_wconf 91' lang='lat' dir='ltr'><strong>servire</strong></span> <span class='ocrx_word' id='word_1_496' title='bbox 1126 3508 1247 3550; x_wconf 88' lang='lat' dir='ltr'><strong>cum</strong></span> <span class='ocrx_word' id='word_1_497' title='bbox 1280 3504 1444 3565; x_wconf 88' lang='lat' dir='ltr'><strong>metu,</strong></span> <span class='ocrx_word' id='word_1_498' title='bbox 1484 3495 1735 3552; x_wconf 87' lang='lat' dir='ltr'><strong>timentes</strong></span> 
     </span>
    </p>
   </div>
   <div class='ocr_carea' id='block_1_65' title="bbox 148 3584 1737 3656">
    <p class='ocr_par' dir='ltr' id='par_1_65' title="bbox 148 3584 1737 3656">
     <span class='ocr_line' id='line_1_65' title="bbox 148 3584 1737 3656; baseline 0.004 -16"><span class='ocrx_word' id='word_1_499' title='bbox 148 3584 309 3640; x_wconf 89' lang='lat' dir='ltr'><strong>illum</strong></span> <span class='ocrx_word' id='word_1_500' title='bbox 335 3592 395 3639; x_wconf 92' lang='lat' dir='ltr'><strong>ut</strong></span> <span class='ocrx_word' id='word_1_501' title='bbox 418 3584 589 3640; x_wconf 90' lang='lat' dir='ltr'><strong>Deum</strong></span> <span class='ocrx_word' id='word_1_502' title='bbox 617 3592 671 3641; x_wconf 89' lang='lat' dir='ltr'><strong>et</strong></span> <span class='ocrx_word' id='word_1_503' title='bbox 696 3584 925 3656; x_wconf 81' lang='lat' dir='ltr'><strong>iudicem</strong></span> <span class='ocrx_word' id='word_1_504' title='bbox 954 3586 1221 3654; x_wconf 88' lang='lat' dir='ltr'><strong>omnium,</strong></span> <span class='ocrx_word' id='word_1_505' title='bbox 1251 3594 1308 3643; x_wconf 90' lang='lat' dir='ltr'><strong>et</strong></span> <span class='ocrx_word' id='word_1_506' title='bbox 1334 3602 1454 3643; x_wconf 91' lang='lat' dir='ltr'><strong>cum</strong></span> <span class='ocrx_word' id='word_1_507' title='bbox 1484 3601 1737 3646; x_wconf 88' lang='lat' dir='ltr'><strong>reveren-</strong></span> 
     </span>
    </p>
   </div>
   <div class='ocr_carea' id='block_1_66' title="bbox 150 3672 1733 3748">
    <p class='ocr_par' dir='ltr' id='par_1_66' title="bbox 150 3672 1733 3748">
     <span class='ocr_line' id='line_1_66' title="bbox 150 3672 1733 3748; baseline 0.003 -18"><span class='ocrx_word' id='word_1_508' title='bbox 150 3674 232 3730; x_wconf 87' lang='lat' dir='ltr'><strong>tia</strong></span> <span class='ocrx_word' id='word_1_509' title='bbox 253 3672 532 3746; x_wconf 86' lang='lat' dir='ltr'><strong>diligentes</strong></span> <span class='ocrx_word' id='word_1_510' title='bbox 552 3676 702 3732; x_wconf 91' lang='lat' dir='ltr'><strong>illum</strong></span> <span class='ocrx_word' id='word_1_511' title='bbox 721 3684 781 3733; x_wconf 91' lang='lat' dir='ltr'><strong>ut</strong></span> <span class='ocrx_word' id='word_1_512' title='bbox 805 3686 1032 3748; x_wconf 89' lang='lat' dir='ltr'><strong>patrem.</strong></span> <span class='ocrx_word' id='word_1_513' title='bbox 1051 3677 1264 3734; x_wconf 87' lang='lat' dir='ltr'><strong>Timere</strong></span> <span class='ocrx_word' id='word_1_514' title='bbox 1286 3679 1430 3735; x_wconf 91' lang='lat' dir='ltr'><strong>enim</strong></span> <span class='ocrx_word' id='word_1_515' title='bbox 1452 3679 1733 3748; x_wconf 80' lang='lat' dir='ltr'><strong>debemus,</strong></span> 
     </span>
    </p>
   </div>
   <div class='ocr_carea' id='block_1_67' title="bbox 151 3767 1735 3840">
    <p class='ocr_par' dir='ltr' id='par_1_67' title="bbox 151 3767 1735 3840">
     <span class='ocr_line' id='line_1_67' title="bbox 151 3767 1735 3840; baseline 0.001 -19"><span class='ocrx_word' id='word_1_516' title='bbox 151 3775 217 3822; x_wconf 86' lang='lat' dir='ltr'><strong>et</strong></span> <span class='ocrx_word' id='word_1_517' title='bbox 250 3781 316 3822; x_wconf 90' lang='lat' dir='ltr'><strong>ne</strong></span> <span class='ocrx_word' id='word_1_518' title='bbox 345 3767 429 3822; x_wconf 88' lang='lat' dir='ltr'><strong>hic</strong></span> <span class='ocrx_word' id='word_1_519' title='bbox 457 3767 815 3838; x_wconf 84' lang='lat' dir='ltr'><strong>ﬂagellemur,</strong></span> <span class='ocrx_word' id='word_1_520' title='bbox 848 3776 903 3825; x_wconf 85' lang='lat' dir='ltr'><strong>et</strong></span> <span class='ocrx_word' id='word_1_521' title='bbox 929 3769 1272 3839; x_wconf 85' lang='lat' dir='ltr'><strong>postmodum</strong></span> <span class='ocrx_word' id='word_1_522' title='bbox 1305 3782 1336 3823; x_wconf 89' lang='lat' dir='ltr'><strong>a</strong></span> <span class='ocrx_word' id='word_1_523' title='bbox 1366 3769 1553 3839; x_wconf 84' lang='lat' dir='ltr'><strong>requie</strong></span> <span class='ocrx_word' id='word_1_524' title='bbox 1580 3784 1735 3840; x_wconf 87' lang='lat' dir='ltr'><strong>sepa-</strong></span> 
     </span>
    </p>
   </div>
   <div class='ocr_carea' id='block_1_68' title="bbox 154 3856 1736 3931">
    <p class='ocr_par' dir='ltr' id='par_1_68' title="bbox 154 3856 1736 3931">
     <span class='ocr_line' id='line_1_68' title="bbox 154 3856 1736 3931; baseline 0.002 -18"><span class='ocrx_word' id='word_1_525' title='bbox 154 3870 360 3913; x_wconf 66' lang='lat' dir='ltr'><strong>remur.</strong></span> <span class='ocrx_word' id='word_1_526' title='bbox 392 3856 595 3913; x_wconf 81' lang='lat' dir='ltr'><strong>Etenim</strong></span> <span class='ocrx_word' id='word_1_527' title='bbox 623 3858 763 3915; x_wconf 83' lang='lat' dir='ltr'><strong>Deus</strong></span> <span class='ocrx_word' id='word_1_528' title='bbox 795 3868 965 3917; x_wconf 86' lang='lat' dir='ltr'><strong>noster</strong></span> <span class='ocrx_word' id='word_1_529' title='bbox 989 3860 1119 3931; x_wconf 83' lang='lat' dir='ltr'><strong>ignis</strong></span> <span class='ocrx_word' id='word_1_530' title='bbox 1144 3874 1442 3914; x_wconf 85' lang='lat' dir='ltr'><strong>consumens</strong></span> <span class='ocrx_word' id='word_1_531' title='bbox 1464 3870 1559 3916; x_wconf 87' lang='lat' dir='ltr'><strong>est.</strong></span> <span class='ocrx_word' id='word_1_532' title='bbox 1592 3858 1736 3916; x_wconf 91' lang='lat' dir='ltr'><strong>Deus</strong></span> 
     </span>
    </p>
   </div>
   <div class='ocr_carea' id='block_1_69' title="bbox 153 3951 1734 4024">
    <p class='ocr_par' dir='ltr' id='par_1_69' title="bbox 153 3951 1734 4024">
     <span class='ocr_line' id='line_1_69' title="bbox 153 3951 1734 4024; baseline 0.001 -18"><span class='ocrx_word' id='word_1_533' title='bbox 153 3951 496 4022; x_wconf 91' lang='lat' dir='ltr'><strong>omnipotens</strong></span> <span class='ocrx_word' id='word_1_534' title='bbox 522 3951 659 4022; x_wconf 86' lang='lat' dir='ltr'><strong>ignis</strong></span> <span class='ocrx_word' id='word_1_535' title='bbox 683 3954 1002 4024; x_wconf 89' lang='lat' dir='ltr'><strong>appellatur,</strong></span> <span class='ocrx_word' id='word_1_536' title='bbox 1028 3967 1134 4009; x_wconf 92' lang='lat' dir='ltr'><strong>non</strong></span> <span class='ocrx_word' id='word_1_537' title='bbox 1182 3961 1240 4009; x_wconf 89' lang='lat' dir='ltr'><strong>ut</strong></span> <span class='ocrx_word' id='word_1_538' title='bbox 1267 3953 1543 4009; x_wconf 86' lang='lat' dir='ltr'><strong>materiam</strong></span> <span class='ocrx_word' id='word_1_539' title='bbox 1573 3968 1734 4024; x_wconf 90' lang='lat' dir='ltr'><strong>quam</strong></span> 
     </span>
    </p>
   </div>
   <div class='ocr_carea' id='block_1_70' title="bbox 153 4043 1733 4114">
    <p class='ocr_par' dir='ltr' id='par_1_70' title="bbox 153 4043 1733 4114">
     <span class='ocr_line' id='line_1_70' title="bbox 153 4043 1733 4114; baseline 0.001 -16"><span class='ocrx_word' id='word_1_540' title='bbox 153 4043 304 4110; x_wconf 84' lang='lat' dir='ltr'><strong>fecit,</strong></span> <span class='ocrx_word' id='word_1_541' title='bbox 334 4053 643 4114; x_wconf 89' lang='lat' dir='ltr'><strong>consumat,</strong></span> <span class='ocrx_word' id='word_1_542' title='bbox 678 4046 772 4101; x_wconf 90' lang='lat' dir='ltr'><strong>sed</strong></span> <span class='ocrx_word' id='word_1_543' title='bbox 813 4060 971 4113; x_wconf 88' lang='lat' dir='ltr'><strong>quam</strong></span> <span class='ocrx_word' id='word_1_544' title='bbox 1002 4046 1239 4100; x_wconf 83' lang='lat' dir='ltr'><strong>exterius</strong></span> <span class='ocrx_word' id='word_1_545' title='bbox 1281 4044 1445 4100; x_wconf 91' lang='lat' dir='ltr'><strong>homo</strong></span> <span class='ocrx_word' id='word_1_546' title='bbox 1486 4046 1733 4110; x_wconf 87' lang='lat' dir='ltr'><strong>attrahit,</strong></span> 
     </span>
    </p>
   </div>
   <div class='ocr_carea' id='block_1_71' title="bbox 154 4134 1736 4208">
    <p class='ocr_par' dir='ltr' id='par_1_71' title="bbox 154 4134 1736 4208">
     <span class='ocr_line' id='line_1_71' title="bbox 154 4134 1736 4208; baseline 0 -16"><span class='ocrx_word' id='word_1_547' title='bbox 154 4134 458 4206; x_wconf 86' lang='lat' dir='ltr'><strong>rubiginem</strong></span> <span class='ocrx_word' id='word_1_548' title='bbox 488 4137 699 4193; x_wconf 90' lang='lat' dir='ltr'><strong>scilicet</strong></span> <span class='ocrx_word' id='word_1_549' title='bbox 725 4145 1097 4208; x_wconf 88' lang='lat' dir='ltr'><strong>peccatorum;</strong></span> <span class='ocrx_word' id='word_1_550' title='bbox 1131 4151 1239 4191; x_wconf 90' lang='lat' dir='ltr'><strong>non</strong></span> <span class='ocrx_word' id='word_1_551' title='bbox 1272 4137 1412 4191; x_wconf 90' lang='lat' dir='ltr'><strong>enim</strong></span> <span class='ocrx_word' id='word_1_552' title='bbox 1449 4137 1577 4192; x_wconf 89' lang='lat' dir='ltr'><strong>illud</strong></span> <span class='ocrx_word' id='word_1_553' title='bbox 1606 4152 1736 4192; x_wconf 92' lang='lat' dir='ltr'><strong>con-</strong></span> 
     </span>
    </p>
   </div>
   <div class='ocr_carea' id='block_1_72' title="bbox 154 4226 1736 4299">
    <p class='ocr_par' dir='ltr' id='par_1_72' title="bbox 154 4226 1736 4299">
     <span class='ocr_line' id='line_1_72' title="bbox 154 4226 1736 4299; baseline 0.001 -18"><span class='ocrx_word' id='word_1_554' title='bbox 154 4228 325 4281; x_wconf 83' lang='lat' dir='ltr'><strong>sumit</strong></span> <span class='ocrx_word' id='word_1_555' title='bbox 347 4227 489 4298; x_wconf 90' lang='lat' dir='ltr'><strong>quod</strong></span> <span class='ocrx_word' id='word_1_556' title='bbox 518 4226 633 4299; x_wconf 88' lang='lat' dir='ltr'><strong>ipse</strong></span> <span class='ocrx_word' id='word_1_557' title='bbox 659 4228 805 4297; x_wconf 87' lang='lat' dir='ltr'><strong>fecit,</strong></span> <span class='ocrx_word' id='word_1_558' title='bbox 838 4228 934 4284; x_wconf 90' lang='lat' dir='ltr'><strong>sed</strong></span> <span class='ocrx_word' id='word_1_559' title='bbox 960 4228 1099 4298; x_wconf 91' lang='lat' dir='ltr'><strong>quod</strong></span> <span class='ocrx_word' id='word_1_560' title='bbox 1125 4226 1324 4281; x_wconf 90' lang='lat' dir='ltr'><strong>malitia</strong></span> <span class='ocrx_word' id='word_1_561' title='bbox 1354 4227 1629 4281; x_wconf 88' lang='lat' dir='ltr'><strong>hominum</strong></span> <span class='ocrx_word' id='word_1_562' title='bbox 1656 4228 1736 4283; x_wconf 90' lang='lat' dir='ltr'><strong>in-</strong></span> 
     </span>
    </p>
   </div>
   <div class='ocr_carea' id='block_1_73' title="bbox 155 4317 1738 4390">
    <p class='ocr_par' dir='ltr' id='par_1_73' title="bbox 155 4317 1738 4390">
     <span class='ocr_line' id='line_1_73' title="bbox 155 4317 1738 4390; baseline 0.001 -18"><span class='ocrx_word' id='word_1_563' title='bbox 155 4317 296 4373; x_wconf 88' lang='lat' dir='ltr'><strong>tulit.</strong></span> <span class='ocrx_word' id='word_1_564' title='bbox 346 4318 468 4390; x_wconf 87' lang='lat' dir='ltr'><strong>Agit</strong></span> <span class='ocrx_word' id='word_1_565' title='bbox 505 4328 559 4376; x_wconf 90' lang='lat' dir='ltr'><strong>et</strong></span> <span class='ocrx_word' id='word_1_566' title='bbox 605 4319 750 4374; x_wconf 88' lang='lat' dir='ltr'><strong>aliud</strong></span> <span class='ocrx_word' id='word_1_567' title='bbox 796 4319 899 4375; x_wconf 92' lang='lat' dir='ltr'><strong>iste</strong></span> <span class='ocrx_word' id='word_1_568' title='bbox 941 4319 1106 4388; x_wconf 78' lang='lat' dir='ltr'><strong>ignis,</strong></span> <span class='ocrx_word' id='word_1_569' title='bbox 1137 4317 1262 4374; x_wconf 87' lang='lat' dir='ltr'><strong>dum</strong></span> <span class='ocrx_word' id='word_1_570' title='bbox 1300 4317 1462 4373; x_wconf 90' lang='lat' dir='ltr'><strong>corda</strong></span> <span class='ocrx_word' id='word_1_571' title='bbox 1490 4318 1738 4373; x_wconf 81' lang='lat' dir='ltr'><strong>videlicet</strong></span> 
     </span>
    </p>
   </div>
   <div class='ocr_carea' id='block_1_74' title="bbox 159 4408 1735 4476">
    <p class='ocr_par' dir='ltr' id='par_1_74' title="bbox 159 4408 1735 4476">
     <span class='ocr_line' id='line_1_74' title="bbox 159 4408 1735 4476; baseline -0.001 -12"><span class='ocrx_word' id='word_1_572' title='bbox 159 4409 436 4464; x_wconf 87' lang='lat' dir='ltr'><strong>hominum</strong></span> <span class='ocrx_word' id='word_1_573' title='bbox 464 4410 530 4465; x_wconf 90' lang='lat' dir='ltr'><strong>ad</strong></span> <span class='ocrx_word' id='word_1_574' title='bbox 559 4424 796 4465; x_wconf 89' lang='lat' dir='ltr'><strong>amorem</strong></span> <span class='ocrx_word' id='word_1_575' title='bbox 824 4410 919 4464; x_wconf 91' lang='lat' dir='ltr'><strong>Dei</strong></span> <span class='ocrx_word' id='word_1_576' title='bbox 946 4409 1221 4474; x_wconf 91' lang='lat' dir='ltr'><strong>accendit,</strong></span> <span class='ocrx_word' id='word_1_577' title='bbox 1251 4408 1320 4463; x_wconf 91' lang='lat' dir='ltr'><strong>de</strong></span> <span class='ocrx_word' id='word_1_578' title='bbox 1346 4423 1450 4476; x_wconf 89' lang='lat' dir='ltr'><strong>quo</strong></span> <span class='ocrx_word' id='word_1_579' title='bbox 1476 4408 1599 4476; x_wconf 90' lang='lat' dir='ltr'><strong>igne</strong></span> <span class='ocrx_word' id='word_1_580' title='bbox 1625 4409 1735 4463; x_wconf 79' lang='lat' dir='ltr'><strong>Ve-</strong></span> 
     </span>
    </p>
   </div>
   <div class='ocr_carea' id='block_1_75' title="bbox 159 4499 1735 4569">
    <p class='ocr_par' dir='ltr' id='par_1_75' title="bbox 159 4499 1735 4569">
     <span class='ocr_line' id='line_1_75' title="bbox 159 4499 1735 4569; baseline -0.001 -12"><span class='ocrx_word' id='word_1_581' title='bbox 159 4501 289 4557; x_wconf 85' lang='lat' dir='ltr'><strong>ritas</strong></span> <span class='ocrx_word' id='word_1_582' title='bbox 328 4501 455 4555; x_wconf 90' lang='lat' dir='ltr'><strong>dicit</strong></span> <span class='ocrx_word' id='word_1_583' title='bbox 493 4517 507 4552; x_wconf 90' lang='lat'><strong>:</strong></span> <span class='ocrx_word' id='word_1_584' title='bbox 550 4500 731 4569; x_wconf 84' lang='lat' dir='ltr'><strong>Ignem</strong></span> <span class='ocrx_word' id='word_1_585' title='bbox 771 4500 895 4555; x_wconf 87' lang='lat' dir='ltr'><strong>veni</strong></span> <span class='ocrx_word' id='word_1_586' title='bbox 922 4501 1135 4554; x_wconf 89' lang='lat' dir='ltr'><strong>mittere</strong></span> <span class='ocrx_word' id='word_1_587' title='bbox 1167 4500 1221 4553; x_wconf 93' lang='lat' dir='ltr'><strong>in</strong></span> <span class='ocrx_word' id='word_1_588' title='bbox 1262 4508 1489 4565; x_wconf 90' lang='lat' dir='ltr'><strong>terram,</strong></span> <span class='ocrx_word' id='word_1_589' title='bbox 1519 4508 1573 4553; x_wconf 90' lang='lat' dir='ltr'><strong>et</strong></span> <span class='ocrx_word' id='word_1_590' title='bbox 1610 4499 1735 4569; x_wconf 89' lang='lat' dir='ltr'><strong>quid</strong></span> 
     </span>
    </p>
   </div>
   <div class='ocr_carea' id='block_1_76' title="bbox 160 4589 1733 4654">
    <p class='ocr_par' dir='ltr' id='par_1_76' title="bbox 160 4589 1733 4654">
     <span class='ocr_line' id='line_1_76' title="bbox 160 4589 1733 4654; baseline -0.001 -7"><span class='ocrx_word' id='word_1_591' title='bbox 160 4591 315 4654; x_wconf 87' lang='lat' dir='ltr'><strong>volo,</strong></span> <span class='ocrx_word' id='word_1_592' title='bbox 348 4589 449 4644; x_wconf 91' lang='lat' dir='ltr'><strong>nisi</strong></span> <span class='ocrx_word' id='word_1_593' title='bbox 487 4597 548 4643; x_wconf 90' lang='lat' dir='ltr'><strong>ut</strong></span> <span class='ocrx_word' id='word_1_594' title='bbox 574 4590 794 4645; x_wconf 89' lang='lat' dir='ltr'><strong>ardeat?</strong></span> <span class='ocrx_word' id='word_1_595' title='bbox 822 4590 985 4645; x_wconf 91' lang='lat' dir='ltr'><strong>Terra</strong></span> <span class='ocrx_word' id='word_1_596' title='bbox 1015 4589 1157 4643; x_wconf 90' lang='lat' dir='ltr'><strong>enim</strong></span> <span class='ocrx_word' id='word_1_597' title='bbox 1187 4598 1373 4644; x_wconf 85' lang='lat' dir='ltr'><strong>vocata</strong></span> <span class='ocrx_word' id='word_1_598' title='bbox 1404 4598 1528 4644; x_wconf 90' lang='lat' dir='ltr'><strong>sunt</strong></span> <span class='ocrx_word' id='word_1_599' title='bbox 1570 4590 1733 4645; x_wconf 87' lang='lat' dir='ltr'><strong>corda</strong></span> 
     </span>
    </p>
   </div>
   <div class='ocr_carea' id='block_1_77' title="bbox 1840 3386 3412 3459">
    <p class='ocr_par' dir='ltr' id='par_1_77' title="bbox 1840 3386 3412 3459">
     <span class='ocr_line' id='line_1_77' title="bbox 1840 3386 3412 3459; baseline 0.005 -19"><span class='ocrx_word' id='word_1_600' title='bbox 1840 3386 2211 3455; x_wconf 84' lang='lat' dir='ltr'><strong>experimento</strong></span> <span class='ocrx_word' id='word_1_601' title='bbox 2238 3388 2507 3457; x_wconf 89' lang='lat' dir='ltr'><strong>probatis,</strong></span> <span class='ocrx_word' id='word_1_602' title='bbox 2537 3390 2660 3459; x_wconf 91' lang='lat' dir='ltr'><strong>quia</strong></span> <span class='ocrx_word' id='word_1_603' title='bbox 2696 3390 2885 3446; x_wconf 88' lang='lat' dir='ltr'><strong>militia</strong></span> <span class='ocrx_word' id='word_1_604' title='bbox 2913 3401 2996 3448; x_wconf 91' lang='lat' dir='ltr'><strong>est</strong></span> <span class='ocrx_word' id='word_1_605' title='bbox 3026 3392 3131 3447; x_wconf 88' lang='lat' dir='ltr'><strong>vita</strong></span> <span class='ocrx_word' id='word_1_606' title='bbox 3177 3391 3412 3448; x_wconf 87' lang='lat' dir='ltr'><strong>hominis</strong></span> 
     </span>
    </p>
   </div>
   <div class='ocr_carea' id='block_1_78' title="bbox 1837 3479 3414 3551">
    <p class='ocr_par' dir='ltr' id='par_1_78' title="bbox 1837 3479 3414 3551">
     <span class='ocr_line' id='line_1_78' title="bbox 1837 3479 3414 3551; baseline 0.005 -21"><span class='ocrx_word' id='word_1_607' title='bbox 1837 3489 2000 3546; x_wconf 87' lang='lat' dir='ltr'><strong>super</strong></span> <span class='ocrx_word' id='word_1_608' title='bbox 2027 3484 2247 3548; x_wconf 88' lang='lat' dir='ltr'><strong>terram,</strong></span> <span class='ocrx_word' id='word_1_609' title='bbox 2277 3488 2333 3534; x_wconf 92' lang='lat' dir='ltr'><strong>et</strong></span> <span class='ocrx_word' id='word_1_610' title='bbox 2372 3479 2531 3535; x_wconf 88' lang='lat' dir='ltr'><strong>homo</strong></span> <span class='ocrx_word' id='word_1_611' title='bbox 2559 3480 2624 3535; x_wconf 88' lang='lat' dir='ltr'><strong>ad</strong></span> <span class='ocrx_word' id='word_1_612' title='bbox 2656 3480 2895 3537; x_wconf 88' lang='lat' dir='ltr'><strong>laborem</strong></span> <span class='ocrx_word' id='word_1_613' title='bbox 2922 3482 3179 3551; x_wconf 88' lang='lat' dir='ltr'><strong>nascitur,</strong></span> <span class='ocrx_word' id='word_1_614' title='bbox 3207 3491 3262 3538; x_wconf 89' lang='lat' dir='ltr'><strong>et</strong></span> <span class='ocrx_word' id='word_1_615' title='bbox 3300 3485 3414 3540; x_wconf 84' lang='lat' dir='ltr'><strong>avis</strong></span> 
     </span>
    </p>
   </div>
   <div class='ocr_carea' id='block_1_79' title="bbox 1838 3565 3416 3629">
    <p class='ocr_par' dir='ltr' id='par_1_79' title="bbox 1838 3565 3416 3629">
     <span class='ocr_line' id='line_1_79' title="bbox 1838 3565 3416 3629; baseline 0.004 -8"><span class='ocrx_word' id='word_1_616' title='bbox 1838 3565 1904 3621; x_wconf 88' lang='lat' dir='ltr'><strong>ad</strong></span> <span class='ocrx_word' id='word_1_617' title='bbox 1935 3566 2187 3622; x_wconf 90' lang='lat' dir='ltr'><strong>volatum.</strong></span> <span class='ocrx_word' id='word_1_618' title='bbox 2234 3567 2545 3623; x_wconf 75' lang='lat' dir='ltr'><strong>[fauorabile</strong></span> <span class='ocrx_word' id='word_1_619' title='bbox 2584 3571 2892 3625; x_wconf 85' lang='lat' dir='ltr'><strong>connubium</strong></span> <span class='ocrx_word' id='word_1_620' title='bbox 2933 3573 2989 3626; x_wconf 89' lang='lat' dir='ltr'><strong>in</strong></span> <span class='ocrx_word' id='word_1_621' title='bbox 3032 3572 3288 3627; x_wconf 83' lang='lat' dir='ltr'><strong>omnibus.</strong></span> <span class='ocrx_word' id='word_1_622' title='bbox 3331 3571 3416 3629; x_wconf 89' lang='lat' dir='ltr'><strong>Sit</strong></span> 
     </span>
    </p>
   </div>
   <div class='ocr_carea' id='block_1_80' title="bbox 1837 3656 3413 3728">
    <p class='ocr_par' dir='ltr' id='par_1_80' title="bbox 1837 3656 3413 3728">
     <span class='ocr_line' id='line_1_80' title="bbox 1837 3656 3413 3728; baseline 0.006 -17"><span class='ocrx_word' id='word_1_623' title='bbox 1837 3656 2010 3725; x_wconf 83' lang='lat' dir='ltr'><strong>vobis,</strong></span> <span class='ocrx_word' id='word_1_624' title='bbox 2040 3657 2151 3713; x_wconf 84' lang='lat' dir='ltr'><strong>sive</strong></span> <span class='ocrx_word' id='word_1_625' title='bbox 2182 3658 2357 3728; x_wconf 91' lang='lat' dir='ltr'><strong>placet</strong></span> <span class='ocrx_word' id='word_1_626' title='bbox 2396 3660 2525 3716; x_wconf 91' lang='lat' dir='ltr'><strong>Deo.</strong></span> <span class='ocrx_word' id='word_1_627' title='bbox 2557 3658 2624 3715; x_wconf 83' lang='lat' dir='ltr'><strong>Et</strong></span> <span class='ocrx_word' id='word_1_628' title='bbox 2655 3661 2830 3716; x_wconf 84' lang='lat' dir='ltr'><strong>thorus</strong></span> <span class='ocrx_word' id='word_1_629' title='bbox 2857 3664 3234 3718; x_wconf 82' lang='lat' dir='ltr'><strong>immaculatus.</strong></span> <span class='ocrx_word' id='word_1_630' title='bbox 3263 3662 3413 3720; x_wconf 84' lang='lat' dir='ltr'><strong>Con-</strong></span> 
     </span>
    </p>
   </div>
   <div class='ocr_carea' id='block_1_81' title="bbox 1838 3745 3412 3824">
    <p class='ocr_par' dir='ltr' id='par_1_81' title="bbox 1838 3745 3412 3824">
     <span class='ocr_line' id='line_1_81' title="bbox 1838 3745 3412 3824; baseline 0.006 -23"><span class='ocrx_word' id='word_1_631' title='bbox 1838 3745 2059 3802; x_wconf 89' lang='lat' dir='ltr'><strong>nubium</strong></span> <span class='ocrx_word' id='word_1_632' title='bbox 2108 3747 2304 3804; x_wconf 90' lang='lat' dir='ltr'><strong>dicitur</strong></span> <span class='ocrx_word' id='word_1_633' title='bbox 2340 3764 2371 3805; x_wconf 89' lang='lat' dir='ltr'><strong>a</strong></span> <span class='ocrx_word' id='word_1_634' title='bbox 2415 3750 2784 3808; x_wconf 89' lang='lat' dir='ltr'><strong>conhabendo.</strong></span> <span class='ocrx_word' id='word_1_635' title='bbox 2832 3754 2993 3809; x_wconf 86' lang='lat' dir='ltr'><strong>Erant</strong></span> <span class='ocrx_word' id='word_1_636' title='bbox 3037 3754 3248 3824; x_wconf 91' lang='lat' dir='ltr'><strong>quidam</strong></span> <span class='ocrx_word' id='word_1_637' title='bbox 3297 3763 3412 3810; x_wconf 91' lang='lat' dir='ltr'><strong>tum</strong></span> 
     </span>
    </p>
   </div>
   <div class='ocr_carea' id='block_1_82' title="bbox 1839 3840 3412 3916">
    <p class='ocr_par' dir='ltr' id='par_1_82' title="bbox 1839 3840 3412 3916">
     <span class='ocr_line' id='line_1_82' title="bbox 1839 3840 3412 3916; baseline 0.007 -24"><span class='ocrx_word' id='word_1_638' title='bbox 1839 3840 2123 3908; x_wconf 89' lang='lat' dir='ltr'><strong>temporis,</strong></span> <span class='ocrx_word' id='word_1_639' title='bbox 2169 3843 2258 3910; x_wconf 89' lang='lat' dir='ltr'><strong>qui</strong></span> <span class='ocrx_word' id='word_1_640' title='bbox 2287 3843 2717 3900; x_wconf 82' lang='lat' dir='ltr'><strong>condemnabam</strong></span> <span class='ocrx_word' id='word_1_641' title='bbox 2760 3846 3001 3916; x_wconf 88' lang='lat' dir='ltr'><strong>nuptias,</strong></span> <span class='ocrx_word' id='word_1_642' title='bbox 3040 3847 3277 3904; x_wconf 90' lang='lat' dir='ltr'><strong>dicentes</strong></span> <span class='ocrx_word' id='word_1_643' title='bbox 3306 3847 3412 3903; x_wconf 83' lang='lat' dir='ltr'><strong>im-</strong></span> 
     </span>
    </p>
   </div>
   <div class='ocr_carea' id='block_1_83' title="bbox 1836 3931 3415 4008">
    <p class='ocr_par' dir='ltr' id='par_1_83' title="bbox 1836 3931 3415 4008">
     <span class='ocr_line' id='line_1_83' title="bbox 1836 3931 3415 4008; baseline 0.007 -24"><span class='ocrx_word' id='word_1_644' title='bbox 1836 3931 2093 3985; x_wconf 84' lang='lat' dir='ltr'><strong>mundum</strong></span> <span class='ocrx_word' id='word_1_645' title='bbox 2123 3947 2247 3988; x_wconf 91' lang='lat' dir='ltr'><strong>esse</strong></span> <span class='ocrx_word' id='word_1_646' title='bbox 2280 3933 2557 4005; x_wconf 87' lang='lat' dir='ltr'><strong>conjugalc</strong></span> <span class='ocrx_word' id='word_1_647' title='bbox 2595 3937 2915 3992; x_wconf 89' lang='lat' dir='ltr'><strong>connubium</strong></span> <span class='ocrx_word' id='word_1_648' title='bbox 2934 3980 2949 4005; x_wconf 96' lang='lat'><strong>,</strong></span> <span class='ocrx_word' id='word_1_649' title='bbox 2980 3952 3078 3994; x_wconf 87' lang='lat' dir='ltr'><strong>nec</strong></span> <span class='ocrx_word' id='word_1_650' title='bbox 3107 3952 3267 4008; x_wconf 89' lang='lat' dir='ltr'><strong>posse</strong></span> <span class='ocrx_word' id='word_1_651' title='bbox 3292 3952 3415 3995; x_wconf 78' lang='lat' dir='ltr'><strong>esse</strong></span> 
     </span>
    </p>
   </div>
   <div class='ocr_carea' id='block_1_84' title="bbox 1838 4023 3415 4101">
    <p class='ocr_par' dir='ltr' id='par_1_84' title="bbox 1838 4023 3415 4101">
     <span class='ocr_line' id='line_1_84' title="bbox 1838 4023 3415 4101; baseline 0.008 -25"><span class='ocrx_word' id='word_1_652' title='bbox 1838 4023 2113 4088; x_wconf 90' lang='lat' dir='ltr'><strong>mundum,</strong></span> <span class='ocrx_word' id='word_1_653' title='bbox 2149 4038 2179 4079; x_wconf 89' lang='lat' dir='ltr'><strong>a</strong></span> <span class='ocrx_word' id='word_1_654' title='bbox 2219 4026 2356 4081; x_wconf 89' lang='lat' dir='ltr'><strong>lecto</strong></span> <span class='ocrx_word' id='word_1_655' title='bbox 2401 4029 2641 4098; x_wconf 86' lang='lat' dir='ltr'><strong>conjugis</strong></span> <span class='ocrx_word' id='word_1_656' title='bbox 2684 4041 3019 4101; x_wconf 85' lang='lat' dir='ltr'><strong>surgentem;</strong></span> <span class='ocrx_word' id='word_1_657' title='bbox 3049 4032 3191 4089; x_wconf 89' lang='lat' dir='ltr'><strong>unde</strong></span> <span class='ocrx_word' id='word_1_658' title='bbox 3225 4032 3415 4089; x_wconf 84' lang='lat' dir='ltr'><strong>beatus</strong></span> 
     </span>
    </p>
   </div>
   <div class='ocr_carea' id='block_1_85' title="bbox 1818 4113 3412 4192">
    <p class='ocr_par' dir='ltr' id='par_1_85' title="bbox 1818 4113 3412 4192">
     <span class='ocr_line' id='line_1_85' title="bbox 1818 4113 3412 4192; baseline 0.008 -25"><span class='ocrx_word' id='word_1_659' title='bbox 1818 4113 2125 4181; x_wconf 80' lang='lat' dir='ltr'><strong>Apostolus</strong></span> <span class='ocrx_word' id='word_1_660' title='bbox 2170 4115 2458 4184; x_wconf 88' lang='lat' dir='ltr'><strong>legitimum</strong></span> <span class='ocrx_word' id='word_1_661' title='bbox 2503 4120 2826 4175; x_wconf 86' lang='lat' dir='ltr'><strong>connubium</strong></span> <span class='ocrx_word' id='word_1_662' title='bbox 2858 4121 3021 4188; x_wconf 88' lang='lat' dir='ltr'><strong>dicit,</strong></span> <span class='ocrx_word' id='word_1_663' title='bbox 3063 4124 3206 4192; x_wconf 89' lang='lat' dir='ltr'><strong>quod</strong></span> <span class='ocrx_word' id='word_1_664' title='bbox 3251 4139 3412 4181; x_wconf 88' lang='lat' dir='ltr'><strong>causa</strong></span> 
     </span>
    </p>
   </div>
   <div class='ocr_carea' id='block_1_86' title="bbox 1837 4204 3414 4279">
    <p class='ocr_par' dir='ltr' id='par_1_86' title="bbox 1837 4204 3414 4279">
     <span class='ocr_line' id='line_1_86' title="bbox 1837 4204 3414 4279; baseline 0.007 -22"><span class='ocrx_word' id='word_1_665' title='bbox 1837 4204 2035 4258; x_wconf 89' lang='lat' dir='ltr'><strong>amoris</strong></span> <span class='ocrx_word' id='word_1_666' title='bbox 2057 4204 2287 4259; x_wconf 89' lang='lat' dir='ltr'><strong>filiorum</strong></span> <span class='ocrx_word' id='word_1_667' title='bbox 2308 4205 2386 4272; x_wconf 82' lang='lat' dir='ltr'><strong>iit,</strong></span> <span class='ocrx_word' id='word_1_668' title='bbox 2409 4220 2517 4261; x_wconf 88' lang='lat' dir='ltr'><strong>non</strong></span> <span class='ocrx_word' id='word_1_669' title='bbox 2540 4222 2698 4263; x_wconf 89' lang='lat' dir='ltr'><strong>causa</strong></span> <span class='ocrx_word' id='word_1_670' title='bbox 2723 4210 2959 4263; x_wconf 88' lang='lat' dir='ltr'><strong>libidinis</strong></span> <span class='ocrx_word' id='word_1_671' title='bbox 2981 4213 3277 4279; x_wconf 84' lang='lat' dir='ltr'><strong>explendae,</strong></span> <span class='ocrx_word' id='word_1_672' title='bbox 3302 4228 3414 4267; x_wconf 90' lang='lat' dir='ltr'><strong>non</strong></span> 
     </span>
    </p>
   </div>
   <div class='ocr_carea' id='block_1_87' title="bbox 1838 4304 3414 4375">
    <p class='ocr_par' dir='ltr' id='par_1_87' title="bbox 1838 4304 3414 4375">
     <span class='ocr_line' id='line_1_87' title="bbox 1838 4304 3414 4375; baseline 0.003 -17"><span class='ocrx_word' id='word_1_673' title='bbox 1838 4304 2010 4359; x_wconf 89' lang='lat' dir='ltr'><strong>solum</strong></span> <span class='ocrx_word' id='word_1_674' title='bbox 2054 4306 2317 4369; x_wconf 87' lang='lat' dir='ltr'><strong>concedit,</strong></span> <span class='ocrx_word' id='word_1_675' title='bbox 2345 4306 2438 4361; x_wconf 90' lang='lat' dir='ltr'><strong>sed</strong></span> <span class='ocrx_word' id='word_1_676' title='bbox 2462 4306 2623 4360; x_wconf 89' lang='lat' dir='ltr'><strong>etiam</strong></span> <span class='ocrx_word' id='word_1_677' title='bbox 2644 4306 2773 4360; x_wconf 90' lang='lat' dir='ltr'><strong>dicit</strong></span> <span class='ocrx_word' id='word_1_678' title='bbox 2794 4307 2903 4360; x_wconf 91' lang='lat' dir='ltr'><strong>Deo</strong></span> <span class='ocrx_word' id='word_1_679' title='bbox 2924 4307 3153 4375; x_wconf 89' lang='lat' dir='ltr'><strong>placere.</strong></span> <span class='ocrx_word' id='word_1_680' title='bbox 3181 4308 3414 4363; x_wconf 83' lang='lat' dir='ltr'><strong>Honora-</strong></span> 
     </span>
    </p>
   </div>
   <div class='ocr_carea' id='block_1_88' title="bbox 1838 4393 3414 4466">
    <p class='ocr_par' dir='ltr' id='par_1_88' title="bbox 1838 4393 3414 4466">
     <span class='ocr_line' id='line_1_88' title="bbox 1838 4393 3414 4466; baseline 0.003 -19"><span class='ocrx_word' id='word_1_681' title='bbox 1838 4393 1946 4447; x_wconf 91' lang='lat' dir='ltr'><strong>bile</strong></span> <span class='ocrx_word' id='word_1_682' title='bbox 1989 4393 2131 4448; x_wconf 90' lang='lat' dir='ltr'><strong>enim</strong></span> <span class='ocrx_word' id='word_1_683' title='bbox 2172 4395 2499 4450; x_wconf 89' lang='lat' dir='ltr'><strong>connubium</strong></span> <span class='ocrx_word' id='word_1_684' title='bbox 2538 4402 2661 4461; x_wconf 89' lang='lat' dir='ltr'><strong>est,</strong></span> <span class='ocrx_word' id='word_1_685' title='bbox 2694 4409 2877 4449; x_wconf 92' lang='lat' dir='ltr'><strong>amore</strong></span> <span class='ocrx_word' id='word_1_686' title='bbox 2919 4395 3149 4451; x_wconf 83' lang='lat' dir='ltr'><strong>ﬁliorum</strong></span> <span class='ocrx_word' id='word_1_687' title='bbox 3177 4396 3414 4466; x_wconf 81' lang='lat' dir='ltr'><strong>legitime</strong></span> 
     </span>
    </p>
   </div>
   <div class='ocr_carea' id='block_1_89' title="bbox 1837 4486 3416 4557">
    <p class='ocr_par' dir='ltr' id='par_1_89' title="bbox 1837 4486 3416 4557">
     <span class='ocr_line' id='line_1_89' title="bbox 1837 4486 3416 4557; baseline 0.004 -19"><span class='ocrx_word' id='word_1_688' title='bbox 1837 4498 2061 4539; x_wconf 85' lang='lat' dir='ltr'><strong>uxorem</strong></span> <span class='ocrx_word' id='word_1_689' title='bbox 2098 4486 2327 4553; x_wconf 89' lang='lat' dir='ltr'><strong>ducere;</strong></span> <span class='ocrx_word' id='word_1_690' title='bbox 2368 4486 2799 4557; x_wconf 89' lang='lat' dir='ltr'><strong>temporibusque</strong></span> <span class='ocrx_word' id='word_1_691' title='bbox 2840 4488 2999 4543; x_wconf 88' lang='lat' dir='ltr'><strong>certis</strong></span> <span class='ocrx_word' id='word_1_692' title='bbox 3041 4489 3107 4545; x_wconf 89' lang='lat' dir='ltr'><strong>ab</strong></span> <span class='ocrx_word' id='word_1_693' title='bbox 3146 4504 3210 4545; x_wconf 91' lang='lat' dir='ltr'><strong>ea</strong></span> <span class='ocrx_word' id='word_1_694' title='bbox 3247 4490 3416 4545; x_wconf 90' lang='lat' dir='ltr'><strong>absti-</strong></span> 
     </span>
    </p>
   </div>
   <div class='ocr_carea' id='block_1_90' title="bbox 1820 4578 3417 4650">
    <p class='ocr_par' dir='ltr' id='par_1_90' title="bbox 1820 4578 3417 4650">
     <span class='ocr_line' id='line_1_90' title="bbox 1820 4578 3417 4650; baseline 0.004 -20"><span class='ocrx_word' id='word_1_695' title='bbox 1820 4591 1987 4643; x_wconf 39' lang='lat' dir='ltr'><strong>‘nere,</strong></span> <span class='ocrx_word' id='word_1_696' title='bbox 2018 4592 2118 4633; x_wconf 91' lang='lat' dir='ltr'><strong>nec</strong></span> <span class='ocrx_word' id='word_1_697' title='bbox 2144 4578 2325 4648; x_wconf 89' lang='lat' dir='ltr'><strong>plures</strong></span> <span class='ocrx_word' id='word_1_698' title='bbox 2364 4593 2558 4635; x_wconf 85' lang='lat' dir='ltr'><strong>uxores</strong></span> <span class='ocrx_word' id='word_1_699' title='bbox 2602 4578 2799 4635; x_wconf 90' lang='lat' dir='ltr'><strong>habere</strong></span> <span class='ocrx_word' id='word_1_700' title='bbox 2829 4597 2842 4632; x_wconf 92' lang='lat'><strong>:</strong></span> <span class='ocrx_word' id='word_1_701' title='bbox 2875 4581 2995 4650; x_wconf 86' lang='lat' dir='ltr'><strong>quia</strong></span> <span class='ocrx_word' id='word_1_702' title='bbox 3044 4580 3095 4636; x_wconf 91' lang='lat' dir='ltr'><strong>in</strong></span> <span class='ocrx_word' id='word_1_703' title='bbox 3140 4581 3329 4650; x_wconf 87' lang='lat' dir='ltr'><strong>initio,</strong></span> <span class='ocrx_word' id='word_1_704' title='bbox 3356 4588 3417 4637; x_wconf 89' lang='lat' dir='ltr'><strong>ut</strong></span> 
     </span>
    </p>
   </div>
   <div class='ocr_carea' id='block_1_91' title="bbox 163 4668 3412 4752">
    <p class='ocr_par' dir='ltr' id='par_1_91' title="bbox 163 4668 3412 4752">
     <span class='ocr_line' id='line_1_91' title="bbox 163 4668 3412 4752; baseline 0.002 -32"><span class='ocrx_word' id='word_1_705' title='bbox 163 4688 394 4745; x_wconf 60' lang='lat' dir='ltr'><strong>terrena,</strong></span> <span class='ocrx_word' id='word_1_706' title='bbox 435 4694 553 4752; x_wconf 57' lang='lat' dir='ltr'><strong>qum</strong></span> <span class='ocrx_word' id='word_1_707' title='bbox 589 4680 715 4736; x_wconf 76' lang='lat' dir='ltr'><strong>dum</strong></span> <span class='ocrx_word' id='word_1_708' title='bbox 753 4693 965 4751; x_wconf 68' lang='lat' dir='ltr'><strong>semper</strong></span> <span class='ocrx_word' id='word_1_709' title='bbox 1003 4680 1059 4737; x_wconf 79' lang='lat' dir='ltr'><strong>in</strong></span> <span class='ocrx_word' id='word_1_710' title='bbox 1096 4679 1293 4736; x_wconf 81' lang='lat' dir='ltr'><strong>inﬁmis</strong></span> <span class='ocrx_word' id='word_1_711' title='bbox 1327 4680 1735 4751; x_wconf 64' lang='lat' dir='ltr'><strong>cogitationibus</strong></span> <span class='ocrx_word' id='word_1_712' title='bbox 1758 4668 1815 4731; x_wconf 71' lang='grc' dir='ltr'><strong><em>Β</em></strong></span> <span class='ocrx_word' id='word_1_713' title='bbox 1838 4668 2111 4737; x_wconf 88' lang='lat' dir='ltr'><strong>Scriptura</strong></span> <span class='ocrx_word' id='word_1_714' title='bbox 2136 4668 2286 4737; x_wconf 90' lang='lat' dir='ltr'><strong>dicit,</strong></span> <span class='ocrx_word' id='word_1_715' title='bbox 2315 4669 2516 4726; x_wconf 87' lang='lat' dir='ltr'><strong>creavit</strong></span> <span class='ocrx_word' id='word_1_716' title='bbox 2541 4670 2682 4726; x_wconf 91' lang='lat' dir='ltr'><strong>Deus</strong></span> <span class='ocrx_word' id='word_1_717' title='bbox 2711 4671 3007 4728; x_wconf 88' lang='lat' dir='ltr'><strong>masculum</strong></span> <span class='ocrx_word' id='word_1_718' title='bbox 3036 4680 3091 4729; x_wconf 90' lang='lat' dir='ltr'><strong>et</strong></span> <span class='ocrx_word' id='word_1_719' title='bbox 3120 4672 3373 4730; x_wconf 85' lang='lat' dir='ltr'><strong>feminam</strong></span> <span class='ocrx_word' id='word_1_720' title='bbox 3393 4715 3412 4740; x_wconf 83' lang='lat'><strong>,</strong></span> 
     </span>
    </p>
   </div>
   <div class='ocr_carea' id='block_1_92' title="bbox 164 4768 1736 4842">
    <p class='ocr_par' dir='ltr' id='par_1_92' title="bbox 164 4768 1736 4842">
     <span class='ocr_line' id='line_1_92' title="bbox 164 4768 1736 4842; baseline 0.001 -16"><span class='ocrx_word' id='word_1_721' title='bbox 164 4768 549 4842; x_wconf 88' lang='lat' dir='ltr'><strong>desideriisque</strong></span> <span class='ocrx_word' id='word_1_722' title='bbox 567 4772 794 4828; x_wconf 83' lang='lat' dir='ltr'><strong>terrenis</strong></span> <span class='ocrx_word' id='word_1_723' title='bbox 814 4778 1115 4836; x_wconf 90' lang='lat' dir='ltr'><strong>versantur,</strong></span> <span class='ocrx_word' id='word_1_724' title='bbox 1138 4785 1168 4825; x_wconf 92' lang='lat' dir='ltr'><strong>a</strong></span> <span class='ocrx_word' id='word_1_725' title='bbox 1191 4771 1436 4841; x_wconf 88' lang='lat' dir='ltr'><strong>malignis</strong></span> <span class='ocrx_word' id='word_1_726' title='bbox 1461 4771 1736 4840; x_wconf 90' lang='lat' dir='ltr'><strong>spiritibus</strong></span> 
     </span>
    </p>
   </div>
   <div class='ocr_carea' id='block_1_93' title="bbox 163 4860 1735 4933">
    <p class='ocr_par' dir='ltr' id='par_1_93' title="bbox 163 4860 1735 4933">
     <span class='ocr_line' id='line_1_93' title="bbox 163 4860 1735 4933; baseline 0.002 -17"><span class='ocrx_word' id='word_1_727' title='bbox 163 4860 313 4932; x_wconf 86' lang='lat' dir='ltr'><strong>quasi</strong></span> <span class='ocrx_word' id='word_1_728' title='bbox 340 4867 481 4916; x_wconf 89' lang='lat' dir='ltr'><strong>terra</strong></span> <span class='ocrx_word' id='word_1_729' title='bbox 502 4861 900 4933; x_wconf 80' lang='lat' dir='ltr'><strong>conculcantur.</strong></span> <span class='ocrx_word' id='word_1_730' title='bbox 930 4863 1037 4921; x_wconf 89' lang='lat' dir='ltr'><strong>Sed</strong></span> <span class='ocrx_word' id='word_1_731' title='bbox 1062 4864 1235 4933; x_wconf 87' lang='lat' dir='ltr'><strong>ignem</strong></span> <span class='ocrx_word' id='word_1_732' title='bbox 1265 4863 1520 4919; x_wconf 89' lang='lat' dir='ltr'><strong>Dominus</strong></span> <span class='ocrx_word' id='word_1_733' title='bbox 1543 4864 1597 4918; x_wconf 89' lang='lat' dir='ltr'><strong>in</strong></span> <span class='ocrx_word' id='word_1_734' title='bbox 1623 4872 1735 4919; x_wconf 88' lang='lat' dir='ltr'><strong>ter-</strong></span> 
     </span>
    </p>
   </div>
   <div class='ocr_carea' id='block_1_94' title="bbox 165 4931 1737 5023">
    <p class='ocr_par' dir='ltr' id='par_1_94' title="bbox 165 4931 1737 5023">
     <span class='ocr_line' id='line_1_94' title="bbox 165 4931 1737 5023; baseline 0.001 -14"><span class='ocrx_word' id='word_1_735' title='bbox 165 4931 277 5009; x_wconf 85' lang='lat' dir='ltr'><strong>ram</strong></span> <span class='ocrx_word' id='word_1_736' title='bbox 304 4952 501 5020; x_wconf 89' lang='lat' dir='ltr'><strong>mittit,</strong></span> <span class='ocrx_word' id='word_1_737' title='bbox 540 4967 663 5009; x_wconf 87' lang='lat' dir='ltr'><strong>cum</strong></span> <span class='ocrx_word' id='word_1_738' title='bbox 700 4931 882 5008; x_wconf 65' lang='lat' dir='ltr'><strong>afﬂatu</strong></span> <span class='ocrx_word' id='word_1_739' title='bbox 908 4931 1335 5023; x_wconf 34' lang='lat' dir='ltr'><strong>sancti&#39;Spiritus</strong></span> <span class='ocrx_word' id='word_1_740' title='bbox 1362 4954 1522 5010; x_wconf 89' lang='lat' dir='ltr'><strong>corda</strong></span> <span class='ocrx_word' id='word_1_741' title='bbox 1550 4968 1737 5011; x_wconf 89' lang='lat' dir='ltr'><strong>carna-</strong></span> 
     </span>
    </p>
   </div>
   <div class='ocr_carea' id='block_1_95' title="bbox 166 5043 1730 5116">
    <p class='ocr_par' dir='ltr' id='par_1_95' title="bbox 166 5043 1730 5116">
     <span class='ocr_line' id='line_1_95' title="bbox 166 5043 1730 5116; baseline 0.001 -17"><span class='ocrx_word' id='word_1_742' title='bbox 166 5043 295 5099; x_wconf 90' lang='lat' dir='ltr'><strong>lium</strong></span> <span class='ocrx_word' id='word_1_743' title='bbox 336 5044 614 5100; x_wconf 89' lang='lat' dir='ltr'><strong>hominum</strong></span> <span class='ocrx_word' id='word_1_744' title='bbox 639 5044 708 5100; x_wconf 90' lang='lat' dir='ltr'><strong>ad</strong></span> <span class='ocrx_word' id='word_1_745' title='bbox 735 5058 972 5100; x_wconf 90' lang='lat' dir='ltr'><strong>amorem</strong></span> <span class='ocrx_word' id='word_1_746' title='bbox 1013 5045 1107 5100; x_wconf 91' lang='lat' dir='ltr'><strong>Dei</strong></span> <span class='ocrx_word' id='word_1_747' title='bbox 1137 5055 1189 5100; x_wconf 93' lang='lat' dir='ltr'><strong>et</strong></span> <span class='ocrx_word' id='word_1_748' title='bbox 1214 5046 1441 5116; x_wconf 82' lang='lat' dir='ltr'><strong>proximi</strong></span> <span class='ocrx_word' id='word_1_749' title='bbox 1467 5047 1730 5103; x_wconf 89' lang='lat' dir='ltr'><strong>accendit.</strong></span> 
     </span>
    </p>
   </div>
   <div class='ocr_carea' id='block_1_96' title="bbox 169 5139 1737 5212">
    <p class='ocr_par' dir='ltr' id='par_1_96' title="bbox 169 5139 1737 5212">
     <span class='ocr_line' id='line_1_96' title="bbox 169 5139 1737 5212; baseline 0.001 -17"><span class='ocrx_word' id='word_1_750' title='bbox 169 5140 300 5197; x_wconf 86' lang='lat' dir='ltr'><strong>Ecce</strong></span> <span class='ocrx_word' id='word_1_751' title='bbox 311 5155 475 5212; x_wconf 89' lang='lat' dir='ltr'><strong>quare</strong></span> <span class='ocrx_word' id='word_1_752' title='bbox 486 5141 783 5211; x_wconf 91' lang='lat' dir='ltr'><strong>appellatur</strong></span> <span class='ocrx_word' id='word_1_753' title='bbox 803 5141 1139 5209; x_wconf 87' lang='lat' dir='ltr'><strong>omnipotens</strong></span> <span class='ocrx_word' id='word_1_754' title='bbox 1152 5139 1292 5195; x_wconf 88' lang='lat' dir='ltr'><strong>Deus</strong></span> <span class='ocrx_word' id='word_1_755' title='bbox 1310 5140 1465 5209; x_wconf 83' lang='lat' dir='ltr'><strong>ignis,</strong></span> <span class='ocrx_word' id='word_1_756' title='bbox 1489 5140 1737 5197; x_wconf 89' lang='lat' dir='ltr'><strong>videlicet</strong></span> 
     </span>
    </p>
   </div>
   <div class='ocr_carea' id='block_1_97' title="bbox 168 5231 1738 5303">
    <p class='ocr_par' dir='ltr' id='par_1_97' title="bbox 168 5231 1738 5303">
     <span class='ocr_line' id='line_1_97' title="bbox 168 5231 1738 5303; baseline 0.001 -17"><span class='ocrx_word' id='word_1_757' title='bbox 168 5232 287 5302; x_wconf 89' lang='lat' dir='ltr'><strong>quia</strong></span> <span class='ocrx_word' id='word_1_758' title='bbox 314 5233 609 5303; x_wconf 86' lang='lat' dir='ltr'><strong>rubiginem</strong></span> <span class='ocrx_word' id='word_1_759' title='bbox 638 5242 975 5302; x_wconf 89' lang='lat' dir='ltr'><strong>peccatorum</strong></span> <span class='ocrx_word' id='word_1_760' title='bbox 997 5232 1281 5299; x_wconf 91' lang='lat' dir='ltr'><strong>consumit,</strong></span> <span class='ocrx_word' id='word_1_761' title='bbox 1306 5240 1359 5286; x_wconf 91' lang='lat' dir='ltr'><strong>et</strong></span> <span class='ocrx_word' id='word_1_762' title='bbox 1382 5231 1541 5286; x_wconf 91' lang='lat' dir='ltr'><strong>corda</strong></span> <span class='ocrx_word' id='word_1_763' title='bbox 1567 5232 1738 5287; x_wconf 64' lang='lat' dir='ltr'><strong>homi«</strong></span> 
     </span>
    </p>
   </div>
   <div class='ocr_carea' id='block_1_98' title="bbox 169 5323 1731 5394">
    <p class='ocr_par' dir='ltr' id='par_1_98' title="bbox 169 5323 1731 5394">
     <span class='ocr_line' id='line_1_98' title="bbox 169 5323 1731 5394; baseline 0 -15"><span class='ocrx_word' id='word_1_764' title='bbox 169 5339 293 5379; x_wconf 91' lang='lat' dir='ltr'><strong>num</strong></span> <span class='ocrx_word' id='word_1_765' title='bbox 307 5325 373 5379; x_wconf 89' lang='lat' dir='ltr'><strong>ad</strong></span> <span class='ocrx_word' id='word_1_766' title='bbox 400 5325 715 5380; x_wconf 88' lang='lat' dir='ltr'><strong>eharitatem</strong></span> <span class='ocrx_word' id='word_1_767' title='bbox 737 5323 998 5379; x_wconf 88' lang='lat' dir='ltr'><strong>accendit.</strong></span> <span class='ocrx_word' id='word_1_768' title='bbox 1031 5323 1135 5379; x_wconf 91' lang='lat' dir='ltr'><strong>Sed</strong></span> <span class='ocrx_word' id='word_1_769' title='bbox 1166 5331 1338 5393; x_wconf 87' lang='lat' dir='ltr'><strong>potest</strong></span> <span class='ocrx_word' id='word_1_770' title='bbox 1358 5323 1731 5394; x_wconf 82' lang='lat' dir='ltr'><strong>adhucquaeri,</strong></span> 
     </span>
    </p>
   </div>
   <div class='ocr_carea' id='block_1_99' title="bbox 170 5413 1735 5487">
    <p class='ocr_par' dir='ltr' id='par_1_99' title="bbox 170 5413 1735 5487">
     <span class='ocr_line' id='line_1_99' title="bbox 170 5413 1735 5487; baseline 0.001 -18"><span class='ocrx_word' id='word_1_771' title='bbox 170 5430 329 5487; x_wconf 89' lang='lat' dir='ltr'><strong>quare</strong></span> <span class='ocrx_word' id='word_1_772' title='bbox 356 5415 678 5472; x_wconf 89' lang='lat' dir='ltr'><strong>assimiletur</strong></span> <span class='ocrx_word' id='word_1_773' title='bbox 702 5416 829 5486; x_wconf 87' lang='lat' dir='ltr'><strong>igni.</strong></span> <span class='ocrx_word' id='word_1_774' title='bbox 854 5415 923 5471; x_wconf 85' lang='lat' dir='ltr'><strong>At</strong></span> <span class='ocrx_word' id='word_1_775' title='bbox 940 5429 1071 5469; x_wconf 90' lang='lat' dir='ltr'><strong>vero</strong></span> <span class='ocrx_word' id='word_1_776' title='bbox 1105 5413 1569 5484; x_wconf 88' lang='lat' dir='ltr'><strong>respondendum:</strong></span> <span class='ocrx_word' id='word_1_777' title='bbox 1600 5413 1735 5479; x_wconf 81' lang='lat' dir='ltr'><strong>Quia</strong></span> 
     </span>
    </p>
   </div>
   <div class='ocr_carea' id='block_1_100' title="bbox 169 5504 1735 5576">
    <p class='ocr_par' dir='ltr' id='par_1_100' title="bbox 169 5504 1735 5576">
     <span class='ocr_line' id='line_1_100' title="bbox 169 5504 1735 5576; baseline -0.004 -13"><span class='ocrx_word' id='word_1_778' title='bbox 169 5507 305 5563; x_wconf 85' lang='lat' dir='ltr'><strong>sicut</strong></span> <span class='ocrx_word' id='word_1_779' title='bbox 330 5506 466 5576; x_wconf 84' lang='lat' dir='ltr'><strong>ignis</strong></span> <span class='ocrx_word' id='word_1_780' title='bbox 514 5506 643 5561; x_wconf 91' lang='lat' dir='ltr'><strong>latet</strong></span> <span class='ocrx_word' id='word_1_781' title='bbox 671 5507 722 5560; x_wconf 89' lang='lat' dir='ltr'><strong>in</strong></span> <span class='ocrx_word' id='word_1_782' title='bbox 749 5505 983 5562; x_wconf 89' lang='lat' dir='ltr'><strong>silicibus</strong></span> <span class='ocrx_word' id='word_1_783' title='bbox 1008 5513 1063 5561; x_wconf 90' lang='lat' dir='ltr'><strong>et</strong></span> <span class='ocrx_word' id='word_1_784' title='bbox 1092 5505 1276 5574; x_wconf 88' lang='lat' dir='ltr'><strong>petris,</strong></span> <span class='ocrx_word' id='word_1_785' title='bbox 1304 5505 1375 5559; x_wconf 84' lang='lat' dir='ltr'><strong>ita</strong></span> <span class='ocrx_word' id='word_1_786' title='bbox 1398 5504 1735 5574; x_wconf 89' lang='lat' dir='ltr'><strong>omnipotens</strong></span> 
     </span>
    </p>
   </div>
   <div class='ocr_carea' id='block_1_101' title="bbox 174 5596 1729 5663">
    <p class='ocr_par' dir='ltr' id='par_1_101' title="bbox 174 5596 1729 5663">
     <span class='ocr_line' id='line_1_101' title="bbox 174 5596 1729 5663; baseline -0.001 -10"><span class='ocrx_word' id='word_1_787' title='bbox 174 5598 309 5653; x_wconf 89' lang='lat' dir='ltr'><strong>Deus</strong></span> <span class='ocrx_word' id='word_1_788' title='bbox 336 5599 389 5651; x_wconf 88' lang='lat' dir='ltr'><strong>in</strong></span> <span class='ocrx_word' id='word_1_789' title='bbox 415 5608 657 5653; x_wconf 84' lang='lat' dir='ltr'><strong>creatura</strong></span> <span class='ocrx_word' id='word_1_790' title='bbox 684 5612 776 5653; x_wconf 91' lang='lat' dir='ltr'><strong>sua</strong></span> <span class='ocrx_word' id='word_1_791' title='bbox 807 5606 1008 5663; x_wconf 89' lang='lat' dir='ltr'><strong>manet,</strong></span> <span class='ocrx_word' id='word_1_792' title='bbox 1044 5597 1138 5653; x_wconf 89' lang='lat' dir='ltr'><strong>sed</strong></span> <span class='ocrx_word' id='word_1_793' title='bbox 1168 5606 1341 5652; x_wconf 86' lang='lat' dir='ltr'><strong>tamen</strong></span> <span class='ocrx_word' id='word_1_794' title='bbox 1365 5611 1472 5652; x_wconf 91' lang='lat' dir='ltr'><strong>non</strong></span> <span class='ocrx_word' id='word_1_795' title='bbox 1496 5596 1729 5652; x_wconf 85' lang='lat' dir='ltr'><strong>videtur.</strong></span> 
     </span>
    </p>
   </div>
   <div class='ocr_carea' id='block_1_102' title="bbox 238 5689 1731 5761">
    <p class='ocr_par' dir='ltr' id='par_1_102' title="bbox 238 5689 1731 5761">
     <span class='ocr_line' id='line_1_102' title="bbox 238 5689 1731 5761; baseline 0.001 -17"><span class='ocrx_word' id='word_1_796' title='bbox 238 5689 363 5746; x_wconf 66' lang='lat' dir='ltr'><strong>Car.</strong></span> <span class='ocrx_word' id='word_1_797' title='bbox 402 5706 519 5746; x_wconf 79' lang='lat' dir='ltr'><strong>xm.</strong></span> <span class='ocrx_word' id='word_1_798' title='bbox 559 5690 794 5745; x_wconf 84' lang='lat' dir='ltr'><strong>Charitas</strong></span> <span class='ocrx_word' id='word_1_799' title='bbox 844 5690 1177 5761; x_wconf 82' lang='lat' dir='ltr'><strong>fraternitatis</strong></span> <span class='ocrx_word' id='word_1_800' title='bbox 1224 5698 1425 5745; x_wconf 85' lang='lat' dir='ltr'><strong>maneat</strong></span> <span class='ocrx_word' id='word_1_801' title='bbox 1474 5690 1529 5744; x_wconf 89' lang='lat' dir='ltr'><strong>in</strong></span> <span class='ocrx_word' id='word_1_802' title='bbox 1573 5691 1731 5745; x_wconf 87' lang='lat' dir='ltr'><strong>vobis.</strong></span> 
     </span>
    </p>
   </div>
   <div class='ocr_carea' id='block_1_103' title="bbox 176 5781 1791 5854">
    <p class='ocr_par' dir='ltr' id='par_1_103' title="bbox 176 5781 1791 5854">
     <span class='ocr_line' id='line_1_103' title="bbox 176 5781 1791 5854; baseline 0.004 -18"><span class='ocrx_word' id='word_1_803' title='bbox 176 5781 319 5848; x_wconf 87' lang='lat' dir='ltr'><strong>Quod</strong></span> <span class='ocrx_word' id='word_1_804' title='bbox 343 5792 427 5838; x_wconf 90' lang='lat' dir='ltr'><strong>est</strong></span> <span class='ocrx_word' id='word_1_805' title='bbox 453 5783 631 5839; x_wconf 90' lang='lat' dir='ltr'><strong>dicere</strong></span> <span class='ocrx_word' id='word_1_806' title='bbox 682 5803 694 5835; x_wconf 75' lang='grc' dir='ltr'>ε</span> <span class='ocrx_word' id='word_1_807' title='bbox 740 5782 813 5838; x_wconf 87' lang='lat' dir='ltr'><strong>Ita</strong></span> <span class='ocrx_word' id='word_1_808' title='bbox 844 5784 1043 5854; x_wconf 89' lang='lat' dir='ltr'><strong>diligite</strong></span> <span class='ocrx_word' id='word_1_809' title='bbox 1076 5798 1283 5847; x_wconf 90' lang='lat' dir='ltr'><strong>omnes,</strong></span> <span class='ocrx_word' id='word_1_810' title='bbox 1326 5786 1462 5839; x_wconf 88' lang='lat' dir='ltr'><strong>sicut</strong></span> <span class='ocrx_word' id='word_1_811' title='bbox 1502 5790 1735 5839; x_wconf 88' lang='lat' dir='ltr'><strong>vosmet-</strong></span> <span class='ocrx_word' id='word_1_812' title='bbox 1790 5840 1791 5843; x_wconf 44' lang='grc' dir='ltr'><strong>η</strong></span> 
     </span>
    </p>
   </div>
   <div class='ocr_carea' id='block_1_104' title="bbox 177 5874 1763 5954">
    <p class='ocr_par' dir='ltr' id='par_1_104' title="bbox 177 5874 1763 5954">
     <span class='ocr_line' id='line_1_104' title="bbox 177 5874 1763 5954; baseline 0.002 -25"><span class='ocrx_word' id='word_1_813' title='bbox 177 5874 333 5943; x_wconf 86' lang='lat' dir='ltr'><strong>ipsos,</strong></span> <span class='ocrx_word' id='word_1_814' title='bbox 380 5876 732 5945; x_wconf 84' lang='lat' dir='ltr'><strong>recogitantes</strong></span> <span class='ocrx_word' id='word_1_815' title='bbox 758 5890 852 5931; x_wconf 90' lang='lat' dir='ltr'><strong>vos</strong></span> <span class='ocrx_word' id='word_1_816' title='bbox 882 5875 1079 5933; x_wconf 84' lang='lat' dir='ltr'><strong>habere</strong></span> <span class='ocrx_word' id='word_1_817' title='bbox 1120 5892 1281 5933; x_wconf 89' lang='lat' dir='ltr'><strong>unum</strong></span> <span class='ocrx_word' id='word_1_818' title='bbox 1313 5876 1523 5933; x_wconf 85' lang='lat' dir='ltr'><strong>Patrem</strong></span> <span class='ocrx_word' id='word_1_819' title='bbox 1571 5875 1763 5954; x_wconf 26' lang='lat' dir='ltr'><strong>Deum‘</strong></span> 
     </span>
    </p>
   </div>
   <div class='ocr_carea' id='block_1_105' title="bbox 1841 4760 3415 4834">
    <p class='ocr_par' dir='ltr' id='par_1_105' title="bbox 1841 4760 3415 4834">
     <span class='ocr_line' id='line_1_105' title="bbox 1841 4760 3415 4834; baseline 0.001 -18"><span class='ocrx_word' id='word_1_820' title='bbox 1841 4760 2081 4833; x_wconf 85' lang='lat' dir='ltr'><strong>dixitque</strong></span> <span class='ocrx_word' id='word_1_821' title='bbox 2101 4763 2179 4818; x_wconf 92' lang='lat' dir='ltr'><strong>eis</strong></span> <span class='ocrx_word' id='word_1_822' title='bbox 2207 4780 2221 4817; x_wconf 91' lang='lat'><strong>:</strong></span> <span class='ocrx_word' id='word_1_823' title='bbox 2246 4762 2483 4820; x_wconf 81' lang='lat' dir='ltr'><strong>Crescite</strong></span> <span class='ocrx_word' id='word_1_824' title='bbox 2506 4771 2561 4819; x_wconf 90' lang='lat' dir='ltr'><strong>et</strong></span> <span class='ocrx_word' id='word_1_825' title='bbox 2586 4764 3028 4834; x_wconf 91' lang='lat' dir='ltr'><strong>multiplicamini.</strong></span> <span class='ocrx_word' id='word_1_826' title='bbox 3060 4764 3117 4819; x_wconf 85' lang='lat' dir='ltr'><strong>In</strong></span> <span class='ocrx_word' id='word_1_827' title='bbox 3143 4764 3415 4833; x_wconf 88' lang='lat' dir='ltr'><strong>sequenti-</strong></span> 
     </span>
    </p>
   </div>
   <div class='ocr_carea' id='block_1_106' title="bbox 1843 4851 3416 4925">
    <p class='ocr_par' dir='ltr' id='par_1_106' title="bbox 1843 4851 3416 4925">
     <span class='ocr_line' id='line_1_106' title="bbox 1843 4851 3416 4925; baseline 0.002 -18"><span class='ocrx_word' id='word_1_828' title='bbox 1843 4851 1943 4907; x_wconf 89' lang='lat' dir='ltr'><strong>bns</strong></span> <span class='ocrx_word' id='word_1_829' title='bbox 1968 4866 2177 4922; x_wconf 88' lang='lat' dir='ltr'><strong>quoque</strong></span> <span class='ocrx_word' id='word_1_830' title='bbox 2202 4853 2418 4921; x_wconf 89' lang='lat' dir='ltr'><strong>dicitur,</strong></span> <span class='ocrx_word' id='word_1_831' title='bbox 2450 4854 2591 4925; x_wconf 91' lang='lat' dir='ltr'><strong>quod</strong></span> <span class='ocrx_word' id='word_1_832' title='bbox 2619 4853 2782 4908; x_wconf 90' lang='lat' dir='ltr'><strong>futuri</strong></span> <span class='ocrx_word' id='word_1_833' title='bbox 2816 4862 3000 4911; x_wconf 87' lang='lat' dir='ltr'><strong>essent</strong></span> <span class='ocrx_word' id='word_1_834' title='bbox 3026 4853 3133 4907; x_wconf 90' lang='lat' dir='ltr'><strong>duo</strong></span> <span class='ocrx_word' id='word_1_835' title='bbox 3160 4852 3216 4909; x_wconf 90' lang='lat' dir='ltr'><strong>in</strong></span> <span class='ocrx_word' id='word_1_836' title='bbox 3252 4867 3416 4910; x_wconf 83' lang='lat' dir='ltr'><strong>carne</strong></span> 
     </span>
    </p>
   </div>
   <div class='ocr_carea' id='block_1_107' title="bbox 1844 4942 3416 5012">
    <p class='ocr_par' dir='ltr' id='par_1_107' title="bbox 1844 4942 3416 5012">
     <span class='ocr_line' id='line_1_107' title="bbox 1844 4942 3416 5012; baseline 0.003 -17"><span class='ocrx_word' id='word_1_837' title='bbox 1844 4957 1949 4997; x_wconf 84' lang='lat' dir='ltr'><strong>una</strong></span> <span class='ocrx_word' id='word_1_838' title='bbox 1982 4958 1997 4993; x_wconf 90' lang='lat'><strong>:</strong></span> <span class='ocrx_word' id='word_1_839' title='bbox 2028 4942 2398 5012; x_wconf 86' lang='lat' dir='ltr'><strong>hujuscemodi</strong></span> <span class='ocrx_word' id='word_1_840' title='bbox 2424 4944 2609 4998; x_wconf 89' lang='lat' dir='ltr'><strong>thorus</strong></span> <span class='ocrx_word' id='word_1_841' title='bbox 2637 4944 3005 4999; x_wconf 90' lang='lat' dir='ltr'><strong>immaculatus</strong></span> <span class='ocrx_word' id='word_1_842' title='bbox 3033 4950 3135 5009; x_wconf 90' lang='lat' dir='ltr'><strong>est,</strong></span> <span class='ocrx_word' id='word_1_843' title='bbox 3170 4944 3272 4999; x_wconf 89' lang='lat' dir='ltr'><strong>hoc</strong></span> <span class='ocrx_word' id='word_1_844' title='bbox 3296 4953 3416 5009; x_wconf 88' lang='lat' dir='ltr'><strong>est,</strong></span> 
     </span>
    </p>
   </div>
   <div class='ocr_carea' id='block_1_108' title="bbox 1843 5029 3495 5109">
    <p class='ocr_par' dir='ltr' id='par_1_108' title="bbox 1843 5029 3495 5109">
     <span class='ocr_line' id='line_1_108' title="bbox 1843 5029 3495 5109; baseline 0 -23"><span class='ocrx_word' id='word_1_845' title='bbox 1843 5029 2111 5099; x_wconf 87' lang='lat' dir='ltr'><strong>legitimus</strong></span> <span class='ocrx_word' id='word_1_846' title='bbox 2131 5032 2409 5087; x_wconf 70' lang='lat' dir='ltr'><strong>recubitus</strong></span> <span class='ocrx_word' id='word_1_847' title='bbox 2422 5033 2621 5103; x_wconf 88' lang='lat' dir='ltr'><strong>absque</strong></span> <span class='ocrx_word' id='word_1_848' title='bbox 2644 5032 3012 5088; x_wconf 84' lang='lat' dir='ltr'><strong>fornicationis</strong></span> <span class='ocrx_word' id='word_1_849' title='bbox 3036 5046 3215 5100; x_wconf 79' lang='lat' dir='ltr'><strong>causa,</strong></span> <span class='ocrx_word' id='word_1_850' title='bbox 3238 5040 3294 5087; x_wconf 90' lang='lat' dir='ltr'><strong>et</strong></span> <span class='ocrx_word' id='word_1_851' title='bbox 3314 5033 3419 5087; x_wconf 84' lang='lat' dir='ltr'><strong>im-</strong></span> <span class='ocrx_word' id='word_1_852' title='bbox 3494 5106 3495 5109; x_wconf 14' lang='grc' dir='ltr'><strong>η</strong></span> 
     </span>
    </p>
   </div>
   <div class='ocr_carea' id='block_1_109' title="bbox 1844 5122 3408 5196">
    <p class='ocr_par' dir='ltr' id='par_1_109' title="bbox 1844 5122 3408 5196">
     <span class='ocr_line' id='line_1_109' title="bbox 1844 5122 3408 5196; baseline 0.002 -19"><span class='ocrx_word' id='word_1_853' title='bbox 1844 5122 2139 5177; x_wconf 88' lang='lat' dir='ltr'><strong>maculatus</strong></span> <span class='ocrx_word' id='word_1_854' title='bbox 2164 5123 2355 5191; x_wconf 88' lang='lat' dir='ltr'><strong>lectus,</strong></span> <span class='ocrx_word' id='word_1_855' title='bbox 2384 5124 2709 5180; x_wconf 89' lang='lat' dir='ltr'><strong>immaculati</strong></span> <span class='ocrx_word' id='word_1_856' title='bbox 2740 5133 2795 5180; x_wconf 90' lang='lat' dir='ltr'><strong>et</strong></span> <span class='ocrx_word' id='word_1_857' title='bbox 2819 5126 2894 5179; x_wconf 90' lang='lat' dir='ltr'><strong>illi</strong></span> <span class='ocrx_word' id='word_1_858' title='bbox 2935 5125 3059 5180; x_wconf 91' lang='lat' dir='ltr'><strong>inde</strong></span> <span class='ocrx_word' id='word_1_859' title='bbox 3096 5133 3408 5196; x_wconf 89' lang='lat' dir='ltr'><strong>surgentes,</strong></span> 
     </span>
    </p>
   </div>
   <div class='ocr_carea' id='block_1_110' title="bbox 1842 5212 3416 5282">
    <p class='ocr_par' dir='ltr' id='par_1_110' title="bbox 1842 5212 3416 5282">
     <span class='ocr_line' id='line_1_110' title="bbox 1842 5212 3416 5282; baseline 0.003 -15"><span class='ocrx_word' id='word_1_860' title='bbox 1842 5212 1947 5267; x_wconf 90' lang='lat' dir='ltr'><strong>hoc</strong></span> <span class='ocrx_word' id='word_1_861' title='bbox 1972 5219 2084 5277; x_wconf 90' lang='lat' dir='ltr'><strong>est,</strong></span> <span class='ocrx_word' id='word_1_862' title='bbox 2114 5214 2372 5267; x_wconf 90' lang='lat' dir='ltr'><strong>maculam</strong></span> <span class='ocrx_word' id='word_1_863' title='bbox 2404 5217 2605 5282; x_wconf 90' lang='lat' dir='ltr'><strong>peccati</strong></span> <span class='ocrx_word' id='word_1_864' title='bbox 2632 5215 2758 5271; x_wconf 91' lang='lat' dir='ltr'><strong>inde</strong></span> <span class='ocrx_word' id='word_1_865' title='bbox 2796 5229 2901 5271; x_wconf 88' lang='lat' dir='ltr'><strong>non</strong></span> <span class='ocrx_word' id='word_1_866' title='bbox 2939 5216 3230 5272; x_wconf 88' lang='lat' dir='ltr'><strong>trahentes.</strong></span> <span class='ocrx_word' id='word_1_867' title='bbox 3259 5214 3416 5272; x_wconf 87' lang='lat' dir='ltr'><strong>Unde</strong></span> 
     </span>
    </p>
   </div>
   <div class='ocr_carea' id='block_1_111' title="bbox 1842 5301 3418 5376">
    <p class='ocr_par' dir='ltr' id='par_1_111' title="bbox 1842 5301 3418 5376">
     <span class='ocr_line' id='line_1_111' title="bbox 1842 5301 3418 5376; baseline 0.002 -19"><span class='ocrx_word' id='word_1_868' title='bbox 1842 5301 2029 5357; x_wconf 89' lang='lat' dir='ltr'><strong>beatus</strong></span> <span class='ocrx_word' id='word_1_869' title='bbox 2055 5301 2331 5359; x_wconf 73' lang='lat' dir='ltr'><strong>Matthceus</strong></span> <span class='ocrx_word' id='word_1_870' title='bbox 2358 5303 2487 5359; x_wconf 90' lang='lat' dir='ltr'><strong>dicit</strong></span> <span class='ocrx_word' id='word_1_871' title='bbox 2512 5306 2741 5374; x_wconf 87' lang='lat' dir='ltr'><strong>quodam</strong></span> <span class='ocrx_word' id='word_1_872' title='bbox 2768 5306 2924 5361; x_wconf 86' lang='lat' dir='ltr'><strong>loco:</strong></span> <span class='ocrx_word' id='word_1_873' title='bbox 2956 5305 3089 5372; x_wconf 86' lang='lat' dir='ltr'><strong>Quia</strong></span> <span class='ocrx_word' id='word_1_874' title='bbox 3111 5305 3418 5376; x_wconf 88' lang='lat' dir='ltr'><strong>conjugium</strong></span> 
     </span>
    </p>
   </div>
   <div class='ocr_carea' id='block_1_112' title="bbox 1840 5396 3417 5467">
    <p class='ocr_par' dir='ltr' id='par_1_112' title="bbox 1840 5396 3417 5467">
     <span class='ocr_line' id='line_1_112' title="bbox 1840 5396 3417 5467; baseline 0 -16"><span class='ocrx_word' id='word_1_875' title='bbox 1840 5396 2133 5465; x_wconf 88' lang='lat' dir='ltr'><strong>legitimum</strong></span> <span class='ocrx_word' id='word_1_876' title='bbox 2182 5406 2237 5454; x_wconf 91' lang='lat' dir='ltr'><strong>et</strong></span> <span class='ocrx_word' id='word_1_877' title='bbox 2278 5397 2464 5453; x_wconf 90' lang='lat' dir='ltr'><strong>thorus</strong></span> <span class='ocrx_word' id='word_1_878' title='bbox 2512 5398 2779 5467; x_wconf 89' lang='lat' dir='ltr'><strong>legitimus</strong></span> <span class='ocrx_word' id='word_1_879' title='bbox 2816 5397 3003 5454; x_wconf 87' lang='lat' dir='ltr'><strong>sordes</strong></span> <span class='ocrx_word' id='word_1_880' title='bbox 3050 5398 3249 5455; x_wconf 89' lang='lat' dir='ltr'><strong>habent</strong></span> <span class='ocrx_word' id='word_1_881' title='bbox 3277 5411 3417 5465; x_wconf 85' lang='lat' dir='ltr'><strong>quo-</strong></span> 
     </span>
    </p>
   </div>
   <div class='ocr_carea' id='block_1_113' title="bbox 1842 5486 3417 5557">
    <p class='ocr_par' dir='ltr' id='par_1_113' title="bbox 1842 5486 3417 5557">
     <span class='ocr_line' id='line_1_113' title="bbox 1842 5486 3417 5557; baseline -0.001 -14"><span class='ocrx_word' id='word_1_882' title='bbox 1842 5488 2127 5544; x_wconf 90' lang='lat' dir='ltr'><strong>dammodo</strong></span> <span class='ocrx_word' id='word_1_883' title='bbox 2167 5486 2218 5542; x_wconf 92' lang='lat' dir='ltr'><strong>in</strong></span> <span class='ocrx_word' id='word_1_884' title='bbox 2262 5487 2643 5543; x_wconf 87' lang='lat' dir='ltr'><strong>commixtione</strong></span> <span class='ocrx_word' id='word_1_885' title='bbox 2666 5488 2907 5554; x_wconf 86' lang='lat' dir='ltr'><strong>seminis,</strong></span> <span class='ocrx_word' id='word_1_886' title='bbox 2947 5489 3041 5544; x_wconf 90' lang='lat' dir='ltr'><strong>sed</strong></span> <span class='ocrx_word' id='word_1_887' title='bbox 3072 5488 3275 5557; x_wconf 88' lang='lat' dir='ltr'><strong>peccati</strong></span> <span class='ocrx_word' id='word_1_888' title='bbox 3304 5500 3417 5542; x_wconf 84' lang='lat' dir='ltr'><strong>ma-</strong></span> 
     </span>
    </p>
   </div>
   <div class='ocr_carea' id='block_1_114' title="bbox 1842 5578 3414 5649">
    <p class='ocr_par' dir='ltr' id='par_1_114' title="bbox 1842 5578 3414 5649">
     <span class='ocr_line' id='line_1_114' title="bbox 1842 5578 3414 5649; baseline -0.003 -10"><span class='ocrx_word' id='word_1_889' title='bbox 1842 5583 2016 5639; x_wconf 90' lang='lat' dir='ltr'><strong>culam</strong></span> <span class='ocrx_word' id='word_1_890' title='bbox 2049 5591 2154 5637; x_wconf 89' lang='lat' dir='ltr'><strong>non</strong></span> <span class='ocrx_word' id='word_1_891' title='bbox 2184 5582 2381 5637; x_wconf 89' lang='lat' dir='ltr'><strong>habent</strong></span> <span class='ocrx_word' id='word_1_892' title='bbox 2412 5600 2424 5634; x_wconf 89' lang='lat'><strong>:</strong></span> <span class='ocrx_word' id='word_1_893' title='bbox 2458 5581 2650 5637; x_wconf 87' lang='lat' dir='ltr'><strong>melius</strong></span> <span class='ocrx_word' id='word_1_894' title='bbox 2689 5589 2771 5637; x_wconf 84' lang='lat' dir='ltr'><strong>est</strong></span> <span class='ocrx_word' id='word_1_895' title='bbox 2804 5582 2948 5637; x_wconf 90' lang='lat' dir='ltr'><strong>enim</strong></span> <span class='ocrx_word' id='word_1_896' title='bbox 2977 5593 3207 5636; x_wconf 80' lang='lat' dir='ltr'><strong>uxorem</strong></span> <span class='ocrx_word' id='word_1_897' title='bbox 3235 5578 3414 5649; x_wconf 88' lang='lat' dir='ltr'><strong>legiti-</strong></span> 
     </span>
    </p>
   </div>
   <div class='ocr_carea' id='block_1_115' title="bbox 1842 5671 3417 5745">
    <p class='ocr_par' dir='ltr' id='par_1_115' title="bbox 1842 5671 3417 5745">
     <span class='ocr_line' id='line_1_115' title="bbox 1842 5671 3417 5745; baseline -0.002 -16"><span class='ocrx_word' id='word_1_898' title='bbox 1842 5691 1981 5730; x_wconf 86' lang='lat' dir='ltr'><strong>mam</strong></span> <span class='ocrx_word' id='word_1_899' title='bbox 2010 5675 2239 5741; x_wconf 89' lang='lat' dir='ltr'><strong>dueere,</strong></span> <span class='ocrx_word' id='word_1_900' title='bbox 2286 5688 2444 5745; x_wconf 88' lang='lat' dir='ltr'><strong>quam</strong></span> <span class='ocrx_word' id='word_1_901' title='bbox 2475 5687 2595 5729; x_wconf 90' lang='lat' dir='ltr'><strong>cum</strong></span> <span class='ocrx_word' id='word_1_902' title='bbox 2624 5672 2975 5729; x_wconf 90' lang='lat' dir='ltr'><strong>meretriculis</strong></span> <span class='ocrx_word' id='word_1_903' title='bbox 3027 5671 3279 5727; x_wconf 89' lang='lat' dir='ltr'><strong>fornicari</strong></span> <span class='ocrx_word' id='word_1_904' title='bbox 3323 5676 3417 5726; x_wconf 88' lang='lat' dir='ltr'><strong>aut</strong></span> 
     </span>
    </p>
   </div>
   <div class='ocr_carea' id='block_1_116' title="bbox 1844 5770 3412 5840">
    <p class='ocr_par' dir='ltr' id='par_1_116' title="bbox 1844 5770 3412 5840">
     <span class='ocr_line' id='line_1_116' title="bbox 1844 5770 3412 5840; baseline -0.005 -9"><span class='ocrx_word' id='word_1_905' title='bbox 1844 5776 2005 5831; x_wconf 83' lang='lat' dir='ltr'><strong>etiam</strong></span> <span class='ocrx_word' id='word_1_906' title='bbox 2052 5776 2271 5831; x_wconf 85' lang='lat' dir='ltr'><strong>aliorum</strong></span> <span class='ocrx_word' id='word_1_907' title='bbox 2314 5782 2507 5830; x_wconf 82' lang='lat' dir='ltr'><strong>uxbres</strong></span> <span class='ocrx_word' id='word_1_908' title='bbox 2535 5772 2759 5829; x_wconf 88' lang='lat' dir='ltr'><strong>violare.</strong></span> <span class='ocrx_word' id='word_1_909' title='bbox 2807 5770 2901 5827; x_wconf 89' lang='lat' dir='ltr'><strong>Sin</strong></span> <span class='ocrx_word' id='word_1_910' title='bbox 2944 5784 3072 5826; x_wconf 90' lang='lat' dir='ltr'><strong>vero</strong></span> <span class='ocrx_word' id='word_1_911' title='bbox 3118 5770 3412 5840; x_wconf 87' lang='lat' dir='ltr'><strong>legitimum</strong></span> 
     </span>
    </p>
   </div>
   <div class='ocr_carea' id='block_1_117' title="bbox 1842 5860 3413 5935">
    <p class='ocr_par' dir='ltr' id='par_1_117' title="bbox 1842 5860 3413 5935">
     <span class='ocr_line' id='line_1_117' title="bbox 1842 5860 3413 5935; baseline -0.006 -11"><span class='ocrx_word' id='word_1_912' title='bbox 1842 5883 1949 5924; x_wconf 89' lang='lat' dir='ltr'><strong>non</strong></span> <span class='ocrx_word' id='word_1_913' title='bbox 1998 5868 2157 5926; x_wconf 80' lang='lat' dir='ltr'><strong>fuerit</strong></span> <span class='ocrx_word' id='word_1_914' title='bbox 2199 5866 2524 5923; x_wconf 89' lang='lat' dir='ltr'><strong>connubium</strong></span> <span class='ocrx_word' id='word_1_915' title='bbox 2555 5883 2568 5925; x_wconf 88' lang='lat'><strong>:</strong></span> <span class='ocrx_word' id='word_1_916' title='bbox 2610 5877 2783 5935; x_wconf 89' lang='lat' dir='ltr'><strong>neque</strong></span> <span class='ocrx_word' id='word_1_917' title='bbox 2811 5876 2995 5921; x_wconf 82' lang='lat' dir='ltr'><strong>amore</strong></span> <span class='ocrx_word' id='word_1_918' title='bbox 3020 5861 3252 5919; x_wconf 82' lang='lat' dir='ltr'><strong>ﬁliorum</strong></span> <span class='ocrx_word' id='word_1_919' title='bbox 3271 5902 3287 5930; x_wconf 93' lang='lat'><strong>,</strong></span> <span class='ocrx_word' id='word_1_920' title='bbox 3315 5860 3413 5918; x_wconf 88' lang='lat' dir='ltr'><strong>sed</strong></span> 
     </span>
    </p>
   </div>
   <div class='ocr_carea' id='block_1_118' title="bbox 3520 918 3552 1247">
    <p class='ocr_par' dir='ltr' id='par_1_118' title="bbox 3520 918 3552 1219">
     <span class='ocr_line' id='line_1_118' title="bbox 3534 918 3552 941; baseline 0 0"><span class='ocrx_word' id='word_1_921' title='bbox 3534 918 3552 941; x_wconf 57' lang='grc' dir='ltr'><em>κ</em></span> 
     </span>
     <span class='ocr_line' id='line_1_119' title="bbox 3531 964 3547 1005; baseline 0 -4"><span class='ocrx_word' id='word_1_922' title='bbox 3531 964 3547 1005; x_wconf 67' lang='grc' dir='ltr'><em>ζ</em></span> 
     </span>
     <span class='ocr_line' id='line_1_120' title="bbox 3524 1098 3538 1128; baseline 0 0"><span class='ocrx_word' id='word_1_923' title='bbox 3524 1098 3538 1128; x_wconf 70' lang='grc' dir='ltr'><strong><em>ς</em></strong></span> 
     </span>
     <span class='ocr_line' id='line_1_121' title="bbox 3522 1136 3537 1183; baseline 0 -8"><span class='ocrx_word' id='word_1_924' title='bbox 3522 1136 3537 1183; x_wconf 63' lang='grc' dir='ltr'><em>ξ</em></span> 
     </span>
     <span class='ocr_line' id='line_1_122' title="bbox 3520 1186 3533 1219; baseline 0 -3"><span class='ocrx_word' id='word_1_925' title='bbox 3520 1186 3533 1219; x_wconf 60' lang='grc' dir='ltr'>ξ</span> 
     </span>
    </p>
   </div>
  </div>
