3968 6354
554 384 654 444 787

1684 380 1981 449 PRIMASII
2022 381 2471 443 ADRUMETANI
2509 378 2723 439 EPISC.

3775 379 3901 441 7m

554 506 717 550 causa
742 454 981 553 libidinis
1017 492 1325 566 explendae,
1354 490 1659 565 fuerintque
1697 495 1878 564 plures
1909 508 2132 564 uxores,
2160 497 2216 559 Α
2236 494 2402 562 mine,
2442 492 2510 547 ab
2539 492 2754 549 homine
2778 490 2943 555 male.
2972 490 3027 555 id
3053 494 3137 549 est
3161 482 3397 555 diabolo.
3423 486 3689 567 δικαία
3740 508 3893 567 ergo

556 582 663 653 ‘am
707 599 808 641 non
853 596 934 642 cst
975 586 1283 641 lionorabile
1325 586 1682 652 connubium,
1719 601 1891 657 neque
1940 587 2124 643 thorus

554 676 1332 733 immaculatus..Forniratores
1355 680 1486 732 enim
1517 687 1564 733 et
1594 678 1853 734 adulteros
1871 679 2129 752 judicabit

556 766 717 824 Deus.
749 767 1022 823 Fornicari
1063 777 1143 823 est
1184 783 1501 840 quocunque
1529 769 1690 824 modo
1719 769 1916 840 pollui,
1950 768 2126 823 libidi-

553 874 785 930 nemque
814 860 1014 930 expleri
1039 875 1054 925 ;
1082 860 1369 916 adulterari
1398 876 1524 917 vero
1554 870 1636 917 est
1665 862 1884 916 alterius
1914 862 2128 915 thorum

554 953 751 1008 violare
781 968 796 1007 :
830 952 971 1007 unde
1004 952 1211 1009 adulter
1246 953 1460 1020 dicitur,
1496 953 1648 1022 quasi
1677 952 1897 1007 alterius
1924 953 2129 1008 violatis

555 1046 788 1101 thorum.
820 1044 929 1101 Sed
957 1046 1197 1115 nunquid
1234 1047 1575 1116 omnipotens
1612 1044 1753 1100 Deus
1793 1043 2130 1099 solummodo

551 1139 904 1195 fornicatores
931 1148 983 1196 et
1009 1141 1281 1197 adulteros
1321 1139 1609 1211 iudicabit,
1656 1139 1754 1194 hoc
1794 1147 1874 1193 est
1900 1138 2129 1195 damna-

547 1230 652 1298 bit,
681 1234 1054 1305 praetermissis
1082 1231 1384 1300 homicidis,
1412 1231 1700 1302 sacrilegis,
1730 1230 1957 1299 furibus,
1983 1232 2133 1303 aliis-

551 1343 657 1399 que
708 1329 934 1386 diversis
974 1327 1285 1384 criminibus
1336 1326 1623 1382 involutis?
1666 1324 1904 1382 Minime.
1957 1326 2131 1397 Quare

552 1435 681 1491 ergo
712 1420 999 1492 Apostolus
1026 1419 1331 1490 specialiter
1374 1418 1722 1475 fornicatores
1764 1426 1818 1473 et
1857 1418 2131 1476 adulteros

546 1511 864 1599 iudicandos
902 1513 1019 1568 fore
1057 1511 1227 1567 dixit?
1268 1508 1529 1566 Nimirum
1556 1510 1681 1583 quia
1710 1510 1777 1566 de
1817 1510 2131 1580 homicidis,

551 1603 858 1674 sacrilegis,
888 1602 1214 1670 latronibus,
1241 1602 1519 1672 parricidis
1564 1612 1723 1673 atque
1747 1602 1870 1662 aliis
1899 1604 2133 1673 pondere

551 1703 889 1768 peccatorum
942 1694 1175 1764 gravatis
1224 1692 1366 1747 nulla
1421 1692 1685 1750 haesitatio
1726 1703 1810 1751 est
1848 1694 1976 1765 quin
2024 1697 2133 1752 sint

550 1772 861 1844 damnandi.
893 1786 969 1843 De
1000 1784 1410 1855 fornicatoribus
1438 1800 1566 1842 vero
1587 1794 1641 1841 et
1668 1785 1949 1853 adulteris,
1979 1799 2133 1844 erant

552 1886 679 1934 tunc
708 1877 994 1957 temporis,
1028 1877 1118 1948 qui
1147 1874 1460 1943 dubitabant
1514 1877 1756 1935 dicentes
1776 1919 1791 1946 ,
1821 1879 1888 1935 ad
1916 1880 2020 1935 hoc
2045 1880 2130 1937 fa-
2157 1881 2208 1944 Β

550 1980 667 2043 ctos
694 1971 959 2028 masculos
987 1981 1041 2027 et
1071 1970 1300 2041 feminas
1336 1981 1395 2029 ut
1434 1972 1588 2029 simul
1619 1983 1811 2031 coeant
1851 1992 1866 2030 :
1905 1975 2133 2047 ideoque

551 2078 659 2120 non
688 2078 809 2120 esse
837 2074 1113 2135 peccatum
1140 2078 1260 2120 cum
1292 2065 1525 2135 qualibet
1553 2065 1780 2123 muliere
1809 2068 2134 2129 concumbe-

551 2170 612 2212 re
645 2172 657 2208 :
686 2155 826 2227 quod
857 2157 1076 2212 omnino
1102 2156 1259 2229 longe
1287 2158 1441 2221 abest
1465 2173 1496 2214 a
1524 2158 1769 2215 veritate.
1804 2159 1959 2216 Unde
1986 2162 2131 2231 Apo-

548 2246 721 2303 stolus
750 2260 871 2303 cum
901 2246 1074 2318 primo
1096 2247 1354 2305 dixisset:
1381 2247 1709 2305 Honorabile
1730 2252 2055 2306 connubium
2078 2262 2134 2315 et

552 2336 767 2394 thorum
795 2338 1189 2393 immaculatum
1215 2338 1428 2408 placere
1458 2339 1568 2394 Deo
1601 2356 1614 2395 :
1648 2356 1773 2395 mox
1803 2341 2085 2398 subintulit
2114 2359 2130 2398 :

548 2428 685 2499 Quia
709 2429 1061 2485 fornicatores
1082 2437 1139 2489 et
1160 2429 1435 2485 adulteros
1456 2429 1717 2500 iudicabit
1748 2431 1885 2487 Deus
1914 2448 1929 2486 :
1953 2442 2133 2489 osten-

549 2516 685 2577 dens
706 2520 850 2593 juste
866 2518 1097 2592 iudicari
1122 2520 1472 2579 fornicatores
1499 2532 1553 2578 et
1580 2522 1872 2579 adulteros.
1902 2524 1955 2580 Si
1988 2527 2129 2582 enim

548 2612 873 2693 coenobium
897 2626 1213 2681 concessum
1237 2622 1355 2685 est,
1380 2613 1525 2685 juste
1555 2616 1907 2675 fornicatores
1927 2619 2133 2689 suppli-

545 2708 645 2773 ciis
675 2706 997 2775 afﬁciuntur,
1025 2706 1170 2783 juste
1208 2708 1500 2779 puniuntur
1527 2708 1777 2766 adulteri.
1808 2712 1931 2767 Sint
1964 2728 2130 2769 mores

546 2802 657 2867 sine
681 2802 901 2871 avaritia
926 2816 949 2857 :
976 2801 1199 2875 sententi
1225 2802 1577 2881 pauentibus.
1608 2802 1723 2861 Mos
1762 2814 1843 2861 est
1874 2804 2133 2866 honestas

547 2889 671 2959 vitae
715 2900 771 2963 et
807 2892 946 2950 bene
971 2892 1204 2965 vivendi.
1234 2892 1351 2950 Non
1381 2894 1533 2961 dixit,
1563 2895 1852 2965 possidete,
1878 2898 1996 2965 sed,
2022 2898 2131 2956 sint

549 2998 747 3056 mores,
771 2986 823 3057 id
843 2996 947 3057 est,
971 2987 1079 3055 vita
1105 2997 1159 3044 et
1178 2991 1515 3057 conversatio
1537 3000 1711 3047 vestra
1742 2993 1855 3049 sine
1877 2994 2123 3050 avaritia.

552 3074 760 3149 Avarus
787 3076 982 3146 dicitur
1008 3079 1194 3141 avidus
1220 3081 1357 3145 auri,
1388 3081 1636 3139 videlicet
1663 3082 1754 3153 qui
1779 3092 1933 3141 tenax
1961 3094 2046 3141 est
2073 3085 2129 3142 in

546 3170 846 3249 largiendo,
864 3179 919 3227 et
934 3172 1154 3244 cupidus
1176 3173 1230 3229 in
1252 3173 1585 3244 accipiendo,
1608 3182 1661 3230 et
1680 3175 1774 3245 qui
1795 3191 2011 3235 manum
2034 3179 2129 3234 ha-

544 3260 639 3318 bet
651 3261 931 3335 collectam
947 3261 1013 3318 ad
1028 3261 1281 3330 dandum,
1300 3271 1355 3319 et
1368 3273 1636 3323 extentam
1655 3264 1721 3321 ad
1736 3266 2125 3336 accipiendum.

547 3353 626 3419 De
670 3369 779 3426 quo
818 3356 1038 3414 omnino
1084 3355 1300 3428 quidam
1330 3355 1546 3427 sapiens
1582 3356 1858 3425 admonet,
1901 3358 2129 3415 dicens:

545 3443 666 3529 ηομ
692 3447 764 3503 sit
789 3455 1035 3523 porrecta
1064 3461 1257 3505 manus
1286 3454 1377 3502 tua
1405 3446 1470 3503 ad
1499 3447 1868 3516 accipiendum
1891 3487 1908 3515 ,
1935 3456 1992 3505 et
2016 3449 2131 3506 col-

547 3537 685 3617 lecta
713 3537 783 3611 ad
812 3539 1067 3609 dandum.
1098 3537 1369 3601 Fortassis
1396 3545 1678 3610 postquam
1707 3539 1986 3610 exspoliari
2014 3540 2128 3599 fue-

547 3638 671 3705 rant
702 3634 920 3709 prepria
959 3631 1212 3690 facultate
1237 3645 1271 3689 a
1299 3645 1406 3687 non
1434 3630 1802 3698 credentibus,
1846 3632 2134 3701 cupiebant

548 3721 652 3789 sub
678 3728 942 3793 praetextu
988 3723 1347 3794 eleemosynaa
1392 3721 1585 3785 iterum
1633 3736 1959 3793 congregare
1986 3724 2129 3780 divi-

551 3813 655 3879 tias
684 3828 701 3865 :
730 3811 960 3885 ideoque
988 3815 1196 3871 monuit
1226 3814 1534 3885 Apostolus,
1565 3823 1623 3870 ut
1652 3823 1835 3872 essent
1860 3828 2038 3872 mores
2066 3817 2131 3872 il-

552 3909 729 3981 lorum
768 3908 888 3967 sine
929 3908 1151 3967 avaritia
1179 3948 1195 3975 ,
1244 3908 1481 3965 contenti
1518 3916 1724 3965 tantum
1771 3911 2129 3981 praesentibus

550 4000 892 4067 necessariis,
922 4015 1030 4071 non
1060 3999 1469 4071 praecogitantes
1489 4000 1558 4058 de
1586 4001 1783 4060 futuro.
1808 4002 1964 4059 Juxta
1985 4005 2128 4075 quod

548 4087 680 4157 alibi
724 4087 968 4155 hortatus
1006 4089 1216 4158 fuerat,
1264 4089 1450 4153 dicens
1481 4107 1498 4149 :
1529 4090 1799 4148 Habentes
1827 4093 2021 4148 victum
2072 4102 2130 4151 et

552 4183 822 4253 vestitum,
853 4184 938 4241 his
984 4184 1224 4247 contenti
1250 4184 1436 4241 simus.
1469 4185 1534 4242 Et
1583 4200 1653 4243 ne
1680 4186 1817 4242 forte
1846 4186 2124 4243 dicerent:

552 4280 690 4350 Quid
718 4282 912 4339 facturi
959 4282 1183 4351 erimus,
1211 4282 1259 4340 si
1300 4283 1605 4339 necessaria
1649 4282 1804 4340 nobis
1847 4282 2130 4353 contigerit

546 4374 783 4439 deesse?
827 4374 1071 4447 protinus
1116 4374 1537 4435 consolationem
1582 4374 1820 4443 addidit,
1867 4374 2129 4431 adhibens

550 4476 673 4538 PO“
718 4468 1083 4531 monium
1126 4466 1195 4525 de
1240 4466 1379 4525 libro
1413 4465 1543 4525 Jesu
1591 4466 1759 4524 Nave.
1803 4464 1923 4537 Ipse
1972 4467 2127 4521 enim.

552 4556 696 4619 Deus
719 4559 1079 4628 omnipotens.
1111 4556 1255 4619 Dixit
1283 4574 1306 4615 :
1334 4556 1458 4613 Non
1502 4566 1550 4612 te
1574 4558 1801 4614 deseram
1842 4574 2005 4627 neque
2031 4559 2126 4612 de-
2154 4588 2177 4628 _r

549 4648 857 4719 relinquam.
871 4623 1013 4706 —Post
1040 4657 1263 4713 mortem
1283 4650 1452 4722 Moysi
1479 4650 1615 4707 dixit
1642 4650 1897 4707 Dominus
1921 4623 2124 4706 iosue:
2154 4623 2209 4687 Ῑ)

550 4738 705 4799 Sicut
729 4740 806 4797 fui
846 4755 970 4799 cum
996 4741 1199 4812 Moyse,
1228 4742 1303 4805 ita
1341 4755 1438 4799 ero
1465 4750 1640 4798 tecum
1676 4759 1689 4794 :
1721 4740 2042 4806 confortare,
2072 4750 2129 4798 et

551 4840 670 4897 este
694 4832 984 4892 robustus:
1017 4847 1126 4891 non
1156 4840 1207 4896 te
1233 4833 1501 4900 deseram,
1533 4848 1706 4905 neque
1733 4833 2124 4904 derelinquam.

552 4924 705 4995 Qu“
730 4926 1031 4997 exemplum
1062 4935 1121 4984 ut
1162 4928 1393 4998 pertinet
1418 4927 1487 4983 ad
1512 4926 1698 4996 Iosue,
1740 4927 1813 4983 ita
1842 4935 1895 4983 et
1921 4927 1989 4983 ad
2018 4941 2131 4983 om-

552 5031 677 5077 nem
704 5017 951 5087 electum,
984 5019 1073 5090 qui
1102 5031 1254 5090 spem
1284 5032 1434 5076 suam
1464 5020 1516 5074 in
1547 5018 1659 5076 Deo
1688 5018 1913 5088 positam
1943 5017 2123 5073 habet.

548 5109 709 5179 Nulla
736 5112 879 5171 enim
906 5112 1115 5169 ratione
1139 5112 1413 5179 mentitur,
1446 5112 1493 5168 si
1520 5113 1573 5167 in
1598 5113 1691 5168 illo
1714 5126 1863 5182 spem
1887 5119 2124 5166 nostram

550 5216 832 5271 ponamus.
862 5203 967 5259 Ita.
1014 5203 1275 5270 Subaudi,
1302 5211 1384 5259 est
1413 5204 1505 5259 ille
1532 5203 1831 5259 nobiscum.
1867 5203 1935 5259 Ut
1964 5204 2129 5273 conﬁ-

549 5296 727 5353 denter
772 5298 1002 5359 dicamus
1031 5311 1051 5353 :
1079 5296 1333 5352 Dominus
1368 5294 1492 5351 mihi
1533 5297 1743 5367 adjutor
1770 5304 1880 5363 est,
1928 5312 2029 5351 non
2058 5298 2127 5351 ti-

478 5414 488 5423 —
551 5390 693 5444 meto
718 5388 843 5456 quid
877 5388 1032 5457 faciat
1058 5388 1186 5443 mihi
1214 5388 1387 5443 homo.
1416 5385 1659 5443 Hominis
1686 5388 1904 5443 nomine
1932 5387 2130 5445 intelli-

550 5480 691 5547 gitur
720 5478 809 5533 hic
852 5493 959 5533 non
1004 5479 1172 5535 solum
1217 5478 1450 5536 camelis
1477 5477 1698 5548 quilibet
1737 5479 2121 5535 adversarius:

550 5568 647 5622 sed
674 5570 837 5625 etiam
866 5569 1115 5639 antiquus
1142 5572 1336 5640 hostis,
1375 5569 1466 5639 qui
1508 5568 1669 5623 homo
1695 5568 2015 5637 appellatur,
2057 5570 2126 5626 ab

551 5657 733 5710 ofﬁcio
760 5672 861 5713 suo
906 5663 1219 5718 vocabulum
1265 5676 1525 5728 sumens,
1557 5672 1621 5715 eo
1662 5659 1809 5737 quod
1854 5659 2124 5717 hominem

550 5747 785 5815 decipiat
816 5763 832 5798 :
862 5748 1002 5803 sicut
1045 5762 1099 5807 et
1125 5753 1370 5810 Christus
1415 5753 1503 5809 leo
1546 5748 1862 5821 appellatur.
1909 5763 2128 5823 propter

549 5834 946 5894 fortitudinem.
975 5836 1129 5900 Unde
1166 5845 1427 5916 propheta
1471 5842 1642 5901 dicit:
1673 5840 1832 5913 Eripe
1871 5857 1979 5909 me.
2023 5845 2129 5905 Do-

2231 599 2332 643 nos
2388 584 2441 639 in
2492 583 2739 641 omnibus
2798 583 3229 647 tribulationibus
3276 602 3376 646 seu
3434 588 3887 645 mutationibus

2231 674 2376 731 hunc
2401 675 2718 731 versiculum
2747 674 3156 747 Psalmographi
3198 692 3293 734 seu
3349 679 3617 749 ApostoIi
3674 682 3882 736 exet;-

2230 781 2403 833 mare,
2431 766 2671 822 dicentes
2701 782 2716 821 :
2748 765 3002 824 Dominus
3028 766 3158 823 mihi
3196 767 3437 839 adiutor,
3472 785 3593 826 non
3642 771 3872 827 timebo

2230 857 2360 927 quid
2386 856 2543 912 faciat
2571 856 2700 912 mihi
2728 857 2950 929 quilibet
2980 856 3151 914 hostis
3176 868 3269 915 aut
3295 861 3697 917 adversarius.
3756 862 3869 917 Hr-

2231 958 2453 1005 mentote
2480 951 2869 1021 praepositorum
2897 959 3196 1019 vestrorum,
3236 954 3325 1024 qui
3350 956 3497 1010 vobis
3528 956 3715 1009 locuti
3746 968 3861 1009 sats:

2230 1041 2436 1095 verbum
2466 1040 2561 1096 Dei
2584 1082 2602 1110 ,
2629 1058 2847 1113 quarunt
2888 1043 3136 1099 intuentes
3166 1045 3355 1100 exitum
3378 1084 3395 1111 ,
3426 1049 3859 1100 conversation:

2233 1131 2508 1188 imitamini
2536 1132 2709 1201 ﬁdem.
2738 1132 2937 1189 Omnes
2963 1134 3176 1206 quidem
3204 1134 3409 1205 praelati
3441 1144 3504 1191 et
3557 1137 3845 1199 doctores,

2231 1222 2546 1294 inquantum
2575 1223 2712 1279 bona
2752 1225 3046 1294 prredicant
3088 1232 3142 1281 et
3197 1225 3335 1282 bona
3364 1234 3717 1296 operantur,
3763 1243 3847 1281 au-

2233 1315 2417 1371 diendi
2471 1324 2597 1370 sunt
2641 1324 2695 1371 et
2743 1313 3025 1381 imitandi;
3056 1316 3367 1386 inquantum
3397 1330 3539 1371 vero
3586 1325 3695 1373 aut
3740 1333 3837 1373 utne

2234 1414 2381 1463 recte
2426 1404 2759 1475 praedicant,
2790 1414 2883 1460 aut
2925 1405 3063 1462 male
3109 1407 3331 1474 vivunt,
3363 1422 3553 1479 neque
3580 1408 3837 1464 audiendi

2235 1504 2378 1561 sunt,
2411 1509 2587 1565 neque
2630 1494 2871 1553 imitandi
2903 1512 2919 1553 :
2952 1497 3101 1553 verbi
3128 1498 3295 1570 gratia
3320 1512 3342 1554 :
3374 1498 3486 1568 Qui
3516 1508 3673 1556 recte
3694 1515 3829 1569 pne-

2234 1586 2465 1643 dicando
2509 1585 2646 1645 bene
2675 1585 2842 1655 vivit,
2874 1596 2929 1644 et
2952 1587 3251 1661 audiendus
3294 1599 3380 1647 est
3403 1630 3422 1658 ,
3451 1598 3517 1650 et
3548 1591 3831 1647 imitandus

2236 1687 2347 1745 est;
2382 1680 2463 1734 sin
2492 1692 2622 1734 vero
2647 1687 2897 1753 neutrum
2924 1679 3073 1752 agit,
3106 1694 3213 1739 non
3237 1689 3321 1739 est
3352 1681 3671 1741 imitandus
3692 1722 3712 1749 ,
3738 1699 3821 1739 ne

2235 1784 2339 1841 que
2365 1770 2682 1835 audiendus.
2711 1772 2782 1827 At
2810 1786 2938 1828 vero
2964 1774 3011 1827 si
3037 1781 3184 1831 recte
3211 1774 3498 1845 prrcdicat,
3539 1774 3679 1830 licet
3704 1778 3821 1831 male

2234 1863 2400 1929 vivat,
2430 1877 2536 1919 non
2566 1872 2651 1919 est
2671 1864 3117 1931 contemnendus,
3146 1873 3205 1923 ut
3231 1880 3338 1922 non
3366 1865 3635 1921 audiatur
3662 1883 3677 1919 :
3702 1867 3821 1922 unde

2237 1954 2497 2015 Dominus
2525 1957 2655 2037 dicit
2685 1974 2698 2011 :
2730 1958 2861 2026 Quae
2905 1957 3090 2015 dicunt
3133 1958 3325 2026 facite;
3359 1974 3490 2029 qua
3540 1970 3726 2017 autem
3750 1961 3814 2013 (a-

2235 2050 2403 2116 ciunt,
2435 2050 2611 2107 facere
2641 2051 2823 2106 nolite.
2854 2050 2987 2119 Quia
3014 2064 3140 2121 ergo
3184 2050 3273 2107 isti
3303 2052 3484 2108 bonos
3517 2054 3817 2123 pretiosius

2235 2140 2555 2211 habuerant,
2578 2152 2792 2199 sanctos
2814 2143 3063 2199 videlicet
3080 2145 3356 2213 apostolos
3384 2159 3698 2216 eorumque
3714 2162 3811 2202 see-

2234 2247 2509 2302 cessores,
2539 2234 2783 2290 hortatur
2808 2249 2902 2290 eos
2930 2243 2987 2291 ut
3012 2249 3278 2292 memores
3304 2238 3418 2293 sint
3460 2238 3813 2301 illorum;eo-

2234 2342 2459 2395 rumque
2488 2328 2911 2384 conversationis
2941 2329 3346 2385 considerantes
3377 2332 3613 2397 exitum,
3646 2346 3809 2401 perse-

2235 2419 2526 2474 verantiam
2560 2433 2725 2489 usque
2752 2418 2807 2474 in
2834 2418 2993 2474 ﬁnem
3022 2419 3075 2475 in
3105 2418 3211 2474 fide
3235 2430 3385 2475 recta
3408 2420 3677 2491 bonisque
3698 2436 3813 2491 ope-

2234 2511 2384 2568 ribus
2432 2512 2792 2573 imitarentur.
2825 2512 3009 2568 Fidem
3033 2553 3049 2579 ,
3100 2514 3204 2568 hoc
3230 2523 3313 2575 est
3342 2512 3653 2579 (irruitatem
3690 2529 3805 2569 orn-

2235 2604 2380 2660 nium
2403 2604 2686 2673 bonorum,
2710 2607 2831 2676 quia
2854 2620 2981 2681 ergo
3006 2605 3161 2667 finem
3190 2605 3390 2667 bonum
3416 2606 3611 2671 habuit
3636 2621 3808 2663 eorum

2233 2698 2597 2766 conversatio,
2630 2698 2830 2767 idcirco
2856 2698 3137 2767 imitamini
3164 2698 3323 2771 fidem
3356 2699 3599 2755 illorum.
3630 2698 3809 2756 Fidem

2232 2800 2412 2848 autem
2442 2791 2745 2849 firmitatem
2786 2806 2881 2865 seu
2929 2794 3379 2863 perseverantiam
3409 2793 3626 2857 illorum
3667 2792 3812 2847 dicit.

2233 2880 2463 2937 Christus
2490 2880 2643 2937 Iesus
2672 2882 2783 2937 heri
2806 2890 2856 2937 et
2879 2882 3050 2951 hodie,
3080 2883 3188 2954 ipse
3215 2893 3258 2937 et
3282 2884 3331 2938 in
3364 2883 3574 2939 secula.
3600 2883 3696 2949 Ad
3725 2897 3813 2937 su-

2233 2974 2442 3042 periora
2467 2972 2738 3043 pertinent
2762 2973 2884 3039 ista,
2918 2972 3005 3028 ubi
3041 2980 3251 3029 testatus
3274 2983 3352 3029 est
3377 2973 3581 3028 dixisse
3608 2972 3814 3027 Domi-

2232 3078 2393 3119 num:
2422 3063 2541 3119 Non
2572 3071 2625 3120 te
2650 3064 2916 3130 deseram,
2948 3079 3123 3136 neque
3145 3065 3522 3137 derelinquam:
3547 3072 3813 3137 poterant

2236 3157 2313 3213 illi
2340 3159 2666 3231 respondere
2695 3177 2707 3213 :
2741 3160 2856 3225 Hoc
2884 3176 2990 3217 non
3019 3162 3251 3235 pertinet
3287 3161 3352 3217 ad
3386 3170 3636 3218 nostrum
3664 3164 3809 3219 auxi-

2154 3236 2202 3303 C
2234 3253 2388 3323 lium,
2418 3250 2541 3333 quia
2576 3269 2685 3311 non
2712 3263 2795 3313 est
2822 3255 2974 3325 nobis
3021 3256 3364 3327 promissum,
3392 3255 3491 3323 sed
3522 3256 3699 3325 potius
3725 3255 3804 3313 Jac

2233 3360 2330 3403 sue
2368 3346 2613 3418 promisit
2641 3347 2743 3403 hoc
2780 3345 2944 3404 Deus.
2990 3347 3071 3403 Ad
3117 3347 3234 3405 hate
3275 3348 3571 3418 Apostolus
3603 3367 3618 3402 :
3648 3348 3801 3407 Nolite

2234 3438 2494 3508 deﬁcere,
2526 3439 2778 3509 quoniam
2821 3440 2961 3511 sicut
2988 3438 3222 3511 pertinet
3258 3438 3323 3509 ad
3353 3437 3521 3501 Josue
3552 3439 3654 3495 ista
3693 3452 3800 3509 pru-

2233 3534 2439 3601 missio,
2458 3533 2532 3590 ita
2560 3535 2792 3605 pertinet
2819 3534 2885 3591 ad
2915 3548 3012 3591 vos
3045 3553 3057 3587 :
3090 3534 3343 3606 quoniam
3369 3532 3623 3599 Christus
3647 3533 3790 3600 ἔθευ.

2232 3628 2323 3699 qui
2351 3629 2510 3689 unius
2539 3628 2778 3685 existens
2805 3628 3053 3686 essentiae
3088 3642 3209 3684 cum
3250 3628 3435 3695 Patre,
3465 3637 3597 3687 tunc
3624 3636 3797 3695 tempo-

2232 3723 2307 3780 ris
2338 3723 2452 3792 ipse
2490 3721 2607 3789 fuit,
2637 3722 2755 3794 ipse
2794 3732 2896 3791 est,
2928 3723 3042 3793 ipse
3070 3723 3175 3779 erit
3199 3731 3256 3778 et
3291 3720 3349 3777 in
3386 3722 3613 3781 saeuis.
3645 3720 3790 3775 Nolite

2232 3821 2420 3884 putare
2445 3815 2594 3885 quasi
2625 3816 2715 3884 qui
2738 3822 2863 3881 tunc
2888 3814 3007 3881 fuit,
3036 3829 3141 3875 non
3172 3815 3245 3871 sit
3272 3813 3439 3871 modo
3469 3827 3487 3873 :
3518 3812 3792 3871 idemeuim

2231 3907 2323 3977 qui
2353 3905 2452 3963 fuit
2490 3906 2626 3974 heri,
2666 3907 2807 3963 idem
2853 3908 2957 3965 erit
2995 3915 3048 3977 et
3076 3906 3130 3964 in
3160 3906 3443 3967 saeculum.
3486 3905 3625 3965 Heri
3650 3914 3789 3960 autem

2232 3998 2562 4068 praeteritum
2590 3998 2854 4069 significat
2881 4007 3112 4069 tempus,
3145 3998 3303 4054 hodie
3329 4012 3607 4069 praesens,
3633 3994 3790 4055 scala

2231 4103 2361 4146 vero
2405 4089 2639 4146 futurum
2670 4090 2788 4147 sine
2816 4091 3046 4148 termino
3077 4108 3093 4147 :
3126 4099 3377 4161 tanquam
3407 4089 3658 4149 diceret:
3686 4090 3792 4145 Alte

2232 4183 2453 4250 saecula,
2486 4183 2539 4238 in
2570 4184 2785 4250 saecula,
2817 4192 2871 4240 et
2900 4196 3019 4254 post
3043 4185 3260 4253 saecula,
3299 4199 3519 4254 semper
3548 4181 3791 4241 manebit:

2231 4272 2370 4330 sicut
2396 4274 2463 4330 de
2491 4274 2584 4330 illo
2610 4275 2865 4344 propheta
2894 4275 3025 4331 dicit
3056 4291 3071 4330 :
3106 4277 3183 4333 Tu
3205 4284 3384 4333 autem
3425 4275 3577 4333 idem
3602 4276 3701 4344 ipse
3717 4286 3786 4337 es.

2230 4378 2285 4426 et
2303 4370 2431 4426 anni
2468 4369 2540 4425 tui
2572 4384 2679 4427 non
2708 4368 2974 4425 deficient.
2999 4368 3262 4425 Doctrim's
3287 4369 3447 4427 uariis
3473 4379 3523 4425 et
3546 4364 3792 4441 peregrinis

2232 4463 2387 4518 nolite
2405 4462 2609 4517 abduci.
2638 4462 2905 4518 Doctrina:
2926 4462 3089 4517 varia:
3111 4470 3167 4517 et
3193 4462 3511 4532 peregrinae,
3539 4475 3676 4517 nova
3691 4458 3793 4525 dos-

2232 4567 2375 4613 mata
2396 4564 2522 4614 sunt
2552 4555 2949 4623 haereticorum,
2971 4554 3165 4625 quibus
3201 4554 3545 4611 abducuntur
3598 4561 3655 4609 et
3678 4559 3794 4617 ςενι-

2232 4658 2419 4709 rantur
2461 4649 2818 4720 simpliciores
2856 4663 2888 4705 a
2927 4649 3155 4706 veritate
3196 4647 3320 4705 fidei
3353 4666 3369 4704 :
3403 4647 3793 4717 superstitiones

2231 4757 2457 4815 quaeque
2503 4742 2831 4811 Judteorum,
2874 4742 2965 4812 qui
2990 4740 3187 4797 docent
3222 4740 3622 4803 abstinendum
3650 4755 3679 4795 a
3700 4734 3793 4807 qui-

2230 4834 2453 4891 busdam
2480 4834 2633 4901 cibis,
2665 4834 2808 4904 quod
2830 4833 2916 4890 lex
2948 4831 3215 4903 prohibet,
3242 4831 3504 4903 quosdam
3533 4846 3677 4890 vero
3698 4842 3793 4885 eoeo

2231 4924 2429 4983 cedunt
2460 4942 2474 4978 :
2507 4924 2628 4995 quia
2660 4939 2791 4997 ergo
2831 4925 2970 4982 inter
2998 4924 3117 4980 illos
3146 4933 3303 4980 erant
3330 4922 3553 4993 quidam
3606 4919 3797 4980 canali-

2233 5024 2314 5073 ter
2347 5018 2637 5088 sapientes,
2670 5018 2761 5088 qui
2790 5031 3033 5073 escarum
3072 5016 3450 5071 observatione
3480 5023 3538 5071 et
3572 5014 3798 5073 differen-

2231 5109 2303 5163 tia
2330 5110 2655 5167 seducebant
2678 5109 2957 5180 quosdam,
2987 5108 3360 5165 abstrahentes
3390 5121 3490 5163 eos
3513 5122 3547 5162 ι
3584 5105 3797 5164 doctrina

2229 5200 2567 5272 Evangelica,
2594 5216 2715 5270 quae
2741 5200 2870 5257 dicit
2899 5219 2913 5257 :
2943 5200 3137 5257 Omnia
3172 5200 3375 5257 munda
3396 5201 3627 5258 mundis
3652 5218 3667 5253 :
3692 5196 3799 5251 allo-

2229 5293 2409 5366 quitur
2434 5295 2551 5350 illos
2572 5294 2882 5364 Apostolus,
2912 5307 2981 5350 ne
3007 5293 3219 5350 illorum
3247 5293 3495 5348 doctrina
3535 5289 3797 5362 peregrina

2229 5387 2637 5457 abducerentur,
2666 5387 2808 5459 quod
2835 5387 3072 5457 apertius
3112 5384 3437 5449 manifestat,
3465 5383 3796 5455 subjungen-

2236 5485 2496 5555 Optimum
2521 5493 2594 5538 est
2614 5485 2748 5539 enim
2789 5483 2955 5555 gratia
2978 5480 3207 5539 stabilire
3243 5495 3331 5534 cor
3366 5493 3470 5533 non
3507 5480 3677 5544 escis,
3703 5486 3799 5544 qu

2232 5592 2337 5631 non
2364 5575 2666 5647 profuerunt
2689 5574 3067 5631 ambulantibus
3092 5574 3148 5628 in
3173 5573 3266 5628 eis.
3291 5570 3595 5642 Optimum,
3632 5566 3797 5636 inquit,

2232 5676 2288 5724 et
2307 5669 2607 5740 perfectum
2634 5677 2718 5725 est
2739 5668 2978 5724 stabilire
2998 5680 3111 5733 cor,
3140 5676 3195 5721 et
3220 5664 3562 5720 consolidare
3582 5662 3795 5717 animum

2232 5759 2289 5817 in
2327 5761 2496 5832 gratia
2522 5762 2647 5818 novi
2687 5761 2993 5818 testamenti
3018 5803 3034 5828 ,
3061 5769 3123 5815 ut
3158 5758 3403 5816 habeatis
3430 5758 3594 5815 fidem
3636 5750 3797 5825 perfe-

2232 5857 2397 5921 ctam,
2432 5853 2716 5913 credentes
2739 5854 2919 5912 omnia
2953 5851 3153 5911 munda
3177 5850 3413 5919 mundis,
3441 5864 3552 5911 non
3574 5842 3795 5905 stabilire
