  <div class='ocr_page' id='page_1' title='image "/cluster/home/n/w/nwhite01/storage/ocr_20150623/68/hvd.32044015469331/400.png"; bbox 0 0 3968 6354; ppageno 0'>
   <div class='ocr_carea' id='block_1_1' title="bbox 212 388 327 447">
    <p class='ocr_par' dir='ltr' id='par_1_1' title="bbox 212 388 327 447">
     <span class='ocr_line' id='line_1_1' title="bbox 212 388 327 447; baseline 0 -1"><span class='ocrx_word' id='word_1_1' title='bbox 212 388 327 447; x_wconf 80' lang='lat'><strong>789</strong></span> 
     </span>
    </p>
   </div>
   <div class='ocr_carea' id='block_1_2' title="bbox 1057 385 2610 445">
    <p class='ocr_par' dir='ltr' id='par_1_2' title="bbox 1057 385 2610 445">
     <span class='ocr_line' id='line_1_2' title="bbox 1057 385 2610 445; baseline -0.001 -1"><span class='ocrx_word' id='word_1_2' title='bbox 1057 388 1123 444; x_wconf 75' lang='lat' dir='ltr'><strong>IN</strong></span> <span class='ocrx_word' id='word_1_3' title='bbox 1165 386 1548 445; x_wconf 75' lang='lat' dir='ltr'><strong>EPIS’I&#39;OLAM</strong></span> <span class='ocrx_word' id='word_1_4' title='bbox 1591 386 1680 443; x_wconf 83' lang='lat' dir='ltr'><strong>AD</strong></span> <span class='ocrx_word' id='word_1_5' title='bbox 1722 386 2069 443; x_wconf 60' lang='lat' dir='ltr'><strong>HEBREOS</strong></span> <span class='ocrx_word' id='word_1_6' title='bbox 2109 385 2610 443; x_wconf 75' lang='lat' dir='ltr'><strong>COMMENTAle</strong></span> 
     </span>
    </p>
   </div>
   <div class='ocr_carea' id='block_1_3' title="bbox 3374 391 3479 448">
    <p class='ocr_par' dir='ltr' id='par_1_3' title="bbox 3374 391 3479 448">
     <span class='ocr_line' id='line_1_3' title="bbox 3374 391 3479 448; baseline 0.019 -2"><span class='ocrx_word' id='word_1_7' title='bbox 3374 391 3479 448; x_wconf 87' lang='lat'><strong>790</strong></span> 
     </span>
    </p>
   </div>
   <div class='ocr_carea' id='block_1_4' title="bbox 217 502 3480 573">
    <p class='ocr_par' dir='ltr' id='par_1_4' title="bbox 217 502 3480 573">
     <span class='ocr_line' id='line_1_4' title="bbox 217 502 3480 573; baseline 0.001 -9"><span class='ocrx_word' id='word_1_8' title='bbox 217 509 276 564; x_wconf 91' lang='lat' dir='ltr'><strong>in</strong></span> <span class='ocrx_word' id='word_1_9' title='bbox 319 506 635 564; x_wconf 78' lang='lat' dir='ltr'><strong>differentiis</strong></span> <span class='ocrx_word' id='word_1_10' title='bbox 672 512 727 562; x_wconf 91' lang='lat' dir='ltr'><strong>et</strong></span> <span class='ocrx_word' id='word_1_11' title='bbox 762 504 1224 562; x_wconf 73' lang='lat' dir='ltr'><strong>observationibus</strong></span> <span class='ocrx_word' id='word_1_12' title='bbox 1248 519 1515 572; x_wconf 86' lang='lat' dir='ltr'><strong>escarum,</strong></span> <span class='ocrx_word' id='word_1_13' title='bbox 1559 505 1800 561; x_wconf 79' lang='lat' dir='ltr'><strong>dicentes</strong></span> <span class='ocrx_word' id='word_1_14' title='bbox 1828 508 1881 567; x_wconf 81' lang='grc' dir='ltr'><strong>Α</strong></span> <span class='ocrx_word' id='word_1_15' title='bbox 1905 502 2188 558; x_wconf 88' lang='lat' dir='ltr'><strong>manducat</strong></span> <span class='ocrx_word' id='word_1_16' title='bbox 2214 511 2268 557; x_wconf 87' lang='lat' dir='ltr'><strong>et</strong></span> <span class='ocrx_word' id='word_1_17' title='bbox 2302 502 2431 558; x_wconf 92' lang='lat' dir='ltr'><strong>bibit</strong></span> <span class='ocrx_word' id='word_1_18' title='bbox 2460 502 2675 573; x_wconf 75' lang='lat' dir='ltr'><strong>indigne</strong></span> <span class='ocrx_word' id='word_1_19' title='bbox 2700 544 2715 567; x_wconf 91' lang='lat'><strong>,</strong></span> <span class='ocrx_word' id='word_1_20' title='bbox 2762 503 3020 572; x_wconf 88' lang='lat' dir='ltr'><strong>judicium</strong></span> <span class='ocrx_word' id='word_1_21' title='bbox 3052 506 3155 562; x_wconf 83' lang='lat' dir='ltr'><strong>sibi</strong></span> <span class='ocrx_word' id='word_1_22' title='bbox 3194 509 3480 567; x_wconf 89' lang='lat' dir='ltr'><strong>manducat</strong></span> 
     </span>
    </p>
   </div>
   <div class='ocr_carea' id='block_1_5' title="bbox 216 596 1799 670">
    <p class='ocr_par' dir='ltr' id='par_1_5' title="bbox 216 596 1799 670">
     <span class='ocr_line' id='line_1_5' title="bbox 216 596 1799 670; baseline -0.001 -17"><span class='ocrx_word' id='word_1_23' title='bbox 216 600 483 670; x_wconf 85' lang='lat' dir='ltr'><strong>quosdam</strong></span> <span class='ocrx_word' id='word_1_24' title='bbox 513 598 659 655; x_wconf 88' lang='lat' dir='ltr'><strong>cibos</strong></span> <span class='ocrx_word' id='word_1_25' title='bbox 688 598 913 654; x_wconf 84' lang='lat' dir='ltr'><strong>mundos</strong></span> <span class='ocrx_word' id='word_1_26' title='bbox 940 641 954 666; x_wconf 94' lang='lat'><strong>,</strong></span> <span class='ocrx_word' id='word_1_27' title='bbox 1002 598 1257 669; x_wconf 89' lang='lat' dir='ltr'><strong>quosdam</strong></span> <span class='ocrx_word' id='word_1_28' title='bbox 1288 596 1593 651; x_wconf 83' lang='lat' dir='ltr'><strong>immundos</strong></span> <span class='ocrx_word' id='word_1_29' title='bbox 1616 640 1631 665; x_wconf 90' lang='lat'><strong>,</strong></span> <span class='ocrx_word' id='word_1_30' title='bbox 1680 612 1799 665; x_wconf 82' lang='lat' dir='ltr'><strong>quae</strong></span> 
     </span>
    </p>
   </div>
   <div class='ocr_carea' id='block_1_6' title="bbox 213 689 1798 760">
    <p class='ocr_par' dir='ltr' id='par_1_6' title="bbox 213 689 1798 760">
     <span class='ocr_line' id='line_1_6' title="bbox 213 689 1798 760; baseline -0.002 -13"><span class='ocrx_word' id='word_1_31' title='bbox 213 691 349 747; x_wconf 76' lang='lat' dir='ltr'><strong>&#39;iihil</strong></span> <span class='ocrx_word' id='word_1_32' title='bbox 398 691 707 760; x_wconf 87' lang='lat' dir='ltr'><strong>profuerunt</strong></span> <span class='ocrx_word' id='word_1_33' title='bbox 736 691 1129 747; x_wconf 75' lang='lat' dir='ltr'><strong>ambulantibus</strong></span> <span class='ocrx_word' id='word_1_34' title='bbox 1170 690 1231 744; x_wconf 88' lang='lat' dir='ltr'><strong>in</strong></span> <span class='ocrx_word' id='word_1_35' title='bbox 1254 689 1362 743; x_wconf 91' lang='lat' dir='ltr'><strong>illis</strong></span> <span class='ocrx_word' id='word_1_36' title='bbox 1404 689 1798 744; x_wconf 86' lang='lat' dir='ltr'><strong>observationi-</strong></span> 
     </span>
    </p>
   </div>
   <div class='ocr_carea' id='block_1_7' title="bbox 218 780 1801 851">
    <p class='ocr_par' dir='ltr' id='par_1_7' title="bbox 218 780 1801 851">
     <span class='ocr_line' id='line_1_7' title="bbox 218 780 1801 851; baseline -0.002 -13"><span class='ocrx_word' id='word_1_37' title='bbox 218 785 346 841; x_wconf 87' lang='lat' dir='ltr'><strong>bus.</strong></span> <span class='ocrx_word' id='word_1_38' title='bbox 377 784 504 841; x_wconf 84' lang='lat' dir='ltr'><strong>Post</strong></span> <span class='ocrx_word' id='word_1_39' title='bbox 533 785 742 840; x_wconf 85' lang='lat' dir='ltr'><strong>Domini</strong></span> <span class='ocrx_word' id='word_1_40' title='bbox 782 786 835 840; x_wconf 92' lang='lat' dir='ltr'><strong>in</strong></span> <span class='ocrx_word' id='word_1_41' title='bbox 873 784 1156 840; x_wconf 77' lang='lat' dir='ltr'><strong>adventum</strong></span> <span class='ocrx_word' id='word_1_42' title='bbox 1196 782 1375 838; x_wconf 90' lang='lat' dir='ltr'><strong>omnia</strong></span> <span class='ocrx_word' id='word_1_43' title='bbox 1403 780 1488 835; x_wconf 92' lang='lat' dir='ltr'><strong>illa</strong></span> <span class='ocrx_word' id='word_1_44' title='bbox 1516 796 1633 851; x_wconf 68' lang='lat' dir='ltr'><strong>qua:</strong></span> <span class='ocrx_word' id='word_1_45' title='bbox 1660 781 1710 836; x_wconf 92' lang='lat' dir='ltr'><strong>in</strong></span> <span class='ocrx_word' id='word_1_46' title='bbox 1741 780 1801 834; x_wconf 82' lang='lat' dir='ltr'><strong>ft-</strong></span> 
     </span>
    </p>
   </div>
   <div class='ocr_carea' id='block_1_8' title="bbox 212 875 1800 949">
    <p class='ocr_par' dir='ltr' id='par_1_8' title="bbox 212 875 1800 949">
     <span class='ocr_line' id='line_1_8' title="bbox 212 875 1800 949; baseline -0.001 -17"><span class='ocrx_word' id='word_1_47' title='bbox 212 894 349 948; x_wconf 77' lang='lat' dir='ltr'><strong>gura</strong></span> <span class='ocrx_word' id='word_1_48' title='bbox 380 877 800 949; x_wconf 90' lang='lat' dir='ltr'><strong>contingebant,</strong></span> <span class='ocrx_word' id='word_1_49' title='bbox 854 884 1195 934; x_wconf 87' lang='lat' dir='ltr'><strong>cessaverunt</strong></span> <span class='ocrx_word' id='word_1_50' title='bbox 1227 892 1241 930; x_wconf 92' lang='lat'>:</span> <span class='ocrx_word' id='word_1_51' title='bbox 1273 886 1327 931; x_wconf 88' lang='lat' dir='ltr'><strong>et</strong></span> <span class='ocrx_word' id='word_1_52' title='bbox 1374 875 1605 930; x_wconf 78' lang='lat' dir='ltr'><strong>maxime</strong></span> <span class='ocrx_word' id='word_1_53' title='bbox 1653 882 1800 945; x_wconf 83' lang='lat' dir='ltr'><strong>post-</strong></span> 
     </span>
    </p>
   </div>
   <div class='ocr_carea' id='block_1_9' title="bbox 213 966 1801 1041">
    <p class='ocr_par' dir='ltr' id='par_1_9' title="bbox 213 966 1801 1041">
     <span class='ocr_line' id='line_1_9' title="bbox 213 966 1801 1041; baseline -0.002 -19"><span class='ocrx_word' id='word_1_54' title='bbox 213 987 377 1041; x_wconf 78' lang='lat' dir='ltr'><strong>quam</strong></span> <span class='ocrx_word' id='word_1_55' title='bbox 404 970 658 1027; x_wconf 89' lang='lat' dir='ltr'><strong>Dominus</strong></span> <span class='ocrx_word' id='word_1_56' title='bbox 684 968 818 1025; x_wconf 83' lang='lat' dir='ltr'><strong>dixit</strong></span> <span class='ocrx_word' id='word_1_57' title='bbox 847 987 861 1023; x_wconf 91' lang='lat'><strong>:</strong></span> <span class='ocrx_word' id='word_1_58' title='bbox 892 970 1007 1026; x_wconf 86' lang='lat' dir='ltr'><strong>Non</strong></span> <span class='ocrx_word' id='word_1_59' title='bbox 1041 970 1182 1041; x_wconf 93' lang='lat' dir='ltr'><strong>quod</strong></span> <span class='ocrx_word' id='word_1_60' title='bbox 1209 969 1369 1023; x_wconf 84' lang='lat' dir='ltr'><strong>intrat</strong></span> <span class='ocrx_word' id='word_1_61' title='bbox 1394 968 1447 1022; x_wconf 93' lang='lat' dir='ltr'><strong>in</strong></span> <span class='ocrx_word' id='word_1_62' title='bbox 1473 980 1534 1022; x_wconf 94' lang='lat' dir='ltr'><strong>os</strong></span> <span class='ocrx_word' id='word_1_63' title='bbox 1560 966 1801 1036; x_wconf 86' lang='lat' dir='ltr'><strong>coinqui-</strong></span> 
     </span>
    </p>
   </div>
   <div class='ocr_carea' id='block_1_10' title="bbox 213 1058 1800 1129">
    <p class='ocr_par' dir='ltr' id='par_1_10' title="bbox 213 1058 1800 1129">
     <span class='ocr_line' id='line_1_10' title="bbox 213 1058 1800 1129; baseline -0.002 -15"><span class='ocrx_word' id='word_1_64' title='bbox 213 1071 311 1116; x_wconf 87' lang='lat' dir='ltr'><strong>uat</strong></span> <span class='ocrx_word' id='word_1_65' title='bbox 340 1062 640 1129; x_wconf 91' lang='lat' dir='ltr'><strong>hominem,</strong></span> <span class='ocrx_word' id='word_1_66' title='bbox 682 1061 777 1117; x_wconf 84' lang='lat' dir='ltr'><strong>sed</strong></span> <span class='ocrx_word' id='word_1_67' title='bbox 805 1062 981 1118; x_wconf 85' lang='lat' dir='ltr'><strong>omnia</strong></span> <span class='ocrx_word' id='word_1_68' title='bbox 1007 1071 1132 1117; x_wconf 89' lang='lat' dir='ltr'><strong>sunt</strong></span> <span class='ocrx_word' id='word_1_69' title='bbox 1171 1058 1365 1114; x_wconf 88' lang='lat' dir='ltr'><strong>munda</strong></span> <span class='ocrx_word' id='word_1_70' title='bbox 1396 1058 1627 1114; x_wconf 86' lang='lat' dir='ltr'><strong>mundis.</strong></span> <span class='ocrx_word' id='word_1_71' title='bbox 1661 1058 1800 1113; x_wconf 74' lang='lat' dir='ltr'><strong>Vidit</strong></span> 
     </span>
    </p>
   </div>
   <div class='ocr_carea' id='block_1_11' title="bbox 212 1146 1799 1223">
    <p class='ocr_par' dir='ltr' id='par_1_11' title="bbox 212 1146 1799 1223">
     <span class='ocr_line' id='line_1_11' title="bbox 212 1146 1799 1223; baseline -0.001 -19"><span class='ocrx_word' id='word_1_72' title='bbox 212 1153 482 1223; x_wconf 71' lang='lat' dir='ltr'><strong>siquidem</strong></span> <span class='ocrx_word' id='word_1_73' title='bbox 509 1161 695 1208; x_wconf 91' lang='lat' dir='ltr'><strong>cuncta</strong></span> <span class='ocrx_word' id='word_1_74' title='bbox 721 1166 841 1223; x_wconf 70' lang='lat' dir='ltr'><strong>qua:</strong></span> <span class='ocrx_word' id='word_1_75' title='bbox 864 1151 1005 1217; x_wconf 86' lang='lat' dir='ltr'><strong>fecit,</strong></span> <span class='ocrx_word' id='word_1_76' title='bbox 1036 1159 1296 1221; x_wconf 90' lang='lat' dir='ltr'><strong>erantque</strong></span> <span class='ocrx_word' id='word_1_77' title='bbox 1321 1150 1474 1205; x_wconf 84' lang='lat' dir='ltr'><strong>valde</strong></span> <span class='ocrx_word' id='word_1_78' title='bbox 1501 1149 1659 1205; x_wconf 87' lang='lat' dir='ltr'><strong>bona.</strong></span> <span class='ocrx_word' id='word_1_79' title='bbox 1690 1146 1799 1203; x_wconf 82' lang='lat' dir='ltr'><strong>Me-</strong></span> 
     </span>
    </p>
   </div>
   <div class='ocr_carea' id='block_1_12' title="bbox 215 1244 1797 1314">
    <p class='ocr_par' dir='ltr' id='par_1_12' title="bbox 215 1244 1797 1314">
     <span class='ocr_line' id='line_1_12' title="bbox 215 1244 1797 1314; baseline -0.001 -14"><span class='ocrx_word' id='word_1_80' title='bbox 215 1245 323 1302; x_wconf 85' lang='lat' dir='ltr'><strong>lius</strong></span> <span class='ocrx_word' id='word_1_81' title='bbox 364 1255 447 1303; x_wconf 89' lang='lat' dir='ltr'><strong>est</strong></span> <span class='ocrx_word' id='word_1_82' title='bbox 485 1248 628 1303; x_wconf 90' lang='lat' dir='ltr'><strong>enitn</strong></span> <span class='ocrx_word' id='word_1_83' title='bbox 670 1248 830 1303; x_wconf 89' lang='lat' dir='ltr'><strong>fidem</strong></span> <span class='ocrx_word' id='word_1_84' title='bbox 874 1250 1108 1303; x_wconf 87' lang='lat' dir='ltr'><strong>retinere</strong></span> <span class='ocrx_word' id='word_1_85' title='bbox 1151 1261 1270 1301; x_wconf 93' lang='lat' dir='ltr'><strong>eum</strong></span> <span class='ocrx_word' id='word_1_86' title='bbox 1317 1244 1551 1314; x_wconf 87' lang='lat' dir='ltr'><strong>perfecto</strong></span> <span class='ocrx_word' id='word_1_87' title='bbox 1592 1257 1797 1312; x_wconf 64' lang='lat' dir='ltr'><strong>opere,</strong></span> 
     </span>
    </p>
   </div>
   <div class='ocr_carea' id='block_1_13' title="bbox 209 1333 1798 1408">
    <p class='ocr_par' dir='ltr' id='par_1_13' title="bbox 209 1333 1798 1408">
     <span class='ocr_line' id='line_1_13' title="bbox 209 1333 1798 1408; baseline -0.004 -16"><span class='ocrx_word' id='word_1_88' title='bbox 209 1353 379 1408; x_wconf 85' lang='lat' dir='ltr'><strong>quam</strong></span> <span class='ocrx_word' id='word_1_89' title='bbox 409 1337 476 1393; x_wconf 91' lang='lat' dir='ltr'><strong>de</strong></span> <span class='ocrx_word' id='word_1_90' title='bbox 524 1337 823 1394; x_wconf 74' lang='lat' dir='ltr'><strong>differentia</strong></span> <span class='ocrx_word' id='word_1_91' title='bbox 873 1339 1113 1394; x_wconf 89' lang='lat' dir='ltr'><strong>ciborum</strong></span> <span class='ocrx_word' id='word_1_92' title='bbox 1146 1339 1456 1407; x_wconf 89' lang='lat' dir='ltr'><strong>disputare,</strong></span> <span class='ocrx_word' id='word_1_93' title='bbox 1505 1333 1798 1404; x_wconf 89' lang='lat' dir='ltr'><strong>rejiciendo</strong></span> 
     </span>
    </p>
   </div>
   <div class='ocr_carea' id='block_1_14' title="bbox 213 1424 1799 1497">
    <p class='ocr_par' dir='ltr' id='par_1_14' title="bbox 213 1424 1799 1497">
     <span class='ocr_line' id='line_1_14' title="bbox 213 1424 1799 1497; baseline 0 -16"><span class='ocrx_word' id='word_1_94' title='bbox 213 1427 307 1481; x_wconf 89' lang='lat' dir='ltr'><strong>illa</strong></span> <span class='ocrx_word' id='word_1_95' title='bbox 334 1443 452 1497; x_wconf 69' lang='lat' dir='ltr'><strong>qua:</strong></span> <span class='ocrx_word' id='word_1_96' title='bbox 478 1426 619 1484; x_wconf 90' lang='lat' dir='ltr'><strong>Deus</strong></span> <span class='ocrx_word' id='word_1_97' title='bbox 645 1429 841 1483; x_wconf 89' lang='lat' dir='ltr'><strong>munda</strong></span> <span class='ocrx_word' id='word_1_98' title='bbox 865 1430 1084 1496; x_wconf 89' lang='lat' dir='ltr'><strong>creavit,</strong></span> <span class='ocrx_word' id='word_1_99' title='bbox 1111 1442 1215 1482; x_wconf 93' lang='lat' dir='ltr'><strong>una</strong></span> <span class='ocrx_word' id='word_1_100' title='bbox 1255 1440 1483 1496; x_wconf 88' lang='lat' dir='ltr'><strong>namque</strong></span> <span class='ocrx_word' id='word_1_101' title='bbox 1512 1435 1593 1481; x_wconf 90' lang='lat' dir='ltr'><strong>est</strong></span> <span class='ocrx_word' id='word_1_102' title='bbox 1624 1424 1799 1495; x_wconf 87' lang='lat' dir='ltr'><strong>perfe-</strong></span> 
     </span>
    </p>
   </div>
   <div class='ocr_carea' id='block_1_15' title="bbox 210 1518 1799 1592">
    <p class='ocr_par' dir='ltr' id='par_1_15' title="bbox 210 1518 1799 1592">
     <span class='ocr_line' id='line_1_15' title="bbox 210 1518 1799 1592; baseline -0.001 -16"><span class='ocrx_word' id='word_1_103' title='bbox 210 1530 301 1577; x_wconf 89' lang='lat' dir='ltr'><strong>cta</strong></span> <span class='ocrx_word' id='word_1_104' title='bbox 330 1521 664 1579; x_wconf 82' lang='lat' dir='ltr'><strong>observantia</strong></span> <span class='ocrx_word' id='word_1_105' title='bbox 704 1523 976 1579; x_wconf 86' lang='lat' dir='ltr'><strong>abstinere</strong></span> <span class='ocrx_word' id='word_1_106' title='bbox 1013 1537 1040 1576; x_wconf 89' lang='lat' dir='ltr'><strong>a</strong></span> <span class='ocrx_word' id='word_1_107' title='bbox 1070 1531 1309 1592; x_wconf 88' lang='lat' dir='ltr'><strong>peccato,</strong></span> <span class='ocrx_word' id='word_1_108' title='bbox 1338 1520 1468 1575; x_wconf 83' lang='lat' dir='ltr'><strong>nihil</strong></span> <span class='ocrx_word' id='word_1_109' title='bbox 1503 1518 1644 1575; x_wconf 91' lang='lat' dir='ltr'><strong>enim</strong></span> <span class='ocrx_word' id='word_1_110' title='bbox 1672 1534 1799 1589; x_wconf 89' lang='lat' dir='ltr'><strong>pro-</strong></span> 
     </span>
    </p>
   </div>
   <div class='ocr_carea' id='block_1_16' title="bbox 216 1611 1791 1683">
    <p class='ocr_par' dir='ltr' id='par_1_16' title="bbox 216 1611 1791 1683">
     <span class='ocr_line' id='line_1_16' title="bbox 216 1611 1791 1683; baseline -0.001 -16"><span class='ocrx_word' id='word_1_111' title='bbox 216 1611 338 1668; x_wconf 85' lang='lat' dir='ltr'><strong>dest</strong></span> <span class='ocrx_word' id='word_1_112' title='bbox 376 1613 647 1669; x_wconf 75' lang='lat' dir='ltr'><strong>absnnere</strong></span> <span class='ocrx_word' id='word_1_113' title='bbox 676 1628 706 1667; x_wconf 91' lang='lat' dir='ltr'><strong>a</strong></span> <span class='ocrx_word' id='word_1_114' title='bbox 735 1613 889 1681; x_wconf 91' lang='lat' dir='ltr'><strong>cibis,</strong></span> <span class='ocrx_word' id='word_1_115' title='bbox 923 1614 967 1669; x_wconf 89' lang='lat' dir='ltr'><strong>si</strong></span> <span class='ocrx_word' id='word_1_116' title='bbox 1012 1628 1117 1669; x_wconf 90' lang='lat' dir='ltr'><strong>non</strong></span> <span class='ocrx_word' id='word_1_117' title='bbox 1146 1628 1175 1666; x_wconf 89' lang='lat' dir='ltr'><strong>a</strong></span> <span class='ocrx_word' id='word_1_118' title='bbox 1201 1612 1435 1683; x_wconf 83' lang='lat' dir='ltr'><strong>peccatis</strong></span> <span class='ocrx_word' id='word_1_119' title='bbox 1480 1611 1791 1666; x_wconf 87' lang='lat' dir='ltr'><strong>abstinetur.</strong></span> 
     </span>
    </p>
   </div>
   <div class='ocr_carea' id='block_1_17' title="bbox 215 1702 1796 1776">
    <p class='ocr_par' dir='ltr' id='par_1_17' title="bbox 215 1702 1796 1776">
     <span class='ocr_line' id='line_1_17' title="bbox 215 1702 1796 1776; baseline 0.001 -19"><span class='ocrx_word' id='word_1_120' title='bbox 215 1702 349 1757; x_wconf 80' lang='lat' dir='ltr'><strong>Nam</strong></span> <span class='ocrx_word' id='word_1_121' title='bbox 399 1704 524 1761; x_wconf 90' lang='lat' dir='ltr'><strong>licet</strong></span> <span class='ocrx_word' id='word_1_122' title='bbox 550 1712 800 1776; x_wconf 82' lang='lat' dir='ltr'><strong>gererent</strong></span> <span class='ocrx_word' id='word_1_123' title='bbox 846 1705 925 1760; x_wconf 88' lang='lat' dir='ltr'><strong>illi</strong></span> <span class='ocrx_word' id='word_1_124' title='bbox 971 1704 1204 1760; x_wconf 89' lang='lat' dir='ltr'><strong>studium</strong></span> <span class='ocrx_word' id='word_1_125' title='bbox 1255 1704 1398 1758; x_wconf 87' lang='lat' dir='ltr'><strong>circa</strong></span> <span class='ocrx_word' id='word_1_126' title='bbox 1430 1702 1796 1772; x_wconf 87' lang='lat' dir='ltr'><strong>hujuscemodi</strong></span> 
     </span>
    </p>
   </div>
   <div class='ocr_carea' id='block_1_18' title="bbox 215 1795 1797 1869">
    <p class='ocr_par' dir='ltr' id='par_1_18' title="bbox 215 1795 1797 1869">
     <span class='ocr_line' id='line_1_18' title="bbox 215 1795 1797 1869; baseline 0.001 -19"><span class='ocrx_word' id='word_1_127' title='bbox 215 1796 641 1864; x_wconf 81' lang='lat' dir='ltr'><strong>observationes,</strong></span> <span class='ocrx_word' id='word_1_128' title='bbox 672 1796 806 1852; x_wconf 91' lang='lat' dir='ltr'><strong>nihil</strong></span> <span class='ocrx_word' id='word_1_129' title='bbox 835 1796 913 1853; x_wconf 89' lang='lat' dir='ltr'><strong>eis</strong></span> <span class='ocrx_word' id='word_1_130' title='bbox 938 1796 1160 1869; x_wconf 88' lang='lat' dir='ltr'><strong>profuit,</strong></span> <span class='ocrx_word' id='word_1_131' title='bbox 1191 1796 1238 1851; x_wconf 82' lang='lat' dir='ltr'><strong>si</strong></span> <span class='ocrx_word' id='word_1_132' title='bbox 1267 1795 1422 1851; x_wconf 85' lang='lat' dir='ltr'><strong>fidem</strong></span> <span class='ocrx_word' id='word_1_133' title='bbox 1465 1810 1569 1851; x_wconf 91' lang='lat' dir='ltr'><strong>non</strong></span> <span class='ocrx_word' id='word_1_134' title='bbox 1598 1796 1797 1852; x_wconf 88' lang='lat' dir='ltr'><strong>habue-</strong></span> 
     </span>
    </p>
   </div>
   <div class='ocr_carea' id='block_1_19' title="bbox 1901 594 3477 671">
    <p class='ocr_par' dir='ltr' id='par_1_19' title="bbox 1901 594 3477 671">
     <span class='ocr_line' id='line_1_19' title="bbox 1901 594 3477 671; baseline 0.004 -22"><span class='ocrx_word' id='word_1_135' title='bbox 1901 603 1956 649; x_wconf 91' lang='lat' dir='ltr'><strong>et</strong></span> <span class='ocrx_word' id='word_1_136' title='bbox 1983 594 2134 648; x_wconf 88' lang='lat' dir='ltr'><strong>bibit.</strong></span> <span class='ocrx_word' id='word_1_137' title='bbox 2167 596 2392 660; x_wconf 80' lang='lat' dir='ltr'><strong>Quorum</strong></span> <span class='ocrx_word' id='word_1_138' title='bbox 2421 594 2554 649; x_wconf 87' lang='lat' dir='ltr'><strong>enim</strong></span> <span class='ocrx_word' id='word_1_139' title='bbox 2574 595 2874 651; x_wconf 74' lang='lat' dir='ltr'><strong>animalium</strong></span> <span class='ocrx_word' id='word_1_140' title='bbox 2901 597 3119 668; x_wconf 76' lang='lat' dir='ltr'><strong>infertur</strong></span> <span class='ocrx_word' id='word_1_141' title='bbox 3144 602 3354 670; x_wconf 77' lang='lat' dir='ltr'><strong>sanguis</strong></span> <span class='ocrx_word' id='word_1_142' title='bbox 3382 621 3477 671; x_wconf 83' lang='lat' dir='ltr'><strong>pro</strong></span> 
     </span>
    </p>
   </div>
   <div class='ocr_carea' id='block_1_20' title="bbox 1902 687 3479 765">
    <p class='ocr_par' dir='ltr' id='par_1_20' title="bbox 1902 687 3479 765">
     <span class='ocr_line' id='line_1_20' title="bbox 1902 687 3479 765; baseline 0.008 -26"><span class='ocrx_word' id='word_1_143' title='bbox 1902 696 2108 756; x_wconf 75' lang='lat' dir='ltr'><strong>peccato</strong></span> <span class='ocrx_word' id='word_1_144' title='bbox 2149 688 2199 740; x_wconf 87' lang='lat' dir='ltr'><strong>in</strong></span> <span class='ocrx_word' id='word_1_145' title='bbox 2232 687 2424 743; x_wconf 84' lang='lat' dir='ltr'><strong>Sancta</strong></span> <span class='ocrx_word' id='word_1_146' title='bbox 2450 705 2540 759; x_wconf 87' lang='lat' dir='ltr'><strong>per</strong></span> <span class='ocrx_word' id='word_1_147' title='bbox 2565 690 2875 759; x_wconf 78' lang='lat' dir='ltr'><strong>pontiﬁcem,</strong></span> <span class='ocrx_word' id='word_1_148' title='bbox 2918 690 3101 746; x_wconf 84' lang='lat' dir='ltr'><strong>herum</strong></span> <span class='ocrx_word' id='word_1_149' title='bbox 3128 709 3341 765; x_wconf 72' lang='lat' dir='ltr'><strong>corpora</strong></span> <span class='ocrx_word' id='word_1_150' title='bbox 3366 713 3479 751; x_wconf 81' lang='lat' dir='ltr'><strong>cre-</strong></span> 
     </span>
    </p>
   </div>
   <div class='ocr_carea' id='block_1_21' title="bbox 1900 780 3478 857">
    <p class='ocr_par' dir='ltr' id='par_1_21' title="bbox 1900 780 3478 857">
     <span class='ocr_line' id='line_1_21' title="bbox 1900 780 3478 857; baseline 0.004 -25"><span class='ocrx_word' id='word_1_151' title='bbox 1900 788 2101 833; x_wconf 83' lang='lat' dir='ltr'><strong>mantur</strong></span> <span class='ocrx_word' id='word_1_152' title='bbox 2127 788 2269 833; x_wconf 77' lang='lat' dir='ltr'><strong>ea‘tra</strong></span> <span class='ocrx_word' id='word_1_153' title='bbox 2296 789 2483 836; x_wconf 80' lang='lat' dir='ltr'><strong>castra.</strong></span> <span class='ocrx_word' id='word_1_154' title='bbox 2510 780 2633 836; x_wconf 84' lang='lat' dir='ltr'><strong>llaec</strong></span> <span class='ocrx_word' id='word_1_155' title='bbox 2655 782 2922 851; x_wconf 89' lang='lat' dir='ltr'><strong>quomodo</strong></span> <span class='ocrx_word' id='word_1_156' title='bbox 2950 784 3014 837; x_wconf 87' lang='lat' dir='ltr'><strong>ad</strong></span> <span class='ocrx_word' id='word_1_157' title='bbox 3048 785 3328 841; x_wconf 90' lang='lat' dir='ltr'><strong>Dominum</strong></span> <span class='ocrx_word' id='word_1_158' title='bbox 3353 804 3478 857; x_wconf 84' lang='lat' dir='ltr'><strong>per-</strong></span> 
     </span>
    </p>
   </div>
   <div class='ocr_carea' id='block_1_22' title="bbox 1900 872 3481 947">
    <p class='ocr_par' dir='ltr' id='par_1_22' title="bbox 1900 872 3481 947">
     <span class='ocr_line' id='line_1_22' title="bbox 1900 872 3481 947; baseline 0.004 -22"><span class='ocrx_word' id='word_1_159' title='bbox 1900 872 2125 932; x_wconf 86' lang='lat' dir='ltr'><strong>tineant,</strong></span> <span class='ocrx_word' id='word_1_160' title='bbox 2151 872 2300 937; x_wconf 84' lang='lat' dir='ltr'><strong>satis,</strong></span> <span class='ocrx_word' id='word_1_161' title='bbox 2328 880 2383 926; x_wconf 89' lang='lat' dir='ltr'><strong>ut</strong></span> <span class='ocrx_word' id='word_1_162' title='bbox 2403 886 2547 940; x_wconf 88' lang='lat' dir='ltr'><strong>reor,</strong></span> <span class='ocrx_word' id='word_1_163' title='bbox 2572 872 2710 927; x_wconf 88' lang='lat' dir='ltr'><strong>dicta</strong></span> <span class='ocrx_word' id='word_1_164' title='bbox 2734 881 2874 927; x_wconf 85' lang='lat' dir='ltr'><strong>sunt.</strong></span> <span class='ocrx_word' id='word_1_165' title='bbox 2908 873 3016 929; x_wconf 88' lang='lat' dir='ltr'><strong>Sed</strong></span> <span class='ocrx_word' id='word_1_166' title='bbox 3038 876 3159 944; x_wconf 90' lang='lat' dir='ltr'><strong>quia</strong></span> <span class='ocrx_word' id='word_1_167' title='bbox 3182 877 3294 946; x_wconf 88' lang='lat' dir='ltr'><strong>ipse</strong></span> <span class='ocrx_word' id='word_1_168' title='bbox 3317 889 3481 947; x_wconf 83' lang='lat' dir='ltr'><strong>caput.</strong></span> 
     </span>
    </p>
   </div>
   <div class='ocr_carea' id='block_1_23' title="bbox 1900 964 3476 1035">
    <p class='ocr_par' dir='ltr' id='par_1_23' title="bbox 1900 964 3476 1035">
     <span class='ocr_line' id='line_1_23' title="bbox 1900 964 3476 1035; baseline 0.002 -14"><span class='ocrx_word' id='word_1_169' title='bbox 1900 974 1981 1021; x_wconf 92' lang='lat' dir='ltr'><strong>est</strong></span> <span class='ocrx_word' id='word_1_170' title='bbox 2020 964 2257 1021; x_wconf 87' lang='lat' dir='ltr'><strong>omnium</strong></span> <span class='ocrx_word' id='word_1_171' title='bbox 2286 966 2575 1021; x_wconf 85' lang='lat' dir='ltr'><strong>electorum</strong></span> <span class='ocrx_word' id='word_1_172' title='bbox 2605 1009 2618 1034; x_wconf 93' lang='lat'><strong>,</strong></span> <span class='ocrx_word' id='word_1_173' title='bbox 2669 981 2765 1035; x_wconf 90' lang='lat' dir='ltr'><strong>per</strong></span> <span class='ocrx_word' id='word_1_174' title='bbox 2793 981 2980 1022; x_wconf 84' lang='lat' dir='ltr'><strong>carnes</strong></span> <span class='ocrx_word' id='word_1_175' title='bbox 3008 968 3219 1023; x_wconf 85' lang='lat' dir='ltr'><strong>illorum</strong></span> <span class='ocrx_word' id='word_1_176' title='bbox 3267 972 3476 1025; x_wconf 81' lang='lat' dir='ltr'><strong>anima-</strong></span> 
     </span>
    </p>
   </div>
   <div class='ocr_carea' id='block_1_24' title="bbox 1900 1057 3472 1131">
    <p class='ocr_par' dir='ltr' id='par_1_24' title="bbox 1900 1057 3472 1131">
     <span class='ocr_line' id='line_1_24' title="bbox 1900 1057 3472 1131; baseline 0.001 -19"><span class='ocrx_word' id='word_1_177' title='bbox 1900 1057 2027 1113; x_wconf 91' lang='lat' dir='ltr'><strong>lium</strong></span> <span class='ocrx_word' id='word_1_178' title='bbox 2070 1065 2293 1127; x_wconf 90' lang='lat' dir='ltr'><strong>possunt</strong></span> <span class='ocrx_word' id='word_1_179' title='bbox 2327 1057 2553 1127; x_wconf 77' lang='lat' dir='ltr'><strong>intelligi</strong></span> <span class='ocrx_word' id='word_1_180' title='bbox 2575 1072 2763 1113; x_wconf 91' lang='lat' dir='ltr'><strong>omnes</strong></span> <span class='ocrx_word' id='word_1_181' title='bbox 2790 1060 2969 1130; x_wconf 87' lang='lat' dir='ltr'><strong>electi,</strong></span> <span class='ocrx_word' id='word_1_182' title='bbox 2994 1063 3084 1131; x_wconf 88' lang='lat' dir='ltr'><strong>qui</strong></span> <span class='ocrx_word' id='word_1_183' title='bbox 3108 1071 3255 1117; x_wconf 85' lang='lat' dir='ltr'><strong>extra</strong></span> <span class='ocrx_word' id='word_1_184' title='bbox 3280 1075 3472 1131; x_wconf 71' lang='lat' dir='ltr'><strong>castra,</strong></span> 
     </span>
    </p>
   </div>
   <div class='ocr_carea' id='block_1_25' title="bbox 1901 1149 3479 1223">
    <p class='ocr_par' dir='ltr' id='par_1_25' title="bbox 1901 1149 3479 1223">
     <span class='ocr_line' id='line_1_25' title="bbox 1901 1149 3479 1223; baseline 0.005 -19"><span class='ocrx_word' id='word_1_185' title='bbox 1901 1149 2004 1204; x_wconf 90' lang='lat' dir='ltr'><strong>hoc</strong></span> <span class='ocrx_word' id='word_1_186' title='bbox 2030 1157 2110 1204; x_wconf 90' lang='lat' dir='ltr'><strong>est</strong></span> <span class='ocrx_word' id='word_1_187' title='bbox 2135 1190 2150 1215; x_wconf 90' lang='lat'><strong>,</strong></span> <span class='ocrx_word' id='word_1_188' title='bbox 2192 1157 2345 1205; x_wconf 85' lang='lat' dir='ltr'><strong>extra</strong></span> <span class='ocrx_word' id='word_1_189' title='bbox 2373 1155 2833 1208; x_wconf 79' lang='lat' dir='ltr'><strong>conversationem</strong></span> <span class='ocrx_word' id='word_1_190' title='bbox 2860 1154 3198 1209; x_wconf 72' lang='lat' dir='ltr'><strong>sreeularium</strong></span> <span class='ocrx_word' id='word_1_191' title='bbox 3226 1197 3242 1223; x_wconf 96' lang='lat'><strong>,</strong></span> <span class='ocrx_word' id='word_1_192' title='bbox 3292 1171 3479 1211; x_wconf 81' lang='lat' dir='ltr'><strong>carna-</strong></span> 
     </span>
    </p>
   </div>
   <div class='ocr_carea' id='block_1_26' title="bbox 1900 1241 3479 1313">
    <p class='ocr_par' dir='ltr' id='par_1_26' title="bbox 1900 1241 3479 1313">
     <span class='ocr_line' id='line_1_26' title="bbox 1900 1241 3479 1313; baseline 0.006 -17"><span class='ocrx_word' id='word_1_193' title='bbox 1900 1241 2135 1313; x_wconf 89' lang='lat' dir='ltr'><strong>liumquc</strong></span> <span class='ocrx_word' id='word_1_194' title='bbox 2165 1242 2438 1297; x_wconf 89' lang='lat' dir='ltr'><strong>hominum</strong></span> <span class='ocrx_word' id='word_1_195' title='bbox 2479 1245 2801 1301; x_wconf 88' lang='lat' dir='ltr'><strong>mortificant</strong></span> <span class='ocrx_word' id='word_1_196' title='bbox 2839 1248 3078 1303; x_wconf 87' lang='lat' dir='ltr'><strong>membra</strong></span> <span class='ocrx_word' id='word_1_197' title='bbox 3107 1263 3201 1303; x_wconf 90' lang='lat' dir='ltr'><strong>sua</strong></span> <span class='ocrx_word' id='word_1_198' title='bbox 3249 1266 3370 1305; x_wconf 88' lang='lat' dir='ltr'><strong>cum</strong></span> <span class='ocrx_word' id='word_1_199' title='bbox 3400 1255 3479 1305; x_wconf 79' lang='grc' dir='ltr'><strong>ν’-</strong></span> 
     </span>
    </p>
   </div>
   <div class='ocr_carea' id='block_1_27' title="bbox 1902 1334 3479 1411">
    <p class='ocr_par' dir='ltr' id='par_1_27' title="bbox 1902 1334 3479 1411">
     <span class='ocr_line' id='line_1_27' title="bbox 1902 1334 3479 1411; baseline 0.008 -24"><span class='ocrx_word' id='word_1_200' title='bbox 1902 1334 1989 1390; x_wconf 89' lang='lat' dir='ltr'><strong>tiis</strong></span> <span class='ocrx_word' id='word_1_201' title='bbox 2036 1346 2082 1390; x_wconf 91' lang='lat' dir='ltr'><strong>et</strong></span> <span class='ocrx_word' id='word_1_202' title='bbox 2117 1336 2601 1406; x_wconf 89' lang='lat' dir='ltr'><strong>concupiscentiis,</strong></span> <span class='ocrx_word' id='word_1_203' title='bbox 2645 1339 2757 1393; x_wconf 86' lang='lat' dir='ltr'><strong>sive</strong></span> <span class='ocrx_word' id='word_1_204' title='bbox 2797 1340 2923 1393; x_wconf 93' lang='lat' dir='ltr'><strong>dum</strong></span> <span class='ocrx_word' id='word_1_205' title='bbox 2970 1342 3273 1411; x_wconf 88' lang='lat' dir='ltr'><strong>exemplum</strong></span> <span class='ocrx_word' id='word_1_206' title='bbox 3305 1345 3479 1399; x_wconf 84' lang='lat' dir='ltr'><strong>domi-</strong></span> 
     </span>
    </p>
   </div>
   <div class='ocr_carea' id='block_1_28' title="bbox 1900 1427 3478 1504">
    <p class='ocr_par' dir='ltr' id='par_1_28' title="bbox 1900 1427 3478 1504">
     <span class='ocr_line' id='line_1_28' title="bbox 1900 1427 3478 1504; baseline 0.006 -24"><span class='ocrx_word' id='word_1_207' title='bbox 1900 1427 2037 1481; x_wconf 86' lang='lat' dir='ltr'><strong>nicae</strong></span> <span class='ocrx_word' id='word_1_208' title='bbox 2065 1428 2327 1496; x_wconf 87' lang='lat' dir='ltr'><strong>passionis</strong></span> <span class='ocrx_word' id='word_1_209' title='bbox 2354 1428 2596 1500; x_wconf 78' lang='lat' dir='ltr'><strong>martyrii</strong></span> <span class='ocrx_word' id='word_1_210' title='bbox 2624 1430 2857 1499; x_wconf 86' lang='lat' dir='ltr'><strong>palmam</strong></span> <span class='ocrx_word' id='word_1_211' title='bbox 2885 1432 3129 1485; x_wconf 87' lang='lat' dir='ltr'><strong>subeunt.</strong></span> <span class='ocrx_word' id='word_1_212' title='bbox 3154 1433 3311 1487; x_wconf 80' lang='lat' dir='ltr'><strong>Juxta</strong></span> <span class='ocrx_word' id='word_1_213' title='bbox 3335 1438 3478 1504; x_wconf 76' lang='lat' dir='ltr'><strong>quod</strong></span> 
     </span>
    </p>
   </div>
   <div class='ocr_carea' id='block_1_29' title="bbox 1899 1519 3481 1595">
    <p class='ocr_par' dir='ltr' id='par_1_29' title="bbox 1899 1519 3481 1595">
     <span class='ocr_line' id='line_1_29' title="bbox 1899 1519 3481 1595; baseline 0.005 -21"><span class='ocrx_word' id='word_1_214' title='bbox 1899 1519 2089 1575; x_wconf 90' lang='lat' dir='ltr'><strong>beatus</strong></span> <span class='ocrx_word' id='word_1_215' title='bbox 2118 1521 2305 1575; x_wconf 83' lang='lat' dir='ltr'><strong>Petrus</strong></span> <span class='ocrx_word' id='word_1_216' title='bbox 2335 1520 2600 1590; x_wconf 87' lang='lat' dir='ltr'><strong>hortatur,</strong></span> <span class='ocrx_word' id='word_1_217' title='bbox 2638 1522 2822 1578; x_wconf 88' lang='lat' dir='ltr'><strong>dicens</strong></span> <span class='ocrx_word' id='word_1_218' title='bbox 2854 1538 2866 1575; x_wconf 89' lang='lat'><strong>:</strong></span> <span class='ocrx_word' id='word_1_219' title='bbox 2897 1521 3140 1578; x_wconf 67' lang='lat' dir='ltr'><strong>Christus</strong></span> <span class='ocrx_word' id='word_1_220' title='bbox 3168 1541 3355 1595; x_wconf 74' lang='lat' dir='ltr'><strong>passus</strong></span> <span class='ocrx_word' id='word_1_221' title='bbox 3396 1540 3481 1583; x_wconf 74' lang='lat' dir='ltr'><strong>est</strong></span> 
     </span>
    </p>
   </div>
   <div class='ocr_carea' id='block_1_30' title="bbox 1900 1612 3480 1690">
    <p class='ocr_par' dir='ltr' id='par_1_30' title="bbox 1900 1612 3480 1690">
     <span class='ocr_line' id='line_1_30' title="bbox 1900 1612 3480 1690; baseline 0.006 -25"><span class='ocrx_word' id='word_1_222' title='bbox 1900 1625 1997 1681; x_wconf 90' lang='lat' dir='ltr'><strong>pro</strong></span> <span class='ocrx_word' id='word_1_223' title='bbox 2029 1612 2204 1677; x_wconf 88' lang='lat' dir='ltr'><strong>nobis,</strong></span> <span class='ocrx_word' id='word_1_224' title='bbox 2239 1613 2393 1668; x_wconf 90' lang='lat' dir='ltr'><strong>nobis</strong></span> <span class='ocrx_word' id='word_1_225' title='bbox 2420 1614 2728 1685; x_wconf 82' lang='lat' dir='ltr'><strong>relinquens</strong></span> <span class='ocrx_word' id='word_1_226' title='bbox 2753 1616 3079 1685; x_wconf 84' lang='lat' dir='ltr'><strong>exemplum,</strong></span> <span class='ocrx_word' id='word_1_227' title='bbox 3111 1627 3167 1672; x_wconf 92' lang='lat' dir='ltr'><strong>ut</strong></span> <span class='ocrx_word' id='word_1_228' title='bbox 3195 1634 3480 1690; x_wconf 78' lang='lat' dir='ltr'><strong>sequantur</strong></span> 
     </span>
    </p>
   </div>
   <div class='ocr_carea' id='block_1_31' title="bbox 1899 1703 3480 1776">
    <p class='ocr_par' dir='ltr' id='par_1_31' title="bbox 1899 1703 3480 1776">
     <span class='ocr_line' id='line_1_31' title="bbox 1899 1703 3480 1776; baseline 0.006 -18"><span class='ocrx_word' id='word_1_229' title='bbox 1899 1703 2123 1773; x_wconf 84' lang='lat' dir='ltr'><strong>veStigia</strong></span> <span class='ocrx_word' id='word_1_230' title='bbox 2171 1704 2308 1773; x_wconf 87' lang='lat' dir='ltr'><strong>ejus.</strong></span> <span class='ocrx_word' id='word_1_231' title='bbox 2339 1704 2572 1761; x_wconf 87' lang='lat' dir='ltr'><strong>infertur</strong></span> <span class='ocrx_word' id='word_1_232' title='bbox 2605 1708 2821 1776; x_wconf 78' lang='lat' dir='ltr'><strong>sanguis</strong></span> <span class='ocrx_word' id='word_1_233' title='bbox 2868 1708 3080 1763; x_wconf 91' lang='lat' dir='ltr'><strong>illorum</strong></span> <span class='ocrx_word' id='word_1_234' title='bbox 3110 1710 3249 1765; x_wconf 90' lang='lat' dir='ltr'><strong>intra</strong></span> <span class='ocrx_word' id='word_1_235' title='bbox 3294 1723 3480 1767; x_wconf 86' lang='lat' dir='ltr'><strong>sancta</strong></span> 
     </span>
    </p>
   </div>
   <div class='ocr_carea' id='block_1_32' title="bbox 1900 1799 3479 1869">
    <p class='ocr_par' dir='ltr' id='par_1_32' title="bbox 1900 1799 3479 1869">
     <span class='ocr_line' id='line_1_32' title="bbox 1900 1799 3479 1869; baseline 0.004 -16"><span class='ocrx_word' id='word_1_236' title='bbox 1900 1812 1997 1869; x_wconf 87' lang='lat' dir='ltr'><strong>per</strong></span> <span class='ocrx_word' id='word_1_237' title='bbox 2027 1799 2349 1868; x_wconf 86' lang='lat' dir='ltr'><strong>pontificem,</strong></span> <span class='ocrx_word' id='word_1_238' title='bbox 2380 1800 2506 1855; x_wconf 92' lang='lat' dir='ltr'><strong>dum</strong></span> <span class='ocrx_word' id='word_1_239' title='bbox 2536 1815 2719 1856; x_wconf 91' lang='lat' dir='ltr'><strong>eorum</strong></span> <span class='ocrx_word' id='word_1_240' title='bbox 2748 1802 2854 1857; x_wconf 88' lang='lat' dir='ltr'><strong>vita</strong></span> <span class='ocrx_word' id='word_1_241' title='bbox 2883 1802 3161 1860; x_wconf 82' lang='lat' dir='ltr'><strong>laudabilis</strong></span> <span class='ocrx_word' id='word_1_242' title='bbox 3192 1805 3303 1861; x_wconf 88' lang='lat' dir='ltr'><strong>Deo</strong></span> <span class='ocrx_word' id='word_1_243' title='bbox 3335 1808 3479 1861; x_wconf 80' lang='lat' dir='ltr'><strong>Patri</strong></span> 
     </span>
    </p>
   </div>
   <div class='ocr_carea' id='block_1_33' title="bbox 216 1889 3481 1966">
    <p class='ocr_par' dir='ltr' id='par_1_33' title="bbox 216 1889 3481 1966">
     <span class='ocr_line' id='line_1_33' title="bbox 216 1889 3481 1966; baseline 0.002 -22"><span class='ocrx_word' id='word_1_244' title='bbox 216 1898 363 1944; x_wconf 92' lang='lat' dir='ltr'><strong>runt.</strong></span> <span class='ocrx_word' id='word_1_245' title='bbox 396 1889 453 1946; x_wconf 87' lang='lat' dir='ltr'><strong>in</strong></span> <span class='ocrx_word' id='word_1_246' title='bbox 483 1890 583 1946; x_wconf 92' lang='lat' dir='ltr'><strong>hoc</strong></span> <span class='ocrx_word' id='word_1_247' title='bbox 624 1892 767 1947; x_wconf 92' lang='lat' dir='ltr'><strong>enim</strong></span> <span class='ocrx_word' id='word_1_248' title='bbox 795 1892 937 1962; x_wconf 90' lang='lat' dir='ltr'><strong>quod</strong></span> <span class='ocrx_word' id='word_1_249' title='bbox 975 1891 1146 1964; x_wconf 83' lang='lat' dir='ltr'><strong>legem</strong></span> <span class='ocrx_word' id='word_1_250' title='bbox 1177 1892 1564 1957; x_wconf 88' lang='lat' dir='ltr'><strong>custodierunt,</strong></span> <span class='ocrx_word' id='word_1_251' title='bbox 1596 1892 1796 1963; x_wconf 75' lang='lat' dir='ltr'><strong>profuit</strong></span> <span class='ocrx_word' id='word_1_252' title='bbox 1826 1889 1874 1950; x_wconf 89' lang='lat' dir='ltr'><strong>B</strong></span> <span class='ocrx_word' id='word_1_253' title='bbox 1899 1899 2253 1959; x_wconf 64' lang='lat' dir='ltr'><strong>prtesentatur</strong></span> <span class='ocrx_word' id='word_1_254' title='bbox 2297 1904 2391 1960; x_wconf 91' lang='lat' dir='ltr'><strong>per</strong></span> <span class='ocrx_word' id='word_1_255' title='bbox 2423 1904 2610 1945; x_wconf 89' lang='lat' dir='ltr'><strong>verum</strong></span> <span class='ocrx_word' id='word_1_256' title='bbox 2656 1892 2991 1947; x_wconf 77' lang='lat' dir='ltr'><strong>sacerdotem</strong></span> <span class='ocrx_word' id='word_1_257' title='bbox 3026 1893 3229 1963; x_wconf 81' lang='lat' dir='ltr'><strong>Jesum,</strong></span> <span class='ocrx_word' id='word_1_258' title='bbox 3262 1897 3351 1966; x_wconf 87' lang='lat' dir='ltr'><strong>qui</strong></span> <span class='ocrx_word' id='word_1_259' title='bbox 3398 1910 3481 1952; x_wconf 83' lang='lat' dir='ltr'><strong>cst</strong></span> 
     </span>
    </p>
   </div>
   <div class='ocr_carea' id='block_1_34' title="bbox 217 1980 1798 2052">
    <p class='ocr_par' dir='ltr' id='par_1_34' title="bbox 217 1980 1798 2052">
     <span class='ocr_line' id='line_1_34' title="bbox 217 1980 1798 2052; baseline 0.003 -17"><span class='ocrx_word' id='word_1_260' title='bbox 217 1980 321 2035; x_wconf 91' lang='lat' dir='ltr'><strong>illis</strong></span> <span class='ocrx_word' id='word_1_261' title='bbox 352 1998 364 2034; x_wconf 93' lang='lat'><strong>:</strong></span> <span class='ocrx_word' id='word_1_262' title='bbox 398 1981 453 2037; x_wconf 89' lang='lat' dir='ltr'><strong>in</strong></span> <span class='ocrx_word' id='word_1_263' title='bbox 490 1980 593 2037; x_wconf 90' lang='lat' dir='ltr'><strong>hoc</strong></span> <span class='ocrx_word' id='word_1_264' title='bbox 619 1982 761 2052; x_wconf 92' lang='lat' dir='ltr'><strong>quod</strong></span> <span class='ocrx_word' id='word_1_265' title='bbox 796 1984 933 2039; x_wconf 89' lang='lat' dir='ltr'><strong>escis</strong></span> <span class='ocrx_word' id='word_1_266' title='bbox 957 1997 1064 2038; x_wconf 87' lang='lat' dir='ltr'><strong>non</strong></span> <span class='ocrx_word' id='word_1_267' title='bbox 1090 1983 1463 2051; x_wconf 77' lang='lat' dir='ltr'><strong>vescebantur,</strong></span> <span class='ocrx_word' id='word_1_268' title='bbox 1492 1984 1623 2040; x_wconf 87' lang='lat' dir='ltr'><strong>nihil</strong></span> <span class='ocrx_word' id='word_1_269' title='bbox 1656 1984 1798 2039; x_wconf 85' lang='lat' dir='ltr'><strong>utili-</strong></span> 
     </span>
    </p>
   </div>
   <div class='ocr_carea' id='block_1_35' title="bbox 220 2074 1797 2146">
    <p class='ocr_par' dir='ltr' id='par_1_35' title="bbox 220 2074 1797 2146">
     <span class='ocr_line' id='line_1_35' title="bbox 220 2074 1797 2146; baseline 0.004 -19"><span class='ocrx_word' id='word_1_270' title='bbox 220 2074 342 2129; x_wconf 90' lang='lat' dir='ltr'><strong>tatis</strong></span> <span class='ocrx_word' id='word_1_271' title='bbox 381 2086 752 2146; x_wconf 87' lang='lat' dir='ltr'><strong>perceperunt.</strong></span> <span class='ocrx_word' id='word_1_272' title='bbox 784 2074 1044 2132; x_wconf 62' lang='lat' dir='ltr'><strong>Habemus</strong></span> <span class='ocrx_word' id='word_1_273' title='bbox 1082 2076 1267 2145; x_wconf 85' lang='lat' dir='ltr'><strong>altare,</strong></span> <span class='ocrx_word' id='word_1_274' title='bbox 1306 2078 1370 2131; x_wconf 89' lang='lat' dir='ltr'><strong>de</strong></span> <span class='ocrx_word' id='word_1_275' title='bbox 1395 2093 1492 2146; x_wconf 87' lang='lat' dir='ltr'><strong>quo</strong></span> <span class='ocrx_word' id='word_1_276' title='bbox 1518 2076 1662 2132; x_wconf 82' lang='lat' dir='ltr'><strong>edere</strong></span> <span class='ocrx_word' id='word_1_277' title='bbox 1694 2093 1797 2132; x_wconf 84' lang='lat' dir='ltr'><strong>non</strong></span> 
     </span>
    </p>
   </div>
   <div class='ocr_carea' id='block_1_36' title="bbox 218 2164 1794 2238">
    <p class='ocr_par' dir='ltr' id='par_1_36' title="bbox 218 2164 1794 2238">
     <span class='ocr_line' id='line_1_36' title="bbox 218 2164 1794 2238; baseline 0.003 -19"><span class='ocrx_word' id='word_1_278' title='bbox 218 2164 405 2221; x_wconf 78' lang='lat' dir='ltr'><strong>habent</strong></span> <span class='ocrx_word' id='word_1_279' title='bbox 434 2176 729 2238; x_wconf 76' lang='lat' dir='ltr'><strong>potestatem</strong></span> <span class='ocrx_word' id='word_1_280' title='bbox 754 2169 842 2238; x_wconf 84' lang='lat' dir='ltr'><strong>qui</strong></span> <span class='ocrx_word' id='word_1_281' title='bbox 866 2168 1186 2224; x_wconf 82' lang='lat' dir='ltr'><strong>tabernaculo</strong></span> <span class='ocrx_word' id='word_1_282' title='bbox 1208 2169 1512 2223; x_wconf 71' lang='lat' dir='ltr'><strong>deserviunt.</strong></span> <span class='ocrx_word' id='word_1_283' title='bbox 1545 2167 1794 2237; x_wconf 83' lang='lat' dir='ltr'><strong>Legalcm</strong></span> 
     </span>
    </p>
   </div>
   <div class='ocr_carea' id='block_1_37' title="bbox 217 2261 1793 2333">
    <p class='ocr_par' dir='ltr' id='par_1_37' title="bbox 217 2261 1793 2333">
     <span class='ocr_line' id='line_1_37' title="bbox 217 2261 1793 2333; baseline 0.002 -20"><span class='ocrx_word' id='word_1_284' title='bbox 217 2261 657 2323; x_wconf 87' lang='lat' dir='ltr'><strong>consuetudinem</strong></span> <span class='ocrx_word' id='word_1_285' title='bbox 687 2270 741 2317; x_wconf 91' lang='lat' dir='ltr'><strong>et</strong></span> <span class='ocrx_word' id='word_1_286' title='bbox 769 2264 1106 2333; x_wconf 82' lang='lat' dir='ltr'><strong>mysterium,</strong></span> <span class='ocrx_word' id='word_1_287' title='bbox 1140 2263 1539 2333; x_wconf 80' lang='lat' dir='ltr'><strong>Spiritalemque</strong></span> <span class='ocrx_word' id='word_1_288' title='bbox 1578 2276 1793 2317; x_wconf 88' lang='lat' dir='ltr'><strong>sensum</strong></span> 
     </span>
    </p>
   </div>
   <div class='ocr_carea' id='block_1_38' title="bbox 218 2351 1795 2425">
    <p class='ocr_par' dir='ltr' id='par_1_38' title="bbox 218 2351 1795 2425">
     <span class='ocr_line' id='line_1_38' title="bbox 218 2351 1795 2425; baseline 0.001 -20"><span class='ocrx_word' id='word_1_289' title='bbox 218 2353 398 2407; x_wconf 78' lang='lat' dir='ltr'><strong>refert.</strong></span> <span class='ocrx_word' id='word_1_290' title='bbox 431 2352 587 2423; x_wconf 88' lang='lat' dir='ltr'><strong>Legis</strong></span> <span class='ocrx_word' id='word_1_291' title='bbox 616 2353 830 2423; x_wconf 85' lang='lat' dir='ltr'><strong>quidem</strong></span> <span class='ocrx_word' id='word_1_292' title='bbox 861 2360 1183 2425; x_wconf 85' lang='lat' dir='ltr'><strong>praeceptum</strong></span> <span class='ocrx_word' id='word_1_293' title='bbox 1224 2364 1354 2420; x_wconf 87' lang='lat' dir='ltr'><strong>erat,</strong></span> <span class='ocrx_word' id='word_1_294' title='bbox 1384 2364 1443 2408; x_wconf 90' lang='lat' dir='ltr'><strong>ut</strong></span> <span class='ocrx_word' id='word_1_295' title='bbox 1472 2352 1676 2407; x_wconf 73' lang='lat' dir='ltr'><strong>decima</strong></span> <span class='ocrx_word' id='word_1_296' title='bbox 1708 2351 1795 2408; x_wconf 89' lang='lat' dir='ltr'><strong>die</strong></span> 
     </span>
    </p>
   </div>
   <div class='ocr_carea' id='block_1_39' title="bbox 214 2441 1795 2512">
    <p class='ocr_par' dir='ltr' id='par_1_39' title="bbox 214 2441 1795 2512">
     <span class='ocr_line' id='line_1_39' title="bbox 214 2441 1795 2512; baseline 0.002 -17"><span class='ocrx_word' id='word_1_297' title='bbox 214 2441 427 2509; x_wconf 81' lang='lat' dir='ltr'><strong>septimi</strong></span> <span class='ocrx_word' id='word_1_298' title='bbox 476 2441 677 2497; x_wconf 84' lang='lat' dir='ltr'><strong>mensis</strong></span> <span class='ocrx_word' id='word_1_299' title='bbox 706 2457 737 2497; x_wconf 90' lang='lat' dir='ltr'><strong>a</strong></span> <span class='ocrx_word' id='word_1_300' title='bbox 768 2444 1051 2499; x_wconf 82' lang='lat' dir='ltr'><strong>festivitate</strong></span> <span class='ocrx_word' id='word_1_301' title='bbox 1102 2443 1352 2512; x_wconf 85' lang='lat' dir='ltr'><strong>paschali,</strong></span> <span class='ocrx_word' id='word_1_302' title='bbox 1407 2443 1686 2499; x_wconf 86' lang='lat' dir='ltr'><strong>festivitate</strong></span> <span class='ocrx_word' id='word_1_303' title='bbox 1716 2443 1795 2498; x_wconf 86' lang='lat' dir='ltr'><strong>vi-</strong></span> 
     </span>
    </p>
   </div>
   <div class='ocr_carea' id='block_1_40' title="bbox 212 2536 1791 2608">
    <p class='ocr_par' dir='ltr' id='par_1_40' title="bbox 212 2536 1791 2608">
     <span class='ocr_line' id='line_1_40' title="bbox 212 2536 1791 2608; baseline 0.001 -19"><span class='ocrx_word' id='word_1_304' title='bbox 212 2536 409 2591; x_wconf 75' lang='lat' dir='ltr'><strong>delicet</strong></span> <span class='ocrx_word' id='word_1_305' title='bbox 438 2536 854 2608; x_wconf 82' lang='lat' dir='ltr'><strong>propitiationis,</strong></span> <span class='ocrx_word' id='word_1_306' title='bbox 886 2538 1193 2608; x_wconf 88' lang='lat' dir='ltr'><strong>acciperent</strong></span> <span class='ocrx_word' id='word_1_307' title='bbox 1220 2536 1438 2592; x_wconf 89' lang='lat' dir='ltr'><strong>vitulum</strong></span> <span class='ocrx_word' id='word_1_308' title='bbox 1480 2546 1533 2593; x_wconf 90' lang='lat' dir='ltr'><strong>et</strong></span> <span class='ocrx_word' id='word_1_309' title='bbox 1561 2537 1791 2603; x_wconf 91' lang='lat' dir='ltr'><strong>hircum,</strong></span> 
     </span>
    </p>
   </div>
   <div class='ocr_carea' id='block_1_41' title="bbox 212 2614 1796 2699">
    <p class='ocr_par' dir='ltr' id='par_1_41' title="bbox 212 2614 1796 2699">
     <span class='ocr_line' id='line_1_41' title="bbox 212 2614 1796 2699; baseline -0.002 -14"><span class='ocrx_word' id='word_1_310' title='bbox 212 2640 267 2685; x_wconf 87' lang='lat' dir='ltr'><strong>et</strong></span> <span class='ocrx_word' id='word_1_311' title='bbox 308 2614 645 2687; x_wconf 76' lang='lat' dir='ltr'><strong>immolarent</strong></span> <span class='ocrx_word' id='word_1_312' title='bbox 669 2646 790 2687; x_wconf 91' lang='lat' dir='ltr'><strong>eum</strong></span> <span class='ocrx_word' id='word_1_313' title='bbox 833 2630 885 2685; x_wconf 93' lang='lat' dir='ltr'><strong>in</strong></span> <span class='ocrx_word' id='word_1_314' title='bbox 911 2630 1102 2686; x_wconf 87' lang='lat' dir='ltr'><strong>castris</strong></span> <span class='ocrx_word' id='word_1_315' title='bbox 1130 2648 1143 2684; x_wconf 91' lang='lat'><strong>:</strong></span> <span class='ocrx_word' id='word_1_316' title='bbox 1175 2630 1499 2699; x_wconf 81' lang='lat' dir='ltr'><strong>Sanguinem</strong></span> <span class='ocrx_word' id='word_1_317' title='bbox 1529 2637 1704 2685; x_wconf 88' lang='lat' dir='ltr'><strong>autem</strong></span> <span class='ocrx_word' id='word_1_318' title='bbox 1733 2628 1796 2682; x_wconf 87' lang='lat' dir='ltr'><strong>il-</strong></span> 
     </span>
    </p>
   </div>
   <div class='ocr_carea' id='block_1_42' title="bbox 216 2722 1793 2793">
    <p class='ocr_par' dir='ltr' id='par_1_42' title="bbox 216 2722 1793 2793">
     <span class='ocr_line' id='line_1_42' title="bbox 216 2722 1793 2793; baseline 0.002 -20"><span class='ocrx_word' id='word_1_319' title='bbox 216 2722 387 2777; x_wconf 85' lang='lat' dir='ltr'><strong>lorum</strong></span> <span class='ocrx_word' id='word_1_320' title='bbox 411 2722 719 2779; x_wconf 86' lang='lat' dir='ltr'><strong>animalium</strong></span> <span class='ocrx_word' id='word_1_321' title='bbox 746 2723 908 2778; x_wconf 81' lang='lat' dir='ltr'><strong>ferret</strong></span> <span class='ocrx_word' id='word_1_322' title='bbox 938 2722 1176 2793; x_wconf 77' lang='lat' dir='ltr'><strong>pontifex</strong></span> <span class='ocrx_word' id='word_1_323' title='bbox 1199 2723 1250 2778; x_wconf 92' lang='lat' dir='ltr'><strong>in</strong></span> <span class='ocrx_word' id='word_1_324' title='bbox 1272 2723 1462 2777; x_wconf 87' lang='lat' dir='ltr'><strong>Saneta</strong></span> <span class='ocrx_word' id='word_1_325' title='bbox 1486 2728 1793 2776; x_wconf 91' lang='lat' dir='ltr'><strong>sanctorum</strong></span> 
     </span>
    </p>
   </div>
   <div class='ocr_carea' id='block_1_43' title="bbox 215 2811 1796 2884">
    <p class='ocr_par' dir='ltr' id='par_1_43' title="bbox 215 2811 1796 2884">
     <span class='ocr_line' id='line_1_43' title="bbox 215 2811 1796 2884; baseline -0.001 -19"><span class='ocrx_word' id='word_1_326' title='bbox 215 2812 362 2867; x_wconf 87' lang='lat' dir='ltr'><strong>solus</strong></span> <span class='ocrx_word' id='word_1_327' title='bbox 388 2822 639 2869; x_wconf 87' lang='lat' dir='ltr'><strong>oraturus</strong></span> <span class='ocrx_word' id='word_1_328' title='bbox 666 2828 762 2883; x_wconf 93' lang='lat' dir='ltr'><strong>pro</strong></span> <span class='ocrx_word' id='word_1_329' title='bbox 790 2812 1005 2884; x_wconf 90' lang='lat' dir='ltr'><strong>populo,</strong></span> <span class='ocrx_word' id='word_1_330' title='bbox 1047 2826 1235 2869; x_wconf 87' lang='lat' dir='ltr'><strong>carnes</strong></span> <span class='ocrx_word' id='word_1_331' title='bbox 1274 2826 1404 2869; x_wconf 90' lang='lat' dir='ltr'><strong>vero</strong></span> <span class='ocrx_word' id='word_1_332' title='bbox 1432 2811 1641 2869; x_wconf 87' lang='lat' dir='ltr'><strong>illorum</strong></span> <span class='ocrx_word' id='word_1_333' title='bbox 1668 2823 1796 2880; x_wconf 90' lang='lat' dir='ltr'><strong>por-</strong></span> 
     </span>
    </p>
   </div>
   <div class='ocr_carea' id='block_1_44' title="bbox 217 2905 1795 2975">
    <p class='ocr_par' dir='ltr' id='par_1_44' title="bbox 217 2905 1795 2975">
     <span class='ocr_line' id='line_1_44' title="bbox 217 2905 1795 2975; baseline -0.002 -16"><span class='ocrx_word' id='word_1_334' title='bbox 217 2913 455 2960; x_wconf 88' lang='lat' dir='ltr'><strong>tarentur</strong></span> <span class='ocrx_word' id='word_1_335' title='bbox 483 2912 633 2961; x_wconf 82' lang='lat' dir='ltr'><strong>extra</strong></span> <span class='ocrx_word' id='word_1_336' title='bbox 661 2914 839 2961; x_wconf 88' lang='lat' dir='ltr'><strong>castra</strong></span> <span class='ocrx_word' id='word_1_337' title='bbox 863 2945 880 2975; x_wconf 91' lang='lat'><strong>,</strong></span> <span class='ocrx_word' id='word_1_338' title='bbox 922 2905 1099 2975; x_wconf 87' lang='lat' dir='ltr'><strong>ibique</strong></span> <span class='ocrx_word' id='word_1_339' title='bbox 1145 2912 1615 2959; x_wconf 87' lang='lat' dir='ltr'><strong>concremareutur</strong></span> <span class='ocrx_word' id='word_1_340' title='bbox 1638 2943 1655 2969; x_wconf 90' lang='lat'><strong>,</strong></span> <span class='ocrx_word' id='word_1_341' title='bbox 1697 2915 1795 2956; x_wconf 90' lang='lat' dir='ltr'><strong>nec</strong></span> 
     </span>
    </p>
   </div>
   <div class='ocr_carea' id='block_1_45' title="bbox 217 2992 1795 3052">
    <p class='ocr_par' dir='ltr' id='par_1_45' title="bbox 217 2992 1795 3052">
     <span class='ocr_line' id='line_1_45' title="bbox 217 2992 1795 3052; baseline -0.001 -2"><span class='ocrx_word' id='word_1_342' title='bbox 217 3010 338 3050; x_wconf 85' lang='lat' dir='ltr'><strong>esse</strong></span> <span class='ocrx_word' id='word_1_343' title='bbox 389 2996 594 3051; x_wconf 91' lang='lat' dir='ltr'><strong>licitum</strong></span> <span class='ocrx_word' id='word_1_344' title='bbox 641 2996 799 3052; x_wconf 86' lang='lat' dir='ltr'><strong>alicui</strong></span> <span class='ocrx_word' id='word_1_345' title='bbox 832 2996 1178 3052; x_wconf 89' lang='lat' dir='ltr'><strong>tabernaculo</strong></span> <span class='ocrx_word' id='word_1_346' title='bbox 1225 2995 1541 3051; x_wconf 87' lang='lat' dir='ltr'><strong>deservicnti</strong></span> <span class='ocrx_word' id='word_1_347' title='bbox 1589 3010 1651 3050; x_wconf 78' lang='lat' dir='ltr'><strong>ex</strong></span> <span class='ocrx_word' id='word_1_348' title='bbox 1685 2992 1795 3048; x_wconf 92' lang='lat' dir='ltr'><strong>illis</strong></span> 
     </span>
    </p>
   </div>
   <div class='ocr_carea' id='block_1_46' title="bbox 216 3088 1795 3161">
    <p class='ocr_par' dir='ltr' id='par_1_46' title="bbox 216 3088 1795 3161">
     <span class='ocr_line' id='line_1_46' title="bbox 216 3088 1795 3161; baseline -0.003 -14"><span class='ocrx_word' id='word_1_349' title='bbox 216 3090 518 3148; x_wconf 87' lang='lat' dir='ltr'><strong>comedere.</strong></span> <span class='ocrx_word' id='word_1_350' title='bbox 555 3091 913 3161; x_wconf 88' lang='lat' dir='ltr'><strong>Spiritnalitcr</strong></span> <span class='ocrx_word' id='word_1_351' title='bbox 949 3100 1127 3145; x_wconf 89' lang='lat' dir='ltr'><strong>autem</strong></span> <span class='ocrx_word' id='word_1_352' title='bbox 1156 3090 1240 3145; x_wconf 90' lang='lat' dir='ltr'><strong>illa</strong></span> <span class='ocrx_word' id='word_1_353' title='bbox 1271 3090 1376 3144; x_wconf 92' lang='lat' dir='ltr'><strong>duo</strong></span> <span class='ocrx_word' id='word_1_354' title='bbox 1415 3088 1685 3153; x_wconf 89' lang='lat' dir='ltr'><strong>animalia,</strong></span> <span class='ocrx_word' id='word_1_355' title='bbox 1717 3088 1795 3143; x_wconf 88' lang='lat' dir='ltr'><strong>vi-</strong></span> 
     </span>
    </p>
   </div>
   <div class='ocr_carea' id='block_1_47' title="bbox 218 3180 1792 3253">
    <p class='ocr_par' dir='ltr' id='par_1_47' title="bbox 218 3180 1792 3253">
     <span class='ocr_line' id='line_1_47' title="bbox 218 3180 1792 3253; baseline -0.001 -15"><span class='ocrx_word' id='word_1_356' title='bbox 218 3185 358 3240; x_wconf 91' lang='lat' dir='ltr'><strong>tulus</strong></span> <span class='ocrx_word' id='word_1_357' title='bbox 384 3184 629 3241; x_wconf 85' lang='lat' dir='ltr'><strong>videlicet</strong></span> <span class='ocrx_word' id='word_1_358' title='bbox 655 3192 710 3239; x_wconf 89' lang='lat' dir='ltr'><strong>et</strong></span> <span class='ocrx_word' id='word_1_359' title='bbox 736 3184 936 3251; x_wconf 88' lang='lat' dir='ltr'><strong>hircus,</strong></span> <span class='ocrx_word' id='word_1_360' title='bbox 966 3183 1188 3253; x_wconf 85' lang='lat' dir='ltr'><strong>figuram</strong></span> <span class='ocrx_word' id='word_1_361' title='bbox 1217 3190 1399 3239; x_wconf 90' lang='lat' dir='ltr'><strong>tenent</strong></span> <span class='ocrx_word' id='word_1_362' title='bbox 1426 3181 1636 3236; x_wconf 89' lang='lat' dir='ltr'><strong>Domini</strong></span> <span class='ocrx_word' id='word_1_363' title='bbox 1676 3180 1792 3236; x_wconf 87' lang='lat' dir='ltr'><strong>Sal-</strong></span> 
     </span>
    </p>
   </div>
   <div class='ocr_carea' id='block_1_48' title="bbox 1899 1980 3479 2053">
    <p class='ocr_par' dir='ltr' id='par_1_48' title="bbox 1899 1980 3479 2053">
     <span class='ocr_line' id='line_1_48' title="bbox 1899 1980 3479 2053; baseline 0.004 -18"><span class='ocrx_word' id='word_1_364' title='bbox 1899 1981 2192 2036; x_wconf 89' lang='lat' dir='ltr'><strong>advocatus</strong></span> <span class='ocrx_word' id='word_1_365' title='bbox 2218 1991 2419 2047; x_wconf 87' lang='lat' dir='ltr'><strong>noster,</strong></span> <span class='ocrx_word' id='word_1_366' title='bbox 2446 1980 2791 2050; x_wconf 69' lang='lat' dir='ltr'><strong>interpellans</strong></span> <span class='ocrx_word' id='word_1_367' title='bbox 2829 1997 2923 2049; x_wconf 89' lang='lat' dir='ltr'><strong>pro</strong></span> <span class='ocrx_word' id='word_1_368' title='bbox 2948 1985 3119 2039; x_wconf 89' lang='lat' dir='ltr'><strong>nobis.</strong></span> <span class='ocrx_word' id='word_1_369' title='bbox 3147 1985 3210 2038; x_wconf 86' lang='lat' dir='ltr'><strong>Et</strong></span> <span class='ocrx_word' id='word_1_370' title='bbox 3242 2000 3479 2053; x_wconf 65' lang='lat' dir='ltr'><strong>congrue</strong></span> 
     </span>
    </p>
   </div>
   <div class='ocr_carea' id='block_1_49' title="bbox 1898 2073 3475 2145">
    <p class='ocr_par' dir='ltr' id='par_1_49' title="bbox 1898 2073 3475 2145">
     <span class='ocr_line' id='line_1_49' title="bbox 1898 2073 3475 2145; baseline 0.002 -16"><span class='ocrx_word' id='word_1_371' title='bbox 1898 2088 1995 2144; x_wconf 90' lang='lat' dir='ltr'><strong>per</strong></span> <span class='ocrx_word' id='word_1_372' title='bbox 2034 2074 2344 2143; x_wconf 81' lang='lat' dir='ltr'><strong>sanguinem</strong></span> <span class='ocrx_word' id='word_1_373' title='bbox 2370 2073 2480 2127; x_wconf 88' lang='lat' dir='ltr'><strong>vita</strong></span> <span class='ocrx_word' id='word_1_374' title='bbox 2521 2074 2814 2144; x_wconf 89' lang='lat' dir='ltr'><strong>accipitur:</strong></span> <span class='ocrx_word' id='word_1_375' title='bbox 2840 2076 2959 2145; x_wconf 89' lang='lat' dir='ltr'><strong>quia</strong></span> <span class='ocrx_word' id='word_1_376' title='bbox 2994 2077 3103 2129; x_wconf 88' lang='lat' dir='ltr'><strong>vita</strong></span> <span class='ocrx_word' id='word_1_377' title='bbox 3148 2076 3376 2132; x_wconf 91' lang='lat' dir='ltr'><strong>hominis</strong></span> <span class='ocrx_word' id='word_1_378' title='bbox 3419 2079 3475 2133; x_wconf 90' lang='lat' dir='ltr'><strong>in</strong></span> 
     </span>
    </p>
   </div>
   <div class='ocr_carea' id='block_1_50' title="bbox 1899 2166 3471 2237">
    <p class='ocr_par' dir='ltr' id='par_1_50' title="bbox 1899 2166 3471 2237">
     <span class='ocr_line' id='line_1_50' title="bbox 1899 2166 3471 2237; baseline -0.001 -18"><span class='ocrx_word' id='word_1_379' title='bbox 1899 2166 2160 2237; x_wconf 75' lang='lat' dir='ltr'><strong>sanguine</strong></span> <span class='ocrx_word' id='word_1_380' title='bbox 2183 2176 2281 2221; x_wconf 89' lang='lat' dir='ltr'><strong>est.</strong></span> <span class='ocrx_word' id='word_1_381' title='bbox 2308 2166 2431 2222; x_wconf 85' lang='lat' dir='ltr'><strong>Sive</strong></span> <span class='ocrx_word' id='word_1_382' title='bbox 2452 2169 2669 2237; x_wconf 87' lang='lat' dir='ltr'><strong>sanguis</strong></span> <span class='ocrx_word' id='word_1_383' title='bbox 2697 2166 2909 2221; x_wconf 89' lang='lat' dir='ltr'><strong>illorum</strong></span> <span class='ocrx_word' id='word_1_384' title='bbox 2933 2166 3157 2222; x_wconf 79' lang='lat' dir='ltr'><strong>infertur</strong></span> <span class='ocrx_word' id='word_1_385' title='bbox 3180 2168 3232 2221; x_wconf 92' lang='lat' dir='ltr'><strong>in</strong></span> <span class='ocrx_word' id='word_1_386' title='bbox 3255 2168 3471 2237; x_wconf 79' lang='lat' dir='ltr'><strong>Sancta,</strong></span> 
     </span>
    </p>
   </div>
   <div class='ocr_carea' id='block_1_51' title="bbox 1898 2256 3477 2326">
    <p class='ocr_par' dir='ltr' id='par_1_51' title="bbox 1898 2256 3477 2326">
     <span class='ocr_line' id='line_1_51' title="bbox 1898 2256 3477 2326; baseline 0.002 -16"><span class='ocrx_word' id='word_1_387' title='bbox 1898 2256 2025 2310; x_wconf 91' lang='lat' dir='ltr'><strong>dum</strong></span> <span class='ocrx_word' id='word_1_388' title='bbox 2070 2257 2282 2311; x_wconf 90' lang='lat' dir='ltr'><strong>illorum</strong></span> <span class='ocrx_word' id='word_1_389' title='bbox 2306 2256 2497 2311; x_wconf 63' lang='lat' dir='ltr'><strong>animat</strong></span> <span class='ocrx_word' id='word_1_390' title='bbox 2517 2270 2639 2311; x_wconf 91' lang='lat' dir='ltr'><strong>cum</strong></span> <span class='ocrx_word' id='word_1_391' title='bbox 2683 2258 2949 2326; x_wconf 91' lang='lat' dir='ltr'><strong>triumpho</strong></span> <span class='ocrx_word' id='word_1_392' title='bbox 2974 2258 3235 2325; x_wconf 85' lang='lat' dir='ltr'><strong>passionis</strong></span> <span class='ocrx_word' id='word_1_393' title='bbox 3258 2258 3323 2313; x_wconf 88' lang='lat' dir='ltr'><strong>ad</strong></span> <span class='ocrx_word' id='word_1_394' title='bbox 3365 2272 3477 2313; x_wconf 75' lang='lat' dir='ltr'><strong>c02-</strong></span> 
     </span>
    </p>
   </div>
   <div class='ocr_carea' id='block_1_52' title="bbox 1897 2344 3475 2417">
    <p class='ocr_par' dir='ltr' id='par_1_52' title="bbox 1897 2344 3475 2417">
     <span class='ocr_line' id='line_1_52' title="bbox 1897 2344 3475 2417; baseline 0.003 -18"><span class='ocrx_word' id='word_1_395' title='bbox 1897 2344 2052 2400; x_wconf 89' lang='lat' dir='ltr'><strong>lestia</strong></span> <span class='ocrx_word' id='word_1_396' title='bbox 2095 2346 2427 2401; x_wconf 88' lang='lat' dir='ltr'><strong>deferuntur.</strong></span> <span class='ocrx_word' id='word_1_397' title='bbox 2457 2348 2599 2403; x_wconf 86' lang='lat' dir='ltr'><strong>Bene</strong></span> <span class='ocrx_word' id='word_1_398' title='bbox 2631 2362 2842 2417; x_wconf 88' lang='lat' dir='ltr'><strong>quoque</strong></span> <span class='ocrx_word' id='word_1_399' title='bbox 2881 2349 2933 2403; x_wconf 91' lang='lat' dir='ltr'><strong>in</strong></span> <span class='ocrx_word' id='word_1_400' title='bbox 2956 2350 3109 2403; x_wconf 84' lang='lat' dir='ltr'><strong>altari</strong></span> <span class='ocrx_word' id='word_1_401' title='bbox 3149 2363 3475 2404; x_wconf 79' lang='lat' dir='ltr'><strong>consumun-</strong></span> 
     </span>
    </p>
   </div>
   <div class='ocr_carea' id='block_1_53' title="bbox 1898 2440 3473 2513">
    <p class='ocr_par' dir='ltr' id='par_1_53' title="bbox 1898 2440 3473 2513">
     <span class='ocr_line' id='line_1_53' title="bbox 1898 2440 3473 2513; baseline 0.005 -21"><span class='ocrx_word' id='word_1_402' title='bbox 1898 2445 2029 2507; x_wconf 84' lang='lat' dir='ltr'><strong>tur,</strong></span> <span class='ocrx_word' id='word_1_403' title='bbox 2069 2440 2191 2509; x_wconf 89' lang='lat' dir='ltr'><strong>quia</strong></span> <span class='ocrx_word' id='word_1_404' title='bbox 2219 2440 2395 2495; x_wconf 88' lang='lat' dir='ltr'><strong>omnia</strong></span> <span class='ocrx_word' id='word_1_405' title='bbox 2427 2441 2524 2495; x_wconf 90' lang='lat' dir='ltr'><strong>ista</strong></span> <span class='ocrx_word' id='word_1_406' title='bbox 2566 2442 2736 2495; x_wconf 85' lang='lat' dir='ltr'><strong>sancti</strong></span> <span class='ocrx_word' id='word_1_407' title='bbox 2775 2452 3035 2513; x_wconf 83' lang='lat' dir='ltr'><strong>martyres</strong></span> <span class='ocrx_word' id='word_1_408' title='bbox 3074 2445 3125 2498; x_wconf 90' lang='lat' dir='ltr'><strong>in</strong></span> <span class='ocrx_word' id='word_1_409' title='bbox 3157 2446 3259 2499; x_wconf 90' lang='lat' dir='ltr'><strong>fide</strong></span> <span class='ocrx_word' id='word_1_410' title='bbox 3297 2446 3473 2499; x_wconf 86' lang='lat' dir='ltr'><strong>adim-</strong></span> 
     </span>
    </p>
   </div>
   <div class='ocr_carea' id='block_1_54' title="bbox 1896 2526 3476 2602">
    <p class='ocr_par' dir='ltr' id='par_1_54' title="bbox 1896 2526 3476 2602">
     <span class='ocr_line' id='line_1_54' title="bbox 1896 2526 3476 2602; baseline 0.004 -22"><span class='ocrx_word' id='word_1_411' title='bbox 1896 2526 2067 2596; x_wconf 89' lang='lat' dir='ltr'><strong>plent,</strong></span> <span class='ocrx_word' id='word_1_412' title='bbox 2090 2542 2191 2599; x_wconf 89' lang='lat' dir='ltr'><strong>qua</strong></span> <span class='ocrx_word' id='word_1_413' title='bbox 2215 2543 2276 2584; x_wconf 89' lang='lat' dir='ltr'><strong>se</strong></span> <span class='ocrx_word' id='word_1_414' title='bbox 2294 2530 2519 2585; x_wconf 90' lang='lat' dir='ltr'><strong>credunt</strong></span> <span class='ocrx_word' id='word_1_415' title='bbox 2555 2544 2587 2584; x_wconf 92' lang='lat' dir='ltr'><strong>a</strong></span> <span class='ocrx_word' id='word_1_416' title='bbox 2625 2529 2735 2585; x_wconf 89' lang='lat' dir='ltr'><strong>Deo</strong></span> <span class='ocrx_word' id='word_1_417' title='bbox 2754 2531 3105 2586; x_wconf 87' lang='lat' dir='ltr'><strong>remunerari.</strong></span> <span class='ocrx_word' id='word_1_418' title='bbox 3135 2532 3211 2587; x_wconf 89' lang='lat' dir='ltr'><strong>De</strong></span> <span class='ocrx_word' id='word_1_419' title='bbox 3252 2532 3332 2588; x_wconf 90' lang='lat' dir='ltr'><strong>his</strong></span> <span class='ocrx_word' id='word_1_420' title='bbox 3354 2548 3476 2602; x_wconf 81' lang='lat' dir='ltr'><strong>quae</strong></span> 
     </span>
    </p>
   </div>
   <div class='ocr_carea' id='block_1_55' title="bbox 1896 2616 3473 2689">
    <p class='ocr_par' dir='ltr' id='par_1_55' title="bbox 1896 2616 3473 2689">
     <span class='ocr_line' id='line_1_55' title="bbox 1896 2616 3473 2689; baseline 0.003 -17"><span class='ocrx_word' id='word_1_421' title='bbox 1896 2617 1953 2673; x_wconf 91' lang='lat' dir='ltr'><strong>in</strong></span> <span class='ocrx_word' id='word_1_422' title='bbox 2000 2616 2102 2673; x_wconf 87' lang='lat' dir='ltr'><strong>hoc</strong></span> <span class='ocrx_word' id='word_1_423' title='bbox 2129 2619 2285 2675; x_wconf 87' lang='lat' dir='ltr'><strong>altari</strong></span> <span class='ocrx_word' id='word_1_424' title='bbox 2330 2628 2729 2683; x_wconf 84' lang='lat' dir='ltr'><strong>consecrantur,</strong></span> <span class='ocrx_word' id='word_1_425' title='bbox 2759 2635 2866 2676; x_wconf 90' lang='lat' dir='ltr'><strong>non</strong></span> <span class='ocrx_word' id='word_1_426' title='bbox 2914 2619 3109 2675; x_wconf 85' lang='lat' dir='ltr'><strong>habent</strong></span> <span class='ocrx_word' id='word_1_427' title='bbox 3156 2628 3473 2689; x_wconf 84' lang='lat' dir='ltr'><strong>potestatem</strong></span> 
     </span>
    </p>
   </div>
   <div class='ocr_carea' id='block_1_56' title="bbox 1899 2709 3472 2786">
    <p class='ocr_par' dir='ltr' id='par_1_56' title="bbox 1899 2709 3472 2786">
     <span class='ocr_line' id='line_1_56' title="bbox 1899 2709 3472 2786; baseline 0.004 -21"><span class='ocrx_word' id='word_1_428' title='bbox 1899 2709 2173 2780; x_wconf 90' lang='lat' dir='ltr'><strong>edere,qui</strong></span> <span class='ocrx_word' id='word_1_429' title='bbox 2193 2712 2534 2769; x_wconf 87' lang='lat' dir='ltr'><strong>tabernaculo</strong></span> <span class='ocrx_word' id='word_1_430' title='bbox 2550 2713 2891 2769; x_wconf 86' lang='lat' dir='ltr'><strong>deserviunt:</strong></span> <span class='ocrx_word' id='word_1_431' title='bbox 2912 2714 3161 2783; x_wconf 88' lang='lat' dir='ltr'><strong>quoniam</strong></span> <span class='ocrx_word' id='word_1_432' title='bbox 3184 2715 3248 2770; x_wconf 91' lang='lat' dir='ltr'><strong>ad</strong></span> <span class='ocrx_word' id='word_1_433' title='bbox 3264 2728 3327 2771; x_wconf 87' lang='lat' dir='ltr'><strong>ea</strong></span> <span class='ocrx_word' id='word_1_434' title='bbox 3349 2730 3472 2786; x_wconf 78' lang='lat' dir='ltr'><strong>qua:</strong></span> 
     </span>
    </p>
   </div>
   <div class='ocr_carea' id='block_1_57' title="bbox 1899 2802 3475 2875">
    <p class='ocr_par' dir='ltr' id='par_1_57' title="bbox 1899 2802 3475 2875">
     <span class='ocr_line' id='line_1_57' title="bbox 1899 2802 3475 2875; baseline 0.003 -20"><span class='ocrx_word' id='word_1_435' title='bbox 1899 2802 2071 2856; x_wconf 85' lang='lat' dir='ltr'><strong>sancti</strong></span> <span class='ocrx_word' id='word_1_436' title='bbox 2116 2810 2380 2873; x_wconf 85' lang='lat' dir='ltr'><strong>martyres</strong></span> <span class='ocrx_word' id='word_1_437' title='bbox 2419 2805 2472 2858; x_wconf 92' lang='lat' dir='ltr'><strong>in</strong></span> <span class='ocrx_word' id='word_1_438' title='bbox 2520 2804 2623 2859; x_wconf 84' lang='lat' dir='ltr'><strong>fide</strong></span> <span class='ocrx_word' id='word_1_439' title='bbox 2660 2805 2892 2875; x_wconf 87' lang='lat' dir='ltr'><strong>perfecta</strong></span> <span class='ocrx_word' id='word_1_440' title='bbox 2935 2804 3248 2861; x_wconf 86' lang='lat' dir='ltr'><strong>sustinendo</strong></span> <span class='ocrx_word' id='word_1_441' title='bbox 3290 2806 3475 2861; x_wconf 82' lang='lat' dir='ltr'><strong>adim-</strong></span> 
     </span>
    </p>
   </div>
   <div class='ocr_carea' id='block_1_58' title="bbox 1900 2891 3470 2965">
    <p class='ocr_par' dir='ltr' id='par_1_58' title="bbox 1900 2891 3470 2965">
     <span class='ocr_line' id='line_1_58' title="bbox 1900 2891 3470 2965; baseline 0.004 -20"><span class='ocrx_word' id='word_1_442' title='bbox 1900 2891 2070 2961; x_wconf 88' lang='lat' dir='ltr'><strong>plent,</strong></span> <span class='ocrx_word' id='word_1_443' title='bbox 2098 2906 2207 2948; x_wconf 88' lang='lat' dir='ltr'><strong>non</strong></span> <span class='ocrx_word' id='word_1_444' title='bbox 2252 2894 2444 2949; x_wconf 86' lang='lat' dir='ltr'><strong>audent</strong></span> <span class='ocrx_word' id='word_1_445' title='bbox 2472 2893 2727 2951; x_wconf 86' lang='lat' dir='ltr'><strong>accedere</strong></span> <span class='ocrx_word' id='word_1_446' title='bbox 2764 2895 2800 2950; x_wconf 92' lang='lat' dir='ltr'><strong>ii</strong></span> <span class='ocrx_word' id='word_1_447' title='bbox 2838 2896 2930 2965; x_wconf 83' lang='lat' dir='ltr'><strong>qui</strong></span> <span class='ocrx_word' id='word_1_448' title='bbox 2955 2895 3240 2951; x_wconf 81' lang='lat' dir='ltr'><strong>carnaliter</strong></span> <span class='ocrx_word' id='word_1_449' title='bbox 3263 2898 3470 2965; x_wconf 83' lang='lat' dir='ltr'><strong>vivunt,</strong></span> 
     </span>
    </p>
   </div>
   <div class='ocr_carea' id='block_1_59' title="bbox 1897 2981 3473 3059">
    <p class='ocr_par' dir='ltr' id='par_1_59' title="bbox 1897 2981 3473 3059">
     <span class='ocr_line' id='line_1_59' title="bbox 1897 2981 3473 3059; baseline 0.004 -24"><span class='ocrx_word' id='word_1_450' title='bbox 1897 2988 1953 3035; x_wconf 91' lang='lat' dir='ltr'><strong>et</strong></span> <span class='ocrx_word' id='word_1_451' title='bbox 1977 2994 2160 3036; x_wconf 89' lang='lat' dir='ltr'><strong>amore</strong></span> <span class='ocrx_word' id='word_1_452' title='bbox 2180 2981 2337 3051; x_wconf 90' lang='lat' dir='ltr'><strong>hujus</strong></span> <span class='ocrx_word' id='word_1_453' title='bbox 2360 2982 2539 3037; x_wconf 83' lang='lat' dir='ltr'><strong>saeculi</strong></span> <span class='ocrx_word' id='word_1_454' title='bbox 2561 2992 2809 3040; x_wconf 89' lang='lat' dir='ltr'><strong>tenentur</strong></span> <span class='ocrx_word' id='word_1_455' title='bbox 2825 2984 3047 3041; x_wconf 88' lang='lat' dir='ltr'><strong>astricti.</strong></span> <span class='ocrx_word' id='word_1_456' title='bbox 3074 2984 3296 3055; x_wconf 80' lang='lat' dir='ltr'><strong>Propter</strong></span> <span class='ocrx_word' id='word_1_457' title='bbox 3312 2989 3473 3059; x_wconf 86' lang='lat' dir='ltr'><strong>quod.</strong></span> 
     </span>
    </p>
   </div>
   <div class='ocr_carea' id='block_1_60' title="bbox 1899 3069 3475 3143">
    <p class='ocr_par' dir='ltr' id='par_1_60' title="bbox 1899 3069 3475 3143">
     <span class='ocr_line' id='line_1_60' title="bbox 1899 3069 3475 3143; baseline 0.003 -17"><span class='ocrx_word' id='word_1_458' title='bbox 1899 3069 2136 3126; x_wconf 84' lang='lat' dir='ltr'><strong>Subaudi</strong></span> <span class='ocrx_word' id='word_1_459' title='bbox 2159 3072 2471 3143; x_wconf 84' lang='lat' dir='ltr'><strong>mysterium</strong></span> <span class='ocrx_word' id='word_1_460' title='bbox 2496 3072 2911 3143; x_wconf 85' lang='lat' dir='ltr'><strong>adimplendum.</strong></span> <span class='ocrx_word' id='word_1_461' title='bbox 2934 3075 3003 3129; x_wconf 81' lang='lat' dir='ltr'><strong>Et</strong></span> <span class='ocrx_word' id='word_1_462' title='bbox 3021 3076 3175 3130; x_wconf 78' lang='lat' dir='ltr'><strong>Iesus</strong></span> <span class='ocrx_word' id='word_1_463' title='bbox 3202 3087 3259 3132; x_wconf 88' lang='lat' dir='ltr'><strong>ut</strong></span> <span class='ocrx_word' id='word_1_464' title='bbox 3285 3079 3475 3133; x_wconf 74' lang='lat' dir='ltr'><strong>sancti-</strong></span> 
     </span>
    </p>
   </div>
   <div class='ocr_carea' id='block_1_61' title="bbox 1899 3160 3473 3233">
    <p class='ocr_par' dir='ltr' id='par_1_61' title="bbox 1899 3160 3473 3233">
     <span class='ocr_line' id='line_1_61' title="bbox 1899 3160 3473 3233; baseline 0.006 -21"><span class='ocrx_word' id='word_1_465' title='bbox 1899 3160 2077 3227; x_wconf 77' lang='lat' dir='ltr'><strong>ficaret</strong></span> <span class='ocrx_word' id='word_1_466' title='bbox 2100 3176 2188 3228; x_wconf 84' lang='lat' dir='ltr'><strong>per</strong></span> <span class='ocrx_word' id='word_1_467' title='bbox 2202 3176 2354 3215; x_wconf 77' lang='lat' dir='ltr'><strong>suum</strong></span> <span class='ocrx_word' id='word_1_468' title='bbox 2372 3162 2673 3231; x_wconf 81' lang='lat' dir='ltr'><strong>sanguinem</strong></span> <span class='ocrx_word' id='word_1_469' title='bbox 2692 3166 2955 3233; x_wconf 77' lang='lat' dir='ltr'><strong>populum.</strong></span> <span class='ocrx_word' id='word_1_470' title='bbox 2977 3162 3034 3218; x_wconf 86' lang='lat' dir='ltr'><strong>In</strong></span> <span class='ocrx_word' id='word_1_471' title='bbox 3055 3178 3115 3219; x_wconf 88' lang='lat' dir='ltr'><strong>se</strong></span> <span class='ocrx_word' id='word_1_472' title='bbox 3133 3165 3437 3221; x_wconf 84' lang='lat' dir='ltr'><strong>credentem</strong></span> <span class='ocrx_word' id='word_1_473' title='bbox 3455 3183 3473 3221; x_wconf 88' lang='lat'><strong>:</strong></span> 
     </span>
    </p>
   </div>
   <div class='ocr_carea' id='block_1_62' title="bbox 216 3249 1810 3349">
    <p class='ocr_par' dir='ltr' id='par_1_62' title="bbox 216 3275 1787 3349">
     <span class='ocr_line' id='line_1_62' title="bbox 216 3275 1787 3349; baseline -0.001 -18"><span class='ocrx_word' id='word_1_474' title='bbox 216 3278 412 3333; x_wconf 88' lang='lat' dir='ltr'><strong>vatoris</strong></span> <span class='ocrx_word' id='word_1_475' title='bbox 446 3295 459 3332; x_wconf 89' lang='lat'><strong>:</strong></span> <span class='ocrx_word' id='word_1_476' title='bbox 493 3276 607 3349; x_wconf 88' lang='lat' dir='ltr'><strong>ipse</strong></span> <span class='ocrx_word' id='word_1_477' title='bbox 632 3287 713 3334; x_wconf 88' lang='lat' dir='ltr'><strong>est</strong></span> <span class='ocrx_word' id='word_1_478' title='bbox 741 3276 934 3333; x_wconf 89' lang='lat' dir='ltr'><strong>vitulus</strong></span> <span class='ocrx_word' id='word_1_479' title='bbox 959 3290 1115 3346; x_wconf 90' lang='lat' dir='ltr'><strong>quem</strong></span> <span class='ocrx_word' id='word_1_480' title='bbox 1158 3275 1276 3345; x_wconf 90' lang='lat' dir='ltr'><strong>pius</strong></span> <span class='ocrx_word' id='word_1_481' title='bbox 1307 3282 1458 3344; x_wconf 87' lang='lat' dir='ltr'><strong>pater</strong></span> <span class='ocrx_word' id='word_1_482' title='bbox 1496 3275 1548 3328; x_wconf 90' lang='lat' dir='ltr'><strong>in</strong></span> <span class='ocrx_word' id='word_1_483' title='bbox 1577 3287 1787 3344; x_wconf 87' lang='lat' dir='ltr'><strong>regres-</strong></span> 
     </span>
    </p>
   </div>
   <div class='ocr_carea' id='block_1_63' title="bbox 1897 3249 3470 3349">
    <p class='ocr_par' dir='ltr' id='par_1_63' title="bbox 1898 3249 3470 3325">
     <span class='ocr_line' id='line_1_63' title="bbox 1898 3249 3470 3325; baseline 0.004 -21"><span class='ocrx_word' id='word_1_484' title='bbox 1898 3249 2065 3305; x_wconf 74' lang='lat' dir='ltr'><strong>Extra</strong></span> <span class='ocrx_word' id='word_1_485' title='bbox 2108 3258 2307 3322; x_wconf 81' lang='lat' dir='ltr'><strong>portam</strong></span> <span class='ocrx_word' id='word_1_486' title='bbox 2353 3265 2535 3321; x_wconf 83' lang='lat' dir='ltr'><strong>passus</strong></span> <span class='ocrx_word' id='word_1_487' title='bbox 2579 3262 2672 3305; x_wconf 85' lang='lat' dir='ltr'><strong>est.</strong></span> <span class='ocrx_word' id='word_1_488' title='bbox 2702 3253 2853 3308; x_wconf 86' lang='lat' dir='ltr'><strong>Sicut</strong></span> <span class='ocrx_word' id='word_1_489' title='bbox 2900 3253 3037 3308; x_wconf 86' lang='lat' dir='ltr'><strong>liber</strong></span> <span class='ocrx_word' id='word_1_490' title='bbox 3063 3255 3470 3325; x_wconf 83' lang='lat' dir='ltr'><strong>Evangeliorum</strong></span> 
     </span>
    </p>
   </div>
   <div class='ocr_carea' id='block_1_64' title="bbox 214 3365 1790 3440">
    <p class='ocr_par' dir='ltr' id='par_1_64' title="bbox 214 3365 1790 3440">
     <span class='ocr_line' id='line_1_64' title="bbox 214 3365 1790 3440; baseline -0.005 -13"><span class='ocrx_word' id='word_1_491' title='bbox 214 3371 368 3427; x_wconf 87' lang='lat' dir='ltr'><strong>sione</strong></span> <span class='ocrx_word' id='word_1_492' title='bbox 389 3369 483 3425; x_wconf 88' lang='lat' dir='ltr'><strong>filii</strong></span> <span class='ocrx_word' id='word_1_493' title='bbox 507 3369 714 3440; x_wconf 81' lang='lat' dir='ltr'><strong>prodigi</strong></span> <span class='ocrx_word' id='word_1_494' title='bbox 736 3367 1069 3434; x_wconf 87' lang='lat' dir='ltr'><strong>immolavit;</strong></span> <span class='ocrx_word' id='word_1_495' title='bbox 1102 3367 1215 3439; x_wconf 89' lang='lat' dir='ltr'><strong>ipse</strong></span> <span class='ocrx_word' id='word_1_496' title='bbox 1238 3376 1291 3423; x_wconf 91' lang='lat' dir='ltr'><strong>et</strong></span> <span class='ocrx_word' id='word_1_497' title='bbox 1318 3365 1517 3433; x_wconf 90' lang='lat' dir='ltr'><strong>hircus,</strong></span> <span class='ocrx_word' id='word_1_498' title='bbox 1540 3365 1790 3436; x_wconf 90' lang='lat' dir='ltr'><strong>quoniam</strong></span> 
     </span>
    </p>
   </div>
   <div class='ocr_carea' id='block_1_65' title="bbox 214 3456 1790 3534">
    <p class='ocr_par' dir='ltr' id='par_1_65' title="bbox 214 3456 1790 3534">
     <span class='ocr_line' id='line_1_65' title="bbox 214 3456 1790 3534; baseline -0.003 -19"><span class='ocrx_word' id='word_1_499' title='bbox 214 3477 314 3534; x_wconf 90' lang='lat' dir='ltr'><strong>pro</strong></span> <span class='ocrx_word' id='word_1_500' title='bbox 342 3461 711 3534; x_wconf 87' lang='lat' dir='ltr'><strong>peccatoribus</strong></span> <span class='ocrx_word' id='word_1_501' title='bbox 750 3460 961 3516; x_wconf 89' lang='lat' dir='ltr'><strong>oblatus</strong></span> <span class='ocrx_word' id='word_1_502' title='bbox 1000 3468 1100 3517; x_wconf 90' lang='lat' dir='ltr'><strong>est.</strong></span> <span class='ocrx_word' id='word_1_503' title='bbox 1134 3457 1373 3516; x_wconf 81' lang='lat' dir='ltr'><strong>Pontifex</strong></span> <span class='ocrx_word' id='word_1_504' title='bbox 1424 3471 1633 3528; x_wconf 85' lang='lat' dir='ltr'><strong>quoque</strong></span> <span class='ocrx_word' id='word_1_505' title='bbox 1662 3456 1751 3512; x_wconf 75' lang='lat' dir='ltr'><strong>ille</strong></span> <span class='ocrx_word' id='word_1_506' title='bbox 1774 3495 1790 3524; x_wconf 90' lang='lat'><strong>,</strong></span> 
     </span>
    </p>
   </div>
   <div class='ocr_carea' id='block_1_66' title="bbox 214 3544 1794 3621">
    <p class='ocr_par' dir='ltr' id='par_1_66' title="bbox 214 3544 1794 3621">
     <span class='ocr_line' id='line_1_66' title="bbox 214 3544 1794 3621; baseline -0.003 -18"><span class='ocrx_word' id='word_1_507' title='bbox 214 3548 447 3619; x_wconf 87' lang='lat' dir='ltr'><strong>quicum</strong></span> <span class='ocrx_word' id='word_1_508' title='bbox 471 3549 730 3621; x_wconf 86' lang='lat' dir='ltr'><strong>sanguine</strong></span> <span class='ocrx_word' id='word_1_509' title='bbox 748 3547 963 3605; x_wconf 91' lang='lat' dir='ltr'><strong>illorum</strong></span> <span class='ocrx_word' id='word_1_510' title='bbox 991 3547 1301 3603; x_wconf 89' lang='lat' dir='ltr'><strong>animalium</strong></span> <span class='ocrx_word' id='word_1_511' title='bbox 1330 3545 1561 3601; x_wconf 89' lang='lat' dir='ltr'><strong>intrabat</strong></span> <span class='ocrx_word' id='word_1_512' title='bbox 1582 3544 1635 3600; x_wconf 92' lang='lat' dir='ltr'><strong>in</strong></span> <span class='ocrx_word' id='word_1_513' title='bbox 1659 3546 1794 3601; x_wconf 88' lang='lat' dir='ltr'><strong>San-</strong></span> 
     </span>
    </p>
   </div>
   <div class='ocr_carea' id='block_1_67' title="bbox 215 3636 1792 3711">
    <p class='ocr_par' dir='ltr' id='par_1_67' title="bbox 215 3636 1792 3711">
     <span class='ocr_line' id='line_1_67' title="bbox 215 3636 1792 3711; baseline -0.004 -15"><span class='ocrx_word' id='word_1_514' title='bbox 215 3648 301 3696; x_wconf 89' lang='lat' dir='ltr'><strong>cta</strong></span> <span class='ocrx_word' id='word_1_515' title='bbox 326 3650 656 3707; x_wconf 82' lang='lat' dir='ltr'><strong>sanctorum,</strong></span> <span class='ocrx_word' id='word_1_516' title='bbox 696 3648 943 3696; x_wconf 86' lang='lat' dir='ltr'><strong>oraturus</strong></span> <span class='ocrx_word' id='word_1_517' title='bbox 970 3653 1069 3710; x_wconf 92' lang='lat' dir='ltr'><strong>pro</strong></span> <span class='ocrx_word' id='word_1_518' title='bbox 1097 3639 1316 3711; x_wconf 86' lang='lat' dir='ltr'><strong>populo,</strong></span> <span class='ocrx_word' id='word_1_519' title='bbox 1348 3648 1529 3709; x_wconf 80' lang='lat' dir='ltr'><strong>typum</strong></span> <span class='ocrx_word' id='word_1_520' title='bbox 1574 3636 1792 3707; x_wconf 86' lang='lat' dir='ltr'><strong>gerebat</strong></span> 
     </span>
    </p>
   </div>
   <div class='ocr_carea' id='block_1_68' title="bbox 215 3729 1791 3805">
    <p class='ocr_par' dir='ltr' id='par_1_68' title="bbox 215 3729 1791 3805">
     <span class='ocr_line' id='line_1_68' title="bbox 215 3729 1791 3805; baseline -0.003 -17"><span class='ocrx_word' id='word_1_521' title='bbox 215 3733 369 3789; x_wconf 67' lang='lat' dir='ltr'><strong>istius</strong></span> <span class='ocrx_word' id='word_1_522' title='bbox 395 3734 506 3791; x_wconf 84' lang='lat' dir='ltr'><strong>veri</strong></span> <span class='ocrx_word' id='word_1_523' title='bbox 545 3734 813 3805; x_wconf 81' lang='lat' dir='ltr'><strong>pontificis</strong></span> <span class='ocrx_word' id='word_1_524' title='bbox 840 3734 929 3805; x_wconf 90' lang='lat' dir='ltr'><strong>qui</strong></span> <span class='ocrx_word' id='word_1_525' title='bbox 954 3747 1074 3788; x_wconf 92' lang='lat' dir='ltr'><strong>cum</strong></span> <span class='ocrx_word' id='word_1_526' title='bbox 1097 3732 1355 3801; x_wconf 85' lang='lat' dir='ltr'><strong>sanguine</strong></span> <span class='ocrx_word' id='word_1_527' title='bbox 1396 3729 1658 3801; x_wconf 84' lang='lat' dir='ltr'><strong>passionis</strong></span> <span class='ocrx_word' id='word_1_528' title='bbox 1680 3743 1791 3784; x_wconf 74' lang='lat' dir='ltr'><strong>sua:</strong></span> 
     </span>
    </p>
   </div>
   <div class='ocr_carea' id='block_1_69' title="bbox 212 3823 1792 3897">
    <p class='ocr_par' dir='ltr' id='par_1_69' title="bbox 212 3823 1792 3897">
     <span class='ocr_line' id='line_1_69' title="bbox 212 3823 1792 3897; baseline -0.003 -17"><span class='ocrx_word' id='word_1_529' title='bbox 212 3825 469 3881; x_wconf 88' lang='lat' dir='ltr'><strong>interiora</strong></span> <span class='ocrx_word' id='word_1_530' title='bbox 498 3826 685 3896; x_wconf 69' lang='lat' dir='ltr'><strong>patria:</strong></span> <span class='ocrx_word' id='word_1_531' title='bbox 710 3826 945 3882; x_wconf 77' lang='lat' dir='ltr'><strong>ccelestis</strong></span> <span class='ocrx_word' id='word_1_532' title='bbox 976 3825 1293 3897; x_wconf 87' lang='lat' dir='ltr'><strong>penetravit,</strong></span> <span class='ocrx_word' id='word_1_533' title='bbox 1324 3831 1569 3879; x_wconf 92' lang='lat' dir='ltr'><strong>oraturus</strong></span> <span class='ocrx_word' id='word_1_534' title='bbox 1598 3838 1694 3894; x_wconf 90' lang='lat' dir='ltr'><strong>pro</strong></span> <span class='ocrx_word' id='word_1_535' title='bbox 1733 3823 1792 3876; x_wconf 86' lang='lat' dir='ltr'><strong>fi-</strong></span> 
     </span>
    </p>
   </div>
   <div class='ocr_carea' id='block_1_70' title="bbox 213 3913 1787 3982">
    <p class='ocr_par' dir='ltr' id='par_1_70' title="bbox 213 3913 1787 3982">
     <span class='ocr_line' id='line_1_70' title="bbox 213 3913 1787 3982; baseline -0.003 -10"><span class='ocrx_word' id='word_1_536' title='bbox 213 3913 423 3972; x_wconf 88' lang='lat' dir='ltr'><strong>delibus</strong></span> <span class='ocrx_word' id='word_1_537' title='bbox 445 3915 578 3971; x_wconf 88' lang='lat' dir='ltr'><strong>suis.</strong></span> <span class='ocrx_word' id='word_1_538' title='bbox 612 3916 1025 3972; x_wconf 86' lang='lat' dir='ltr'><strong>immolabantur</strong></span> <span class='ocrx_word' id='word_1_539' title='bbox 1049 3916 1139 3971; x_wconf 90' lang='lat' dir='ltr'><strong>illa</strong></span> <span class='ocrx_word' id='word_1_540' title='bbox 1161 3915 1405 3972; x_wconf 89' lang='lat' dir='ltr'><strong>animalia</strong></span> <span class='ocrx_word' id='word_1_541' title='bbox 1425 3916 1562 3971; x_wconf 92' lang='lat' dir='ltr'><strong>intra</strong></span> <span class='ocrx_word' id='word_1_542' title='bbox 1592 3921 1787 3982; x_wconf 87' lang='lat' dir='ltr'><strong>castra,</strong></span> 
     </span>
    </p>
   </div>
   <div class='ocr_carea' id='block_1_71' title="bbox 214 4007 1792 4077">
    <p class='ocr_par' dir='ltr' id='par_1_71' title="bbox 214 4007 1792 4077">
     <span class='ocr_line' id='line_1_71' title="bbox 214 4007 1792 4077; baseline -0.001 -14"><span class='ocrx_word' id='word_1_543' title='bbox 214 4008 309 4063; x_wconf 87' lang='lat' dir='ltr'><strong>sed</strong></span> <span class='ocrx_word' id='word_1_544' title='bbox 333 4023 522 4064; x_wconf 89' lang='lat' dir='ltr'><strong>carnes</strong></span> <span class='ocrx_word' id='word_1_545' title='bbox 551 4008 761 4063; x_wconf 91' lang='lat' dir='ltr'><strong>illorum</strong></span> <span class='ocrx_word' id='word_1_546' title='bbox 788 4018 939 4063; x_wconf 80' lang='lat' dir='ltr'><strong>extra</strong></span> <span class='ocrx_word' id='word_1_547' title='bbox 967 4016 1140 4064; x_wconf 89' lang='lat' dir='ltr'><strong>castra</strong></span> <span class='ocrx_word' id='word_1_548' title='bbox 1168 4008 1639 4077; x_wconf 89' lang='lat' dir='ltr'><strong>comburebantur,</strong></span> <span class='ocrx_word' id='word_1_549' title='bbox 1670 4007 1792 4077; x_wconf 88' lang='lat' dir='ltr'><strong>quia</strong></span> 
     </span>
    </p>
   </div>
   <div class='ocr_carea' id='block_1_72' title="bbox 213 4101 1841 4173">
    <p class='ocr_par' dir='ltr' id='par_1_72' title="bbox 213 4101 1841 4173">
     <span class='ocr_line' id='line_1_72' title="bbox 213 4101 1841 4173; baseline -0.002 -16"><span class='ocrx_word' id='word_1_550' title='bbox 213 4110 269 4157; x_wconf 88' lang='lat' dir='ltr'><strong>et</strong></span> <span class='ocrx_word' id='word_1_551' title='bbox 305 4103 631 4173; x_wconf 81' lang='lat' dir='ltr'><strong>Redemptor</strong></span> <span class='ocrx_word' id='word_1_552' title='bbox 658 4110 840 4157; x_wconf 91' lang='lat' dir='ltr'><strong>noster</strong></span> <span class='ocrx_word' id='word_1_553' title='bbox 877 4101 932 4156; x_wconf 90' lang='lat' dir='ltr'><strong>in</strong></span> <span class='ocrx_word' id='word_1_554' title='bbox 961 4101 1318 4167; x_wconf 82' lang='lat' dir='ltr'><strong>Hierusalem,</strong></span> <span class='ocrx_word' id='word_1_555' title='bbox 1361 4101 1512 4167; x_wconf 85' lang='lat' dir='ltr'><strong>quasi</strong></span> <span class='ocrx_word' id='word_1_556' title='bbox 1546 4101 1682 4153; x_wconf 90' lang='lat' dir='ltr'><strong>intra</strong></span> <span class='ocrx_word' id='word_1_557' title='bbox 1705 4114 1793 4154; x_wconf 87' lang='lat' dir='ltr'><strong>ea-</strong></span> <span class='ocrx_word' id='word_1_558' title='bbox 1840 4128 1841 4131; x_wconf 58' lang='grc' dir='ltr'><strong>η</strong></span> 
     </span>
    </p>
   </div>
   <div class='ocr_carea' id='block_1_73' title="bbox 214 4191 1790 4267">
    <p class='ocr_par' dir='ltr' id='par_1_73' title="bbox 214 4191 1790 4267">
     <span class='ocr_line' id='line_1_73' title="bbox 214 4191 1790 4267; baseline -0.005 -14"><span class='ocrx_word' id='word_1_559' title='bbox 214 4204 327 4253; x_wconf 84' lang='lat' dir='ltr'><strong>stra</strong></span> <span class='ocrx_word' id='word_1_560' title='bbox 352 4198 658 4255; x_wconf 87' lang='lat' dir='ltr'><strong>immolatus</strong></span> <span class='ocrx_word' id='word_1_561' title='bbox 684 4209 787 4265; x_wconf 88' lang='lat' dir='ltr'><strong>est,</strong></span> <span class='ocrx_word' id='word_1_562' title='bbox 812 4196 1035 4253; x_wconf 90' lang='lat' dir='ltr'><strong>vocibus</strong></span> <span class='ocrx_word' id='word_1_563' title='bbox 1055 4204 1108 4252; x_wconf 93' lang='lat' dir='ltr'><strong>et</strong></span> <span class='ocrx_word' id='word_1_564' title='bbox 1127 4195 1327 4267; x_wconf 89' lang='lat' dir='ltr'><strong>judicio</strong></span> <span class='ocrx_word' id='word_1_565' title='bbox 1356 4194 1584 4249; x_wconf 88' lang='lat' dir='ltr'><strong>filiorum</strong></span> <span class='ocrx_word' id='word_1_566' title='bbox 1608 4191 1790 4260; x_wconf 84' lang='lat' dir='ltr'><strong>Israel,</strong></span> 
     </span>
    </p>
   </div>
   <div class='ocr_carea' id='block_1_74' title="bbox 215 4285 1791 4352">
    <p class='ocr_par' dir='ltr' id='par_1_74' title="bbox 215 4285 1791 4352">
     <span class='ocr_line' id='line_1_74' title="bbox 215 4285 1791 4352; baseline -0.006 -7"><span class='ocrx_word' id='word_1_567' title='bbox 215 4289 310 4345; x_wconf 87' lang='lat' dir='ltr'><strong>sed</strong></span> <span class='ocrx_word' id='word_1_568' title='bbox 340 4304 530 4347; x_wconf 88' lang='lat' dir='ltr'><strong>carnes</strong></span> <span class='ocrx_word' id='word_1_569' title='bbox 570 4289 784 4345; x_wconf 90' lang='lat' dir='ltr'><strong>illorum</strong></span> <span class='ocrx_word' id='word_1_570' title='bbox 811 4297 959 4345; x_wconf 81' lang='lat' dir='ltr'><strong>extra</strong></span> <span class='ocrx_word' id='word_1_571' title='bbox 986 4286 1339 4352; x_wconf 80' lang='lat' dir='ltr'><strong>Hierusalem,</strong></span> <span class='ocrx_word' id='word_1_572' title='bbox 1370 4285 1421 4340; x_wconf 88' lang='lat' dir='ltr'><strong>in</strong></span> <span class='ocrx_word' id='word_1_573' title='bbox 1449 4298 1609 4341; x_wconf 91' lang='lat' dir='ltr'><strong>cruce</strong></span> <span class='ocrx_word' id='word_1_574' title='bbox 1647 4297 1791 4339; x_wconf 89' lang='lat' dir='ltr'><strong>com-</strong></span> 
     </span>
    </p>
   </div>
   <div class='ocr_carea' id='block_1_75' title="bbox 215 4374 1795 4451">
    <p class='ocr_par' dir='ltr' id='par_1_75' title="bbox 215 4374 1795 4451">
     <span class='ocr_line' id='line_1_75' title="bbox 215 4374 1795 4451; baseline -0.006 -15"><span class='ocrx_word' id='word_1_575' title='bbox 215 4379 386 4436; x_wconf 62' lang='lat' dir='ltr'><strong>busta</strong></span> <span class='ocrx_word' id='word_1_576' title='bbox 411 4388 538 4436; x_wconf 88' lang='lat' dir='ltr'><strong>sunt</strong></span> <span class='ocrx_word' id='word_1_577' title='bbox 575 4381 697 4451; x_wconf 88' lang='lat' dir='ltr'><strong>igne</strong></span> <span class='ocrx_word' id='word_1_578' title='bbox 725 4378 1008 4448; x_wconf 83' lang='lat' dir='ltr'><strong>passionis,</strong></span> <span class='ocrx_word' id='word_1_579' title='bbox 1050 4378 1262 4447; x_wconf 91' lang='lat' dir='ltr'><strong>quando</strong></span> <span class='ocrx_word' id='word_1_580' title='bbox 1290 4377 1431 4431; x_wconf 90' lang='lat' dir='ltr'><strong>enim</strong></span> <span class='ocrx_word' id='word_1_581' title='bbox 1461 4374 1795 4443; x_wconf 88' lang='lat' dir='ltr'><strong>adjudicatus</strong></span> 
     </span>
    </p>
   </div>
   <div class='ocr_carea' id='block_1_76' title="bbox 219 4466 1798 4539">
    <p class='ocr_par' dir='ltr' id='par_1_76' title="bbox 219 4466 1798 4539">
     <span class='ocr_line' id='line_1_76' title="bbox 219 4466 1798 4539; baseline -0.004 -12"><span class='ocrx_word' id='word_1_582' title='bbox 219 4482 300 4527; x_wconf 91' lang='lat' dir='ltr'><strong>est</strong></span> <span class='ocrx_word' id='word_1_583' title='bbox 320 4472 503 4539; x_wconf 90' lang='lat' dir='ltr'><strong>morti,</strong></span> <span class='ocrx_word' id='word_1_584' title='bbox 530 4470 883 4526; x_wconf 86' lang='lat' dir='ltr'><strong>clamantibus</strong></span> <span class='ocrx_word' id='word_1_585' title='bbox 902 4468 1103 4525; x_wconf 83' lang='lat' dir='ltr'><strong>Judaeis</strong></span> <span class='ocrx_word' id='word_1_586' title='bbox 1125 4486 1139 4521; x_wconf 90' lang='lat'><strong>:</strong></span> <span class='ocrx_word' id='word_1_587' title='bbox 1163 4469 1307 4523; x_wconf 81' lang='lat' dir='ltr'><strong>Reus</strong></span> <span class='ocrx_word' id='word_1_588' title='bbox 1335 4475 1417 4523; x_wconf 86' lang='lat' dir='ltr'><strong>est</strong></span> <span class='ocrx_word' id='word_1_589' title='bbox 1438 4466 1644 4531; x_wconf 89' lang='lat' dir='ltr'><strong>mortis,</strong></span> <span class='ocrx_word' id='word_1_590' title='bbox 1676 4480 1798 4521; x_wconf 87' lang='lat' dir='ltr'><strong>cru-</strong></span> 
     </span>
    </p>
   </div>
   <div class='ocr_carea' id='block_1_77' title="bbox 220 4557 1797 4633">
    <p class='ocr_par' dir='ltr' id='par_1_77' title="bbox 220 4557 1797 4633">
     <span class='ocr_line' id='line_1_77' title="bbox 220 4557 1797 4633; baseline -0.004 -14"><span class='ocrx_word' id='word_1_591' title='bbox 220 4563 395 4633; x_wconf 88' lang='lat' dir='ltr'><strong>cifige,</strong></span> <span class='ocrx_word' id='word_1_592' title='bbox 436 4562 687 4633; x_wconf 83' lang='lat' dir='ltr'><strong>crucifige</strong></span> <span class='ocrx_word' id='word_1_593' title='bbox 715 4577 861 4629; x_wconf 90' lang='lat' dir='ltr'><strong>eum,</strong></span> <span class='ocrx_word' id='word_1_594' title='bbox 890 4561 1303 4633; x_wconf 89' lang='lat' dir='ltr'><strong>quodammodo,</strong></span> <span class='ocrx_word' id='word_1_595' title='bbox 1349 4569 1604 4630; x_wconf 85' lang='lat' dir='ltr'><strong>quantum</strong></span> <span class='ocrx_word' id='word_1_596' title='bbox 1635 4557 1698 4613; x_wconf 88' lang='lat' dir='ltr'><strong>ad</strong></span> <span class='ocrx_word' id='word_1_597' title='bbox 1730 4557 1797 4613; x_wconf 87' lang='lat' dir='ltr'><strong>il-</strong></span> 
     </span>
    </p>
   </div>
   <div class='ocr_carea' id='block_1_78' title="bbox 1898 3343 3478 3417">
    <p class='ocr_par' dir='ltr' id='par_1_78' title="bbox 1898 3343 3478 3417">
     <span class='ocr_line' id='line_1_78' title="bbox 1898 3343 3478 3417; baseline 0.002 -16"><span class='ocrx_word' id='word_1_598' title='bbox 1898 3352 2144 3410; x_wconf 86' lang='lat' dir='ltr'><strong>testatur,</strong></span> <span class='ocrx_word' id='word_1_599' title='bbox 2176 3343 2434 3400; x_wconf 88' lang='lat' dir='ltr'><strong>Dominus</strong></span> <span class='ocrx_word' id='word_1_600' title='bbox 2473 3351 2622 3399; x_wconf 86' lang='lat' dir='ltr'><strong>extra</strong></span> <span class='ocrx_word' id='word_1_601' title='bbox 2667 3352 2879 3414; x_wconf 88' lang='lat' dir='ltr'><strong>portam</strong></span> <span class='ocrx_word' id='word_1_602' title='bbox 2922 3345 3255 3403; x_wconf 82' lang='lat' dir='ltr'><strong>Hierusalem</strong></span> <span class='ocrx_word' id='word_1_603' title='bbox 3285 3362 3478 3417; x_wconf 88' lang='lat' dir='ltr'><strong>passus</strong></span> 
     </span>
    </p>
   </div>
   <div class='ocr_carea' id='block_1_79' title="bbox 1896 3426 3571 3507">
    <p class='ocr_par' dir='ltr' id='par_1_79' title="bbox 1896 3426 3571 3507">
     <span class='ocr_line' id='line_1_79' title="bbox 1896 3426 3571 3507; baseline 0.005 -15"><span class='ocrx_word' id='word_1_604' title='bbox 1896 3443 1980 3492; x_wconf 89' lang='lat' dir='ltr'><strong>est</strong></span> <span class='ocrx_word' id='word_1_605' title='bbox 2010 3436 2062 3490; x_wconf 90' lang='lat' dir='ltr'><strong>in</strong></span> <span class='ocrx_word' id='word_1_606' title='bbox 2108 3435 2229 3492; x_wconf 90' lang='lat' dir='ltr'><strong>loco</strong></span> <span class='ocrx_word' id='word_1_607' title='bbox 2273 3436 2684 3505; x_wconf 87' lang='lat' dir='ltr'><strong>decollatorum,</strong></span> <span class='ocrx_word' id='word_1_608' title='bbox 2725 3439 2816 3507; x_wconf 90' lang='lat' dir='ltr'><strong>qui</strong></span> <span class='ocrx_word' id='word_1_609' title='bbox 2860 3440 3151 3497; x_wconf 80' lang='lat' dir='ltr'><strong>vocabatur</strong></span> <span class='ocrx_word' id='word_1_610' title='bbox 3204 3442 3473 3499; x_wconf 87' lang='lat' dir='ltr'><strong>Calvaria.</strong></span> <span class='ocrx_word' id='word_1_611' title='bbox 3568 3426 3571 3431; x_wconf 47' lang='grc'><em>’</em></span> 
     </span>
    </p>
   </div>
   <div class='ocr_carea' id='block_1_80' title="bbox 1898 3524 3474 3601">
    <p class='ocr_par' dir='ltr' id='par_1_80' title="bbox 1898 3524 3474 3601">
     <span class='ocr_line' id='line_1_80' title="bbox 1898 3524 3474 3601; baseline 0.006 -19"><span class='ocrx_word' id='word_1_612' title='bbox 1898 3524 1969 3582; x_wconf 87' lang='lat' dir='ltr'><strong>Ut</strong></span> <span class='ocrx_word' id='word_1_613' title='bbox 2012 3540 2139 3596; x_wconf 88' lang='lat' dir='ltr'><strong>ergo</strong></span> <span class='ocrx_word' id='word_1_614' title='bbox 2164 3525 2424 3583; x_wconf 84' lang='lat' dir='ltr'><strong>Dominus</strong></span> <span class='ocrx_word' id='word_1_615' title='bbox 2472 3528 2716 3584; x_wconf 87' lang='lat' dir='ltr'><strong>umbram</strong></span> <span class='ocrx_word' id='word_1_616' title='bbox 2742 3538 2797 3586; x_wconf 91' lang='lat' dir='ltr'><strong>et</strong></span> <span class='ocrx_word' id='word_1_617' title='bbox 2843 3531 3063 3601; x_wconf 79' lang='lat' dir='ltr'><strong>figuram</strong></span> <span class='ocrx_word' id='word_1_618' title='bbox 3109 3533 3166 3589; x_wconf 92' lang='lat' dir='ltr'><strong>in</strong></span> <span class='ocrx_word' id='word_1_619' title='bbox 3197 3534 3474 3591; x_wconf 84' lang='lat' dir='ltr'><strong>veritatem</strong></span> 
     </span>
    </p>
   </div>
   <div class='ocr_carea' id='block_1_81' title="bbox 1895 3618 3478 3696">
    <p class='ocr_par' dir='ltr' id='par_1_81' title="bbox 1895 3618 3478 3696">
     <span class='ocr_line' id='line_1_81' title="bbox 1895 3618 3478 3696; baseline 0.006 -24"><span class='ocrx_word' id='word_1_620' title='bbox 1895 3625 2259 3684; x_wconf 88' lang='lat' dir='ltr'><strong>converteret,</strong></span> <span class='ocrx_word' id='word_1_621' title='bbox 2290 3632 2410 3687; x_wconf 76' lang='lat' dir='ltr'><strong>qua:</strong></span> <span class='ocrx_word' id='word_1_622' title='bbox 2434 3618 2502 3674; x_wconf 92' lang='lat' dir='ltr'><strong>de</strong></span> <span class='ocrx_word' id='word_1_623' title='bbox 2538 3633 2601 3675; x_wconf 90' lang='lat' dir='ltr'><strong>se</strong></span> <span class='ocrx_word' id='word_1_624' title='bbox 2632 3619 2850 3691; x_wconf 73' lang='lat' dir='ltr'><strong>suisque</strong></span> <span class='ocrx_word' id='word_1_625' title='bbox 2879 3622 3137 3679; x_wconf 89' lang='lat' dir='ltr'><strong>membris</strong></span> <span class='ocrx_word' id='word_1_626' title='bbox 3164 3626 3478 3696; x_wconf 63' lang='lat' dir='ltr'><strong>praefigura-</strong></span> 
     </span>
    </p>
   </div>
   <div class='ocr_carea' id='block_1_82' title="bbox 1896 3709 3480 3786">
    <p class='ocr_par' dir='ltr' id='par_1_82' title="bbox 1896 3709 3480 3786">
     <span class='ocr_line' id='line_1_82' title="bbox 1896 3709 3480 3786; baseline 0.006 -21"><span class='ocrx_word' id='word_1_627' title='bbox 1896 3709 2075 3776; x_wconf 87' lang='lat' dir='ltr'><strong>batur,</strong></span> <span class='ocrx_word' id='word_1_628' title='bbox 2108 3724 2314 3780; x_wconf 87' lang='lat' dir='ltr'><strong>suoque</strong></span> <span class='ocrx_word' id='word_1_629' title='bbox 2352 3712 2613 3781; x_wconf 86' lang='lat' dir='ltr'><strong>sanguine</strong></span> <span class='ocrx_word' id='word_1_630' title='bbox 2648 3713 2975 3782; x_wconf 84' lang='lat' dir='ltr'><strong>redimeret,</strong></span> <span class='ocrx_word' id='word_1_631' title='bbox 3005 3726 3165 3786; x_wconf 89' lang='lat' dir='ltr'><strong>atque</strong></span> <span class='ocrx_word' id='word_1_632' title='bbox 3193 3719 3480 3775; x_wconf 86' lang='lat' dir='ltr'><strong>mundaret</strong></span> 
     </span>
    </p>
   </div>
   <div class='ocr_carea' id='block_1_83' title="bbox 1895 3802 3480 3881">
    <p class='ocr_par' dir='ltr' id='par_1_83' title="bbox 1895 3802 3480 3881">
     <span class='ocr_line' id='line_1_83' title="bbox 1895 3802 3480 3881; baseline 0.007 -24"><span class='ocrx_word' id='word_1_633' title='bbox 1895 3802 2149 3872; x_wconf 85' lang='lat' dir='ltr'><strong>populum</strong></span> <span class='ocrx_word' id='word_1_634' title='bbox 2181 3802 2236 3859; x_wconf 92' lang='lat' dir='ltr'><strong>in</strong></span> <span class='ocrx_word' id='word_1_635' title='bbox 2264 3817 2326 3859; x_wconf 90' lang='lat' dir='ltr'><strong>se</strong></span> <span class='ocrx_word' id='word_1_636' title='bbox 2355 3803 2690 3871; x_wconf 86' lang='lat' dir='ltr'><strong>credentem,</strong></span> <span class='ocrx_word' id='word_1_637' title='bbox 2733 3814 2885 3862; x_wconf 84' lang='lat' dir='ltr'><strong>extra</strong></span> <span class='ocrx_word' id='word_1_638' title='bbox 2924 3806 3256 3867; x_wconf 79' lang='lat' dir='ltr'><strong>Hierusalem</strong></span> <span class='ocrx_word' id='word_1_639' title='bbox 3286 3816 3480 3881; x_wconf 85' lang='lat' dir='ltr'><strong>passus</strong></span> 
     </span>
    </p>
   </div>
   <div class='ocr_carea' id='block_1_84' title="bbox 1895 3893 3479 3973">
    <p class='ocr_par' dir='ltr' id='par_1_84' title="bbox 1895 3893 3479 3973">
     <span class='ocr_line' id='line_1_84' title="bbox 1895 3893 3479 3973; baseline 0.006 -22"><span class='ocrx_word' id='word_1_640' title='bbox 1895 3905 1997 3951; x_wconf 88' lang='lat' dir='ltr'><strong>est.</strong></span> <span class='ocrx_word' id='word_1_641' title='bbox 2025 3893 2285 3951; x_wconf 76' lang='lat' dir='ltr'><strong>Exeamus</strong></span> <span class='ocrx_word' id='word_1_642' title='bbox 2318 3896 2477 3967; x_wconf 88' lang='lat' dir='ltr'><strong>igitur</strong></span> <span class='ocrx_word' id='word_1_643' title='bbox 2507 3898 2575 3952; x_wconf 84' lang='lat' dir='ltr'><strong>ad</strong></span> <span class='ocrx_word' id='word_1_644' title='bbox 2598 3913 2715 3953; x_wconf 85' lang='lat' dir='ltr'><strong>eum</strong></span> <span class='ocrx_word' id='word_1_645' title='bbox 2734 3907 2880 3954; x_wconf 72' lang='lat' dir='ltr'><strong>extra</strong></span> <span class='ocrx_word' id='word_1_646' title='bbox 2900 3910 3090 3969; x_wconf 82' lang='lat' dir='ltr'><strong>castra,</strong></span> <span class='ocrx_word' id='word_1_647' title='bbox 3114 3903 3479 3973; x_wconf 77' lang='lat' dir='ltr'><strong>improperiuns</strong></span> 
     </span>
    </p>
   </div>
   <div class='ocr_carea' id='block_1_85' title="bbox 1894 3990 3481 4067">
    <p class='ocr_par' dir='ltr' id='par_1_85' title="bbox 1894 3990 3481 4067">
     <span class='ocr_line' id='line_1_85' title="bbox 1894 3990 3481 4067; baseline 0.006 -24"><span class='ocrx_word' id='word_1_648' title='bbox 1894 3992 2009 4059; x_wconf 81' lang='lat' dir='ltr'><strong>ejus</strong></span> <span class='ocrx_word' id='word_1_649' title='bbox 2046 3999 2330 4060; x_wconf 72' lang='lat' dir='ltr'><strong>portantes.</strong></span> <span class='ocrx_word' id='word_1_650' title='bbox 2360 3990 2496 4057; x_wconf 83' lang='lat' dir='ltr'><strong>Quia</strong></span> <span class='ocrx_word' id='word_1_651' title='bbox 2524 4006 2654 4061; x_wconf 81' lang='lat' dir='ltr'><strong>ergo</strong></span> <span class='ocrx_word' id='word_1_652' title='bbox 2681 3992 2940 4049; x_wconf 89' lang='lat' dir='ltr'><strong>Dominus</strong></span> <span class='ocrx_word' id='word_1_653' title='bbox 2977 4008 3076 4064; x_wconf 90' lang='lat' dir='ltr'><strong>pro</strong></span> <span class='ocrx_word' id='word_1_654' title='bbox 3104 3996 3259 4051; x_wconf 90' lang='lat' dir='ltr'><strong>nobis</strong></span> <span class='ocrx_word' id='word_1_655' title='bbox 3289 4011 3481 4067; x_wconf 82' lang='lat' dir='ltr'><strong>passus</strong></span> 
     </span>
    </p>
   </div>
   <div class='ocr_carea' id='block_1_86' title="bbox 1895 4080 3477 4153">
    <p class='ocr_par' dir='ltr' id='par_1_86' title="bbox 1895 4080 3477 4153">
     <span class='ocr_line' id='line_1_86' title="bbox 1895 4080 3477 4153; baseline 0.006 -17"><span class='ocrx_word' id='word_1_656' title='bbox 1895 4090 2000 4146; x_wconf 89' lang='lat' dir='ltr'><strong>est,</strong></span> <span class='ocrx_word' id='word_1_657' title='bbox 2044 4080 2288 4137; x_wconf 89' lang='lat' dir='ltr'><strong>hortatur</strong></span> <span class='ocrx_word' id='word_1_658' title='bbox 2315 4083 2606 4150; x_wconf 85' lang='lat' dir='ltr'><strong>Apostolus</strong></span> <span class='ocrx_word' id='word_1_659' title='bbox 2646 4091 2704 4139; x_wconf 88' lang='lat' dir='ltr'><strong>ut</strong></span> <span class='ocrx_word' id='word_1_660' title='bbox 2745 4084 3020 4142; x_wconf 88' lang='lat' dir='ltr'><strong>imitemur</strong></span> <span class='ocrx_word' id='word_1_661' title='bbox 3047 4085 3218 4153; x_wconf 92' lang='lat' dir='ltr'><strong>illum,</strong></span> <span class='ocrx_word' id='word_1_662' title='bbox 3249 4088 3436 4145; x_wconf 89' lang='lat' dir='ltr'><strong>dicens</strong></span> <span class='ocrx_word' id='word_1_663' title='bbox 3457 4107 3477 4145; x_wconf 90' lang='lat'><strong>:</strong></span> 
     </span>
    </p>
   </div>
   <div class='ocr_carea' id='block_1_87' title="bbox 1895 4171 3481 4245">
    <p class='ocr_par' dir='ltr' id='par_1_87' title="bbox 1895 4171 3481 4245">
     <span class='ocr_line' id='line_1_87' title="bbox 1895 4171 3481 4245; baseline 0.006 -18"><span class='ocrx_word' id='word_1_664' title='bbox 1895 4171 2062 4242; x_wconf 87' lang='lat' dir='ltr'><strong>Igitur</strong></span> <span class='ocrx_word' id='word_1_665' title='bbox 2089 4172 2212 4242; x_wconf 89' lang='lat' dir='ltr'><strong>quia</strong></span> <span class='ocrx_word' id='word_1_666' title='bbox 2244 4172 2357 4241; x_wconf 89' lang='lat' dir='ltr'><strong>ipse</strong></span> <span class='ocrx_word' id='word_1_667' title='bbox 2386 4184 2539 4228; x_wconf 87' lang='lat' dir='ltr'><strong>extra</strong></span> <span class='ocrx_word' id='word_1_668' title='bbox 2567 4184 2744 4230; x_wconf 89' lang='lat' dir='ltr'><strong>castra</strong></span> <span class='ocrx_word' id='word_1_669' title='bbox 2780 4188 2971 4245; x_wconf 86' lang='lat' dir='ltr'><strong>passus</strong></span> <span class='ocrx_word' id='word_1_670' title='bbox 2998 4184 3101 4244; x_wconf 89' lang='lat' dir='ltr'><strong>est,</strong></span> <span class='ocrx_word' id='word_1_671' title='bbox 3130 4186 3191 4233; x_wconf 91' lang='lat' dir='ltr'><strong>ut</strong></span> <span class='ocrx_word' id='word_1_672' title='bbox 3226 4193 3324 4235; x_wconf 88' lang='lat' dir='ltr'><strong>nos</strong></span> <span class='ocrx_word' id='word_1_673' title='bbox 3353 4194 3481 4236; x_wconf 85' lang='lat' dir='ltr'><strong>san-</strong></span> 
     </span>
    </p>
   </div>
   <div class='ocr_carea' id='block_1_88' title="bbox 1896 4264 3480 4335">
    <p class='ocr_par' dir='ltr' id='par_1_88' title="bbox 1896 4264 3480 4335">
     <span class='ocr_line' id='line_1_88' title="bbox 1896 4264 3480 4335; baseline 0.006 -17"><span class='ocrx_word' id='word_1_674' title='bbox 1896 4264 2178 4333; x_wconf 86' lang='lat' dir='ltr'><strong>etificaret,</strong></span> <span class='ocrx_word' id='word_1_675' title='bbox 2205 4265 2545 4335; x_wconf 84' lang='lat' dir='ltr'><strong>egrediamur</strong></span> <span class='ocrx_word' id='word_1_676' title='bbox 2576 4264 2645 4322; x_wconf 87' lang='lat' dir='ltr'><strong>ad</strong></span> <span class='ocrx_word' id='word_1_677' title='bbox 2682 4279 2806 4322; x_wconf 89' lang='lat' dir='ltr'><strong>eum</strong></span> <span class='ocrx_word' id='word_1_678' title='bbox 2831 4276 2986 4322; x_wconf 88' lang='lat' dir='ltr'><strong>extra</strong></span> <span class='ocrx_word' id='word_1_679' title='bbox 3010 4270 3480 4327; x_wconf 88' lang='lat' dir='ltr'><strong>conversationem</strong></span> 
     </span>
    </p>
   </div>
   <div class='ocr_carea' id='block_1_89' title="bbox 1896 4356 3479 4425">
    <p class='ocr_par' dir='ltr' id='par_1_89' title="bbox 1896 4356 3479 4425">
     <span class='ocr_line' id='line_1_89' title="bbox 1896 4356 3479 4425; baseline 0.004 -15"><span class='ocrx_word' id='word_1_680' title='bbox 1896 4356 2192 4412; x_wconf 88' lang='lat' dir='ltr'><strong>carnalium</strong></span> <span class='ocrx_word' id='word_1_681' title='bbox 2223 4357 2499 4413; x_wconf 86' lang='lat' dir='ltr'><strong>hominum</strong></span> <span class='ocrx_word' id='word_1_682' title='bbox 2522 4395 2538 4425; x_wconf 93' lang='lat'><strong>,</strong></span> <span class='ocrx_word' id='word_1_683' title='bbox 2590 4358 2978 4415; x_wconf 81' lang='lat' dir='ltr'><strong>mortificaan</strong></span> <span class='ocrx_word' id='word_1_684' title='bbox 3024 4360 3265 4416; x_wconf 82' lang='lat' dir='ltr'><strong>membra</strong></span> <span class='ocrx_word' id='word_1_685' title='bbox 3294 4369 3479 4416; x_wconf 87' lang='lat' dir='ltr'><strong>nostra</strong></span> 
     </span>
    </p>
   </div>
   <div class='ocr_carea' id='block_1_90' title="bbox 1895 4447 3478 4522">
    <p class='ocr_par' dir='ltr' id='par_1_90' title="bbox 1895 4447 3478 4522">
     <span class='ocr_line' id='line_1_90' title="bbox 1895 4447 3478 4522; baseline 0.003 -19"><span class='ocrx_word' id='word_1_686' title='bbox 1895 4460 2021 4503; x_wconf 93' lang='lat' dir='ltr'><strong>cum</strong></span> <span class='ocrx_word' id='word_1_687' title='bbox 2047 4448 2191 4503; x_wconf 87' lang='lat' dir='ltr'><strong>vitiis</strong></span> <span class='ocrx_word' id='word_1_688' title='bbox 2218 4457 2273 4505; x_wconf 90' lang='lat' dir='ltr'><strong>et</strong></span> <span class='ocrx_word' id='word_1_689' title='bbox 2300 4447 2768 4518; x_wconf 87' lang='lat' dir='ltr'><strong>concupiscentiis.</strong></span> <span class='ocrx_word' id='word_1_690' title='bbox 2812 4448 3087 4506; x_wconf 86' lang='lat' dir='ltr'><strong>Imitemur</strong></span> <span class='ocrx_word' id='word_1_691' title='bbox 3114 4458 3170 4506; x_wconf 90' lang='lat' dir='ltr'><strong>et</strong></span> <span class='ocrx_word' id='word_1_692' title='bbox 3204 4450 3320 4522; x_wconf 85' lang='lat' dir='ltr'><strong>ejus</strong></span> <span class='ocrx_word' id='word_1_693' title='bbox 3348 4464 3478 4520; x_wconf 86' lang='lat' dir='ltr'><strong>pas-</strong></span> 
     </span>
    </p>
   </div>
   <div class='ocr_carea' id='block_1_91' title="bbox 1896 4535 3479 4609">
    <p class='ocr_par' dir='ltr' id='par_1_91' title="bbox 1896 4535 3479 4609">
     <span class='ocr_line' id='line_1_91' title="bbox 1896 4535 3479 4609; baseline 0.003 -16"><span class='ocrx_word' id='word_1_694' title='bbox 1896 4536 2128 4606; x_wconf 85' lang='lat' dir='ltr'><strong>sionem,</strong></span> <span class='ocrx_word' id='word_1_695' title='bbox 2155 4535 2465 4609; x_wconf 86' lang='lat' dir='ltr'><strong>martyrium</strong></span> <span class='ocrx_word' id='word_1_696' title='bbox 2496 4552 2595 4609; x_wconf 87' lang='lat' dir='ltr'><strong>pro</strong></span> <span class='ocrx_word' id='word_1_697' title='bbox 2614 4536 2709 4594; x_wconf 91' lang='lat' dir='ltr'><strong>illo</strong></span> <span class='ocrx_word' id='word_1_698' title='bbox 2728 4540 3063 4598; x_wconf 86' lang='lat' dir='ltr'><strong>sustinendo.</strong></span> <span class='ocrx_word' id='word_1_699' title='bbox 3090 4540 3204 4599; x_wconf 80' lang='lat' dir='ltr'><strong>[loc</strong></span> <span class='ocrx_word' id='word_1_700' title='bbox 3229 4553 3311 4599; x_wconf 80' lang='lat' dir='ltr'><strong>est</strong></span> <span class='ocrx_word' id='word_1_701' title='bbox 3331 4542 3479 4600; x_wconf 85' lang='lat' dir='ltr'><strong>enim</strong></span> 
     </span>
    </p>
   </div>
   <div class='ocr_carea' id='block_1_92' title="bbox 222 4629 1810 4725">
    <p class='ocr_par' dir='ltr' id='par_1_92' title="bbox 222 4629 1793 4725">
     <span class='ocr_line' id='line_1_92' title="bbox 222 4629 1793 4725; baseline -0.003 -14"><span class='ocrx_word' id='word_1_702' title='bbox 222 4629 576 4725; x_wconf 37' lang='lat' dir='ltr'><strong>los—pertinet,</strong></span> <span class='ocrx_word' id='word_1_703' title='bbox 603 4629 920 4710; x_wconf 78' lang='lat' dir='ltr'><strong>immolatus</strong></span> <span class='ocrx_word' id='word_1_704' title='bbox 936 4662 1037 4722; x_wconf 79' lang='lat' dir='ltr'><strong>est,</strong></span> <span class='ocrx_word' id='word_1_705' title='bbox 1062 4653 1201 4725; x_wconf 91' lang='lat' dir='ltr'><strong>quod</strong></span> <span class='ocrx_word' id='word_1_706' title='bbox 1227 4652 1432 4709; x_wconf 83' lang='lat' dir='ltr'><strong>Marcus</strong></span> <span class='ocrx_word' id='word_1_707' title='bbox 1458 4649 1793 4720; x_wconf 86' lang='lat' dir='ltr'><strong>Evangelista</strong></span> 
     </span>
    </p>
   </div>
   <div class='ocr_carea' id='block_1_93' title="bbox 1897 4629 3482 4725">
    <p class='ocr_par' dir='ltr' id='par_1_93' title="bbox 1897 4629 3482 4705">
     <span class='ocr_line' id='line_1_93' title="bbox 1897 4629 3482 4705; baseline 0.003 -19"><span class='ocrx_word' id='word_1_708' title='bbox 1897 4629 2282 4699; x_wconf 86' lang='lat' dir='ltr'><strong>improperium</strong></span> <span class='ocrx_word' id='word_1_709' title='bbox 2308 4629 2449 4687; x_wconf 89' lang='lat' dir='ltr'><strong>illius</strong></span> <span class='ocrx_word' id='word_1_710' title='bbox 2475 4637 2713 4702; x_wconf 90' lang='lat' dir='ltr'><strong>portare,</strong></span> <span class='ocrx_word' id='word_1_711' title='bbox 2742 4631 2931 4689; x_wconf 87' lang='lat' dir='ltr'><strong>eadem</strong></span> <span class='ocrx_word' id='word_1_712' title='bbox 2955 4647 3080 4705; x_wconf 67' lang='lat' dir='ltr'><strong>qure</strong></span> <span class='ocrx_word' id='word_1_713' title='bbox 3105 4633 3195 4691; x_wconf 88' lang='lat' dir='ltr'><strong>ille</strong></span> <span class='ocrx_word' id='word_1_714' title='bbox 3220 4635 3482 4692; x_wconf 81' lang='lat' dir='ltr'><strong>sustinuit</strong></span> 
     </span>
    </p>
   </div>
   <div class='ocr_carea' id='block_1_94' title="bbox 221 4740 1796 4802">
    <p class='ocr_par' dir='ltr' id='par_1_94' title="bbox 221 4740 1796 4802">
     <span class='ocr_line' id='line_1_94' title="bbox 221 4740 1796 4802; baseline -0.002 -2"><span class='ocrx_word' id='word_1_715' title='bbox 221 4744 406 4801; x_wconf 88' lang='lat' dir='ltr'><strong>volens</strong></span> <span class='ocrx_word' id='word_1_716' title='bbox 430 4744 587 4802; x_wconf 89' lang='lat' dir='ltr'><strong>nobis</strong></span> <span class='ocrx_word' id='word_1_717' title='bbox 614 4744 899 4802; x_wconf 89' lang='lat' dir='ltr'><strong>ostendere</strong></span> <span class='ocrx_word' id='word_1_718' title='bbox 923 4745 992 4801; x_wconf 92' lang='lat' dir='ltr'><strong>ita</strong></span> <span class='ocrx_word' id='word_1_719' title='bbox 1020 4758 1139 4801; x_wconf 89' lang='lat' dir='ltr'><strong>esse</strong></span> <span class='ocrx_word' id='word_1_720' title='bbox 1165 4742 1292 4799; x_wconf 88' lang='lat' dir='ltr'><strong>dicit</strong></span> <span class='ocrx_word' id='word_1_721' title='bbox 1325 4760 1336 4797; x_wconf 94' lang='lat'><strong>:</strong></span> <span class='ocrx_word' id='word_1_722' title='bbox 1370 4742 1497 4798; x_wconf 88' lang='lat' dir='ltr'><strong>Erat</strong></span> <span class='ocrx_word' id='word_1_723' title='bbox 1529 4740 1659 4796; x_wconf 87' lang='lat' dir='ltr'><strong>hora</strong></span> <span class='ocrx_word' id='word_1_724' title='bbox 1688 4748 1796 4797; x_wconf 86' lang='lat' dir='ltr'><strong>ter-</strong></span> 
     </span>
    </p>
   </div>
   <div class='ocr_carea' id='block_1_95' title="bbox 222 4833 1787 4907">
    <p class='ocr_par' dir='ltr' id='par_1_95' title="bbox 222 4833 1787 4907">
     <span class='ocr_line' id='line_1_95' title="bbox 222 4833 1787 4907; baseline -0.002 -16"><span class='ocrx_word' id='word_1_725' title='bbox 222 4836 293 4891; x_wconf 91' lang='lat' dir='ltr'><strong>tia</strong></span> <span class='ocrx_word' id='word_1_726' title='bbox 328 4837 539 4907; x_wconf 89' lang='lat' dir='ltr'><strong>quando</strong></span> <span class='ocrx_word' id='word_1_727' title='bbox 578 4837 956 4895; x_wconf 85' lang='lat' dir='ltr'><strong>crucifixcrunt</strong></span> <span class='ocrx_word' id='word_1_728' title='bbox 993 4852 1136 4905; x_wconf 90' lang='lat' dir='ltr'><strong>cum,</strong></span> <span class='ocrx_word' id='word_1_729' title='bbox 1165 4834 1360 4906; x_wconf 86' lang='lat' dir='ltr'><strong>linguis</strong></span> <span class='ocrx_word' id='word_1_730' title='bbox 1386 4835 1633 4893; x_wconf 90' lang='lat' dir='ltr'><strong>videlicet</strong></span> <span class='ocrx_word' id='word_1_731' title='bbox 1658 4833 1787 4888; x_wconf 91' lang='lat' dir='ltr'><strong>suis.</strong></span> 
     </span>
    </p>
   </div>
   <div class='ocr_carea' id='block_1_96' title="bbox 220 4928 1795 4987">
    <p class='ocr_par' dir='ltr' id='par_1_96' title="bbox 220 4928 1795 4987">
     <span class='ocr_line' id='line_1_96' title="bbox 220 4928 1795 4987; baseline -0.001 -2"><span class='ocrx_word' id='word_1_732' title='bbox 220 4929 351 4985; x_wconf 81' lang='lat' dir='ltr'><strong>Nam</strong></span> <span class='ocrx_word' id='word_1_733' title='bbox 384 4930 514 4985; x_wconf 91' lang='lat' dir='ltr'><strong>hora</strong></span> <span class='ocrx_word' id='word_1_734' title='bbox 552 4938 705 4987; x_wconf 87' lang='lat' dir='ltr'><strong>sexta</strong></span> <span class='ocrx_word' id='word_1_735' title='bbox 735 4932 786 4985; x_wconf 93' lang='lat' dir='ltr'><strong>in</strong></span> <span class='ocrx_word' id='word_1_736' title='bbox 814 4945 973 4986; x_wconf 86' lang='lat' dir='ltr'><strong>cruce</strong></span> <span class='ocrx_word' id='word_1_737' title='bbox 1013 4930 1217 4986; x_wconf 89' lang='lat' dir='ltr'><strong>levatus</strong></span> <span class='ocrx_word' id='word_1_738' title='bbox 1254 4937 1337 4985; x_wconf 89' lang='lat' dir='ltr'><strong>est</strong></span> <span class='ocrx_word' id='word_1_739' title='bbox 1364 4938 1511 4985; x_wconf 87' lang='lat' dir='ltr'><strong>extra</strong></span> <span class='ocrx_word' id='word_1_740' title='bbox 1545 4928 1795 4983; x_wconf 88' lang='lat' dir='ltr'><strong>llierusa-</strong></span> 
     </span>
    </p>
   </div>
   <div class='ocr_carea' id='block_1_97' title="bbox 220 5019 1793 5091">
    <p class='ocr_par' dir='ltr' id='par_1_97' title="bbox 220 5019 1793 5091">
     <span class='ocr_line' id='line_1_97' title="bbox 220 5019 1793 5091; baseline -0.001 -16"><span class='ocrx_word' id='word_1_741' title='bbox 220 5020 346 5089; x_wconf 92' lang='lat' dir='ltr'><strong>lem,</strong></span> <span class='ocrx_word' id='word_1_742' title='bbox 376 5019 553 5091; x_wconf 90' lang='lat' dir='ltr'><strong>ibique</strong></span> <span class='ocrx_word' id='word_1_743' title='bbox 577 5034 773 5090; x_wconf 89' lang='lat' dir='ltr'><strong>corpus</strong></span> <span class='ocrx_word' id='word_1_744' title='bbox 816 5020 933 5090; x_wconf 84' lang='lat' dir='ltr'><strong>ejus</strong></span> <span class='ocrx_word' id='word_1_745' title='bbox 958 5019 1293 5075; x_wconf 90' lang='lat' dir='ltr'><strong>combustum</strong></span> <span class='ocrx_word' id='word_1_746' title='bbox 1319 5028 1402 5075; x_wconf 89' lang='lat' dir='ltr'><strong>est</strong></span> <span class='ocrx_word' id='word_1_747' title='bbox 1439 5020 1561 5089; x_wconf 86' lang='lat' dir='ltr'><strong>igne</strong></span> <span class='ocrx_word' id='word_1_748' title='bbox 1587 5021 1793 5085; x_wconf 86' lang='lat' dir='ltr'><strong>passio-</strong></span> 
     </span>
    </p>
   </div>
   <div class='ocr_carea' id='block_1_98' title="bbox 221 5109 1789 5182">
    <p class='ocr_par' dir='ltr' id='par_1_98' title="bbox 221 5109 1789 5182">
     <span class='ocr_line' id='line_1_98' title="bbox 221 5109 1789 5182; baseline 0.001 -18"><span class='ocrx_word' id='word_1_749' title='bbox 221 5110 323 5165; x_wconf 83' lang='lat' dir='ltr'><strong>nis.</strong></span> <span class='ocrx_word' id='word_1_750' title='bbox 348 5109 532 5167; x_wconf 88' lang='lat' dir='ltr'><strong>Altare</strong></span> <span class='ocrx_word' id='word_1_751' title='bbox 559 5119 735 5167; x_wconf 87' lang='lat' dir='ltr'><strong>autem</strong></span> <span class='ocrx_word' id='word_1_752' title='bbox 764 5112 895 5167; x_wconf 88' lang='lat' dir='ltr'><strong>illud</strong></span> <span class='ocrx_word' id='word_1_753' title='bbox 916 5111 1241 5178; x_wconf 79' lang='lat' dir='ltr'><strong>Judaeorum,</strong></span> <span class='ocrx_word' id='word_1_754' title='bbox 1269 5112 1407 5182; x_wconf 91' lang='lat' dir='ltr'><strong>quod</strong></span> <span class='ocrx_word' id='word_1_755' title='bbox 1451 5112 1610 5168; x_wconf 90' lang='lat' dir='ltr'><strong>fiebat</strong></span> <span class='ocrx_word' id='word_1_756' title='bbox 1639 5119 1789 5166; x_wconf 84' lang='lat' dir='ltr'><strong>extra</strong></span> 
     </span>
    </p>
   </div>
   <div class='ocr_carea' id='block_1_99' title="bbox 220 5202 1791 5269">
    <p class='ocr_par' dir='ltr' id='par_1_99' title="bbox 220 5202 1791 5269">
     <span class='ocr_line' id='line_1_99' title="bbox 220 5202 1791 5269; baseline 0.004 -16"><span class='ocrx_word' id='word_1_757' title='bbox 220 5210 392 5255; x_wconf 87' lang='lat' dir='ltr'><strong>castra</strong></span> <span class='ocrx_word' id='word_1_758' title='bbox 416 5244 430 5269; x_wconf 92' lang='lat'><strong>,</strong></span> <span class='ocrx_word' id='word_1_759' title='bbox 478 5202 567 5258; x_wconf 90' lang='lat' dir='ltr'><strong>ubi</strong></span> <span class='ocrx_word' id='word_1_760' title='bbox 597 5202 1047 5258; x_wconf 88' lang='lat' dir='ltr'><strong>consumebantur</strong></span> <span class='ocrx_word' id='word_1_761' title='bbox 1074 5217 1264 5259; x_wconf 89' lang='lat' dir='ltr'><strong>carnes</strong></span> <span class='ocrx_word' id='word_1_762' title='bbox 1285 5244 1300 5269; x_wconf 92' lang='lat'><strong>,</strong></span> <span class='ocrx_word' id='word_1_763' title='bbox 1346 5203 1512 5259; x_wconf 87' lang='lat' dir='ltr'><strong>altare</strong></span> <span class='ocrx_word' id='word_1_764' title='bbox 1540 5203 1791 5260; x_wconf 69' lang='lat' dir='ltr'><strong>ECCICSliB</strong></span> 
     </span>
    </p>
   </div>
   <div class='ocr_carea' id='block_1_100' title="bbox 220 5291 1793 5365">
    <p class='ocr_par' dir='ltr' id='par_1_100' title="bbox 220 5291 1793 5365">
     <span class='ocr_line' id='line_1_100' title="bbox 220 5291 1793 5365; baseline 0.003 -19"><span class='ocrx_word' id='word_1_765' title='bbox 220 5300 319 5357; x_wconf 90' lang='lat' dir='ltr'><strong>est,</strong></span> <span class='ocrx_word' id='word_1_766' title='bbox 354 5292 441 5347; x_wconf 93' lang='lat' dir='ltr'><strong>ubi</strong></span> <span class='ocrx_word' id='word_1_767' title='bbox 475 5291 708 5365; x_wconf 86' lang='lat' dir='ltr'><strong>quotidie</strong></span> <span class='ocrx_word' id='word_1_768' title='bbox 751 5302 1092 5350; x_wconf 91' lang='lat' dir='ltr'><strong>consecratur</strong></span> <span class='ocrx_word' id='word_1_769' title='bbox 1121 5306 1313 5362; x_wconf 91' lang='lat' dir='ltr'><strong>corpus</strong></span> <span class='ocrx_word' id='word_1_770' title='bbox 1357 5291 1571 5351; x_wconf 86' lang='lat' dir='ltr'><strong>Christi.</strong></span> <span class='ocrx_word' id='word_1_771' title='bbox 1620 5293 1793 5351; x_wconf 79' lang='lat' dir='ltr'><strong>ﬂabe-</strong></span> 
     </span>
    </p>
   </div>
   <div class='ocr_carea' id='block_1_101' title="bbox 222 5383 1793 5456">
    <p class='ocr_par' dir='ltr' id='par_1_101' title="bbox 222 5383 1793 5456">
     <span class='ocr_line' id='line_1_101' title="bbox 222 5383 1793 5456; baseline 0.001 -17"><span class='ocrx_word' id='word_1_772' title='bbox 222 5399 341 5440; x_wconf 90' lang='lat' dir='ltr'><strong>mus</strong></span> <span class='ocrx_word' id='word_1_773' title='bbox 385 5398 512 5456; x_wconf 87' lang='lat' dir='ltr'><strong>ergo</strong></span> <span class='ocrx_word' id='word_1_774' title='bbox 558 5383 726 5441; x_wconf 90' lang='lat' dir='ltr'><strong>altare</strong></span> <span class='ocrx_word' id='word_1_775' title='bbox 752 5383 1045 5451; x_wconf 63' lang='lat' dir='ltr'><strong>Ecclesiae,</strong></span> <span class='ocrx_word' id='word_1_776' title='bbox 1092 5384 1181 5440; x_wconf 91' lang='lat' dir='ltr'><strong>ubi</strong></span> <span class='ocrx_word' id='word_1_777' title='bbox 1226 5394 1572 5439; x_wconf 87' lang='lat' dir='ltr'><strong>consecratur</strong></span> <span class='ocrx_word' id='word_1_778' title='bbox 1600 5400 1793 5455; x_wconf 89' lang='lat' dir='ltr'><strong>corpus</strong></span> 
     </span>
    </p>
   </div>
   <div class='ocr_carea' id='block_1_102' title="bbox 133 5474 1792 5546">
    <p class='ocr_par' dir='ltr' id='par_1_102' title="bbox 133 5474 1792 5546">
     <span class='ocr_line' id='line_1_102' title="bbox 133 5474 1792 5546; baseline 0.002 -19"><span class='ocrx_word' id='word_1_779' title='bbox 133 5484 137 5543; x_wconf 72' lang='grc' dir='ltr'>ᾖ</span> <span class='ocrx_word' id='word_1_780' title='bbox 224 5474 569 5539; x_wconf 83' lang='lat' dir='ltr'><strong>dominicum,</strong></span> <span class='ocrx_word' id='word_1_781' title='bbox 596 5475 663 5530; x_wconf 92' lang='lat' dir='ltr'><strong>de</strong></span> <span class='ocrx_word' id='word_1_782' title='bbox 682 5489 788 5545; x_wconf 90' lang='lat' dir='ltr'><strong>quo</strong></span> <span class='ocrx_word' id='word_1_783' title='bbox 814 5489 921 5530; x_wconf 91' lang='lat' dir='ltr'><strong>non</strong></span> <span class='ocrx_word' id='word_1_784' title='bbox 952 5474 1148 5530; x_wconf 89' lang='lat' dir='ltr'><strong>habent</strong></span> <span class='ocrx_word' id='word_1_785' title='bbox 1176 5483 1493 5545; x_wconf 89' lang='lat' dir='ltr'><strong>potestatem</strong></span> <span class='ocrx_word' id='word_1_786' title='bbox 1517 5476 1675 5531; x_wconf 90' lang='lat' dir='ltr'><strong>edere</strong></span> <span class='ocrx_word' id='word_1_787' title='bbox 1701 5476 1792 5546; x_wconf 88' lang='lat' dir='ltr'><strong>qui</strong></span> 
     </span>
    </p>
   </div>
   <div class='ocr_carea' id='block_1_103' title="bbox 226 5563 1790 5635">
    <p class='ocr_par' dir='ltr' id='par_1_103' title="bbox 226 5563 1790 5635">
     <span class='ocr_line' id='line_1_103' title="bbox 226 5563 1790 5635; baseline 0.003 -18"><span class='ocrx_word' id='word_1_788' title='bbox 226 5564 564 5620; x_wconf 83' lang='lat' dir='ltr'><strong>tabernaculo</strong></span> <span class='ocrx_word' id='word_1_789' title='bbox 596 5564 835 5635; x_wconf 87' lang='lat' dir='ltr'><strong>corporis</strong></span> <span class='ocrx_word' id='word_1_790' title='bbox 859 5565 942 5620; x_wconf 90' lang='lat' dir='ltr'><strong>sui</strong></span> <span class='ocrx_word' id='word_1_791' title='bbox 979 5563 1301 5633; x_wconf 87' lang='lat' dir='ltr'><strong>deserviunt,</strong></span> <span class='ocrx_word' id='word_1_792' title='bbox 1332 5563 1682 5622; x_wconf 84' lang='lat' dir='ltr'><strong>fornicatores</strong></span> <span class='ocrx_word' id='word_1_793' title='bbox 1707 5568 1790 5621; x_wconf 87' lang='lat' dir='ltr'><strong>vi-</strong></span> 
     </span>
    </p>
   </div>
   <div class='ocr_carea' id='block_1_104' title="bbox 228 5656 1793 5730">
    <p class='ocr_par' dir='ltr' id='par_1_104' title="bbox 228 5656 1793 5730">
     <span class='ocr_line' id='line_1_104' title="bbox 228 5656 1793 5730; baseline 0.002 -19"><span class='ocrx_word' id='word_1_794' title='bbox 228 5656 438 5721; x_wconf 64' lang='lat' dir='ltr'><strong>delicet,</strong></span> <span class='ocrx_word' id='word_1_795' title='bbox 483 5656 733 5726; x_wconf 88' lang='lat' dir='ltr'><strong>adulteri,</strong></span> <span class='ocrx_word' id='word_1_796' title='bbox 762 5656 983 5725; x_wconf 84' lang='lat' dir='ltr'><strong>ebriosi,</strong></span> <span class='ocrx_word' id='word_1_797' title='bbox 1026 5658 1303 5726; x_wconf 92' lang='lat' dir='ltr'><strong>immundi,</strong></span> <span class='ocrx_word' id='word_1_798' title='bbox 1334 5668 1388 5714; x_wconf 91' lang='lat' dir='ltr'><strong>et</strong></span> <span class='ocrx_word' id='word_1_799' title='bbox 1434 5658 1469 5713; x_wconf 92' lang='lat' dir='ltr'><strong>ii</strong></span> <span class='ocrx_word' id='word_1_800' title='bbox 1496 5658 1585 5730; x_wconf 88' lang='lat' dir='ltr'><strong>qni</strong></span> <span class='ocrx_word' id='word_1_801' title='bbox 1632 5659 1793 5715; x_wconf 85' lang='lat' dir='ltr'><strong>semi-</strong></span> 
     </span>
    </p>
   </div>
   <div class='ocr_carea' id='block_1_105' title="bbox 229 5752 1793 5827">
    <p class='ocr_par' dir='ltr' id='par_1_105' title="bbox 229 5752 1793 5827">
     <span class='ocr_line' id='line_1_105' title="bbox 229 5752 1793 5827; baseline 0.004 -22"><span class='ocrx_word' id='word_1_802' title='bbox 229 5762 355 5807; x_wconf 86' lang='lat' dir='ltr'><strong>nant</strong></span> <span class='ocrx_word' id='word_1_803' title='bbox 379 5752 516 5806; x_wconf 87' lang='lat' dir='ltr'><strong>inter</strong></span> <span class='ocrx_word' id='word_1_804' title='bbox 543 5752 735 5807; x_wconf 86' lang='lat' dir='ltr'><strong>fratres</strong></span> <span class='ocrx_word' id='word_1_805' title='bbox 761 5752 1076 5821; x_wconf 85' lang='lat' dir='ltr'><strong>discordias,</strong></span> <span class='ocrx_word' id='word_1_806' title='bbox 1105 5767 1396 5825; x_wconf 87' lang='lat' dir='ltr'><strong>omnesque</strong></span> <span class='ocrx_word' id='word_1_807' title='bbox 1436 5756 1526 5826; x_wconf 91' lang='lat' dir='ltr'><strong>qui</strong></span> <span class='ocrx_word' id='word_1_808' title='bbox 1554 5758 1793 5827; x_wconf 85' lang='lat' dir='ltr'><strong>volupta-</strong></span> 
     </span>
    </p>
   </div>
   <div class='ocr_carea' id='block_1_106' title="bbox 225 5845 1789 5921">
    <p class='ocr_par' dir='ltr' id='par_1_106' title="bbox 225 5845 1789 5921">
     <span class='ocr_line' id='line_1_106' title="bbox 225 5845 1789 5921; baseline 0.004 -20"><span class='ocrx_word' id='word_1_809' title='bbox 225 5847 365 5902; x_wconf 85' lang='lat' dir='ltr'><strong>tibus</strong></span> <span class='ocrx_word' id='word_1_810' title='bbox 394 5856 446 5901; x_wconf 87' lang='lat' dir='ltr'><strong>et</strong></span> <span class='ocrx_word' id='word_1_811' title='bbox 486 5845 763 5905; x_wconf 81' lang='lat' dir='ltr'><strong>desideriis</strong></span> <span class='ocrx_word' id='word_1_812' title='bbox 802 5848 980 5905; x_wconf 85' lang='lat' dir='ltr'><strong>carnis</strong></span> <span class='ocrx_word' id='word_1_813' title='bbox 1010 5861 1123 5910; x_wconf 75' lang='lat' dir='ltr'><strong>sua:</strong></span> <span class='ocrx_word' id='word_1_814' title='bbox 1147 5848 1476 5907; x_wconf 85' lang='lat' dir='ltr'><strong>deserviunt.</strong></span> <span class='ocrx_word' id='word_1_815' title='bbox 1506 5850 1607 5921; x_wconf 85' lang='lat' dir='ltr'><strong>Qui</strong></span> <span class='ocrx_word' id='word_1_816' title='bbox 1649 5850 1789 5909; x_wconf 89' lang='lat' dir='ltr'><strong>enim</strong></span> 
     </span>
    </p>
   </div>
   <div class='ocr_carea' id='block_1_107' title="bbox 1897 4723 3481 4799">
    <p class='ocr_par' dir='ltr' id='par_1_107' title="bbox 1897 4723 3481 4799">
     <span class='ocr_line' id='line_1_107' title="bbox 1897 4723 3481 4799; baseline 0.004 -21"><span class='ocrx_word' id='word_1_817' title='bbox 1897 4726 2028 4795; x_wconf 86' lang='lat' dir='ltr'><strong>pati.</strong></span> <span class='ocrx_word' id='word_1_818' title='bbox 2059 4723 2203 4781; x_wconf 85' lang='lat' dir='ltr'><strong>Crux</strong></span> <span class='ocrx_word' id='word_1_819' title='bbox 2230 4723 2375 4782; x_wconf 90' lang='lat' dir='ltr'><strong>enim</strong></span> <span class='ocrx_word' id='word_1_820' title='bbox 2402 4723 2545 4783; x_wconf 87' lang='lat' dir='ltr'><strong>illius</strong></span> <span class='ocrx_word' id='word_1_821' title='bbox 2575 4724 2956 4796; x_wconf 84' lang='lat' dir='ltr'><strong>improperium</strong></span> <span class='ocrx_word' id='word_1_822' title='bbox 2976 4726 3094 4799; x_wconf 84' lang='lat' dir='ltr'><strong>ejus</strong></span> <span class='ocrx_word' id='word_1_823' title='bbox 3122 4728 3336 4784; x_wconf 83' lang='lat' dir='ltr'><strong>videtur</strong></span> <span class='ocrx_word' id='word_1_824' title='bbox 3354 4742 3481 4785; x_wconf 82' lang='lat' dir='ltr'><strong>esse</strong></span> 
     </span>
    </p>
   </div>
   <div class='ocr_carea' id='block_1_108' title="bbox 1897 4817 3474 4888">
    <p class='ocr_par' dir='ltr' id='par_1_108' title="bbox 1897 4817 3474 4888">
     <span class='ocr_line' id='line_1_108' title="bbox 1897 4817 3474 4888; baseline 0.004 -19"><span class='ocrx_word' id='word_1_825' title='bbox 1897 4817 2139 4886; x_wconf 84' lang='lat' dir='ltr'><strong>paganis,</strong></span> <span class='ocrx_word' id='word_1_826' title='bbox 2180 4818 2333 4875; x_wconf 89' lang='lat' dir='ltr'><strong>nobis</strong></span> <span class='ocrx_word' id='word_1_827' title='bbox 2362 4826 2539 4874; x_wconf 90' lang='lat' dir='ltr'><strong>autem</strong></span> <span class='ocrx_word' id='word_1_828' title='bbox 2567 4824 2650 4873; x_wconf 87' lang='lat' dir='ltr'><strong>est</strong></span> <span class='ocrx_word' id='word_1_829' title='bbox 2676 4817 3027 4875; x_wconf 83' lang='lat' dir='ltr'><strong>sanctiﬁcatio</strong></span> <span class='ocrx_word' id='word_1_830' title='bbox 3056 4827 3111 4874; x_wconf 88' lang='lat' dir='ltr'><strong>et</strong></span> <span class='ocrx_word' id='word_1_831' title='bbox 3150 4818 3474 4888; x_wconf 79' lang='lat' dir='ltr'><strong>redemptio.</strong></span> 
     </span>
    </p>
   </div>
   <div class='ocr_carea' id='block_1_109' title="bbox 1897 4906 3477 4981">
    <p class='ocr_par' dir='ltr' id='par_1_109' title="bbox 1897 4906 3477 4981">
     <span class='ocr_line' id='line_1_109' title="bbox 1897 4906 3477 4981; baseline 0.003 -17"><span class='ocrx_word' id='word_1_832' title='bbox 1897 4906 2165 4965; x_wconf 86' lang='lat' dir='ltr'><strong>Exeamus</strong></span> <span class='ocrx_word' id='word_1_833' title='bbox 2214 4910 2374 4979; x_wconf 85' lang='lat' dir='ltr'><strong>igitur</strong></span> <span class='ocrx_word' id='word_1_834' title='bbox 2412 4910 2480 4966; x_wconf 82' lang='lat' dir='ltr'><strong>ad</strong></span> <span class='ocrx_word' id='word_1_835' title='bbox 2508 4925 2630 4966; x_wconf 90' lang='lat' dir='ltr'><strong>eum</strong></span> <span class='ocrx_word' id='word_1_836' title='bbox 2674 4919 2826 4967; x_wconf 81' lang='lat' dir='ltr'><strong>extra</strong></span> <span class='ocrx_word' id='word_1_837' title='bbox 2873 4920 3081 4978; x_wconf 82' lang='lat' dir='ltr'><strong>castra;</strong></span> <span class='ocrx_word' id='word_1_838' title='bbox 3109 4909 3477 4981; x_wconf 84' lang='lat' dir='ltr'><strong>despicientes</strong></span> 
     </span>
    </p>
   </div>
   <div class='ocr_carea' id='block_1_110' title="bbox 1890 5000 3472 5071">
    <p class='ocr_par' dir='ltr' id='par_1_110' title="bbox 1890 5000 3472 5071">
     <span class='ocr_line' id='line_1_110' title="bbox 1890 5000 3472 5071; baseline 0.004 -20"><span class='ocrx_word' id='word_1_839' title='bbox 1890 5000 2204 5069; x_wconf 83' lang='lat' dir='ltr'><strong>praesentia,</strong></span> <span class='ocrx_word' id='word_1_840' title='bbox 2251 5010 2492 5056; x_wconf 85' lang='lat' dir='ltr'><strong>amantes</strong></span> <span class='ocrx_word' id='word_1_841' title='bbox 2532 5000 2732 5067; x_wconf 88' lang='lat' dir='ltr'><strong>futura,</strong></span> <span class='ocrx_word' id='word_1_842' title='bbox 2776 5010 3186 5060; x_wconf 88' lang='lat' dir='ltr'><strong>contemnentes</strong></span> <span class='ocrx_word' id='word_1_843' title='bbox 3221 5003 3472 5071; x_wconf 86' lang='lat' dir='ltr'><strong>visibilia,</strong></span> 
     </span>
    </p>
   </div>
   <div class='ocr_carea' id='block_1_111' title="bbox 1897 5090 3475 5163">
    <p class='ocr_par' dir='ltr' id='par_1_111' title="bbox 1897 5090 3475 5163">
     <span class='ocr_line' id='line_1_111' title="bbox 1897 5090 3475 5163; baseline 0.001 -17"><span class='ocrx_word' id='word_1_844' title='bbox 1897 5090 2266 5147; x_wconf 86' lang='lat' dir='ltr'><strong>desiderantes</strong></span> <span class='ocrx_word' id='word_1_845' title='bbox 2312 5100 2511 5148; x_wconf 66' lang='lat' dir='ltr'><strong>aeterna</strong></span> <span class='ocrx_word' id='word_1_846' title='bbox 2548 5093 2723 5163; x_wconf 86' lang='lat' dir='ltr'><strong>sequi.</strong></span> <span class='ocrx_word' id='word_1_847' title='bbox 2770 5092 2895 5149; x_wconf 84' lang='lat' dir='ltr'><strong>Non</strong></span> <span class='ocrx_word' id='word_1_848' title='bbox 2932 5094 3069 5149; x_wconf 84' lang='lat' dir='ltr'><strong>enim</strong></span> <span class='ocrx_word' id='word_1_849' title='bbox 3114 5094 3353 5148; x_wconf 75' lang='lat' dir='ltr'><strong>habemus</strong></span> <span class='ocrx_word' id='word_1_850' title='bbox 3391 5096 3475 5149; x_wconf 81' lang='lat' dir='ltr'><strong>lu&#39;c</strong></span> 
     </span>
    </p>
   </div>
   <div class='ocr_carea' id='block_1_112' title="bbox 1892 5182 3473 5255">
    <p class='ocr_par' dir='ltr' id='par_1_112' title="bbox 1892 5182 3473 5255">
     <span class='ocr_line' id='line_1_112' title="bbox 1892 5182 3473 5255; baseline 0.001 -18"><span class='ocrx_word' id='word_1_851' title='bbox 1892 5192 2181 5237; x_wconf 75' lang='lat' dir='ltr'><strong>manentem</strong></span> <span class='ocrx_word' id='word_1_852' title='bbox 2209 5182 2485 5249; x_wconf 79' lang='lat' dir='ltr'><strong>civitatem,</strong></span> <span class='ocrx_word' id='word_1_853' title='bbox 2514 5184 2605 5238; x_wconf 76' lang='lat' dir='ltr'><strong>sed</strong></span> <span class='ocrx_word' id='word_1_854' title='bbox 2634 5186 2867 5254; x_wconf 77' lang='lat' dir='ltr'><strong>futuram</strong></span> <span class='ocrx_word' id='word_1_855' title='bbox 2898 5184 3224 5255; x_wconf 83' lang='lat' dir='ltr'><strong>inquirimus.</strong></span> <span class='ocrx_word' id='word_1_856' title='bbox 3256 5185 3473 5241; x_wconf 88' lang='lat' dir='ltr'><strong>Certum</strong></span> 
     </span>
    </p>
   </div>
   <div class='ocr_carea' id='block_1_113' title="bbox 1892 5273 3474 5346">
    <p class='ocr_par' dir='ltr' id='par_1_113' title="bbox 1892 5273 3474 5346">
     <span class='ocr_line' id='line_1_113' title="bbox 1892 5273 3474 5346; baseline 0.001 -14"><span class='ocrx_word' id='word_1_857' title='bbox 1892 5283 1994 5339; x_wconf 83' lang='lat' dir='ltr'><strong>est,</strong></span> <span class='ocrx_word' id='word_1_858' title='bbox 2027 5275 2151 5345; x_wconf 85' lang='lat' dir='ltr'><strong>quia</strong></span> <span class='ocrx_word' id='word_1_859' title='bbox 2182 5274 2237 5329; x_wconf 88' lang='lat' dir='ltr'><strong>in</strong></span> <span class='ocrx_word' id='word_1_860' title='bbox 2266 5273 2369 5330; x_wconf 90' lang='lat' dir='ltr'><strong>hoc</strong></span> <span class='ocrx_word' id='word_1_861' title='bbox 2394 5275 2597 5333; x_wconf 87' lang='lat' dir='ltr'><strong>mundo</strong></span> <span class='ocrx_word' id='word_1_862' title='bbox 2624 5289 2731 5331; x_wconf 85' lang='lat' dir='ltr'><strong>non</strong></span> <span class='ocrx_word' id='word_1_863' title='bbox 2771 5290 3058 5346; x_wconf 88' lang='lat' dir='ltr'><strong>possumus</strong></span> <span class='ocrx_word' id='word_1_864' title='bbox 3086 5275 3285 5333; x_wconf 83' lang='lat' dir='ltr'><strong>habere</strong></span> <span class='ocrx_word' id='word_1_865' title='bbox 3322 5275 3474 5333; x_wconf 83' lang='lat' dir='ltr'><strong>habi-</strong></span> 
     </span>
    </p>
   </div>
   <div class='ocr_carea' id='block_1_114' title="bbox 1892 5374 3471 5448">
    <p class='ocr_par' dir='ltr' id='par_1_114' title="bbox 1892 5374 3471 5448">
     <span class='ocr_line' id='line_1_114' title="bbox 1892 5374 3471 5448; baseline 0.002 -16"><span class='ocrx_word' id='word_1_866' title='bbox 1892 5374 2130 5432; x_wconf 85' lang='lat' dir='ltr'><strong>taculum</strong></span> <span class='ocrx_word' id='word_1_867' title='bbox 2173 5383 2455 5443; x_wconf 66' lang='lat' dir='ltr'><strong>aeternum;</strong></span> <span class='ocrx_word' id='word_1_868' title='bbox 2486 5390 2661 5447; x_wconf 86' lang='lat' dir='ltr'><strong>neque</strong></span> <span class='ocrx_word' id='word_1_869' title='bbox 2706 5376 2976 5433; x_wconf 84' lang='lat' dir='ltr'><strong>civitatem</strong></span> <span class='ocrx_word' id='word_1_870' title='bbox 3003 5390 3218 5448; x_wconf 86' lang='lat' dir='ltr'><strong>semper</strong></span> <span class='ocrx_word' id='word_1_871' title='bbox 3246 5393 3471 5436; x_wconf 84' lang='lat' dir='ltr'><strong>manen-</strong></span> 
     </span>
    </p>
   </div>
   <div class='ocr_carea' id='block_1_115' title="bbox 1896 5466 3471 5545">
    <p class='ocr_par' dir='ltr' id='par_1_115' title="bbox 1896 5466 3471 5545">
     <span class='ocr_line' id='line_1_115' title="bbox 1896 5466 3471 5545; baseline 0.003 -22"><span class='ocrx_word' id='word_1_872' title='bbox 1896 5475 2040 5536; x_wconf 87' lang='lat' dir='ltr'><strong>tem,</strong></span> <span class='ocrx_word' id='word_1_873' title='bbox 2089 5468 2340 5537; x_wconf 86' lang='lat' dir='ltr'><strong>quoniam</strong></span> <span class='ocrx_word' id='word_1_874' title='bbox 2385 5466 2897 5545; x_wconf 10' lang='lat' dir='ltr'><strong>mundusgtransibit</strong></span> <span class='ocrx_word' id='word_1_875' title='bbox 2938 5476 2994 5524; x_wconf 87' lang='lat' dir='ltr'><strong>et</strong></span> <span class='ocrx_word' id='word_1_876' title='bbox 3038 5469 3471 5540; x_wconf 80' lang='lat' dir='ltr'><strong>concupiscentia</strong></span> 
     </span>
    </p>
   </div>
   <div class='ocr_carea' id='block_1_116' title="bbox 1894 5559 3469 5633">
    <p class='ocr_par' dir='ltr' id='par_1_116' title="bbox 1894 5559 3469 5633">
     <span class='ocr_line' id='line_1_116' title="bbox 1894 5559 3469 5633; baseline 0.002 -17"><span class='ocrx_word' id='word_1_877' title='bbox 1894 5560 2036 5632; x_wconf 83' lang='lat' dir='ltr'><strong>ejus.</strong></span> <span class='ocrx_word' id='word_1_878' title='bbox 2080 5561 2420 5633; x_wconf 84' lang='lat' dir='ltr'><strong>Quapropter</strong></span> <span class='ocrx_word' id='word_1_879' title='bbox 2447 5559 2705 5618; x_wconf 89' lang='lat' dir='ltr'><strong>debemus</strong></span> <span class='ocrx_word' id='word_1_880' title='bbox 2752 5561 2973 5619; x_wconf 87' lang='lat' dir='ltr'><strong>tendere</strong></span> <span class='ocrx_word' id='word_1_881' title='bbox 2997 5561 3200 5618; x_wconf 86' lang='lat' dir='ltr'><strong>viribus</strong></span> <span class='ocrx_word' id='word_1_882' title='bbox 3246 5567 3469 5620; x_wconf 89' lang='lat' dir='ltr'><strong>summis</strong></span> 
     </span>
    </p>
   </div>
   <div class='ocr_carea' id='block_1_117' title="bbox 1895 5655 3467 5727">
    <p class='ocr_par' dir='ltr' id='par_1_117' title="bbox 1895 5655 3467 5727">
     <span class='ocr_line' id='line_1_117' title="bbox 1895 5655 3467 5727; baseline 0.001 -16"><span class='ocrx_word' id='word_1_883' title='bbox 1895 5658 1959 5712; x_wconf 82' lang='lat' dir='ltr'><strong>ad</strong></span> <span class='ocrx_word' id='word_1_884' title='bbox 1986 5656 2255 5713; x_wconf 87' lang='lat' dir='ltr'><strong>civitatem</strong></span> <span class='ocrx_word' id='word_1_885' title='bbox 2278 5656 2557 5712; x_wconf 64' lang='lat' dir='ltr'><strong>caelestem</strong></span> <span class='ocrx_word' id='word_1_886' title='bbox 2591 5655 2939 5725; x_wconf 78' lang='lat' dir='ltr'><strong>llierusalem,</strong></span> <span class='ocrx_word' id='word_1_887' title='bbox 2970 5670 3090 5727; x_wconf 66' lang='lat' dir='ltr'><strong>quae</strong></span> <span class='ocrx_word' id='word_1_888' title='bbox 3114 5656 3467 5713; x_wconf 83' lang='lat' dir='ltr'><strong>habitatorem</strong></span> 
     </span>
    </p>
   </div>
   <div class='ocr_carea' id='block_1_118' title="bbox 1896 5755 3469 5828">
    <p class='ocr_par' dir='ltr' id='par_1_118' title="bbox 1896 5755 3469 5828">
     <span class='ocr_line' id='line_1_118' title="bbox 1896 5755 3469 5828; baseline -0.002 -18"><span class='ocrx_word' id='word_1_889' title='bbox 1896 5756 2058 5812; x_wconf 89' lang='lat' dir='ltr'><strong>habet</strong></span> <span class='ocrx_word' id='word_1_890' title='bbox 2098 5756 2268 5812; x_wconf 86' lang='lat' dir='ltr'><strong>Deum</strong></span> <span class='ocrx_word' id='word_1_891' title='bbox 2308 5757 2636 5815; x_wconf 68' lang='lat' dir='ltr'><strong>mternaliter</strong></span> <span class='ocrx_word' id='word_1_892' title='bbox 2680 5770 3106 5827; x_wconf 88' lang='lat' dir='ltr'><strong>permansurum.</strong></span> <span class='ocrx_word' id='word_1_893' title='bbox 3158 5755 3262 5810; x_wconf 84' lang='lat' dir='ltr'><strong>Per</strong></span> <span class='ocrx_word' id='word_1_894' title='bbox 3305 5758 3469 5828; x_wconf 80' lang='lat' dir='ltr'><strong>ipsum</strong></span> 
     </span>
    </p>
   </div>
   <div class='ocr_carea' id='block_1_119' title="bbox 1896 5848 3469 5922">
    <p class='ocr_par' dir='ltr' id='par_1_119' title="bbox 1896 5848 3469 5922">
     <span class='ocr_line' id='line_1_119' title="bbox 1896 5848 3469 5922; baseline -0.003 -17"><span class='ocrx_word' id='word_1_895' title='bbox 1896 5864 2014 5920; x_wconf 79' lang='lat' dir='ltr'><strong>ergo</strong></span> <span class='ocrx_word' id='word_1_896' title='bbox 2036 5849 2315 5917; x_wconf 66' lang='lat' dir='ltr'><strong>offeramus</strong></span> <span class='ocrx_word' id='word_1_897' title='bbox 2335 5850 2558 5908; x_wconf 81' lang='lat' dir='ltr'><strong>hostium</strong></span> <span class='ocrx_word' id='word_1_898' title='bbox 2589 5849 2759 5906; x_wconf 80' lang='lat' dir='ltr'><strong>laudis</strong></span> <span class='ocrx_word' id='word_1_899' title='bbox 2782 5866 2978 5922; x_wconf 83' lang='lat' dir='ltr'><strong>semper</strong></span> <span class='ocrx_word' id='word_1_900' title='bbox 3005 5848 3138 5919; x_wconf 86' lang='lat' dir='ltr'><strong>Deo,</strong></span> <span class='ocrx_word' id='word_1_901' title='bbox 3159 5849 3216 5906; x_wconf 80' lang='lat' dir='ltr'><strong>id</strong></span> <span class='ocrx_word' id='word_1_902' title='bbox 3240 5856 3336 5920; x_wconf 90' lang='lat' dir='ltr'><strong>est,</strong></span> <span class='ocrx_word' id='word_1_903' title='bbox 3358 5850 3469 5919; x_wconf 82' lang='lat' dir='ltr'><strong>fru—</strong></span> 
     </span>
    </p>
   </div>
  </div>
