3968 6354
128 374 249 439 795

950 373 1396 437 commeans.
1441 375 1508 435 nt
1544 374 1927 437 naccam.
1966 367 2181 437 unﬁt.
2218 367 2611 442 PROLOGUS.

3309 385 3417 447 798

126 501 248 565 est,
281 495 552 565 praparet
575 500 692 561 vos,
721 480 1093 566 perfectosque
1119 495 1326 550 reddat.
1368 494 1435 549 In
1465 496 1606 550 omni
1633 496 1721 549 bo-
1748 496 1800 558 Α
1820 496 1927 553 lus.
1957 498 2141 557 Potest
2159 501 2322 558 etiam
2350 501 2607 571 intelligi,
2635 496 2776 571 quod
2802 499 2859 557 in
2888 512 3106 559 carcere
3133 500 3296 559 tuerit
3332 518 3415 561 re-

131 604 231 658 πο,
264 596 323 641 ut
353 586 556 658 faciatis
582 587 694 658 ejus
722 586 1035 643 voluntatem
1059 600 1081 643 :‘
1109 591 1301 661 faciens
1328 588 1383 643 in
1422 590 1563 643 vobis
1586 589 1722 658 quod

132 681 348 753 placeat
372 694 543 733 coram
571 694 625 733 se
644 695 735 749 per
758 678 936 735 Iesum
962 681 1240 749 Christum,
1272 683 1355 736 cui
1383 690 1458 738 est
1479 680 1647 755 gloria
1670 682 1727 736 in

130 770 671 827 swculasa’culorum.
703 771 881 827 Amen.
898 773 1058 843 Deus,
1082 773 1273 844 inquit,
1303 774 1448 843 pacis
1465 782 1609 843 aptet
1630 789 1726 831 vos

132 870 193 924 in
218 864 372 918 omni
400 863 559 931 bono,
587 863 690 921 hoc
718 871 820 934 est,
854 864 1014 921 faciat
1041 880 1135 922 vos
1163 874 1313 936 aptos
1338 865 1392 920 in
1424 865 1527 922 ﬁde
1551 872 1723 932 recta,

134 958 195 1013 in
224 956 469 1013 doctrina
500 970 652 1024 sana,
684 957 738 1013 in
768 958 1079 1027 operatione
1108 959 1366 1029 perlecta,
1418 965 1478 1012 ut
1504 958 1726 1028 possitis

132 1050 262 1119 ejus
313 1048 644 1105 voluntatem
691 1051 951 1119 perﬁcere
981 1091 999 1118 ,
1056 1050 1257 1107 faciens
1308 1052 1361 1105 in
1410 1051 1561 1106 vobis
1609 1050 1726 1121 ipse

134 1144 292 1210 quod
323 1140 530 1209 placeat
550 1154 730 1197 coram
756 1156 816 1197 se
843 1157 940 1213 per
964 1142 1148 1199 Jesum
1177 1142 1465 1199 Christum.
1498 1144 1545 1199 A
1572 1144 1726 1199 vobis

134 1231 291 1286 enim
320 1230 455 1285 nihil
477 1231 600 1286 boni
625 1231 822 1288 habere
843 1234 1085 1302 potestis,
1112 1232 1217 1287 nisi
1252 1233 1347 1288 illo
1366 1234 1726 1303 prteveniente

134 1331 195 1377 et
227 1321 623 1391 subsequente:
651 1322 804 1393 juxta
831 1325 975 1394 quod
997 1324 1283 1380 Psalmista
1306 1329 1498 1380 exorat
1517 1325 1721 1380 dicens:

136 1414 513 1471 Misericordia
541 1414 659 1485 ejus
689 1416 983 1486 praeveniet
1004 1431 1112 1483 me,
1144 1425 1199 1472 et
1219 1412 1587 1472 misericordia
1607 1415 1726 1485 ejus

138 1506 508 1576 subsequetur
535 1521 645 1562 me.
680 1507 967 1576 Apostolus
1002 1520 1214 1576 quoque
1242 1506 1377 1561 alias
1404 1505 1553 1570 dicit,
1586 1506 1725 1562 Deus

142 1608 231 1654 est
257 1600 351 1669 qui
377 1608 629 1669 operatur
652 1600 705 1653 in
734 1599 886 1655 vobis
910 1606 966 1655 et
992 1599 1134 1654 velle
1181 1605 1236 1654 et
1271 1598 1555 1669 perﬁcere,
1594 1588 1741 1669 quo-7

138 1689 288 1746 niam
316 1705 411 1760 per
437 1689 586 1745 illum
611 1689 734 1744 facti
756 1697 813 1744 et
842 1689 1106 1761 redempti
1126 1704 1331 1757 sumus,
1360 1698 1415 1745 et
1436 1704 1533 1759 per
1552 1689 1721 1756 illum,

137 1782 402 1853 quidquid
434 1782 557 1837 boni
603 1781 879 1848 habemus,
928 1782 1084 1837 nobis
1114 1780 1575 1837 subministratur.
1628 1780 1725 1837 Cui

1829 594 2028 654 tentus,
2054 590 2239 661 sicque
2266 602 2392 648 tunc
2420 592 2579 647 fuerit
2604 592 2875 647 dimissus.
2912 592 3042 647 Cum
3065 609 3183 664 quo.
3226 592 3283 649 ld
3305 602 3414 661 est,

1827 694 1948 736 cum
1962 681 2261 738 Timotheo.
2293 683 2356 739 Si
2384 685 2599 739 celerius
2624 685 2812 739 venerit
2836 686 2903 738 ad
2933 701 3050 755 nos,
3088 685 3268 741 videbo
3296 703 3412 742 vos.

1826 773 2210 830 Mansuetiores
2229 789 2324 830 eos
2361 775 2475 830 vult
2514 775 2760 844 reddere,
2790 776 2972 832 dicens
3016 791 3075 832 se
3114 778 3315 844 pariter
3337 777 3407 833 ad

1826 874 1920 922 eas
1952 866 2158 921 venire.
2195 867 2431 921 Salutate
2460 883 2630 921 omnes
2662 870 2962 937 praepositos
2989 877 3179 922 vestros
3208 880 3255 922 et
3304 885 3416 922 om-

1827 973 1915 1011 nes
1938 965 2161 1011 sanctos.
2194 955 2345 1011 Sicut
2363 957 2701 1027 lgencraliter
2727 960 2976 1014 omnibus
3003 958 3244 1014 Hebreis
3275 960 3414 1014 hanc

1827 1048 2109 1120 epistolam
2156 1049 2468 1118 scripserat,
2502 1050 2576 1105 ita
2616 1053 2937 1120 generaliter
2975 1066 3163 1107 omnes
3219 1053 3415 1107 salutat

1826 1149 1881 1197 et
1908 1141 2088 1209 vigere
2116 1148 2285 1209 optat,
2314 1155 2420 1196 non
2451 1142 2622 1197 solum
2647 1143 2921 1212 praelatos,
2965 1143 3059 1199 sed
3092 1144 3253 1199 etiam
3295 1159 3413 1199 om-

1828 1245 1925 1286 nes
1947 1230 2240 1300 subjectos,
2273 1245 2409 1300 quos
2435 1239 2650 1287 sanctos
2671 1242 2848 1299 vocat,
2880 1234 2972 1303 qui
2997 1235 3165 1289 sancti
3204 1234 3417 1289 fuerant

1828 1323 1884 1377 in
1904 1324 2239 1393 baptismate,
2284 1323 2550 1395 simulque
2581 1325 2852 1380 blanditur
2879 1327 2978 1394 eis,
3014 1326 3139 1381 dum
3184 1326 3417 1382 honora-

1827 1414 2004 1470 biliter
2033 1429 2127 1471 eos
2152 1416 2263 1484 jam
2292 1417 2507 1484 salutat,
2540 1425 2803 1486 quatenus
2832 1417 3322 1473 animadverterent
3352 1432 3419 1473 se

1826 1504 1975 1575 diligi
2014 1507 2083 1562 ab
2131 1506 2225 1561 illo
2275 1521 2382 1561 non
2428 1507 2495 1562 ad
2544 1508 2779 1577 oculum,
2809 1506 2907 1563 sed
2948 1522 3020 1562 ex
3053 1515 3164 1562 toto
3221 1509 3418 1563 aﬁ‘celu

1827 1598 2046 1652 mentis.
2073 1597 2316 1653 Salutant
2336 1614 2423 1651 vos
2450 1598 2513 1650 de
2534 1596 2696 1653 Italia
2733 1600 2936 1669 fratres.
2960 1598 3309 1667 Apertissitne
3328 1599 3423 1654 his

1826 1688 2009 1743 verbis
2026 1688 2181 1743 nobis
2208 1688 2403 1753 innuit,
2430 1689 2574 1758 quod
2602 1690 2788 1744 Roma:
2816 1689 2954 1744 hanc
2970 1689 3249 1758 epistolam
3282 1691 3422 1744 scri-

1831 1782 2017 1851 pserit,
2048 1795 2167 1851 quae
2188 1782 2242 1835 in
2269 1780 2488 1849 regione
2518 1780 2680 1836 Italiae
2710 1783 2811 1837 sita
2835 1792 2937 1850 est,
2960 1792 3033 1852 et,
3068 1783 3206 1839 sicut
3226 1782 3417 1838 docto-

139 1882 231 1928 est
288 1874 481 1943 gloria,
533 1873 586 1928 id
635 1884 737 1942 est,
794 1874 907 1930 Deo
950 1874 1091 1928 Patri
1142 1882 1196 1929 et
1222 1873 1349 1928 Iesu
1378 1872 1616 1940 Christo,
1670 1874 1726 1930 in
1757 1877 1808 1937 B
1831 1871 1983 1928 ribus
2010 1871 2246 1937 videtur,
2279 1871 2335 1925 in
2360 1885 2578 1926 carcere
2605 1881 2723 1927 erat
2767 1881 2894 1927 tunc
2924 1873 3203 1943 temporis.
3235 1873 3418 1927 Gratia

139 1966 323 2021 omnia
354 1968 529 2023 futura
555 1968 772 2025 saecula.
804 1968 996 2023 Amen.
1030 1968 1201 2023 Amen
1229 1976 1408 2023 autem
1440 1967 1727 2022 conﬁrma-

146 2059 223 2113 tio
255 2067 359 2125 est,
392 2073 490 2128 pro
509 2074 574 2115 eo
602 2060 748 2131 quod
778 2070 881 2129 est,
914 2060 1004 2123 ﬁat
1031 2075 1047 2126 ;
1084 2060 1182 2125 vel,
1215 2059 1285 2114 ita
1316 2069 1398 2115 est
1427 2074 1637 2130 verum,
1670 2068 1731 2115 ut

143 2148 296 2203 dixi:
356 2151 501 2220 Rogo
525 2158 697 2205 autem
745 2167 852 2219 vos,
906 2152 1107 2221 fratres,
1160 2150 1495 2219 utsii/feratis
1524 2151 1729 2206 verbum

143 2243 317 2297 solatii
344 2258 364 2297 :
394 2245 577 2299 ctenim
605 2246 877 2313 perpaucis
902 2245 1083 2315 scripsi
1112 2245 1267 2298 vobis.
1316 2243 1449 2299 Nota
1480 2244 1620 2313 quod
1651 2252 1728 2298 to-

142 2342 252 2389 tam
285 2336 564 2405 epistolam
596 2353 759 2392 unum
786 2338 1007 2393 verbum
1036 2336 1347 2406 appellavit,
1408 2350 1508 2392 nec
1537 2336 1678 2390 dixit
1709 2351 1723 2386 :

144 2424 299 2495 Rogo
343 2442 440 2482 vos
471 2437 529 2481 ut
554 2428 821 2483 sufferatis
865 2430 1130 2498 patienter
1153 2427 1377 2481 verbum
1408 2425 1727 2481 admonitio-

140 2520 248 2587 nis,
273 2519 393 2590 quia
422 2521 787 2591 pusillanimes
816 2529 988 2589 erant,
1024 2520 1118 2577 sed
1146 2520 1370 2577 verbum
1399 2519 1599 2585 solatii,
1624 2518 1727 2575 hoc

139 2622 226 2669 est
248 2614 468 2668 verbum
488 2613 1130 2680 consolationis,verbum
1161 2611 1573 2667 adhortationis.
1608 2610 1724 2665 Non

137 2703 285 2758 enim
313 2704 501 2773 scripsi
532 2704 683 2760 vobis
708 2704 895 2773 multa,
928 2704 1026 2760 sed
1055 2718 1243 2774 pauca,
1267 2704 1336 2759 ad
1372 2702 1725 2771 comparatio-

136 2810 266 2852 nem
295 2795 507 2851 illorum
546 2812 665 2867 quae
692 2797 846 2853 vobis
875 2796 1131 2863 dicerem,
1171 2796 1217 2851 si
1260 2808 1499 2865 prrcsens
1525 2807 1722 2862 essem,

138 2888 338 2943 timens
364 2889 517 2945 vobis
558 2890 707 2944 oneri
749 2904 890 2946 esse.
924 2889 1218 2961 Cognoscite
1252 2890 1463 2959 fratrem
1492 2895 1722 2941 nostrum

135 2980 462 3035 Timotheum
501 2983 788 3037 dimissum.
835 2981 1149 3038 Timetheus
1196 2982 1547 3050 coepiscopus
1607 2989 1725 3034 erat

136 3071 283 3127 beati
313 3073 553 3143 Apostoli
582 3084 635 3129 et
681 3073 899 3142 adjutor
927 3073 981 3127 in
1014 3072 1415 3141 praedicatione,
1446 3084 1608 3139 quem
1636 3068 1723 3123 di-

134 3165 219 3221 cit
262 3165 543 3222 dimissum
572 3180 603 3221 a
654 3180 713 3222 se
751 3174 806 3222 et
847 3166 915 3221 ad
953 3165 1391 3235 praedicationem
1433 3163 1719 3226 directum,

135 3256 256 3312 sive
282 3257 350 3312 ab
375 3258 615 3324 Athenis,
647 3257 735 3313 ubi
757 3256 904 3312 illum
926 3256 1205 3311 dimiserat
1229 3255 1473 3311 fortassis
1493 3254 1721 3324 Aposto-

1832 1982 1948 2021 cum
1971 1964 2201 2019 omnibus
2226 1964 2386 2019 vobis.
2407 1964 2588 2018 Amen.
2625 1961 2803 2017 Gratia
2830 1964 3027 2020 dicitur
3053 1964 3219 2035 gratis
3248 1965 3370 2020 data
3399 1981 3414 2028 ;

1831 2060 2021 2129 gratiae
2046 2068 2223 2113 autem
2271 2056 2486 2113 nomine
2535 2056 2796 2111 debemus
2839 2055 2928 2110 hic
2972 2056 3217 2125 accipere
3258 2055 3421 2110 ﬁdem

1833 2148 2148 2220 perfectam,
2188 2162 2311 2202 cum
2358 2146 2707 2202 exsecutione
2745 2146 3007 2199 bonorum
3039 2159 3287 2213 operum,
3333 2158 3419 2198 re-

1832 2239 2147 2294 missionem
2171 2251 2384 2307 quoque
2408 2244 2769 2305 peccatorum,
2795 2250 2951 2304 quam
2967 2233 3269 2303 percipiunt
3288 2232 3421 2288 tide-

1832 2329 1911 2383 les
1943 2336 2182 2395 tempore
2218 2325 2574 2395 baptismatis,
2609 2324 2812 2379 donum
2853 2323 3013 2379 etiam
3041 2322 3271 2392 Spiritus
3301 2335 3421 2377 san-

1830 2418 1924 2483 cti,
1948 2418 2090 2487 quod
2112 2416 2269 2472 datur
2292 2415 2346 2469 in
2390 2415 2715 2484 baptismate
2756 2428 2852 2483 per
2880 2412 3278 2482 impositionem
3312 2426 3421 2466 ma-

1828 2524 1929 2566 nus
1973 2507 2369 2579 episcoporum,
2396 2520 2517 2576 qua:
2557 2505 2737 2560 omnia
2778 2504 2945 2574 gratis
2971 2517 3003 2557 a
3048 2503 3159 2559 Deo
3201 2503 3419 2558 dantur.

1828 2599 1958 2657 Orat
1983 2613 2111 2670 ergo
2138 2596 2426 2667 Apostolus
2456 2604 2516 2651 ut
2546 2598 2645 2650 ista
2675 2594 2851 2651 omnia
2882 2594 2957 2649 illi
2987 2594 3179 2665 quibus
3216 2593 3424 2650 scribe-

1828 2694 1923 2749 bat
1953 2691 2313 2761 possiderent.
2364 2685 2592 2745 Oremus
2621 2696 2677 2744 et
2718 2702 2817 2744 nos
2844 2686 3133 2743 Dominum
3180 2687 3276 2763 pia
3294 2701 3416 2755 sup.

1828 2784 2155 2854 plicatione,
2204 2789 2471 2850 quatenus
2538 2778 2850 2848 sutiragium
2920 2776 3121 2848 egregii
3172 2776 3417 2846 A'postoli

1828 2877 2021 2932 borum
2063 2884 2346 2929 munerum
2395 2884 2495 2926 nos
2540 2882 2878 2940 possessores
2923 2867 2979 2922 in
3026 2866 3311 2938 praesenti,
3354 2865 3415 2921 ti-

1827 2973 2079 3042 demque,
2128 2984 2287 3040 quam
2338 2968 2558 3033 docuit,
2616 2965 2965 3036 integerrime
3010 2963 3410 3031 custodientes,

1825 3067 2086 3136 bonisque
2113 3063 2366 3135 operibus
2391 3071 2748 3127 exornantes,
2790 3060 2858 3116 ad
2896 3060 3411 3129 contemplationem

1826 3172 2076 3229 superna;
2098 3154 2327 3212 visionis
2349 3152 2567 3210 Christo
2589 3153 2725 3209 duce
2745 3152 3049 3222 pertingere
3074 3164 3400 3206 mereamur.

1824 3250 2019 3307 Amen.

130 3356 3397 3412 Μ

1362 3464 2212 3588 ιιιιιηιΔειι

138 3630 1295 3724 COMMENTARIORUM
1354 3632 1740 3717 SUPER
1796 3621 2617 3713 APOCALYPSIM
2694 3622 2795 3703 B.
2851 3615 3344 3708 JOANNIS
3378 3614 3406 3644 "

1328 3771 1635 3846 LIBRI
1708 3763 2209 3856 QUINQUE.

115 3901 134 3945 ι

1583 3955 1972 4018 PROLOGUS.

211 4088 360 4161 Tuis,
390 4088 473 4145 vir
499 4085 724 4145 illustris
748 4090 805 4142 et
826 4082 1082 4154 religiose
1119 4078 1350 4149 Castori,
1387 4076 1728 4135 suasionibus
1757 4073 1805 4137 C
1834 4070 1972 4161 tiens
2004 4080 2119 4161 rem
2147 4063 2572 4161 sibicongruam
2604 4057 2815 4161 fecerit,
2859 4059 2963 4161 sed
2990 4057 3077 4161 vel
3105 4054 3247 4159 quod
3273 4053 3420 4161 inve.

135 4183 511 4253 acquiescens,
554 4182 632 4235 sic
678 4178 873 4234 librum
916 4173 1266 4245 Apocalypsis
1304 4171 1447 4227 beati
1499 4167 1720 4224 Joannis

139 4273 321 4331 multis
376 4272 647 4344 mysteriis
696 4277 1019 4340 opacatum,
1073 4267 1129 4320 in
1184 4263 1451 4335 adjutorio
1513 4259 1722 4315 Domini

141 4366 313 4424 nostri
358 4366 486 4422 Jesu
524 4363 747 4429 Christi,
796 4363 924 4417 licet
973 4358 1180 4427 exiguis
1218 4354 1547 4423 susceperim
1597 4350 1726 4405 viri-

141 4460 246 4516 bus
292 4454 690 4527 exponendum,
721 4461 780 4507 ut
808 4465 913 4507 non
953 4450 1089 4503 meis
1119 4448 1249 4502 solis
1298 4452 1503 4498 tantum
1534 4440 1729 4495 luerim

144 4556 426 4608 contentus
472 4545 724 4611 inventis,
772 4542 870 4597 sed
909 4552 1214 4611 quanquam
1262 4547 1486 4590 numero
1531 4544 1724 4602 pauca,

145 4640 193 4694 si
230 4650 332 4707 qua
360 4645 537 4690 tamen
565 4650 595 4688 a
624 4639 812 4688 sancto
841 4642 1055 4700 quoque
1086 4626 1382 4698 Augustino
1419 4622 1727 4680 testimonia

147 4728 339 4787 exinde
377 4728 624 4795 exposita
654 4725 792 4780 forte
834 4724 1034 4793 reperi,
1080 4720 1445 4777 indubitanter
1485 4714 1727 4785 adjunxi,

148 4822 242 4881 sed
264 4822 422 4879 etiam
452 4835 482 4875 a
511 4816 734 4875 Ticonio
788 4816 1061 4873 Donatista
1100 4811 1368 4885 quondam
1408 4818 1573 4876 certa,
1607 4821 1727 4878 quae

150 4928 279 4972 sano
307 4919 608 4984 congruunt
636 4909 840 4976 sensui,
885 4906 1161 4972 deﬂoravi,
1186 4911 1243 4959 et
1271 4917 1336 4959 ex
1368 4900 1447 4958 eis
1470 4913 1589 4970 qua:
1636 4897 1726 4953 eli-

152 5005 317 5077 genda
365 5004 597 5068 fuerant,
648 4997 975 5055 exundantia
1024 4997 1325 5065 reprimens
1356 5038 1369 5062 ,
1423 4993 1725 5061 importuna

152 5110 422 5162 resecans,
451 5103 504 5149 et
538 5092 779 5162 impolita
804 5101 1157 5158 componens,
1190 5084 1455 5141 catholico
1482 5082 1725 5138 modera-

153 5190 293 5246 mine
319 5184 633 5257 temperavi.
684 5182 848 5239 Multa
898 5179 1094 5251 quippe
1144 5178 1198 5232 in
1242 5177 1358 5247 ipso
1397 5174 1512 5245 ejus
1562 5187 1726 5244 opere

154 5281 326 5352 reperi
370 5290 425 5335 et
465 5291 819 5350 supervacua,
849 5283 904 5330 et
951 5275 1133 5342 inepta
1180 5280 1235 5325 et
1286 5284 1431 5326 same
1472 5268 1731 5324 doctrinm

156 5373 440 5439 contraria,
464 5373 538 5426 ita
576 5378 634 5425 ut
662 5369 732 5424 de
757 5380 917 5423 causa
946 5379 1063 5435 qua:
1091 5362 1230 5419 inter
1269 5376 1367 5417 nos
1391 5370 1448 5417 et
1477 5361 1595 5417 illos
1618 5374 1735 5415 ver-

158 5466 300 5531 titur,
329 5462 619 5519 secundum
646 5459 962 5529 pravitatem
1000 5453 1182 5509 cordis
1217 5452 1301 5507 sui
1346 5452 1459 5506 loca
1488 5450 1733 5505 nocentia

99 5580 121 5635 ξ
156 5563 411 5624 captaret,
445 5561 747 5625 nostraeque
778 5547 1031 5633 Ecclesiae
1075 5543 1230 5599 noxia
1272 5541 1607 5610 expositione
1651 5555 1736 5607 pu-

158 5656 290 5701 taret
313 5643 635 5701 mordaciter
665 5630 1017 5695 illudendum.
1043 5634 1153 5691 Nec
1179 5634 1370 5688 mirum
1396 5630 1536 5701 quod
1566 5630 1739 5685 haere-

233 5793 257 5820 η
296 5781 652 5837 Cassiodorus
681 5777 819 5831 libro
848 5776 915 5829 de
936 5772 1142 5827 Divinis
1175 5769 1524 5825 Lectionibus
1568 5768 1740 5833 capite

166 5857 240 5913 9:
296 5854 499 5909 Nostris
537 5864 736 5921 quoque
778 5844 1081 5915 temporibus
1113 5842 1447 5911 Apocalypsis
1491 5839 1734 5907 pra’dicta

1830 4160 1946 4215 nire
1966 4157 2138 4228 potuit
2167 4152 2498 4219 deﬁoranda,
2530 4149 2671 4221 quod
2700 4160 2879 4206 tamen
2910 4151 3000 4205 ille
3021 4151 3197 4203 facere
3222 4145 3419 4214 injuste

1832 4248 2083 4313 tentavit,
2133 4244 2289 4300 nobis
2317 4255 2462 4297 curae
2506 4240 2627 4305 fuit,
2660 4239 2899 4293 locorum
2929 4234 3420 4307 opportunitatibus

1836 4339 2027 4404 nectis,
2054 4333 2315 4390 veraciter
2335 4329 2886 4397 exsequi,eorumque
2921 4338 3162 4379 errorem
3196 4321 3419 4375 convin-

1836 4426 2008 4485 cendo
2066 4437 2303 4481 cessare.
2352 4421 2504 4476 Sicut
2555 4426 2733 4472 autem
2784 4415 3020 4485 pretiosa
3056 4412 3112 4468 in
3174 4419 3421 4467 stercore

1839 4532 2051 4593 gemma
2085 4530 2114 4570 a
2143 4512 2407 4585 prudente
2452 4510 2614 4565 debet
2658 4508 2853 4575 curari,
2889 4505 3090 4575 colligi,
3119 4510 3174 4560 et
3201 4507 3420 4571 reperta

1837 4610 2085 4683 dignitati
2127 4610 2377 4679 ingenua:
2407 4602 2672 4667 revocari,
2718 4602 2793 4657 ita
2826 4600 3182 4669 undecunque
3221 4595 3423 4650 veritas

1837 4706 2062 4768 clareat,
2089 4698 2371 4757 catholica:
2394 4694 2730 4753 defendenda
2754 4702 2838 4749 est
2863 4692 3078 4749 unitati.
3113 4690 3250 4748 Huic
3278 4688 3422 4744 enim

1836 4796 1938 4853 soli
1965 4798 2223 4867 competit
2242 4792 2504 4866 quidquid
2529 4792 2730 4847 veritas
2753 4789 2888 4845 toris
2910 4788 3073 4845 etiam
3095 4784 3421 4857 personarit.

1836 4888 1986 4944 Justc
2006 4901 2239 4958 namque
2267 4885 2401 4940 ﬁdes
2422 4899 2451 4938 a
2485 4881 2706 4952 perﬁdis
2734 4880 2972 4949 collegit,
3003 4876 3147 4948 quod
3174 4874 3258 4931 sui
3286 4873 3423 4945 juris

1836 4994 1959 5035 esse
1997 4977 2338 5048 cognoverit;
2381 4989 2484 5031 nec
2522 4973 2781 5044 prodesse
2827 4978 3005 5042 potest
3044 4967 3236 5023 alienis
3266 4981 3425 5021 usur-

1836 5081 2043 5141 patum,
2076 5070 2173 5126 sed
2215 5068 2361 5132 ﬁliis,
2408 5081 2531 5122 cum
2562 5081 2706 5122 vera:
2736 5064 2897 5120 matri
2944 5061 3103 5116 fuerit
3128 5058 3416 5114 redditum.

1833 5165 1925 5223 Sic
1950 5173 2125 5220 autem
2154 5161 2445 5217 Donatistae
2477 5159 2598 5214 hinc
2644 5158 2831 5214 extolli
2880 5169 2987 5210 non
3034 5152 3251 5218 debent,
3286 5150 3428 5205 sicut

1762 5216 1813 5278 Ι)
1939 5216 2189 5312 sermone
2216 5253 2455 5323 Caiphae,
2484 5266 2590 5321 quo
2611 5252 2774 5307 dixit:
2812 5247 3044 5317 Expedit
3062 5255 3118 5299 ut
3145 5216 3283 5299 unus
3313 5257 3428 5296 mo-

1843 5352 2013 5407 riatur
2059 5362 2156 5418 pro
2200 5345 2396 5416 populo
2439 5345 2619 5415 (Joan.
2670 5341 2786 5411 xt),
2834 5338 3003 5395 Judaei
3054 5352 3162 5392 non
3228 5334 3429 5389 debent

1843 5440 2081 5513 gloriari.
2121 5437 2227 5495 Sed
2258 5450 2357 5491 nec
2386 5435 2585 5490 nostris
2612 5432 2771 5487 debet
2796 5444 2917 5486 esse
2956 5428 3205 5483 otl‘ensio.
3239 5426 3292 5481 Si
3321 5439 3424 5492 qua

1845 5536 1989 5591 enim
2016 5532 2215 5586 fuerint
2243 5527 2621 5585 ecclesiasticis
2654 5523 2970 5579 utilitatibus
2995 5520 3290 5593 profutura,
3326 5532 3425 5574 no-

1849 5627 1975 5681 stris
2006 5632 2133 5681 sunt
2173 5619 2609 5678 instructionibus
2652 5615 2987 5687 applicanda,
3037 5629 3209 5686 neque
3258 5622 3433 5668 atten-

1854 5765 1921 5819 B.
1949 5764 2178 5834 episcopi
2208 5758 2721 5834 Primasiiantistitis
2773 5756 3005 5834 Africani
3050 5754 3219 5810 studio
3246 5754 3432 5809 minuti

1847 5845 1892 5891 et
1914 5830 2183 5907 diligenter
2210 5834 2431 5903 quinque
2454 5830 2595 5886 libris
2620 5830 2851 5899 exposita
2874 5836 2969 5883 est.
