3968 6354
572 366 675 424 7θὸ

1670 358 1963 417 PRllllASll
2002 364 2042 417 A
2055 361 2453 417 DRUMETANI
2494 357 2699 416 EPISC.

3696 361 3846 418 κτῶ

568 481 738 540 denda
766 496 991 555 persona
1040 480 1290 545 dicentis,
1340 477 1435 534 sed
1480 476 1705 549 qualitas
1752 476 2140 532 consideranda
2170 478 2363 540 Arum
2414 489 2513 529 nec
2554 483 2837 543 penetrare
2880 478 3248 545 competenter
3288 474 3599 545 quiverim,
3642 488 3747 533 nec
3790 492 3843 535 ea

567 586 651 633 est
678 576 947 632 dictionis.
980 576 1068 630 Sic
1095 576 1302 645 Moyses
1327 572 1522 646 (Exod.
1566 569 1721 642 xvm)
1751 569 1990 625 eruditus
2029 584 2146 624 om-

570 685 690 726 nem
714 670 1024 739 sapientiam
1045 667 1439 738 Egypliorum,
1458 673 1576 735 post
1598 663 1763 718 divini
1786 662 2048 718 sermonis
2064 662 2146 716 al-

571 763 831 835 loquium,
850 762 999 832 cujus
1023 760 1225 831 pridem
1248 758 1441 813 meruit
1465 756 1602 812 beati
1631 754 1724 829 [F.
1743 752 1913 825 beari]
1936 769 2149 810 consor-

573 856 671 923 tio,
692 854 911 911 Jetbrou
929 865 1170 906 socerum
1187 865 1364 916 suum,
1381 847 1693 904 mitissimus
1717 848 1925 913 rudem,
1942 847 2147 917 peritus

578 949 844 1019 ignarum,
876 946 1130 1015 magister
1155 947 1386 1014 copiosae
1416 941 1770 998 multitudinis
1799 939 2143 1011 singularem,

572 1040 811 1096 Israelita
832 1038 1085 1109 gentilem
1110 1036 1333 1092 devotus
1359 1034 1582 1102 audivit,
1616 1032 1837 1104 ejusque
1862 1031 2146 1088 consilium

569 1146 821 1203 sequens,
855 1131 1136 1186 utilitatem
1177 1144 1303 1185 mox
1323 1128 1633 1200 praedictam
1661 1125 1881 1190 invenit,
1910 1138 2030 1179 cum
2061 1138 2146 1179 re-

566 1224 721 1292 gendi
752 1222 932 1293 populi
976 1221 1365 1278 communicata
1398 1234 1493 1289 per
1520 1217 1715 1273 multos
1759 1230 1926 1271 onera
1955 1222 2144 1286 porta-

566 1324 750 1374 rentur
779 1314 1081 1385 Specialiter
1112 1313 1393 1382 levigatus,
1426 1310 1504 1365 sic
1529 1317 1674 1364 recte
1700 1307 1767 1363 ab
1787 1306 2015 1362 ethnicis
2047 1318 2135 1360 au-

566 1410 804 1466 ctoribus
837 1408 1183 1477 probabiliter
1204 1406 1341 1461 dicta
1386 1412 1440 1460 et
1465 1400 1770 1472 apostolicis
1799 1398 2140 1470 praedicatio-

568 1503 723 1559 nibus
749 1501 947 1557 sociata
980 1508 1163 1556 nostro
1202 1496 1463 1569 profectui
1490 1495 1643 1566 jussu
1692 1492 1915 1549 meliore
1960 1504 2145 1546 cesse-

568 1603 715 1662 runt,
759 1592 901 1647 unde
949 1601 1129 1647 tamen
1176 1604 1283 1645 non
1330 1587 1574 1643 sinuntur
1629 1584 1844 1656 gloriari
1894 1582 2140 1655 gentiles.

572 1684 892 1739 Extenditur
917 1692 1096 1738 autem
1142 1680 1244 1735 hoc
1270 1693 1404 1750 opus
1430 1678 1484 1733 in
1514 1677 1681 1732 libros
1711 1675 1964 1745 quinque.
2002 1673 2145 1741 Quo-

570 1790 688 1830 rum
715 1775 876 1829 lectio
896 1773 1106 1844 qualem
1130 1772 1383 1828 studiosis
1403 1771 1472 1826 sit
1500 1771 1669 1825 latura
1701 1767 2027 1839 profectum,
2050 1781 2146 1823 ex-

2254 567 2469 637 quidem
2523 582 2641 637 quae
2702 566 2923 636 intelligi
2977 574 3283 635 potuerunt,
3338 567 3553 625 idoneo
3593 569 3840 627 valuerim

2252 673 2500 714 sermone
2524 660 2781 727 proferre.
2816 658 3082 715 Secundis
3101 673 3231 715 vero
3262 659 3367 716 hoc
3401 661 3668 731 alloquio
3697 665 3835 718 satis.

2251 748 2503 803 factionis
2549 750 2838 817 insinuem,
2889 750 3019 805 nihil
3050 766 3137 806 me
3167 750 3398 809 dominis
3450 757 3833 824 conservisque

2250 844 2385 898 meis
2413 844 2670 899 malevole
2690 844 3045 913 subtraxisse,
3077 845 3173 902 sed
3196 847 3530 917 ignorantia:
3558 849 3833 904 confessio-

2250 949 2373 990 nem
2417 935 2485 990 de
2538 936 2829 1006 exiguitate
2907 938 3125 993 mallem
3174 941 3388 997 veniam
3440 942 3750 1011 postulare.
3784 944 3828 999 Si

2250 1028 2393 1084 enim
2422 1038 2644 1098 experto
2693 1044 2803 1085 non
2846 1029 3147 1101 crederem,
3201 1034 3373 1089 sancti
3422 1042 3625 1091 tamen
3672 1035 3828 1090 Hiere-

2248 1122 2396 1192 nymi
2438 1118 2663 1175 edoctus
2692 1123 2959 1177 sententia
2988 1122 3317 1195 didicissem,
3355 1126 3452 1195 qui
3488 1124 3566 1181 de
3597 1124 3699 1180 hoc
3721 1126 3824 1181 libro

2246 1212 2470 1282 loquens
2498 1212 2668 1268 dicit:
2697 1213 3048 1285 Apocalypsis
3091 1216 3316 1273 Joannis
3359 1226 3449 1273 tot
3483 1218 3657 1273 habet
3680 1233 3823 1273 ssc-n-

2247 1312 2428 1358 menta
2454 1302 2785 1373 quotverba,
2830 1319 3015 1373 parum
3056 1306 3195 1375 dixi,
3239 1317 3295 1363 et
3323 1323 3428 1379 pro
3463 1309 3673 1364 merito
3701 1312 3815 1364 vola-

2252 1398 2412 1452 minis
2440 1396 2556 1453 laus
2588 1398 2762 1453 omnis
2789 1396 3013 1453 inferior
3036 1408 3139 1455 est.
3192 1400 3248 1456 In
3278 1400 3364 1456 his
3392 1401 3602 1457 verbis
3630 1403 3810 1471 singulis

2253 1491 2581 1561 multiplices
2605 1491 2775 1547 latent
2807 1492 3197 1564 intelligentiae.
3229 1494 3324 1550 His
3353 1496 3805 1562 intercedentibus,

2246 1593 2302 1640 et
2327 1586 2538 1640 veniam
2566 1583 2786 1639 humilis
2814 1585 3082 1641 confessio
3109 1596 3479 1657 promeretur,
3527 1595 3586 1643 et
3616 1590 3808 1657 prmccisi

2244 1676 2478 1747 dignitas
2504 1675 2630 1732 libri
2656 1675 2996 1733 credentibus
3025 1677 3238 1745 saltem,
3267 1680 3367 1735 etsi
3401 1678 3652 1735 necdum
3691 1682 3808 1736 intel-

2246 1767 2532 1839 ligentibus
2559 1768 2865 1824 innotescit.
2888 1769 3020 1824 Nam
3062 1784 3182 1826 eum
3214 1771 3340 1826 alibi
3386 1786 3531 1827 raro
3571 1772 3798 1844 interponi

568 1876 719 1937 perto
759 1867 949 1923 melius
979 1881 1138 1937 quam
1168 1872 1353 1921 nostra
1388 1863 1778 1935 pollicitatione
1806 1860 2139 1932 probabitur.
2172 1860 2222 1925 B
2246 1861 2419 1918 soleat
2465 1860 2668 1930 tropica
2719 1861 3034 1931 preprietati
3082 1865 3339 1932 narratio,
3394 1864 3498 1920 hic
3545 1874 3711 1920 tamen
3742 1875 3806 1921 aut

570 1958 763 2014 Verum
791 1973 885 2027 pro
920 1956 1317 2012 diversitatibus
1367 1955 1725 2036 opinantium,
1774 1952 2002 2036 diversis
2050 1968 2139 2010 me

566 2041 739 2104 r'nodis
764 2049 994 2104 arbitror
1019 2048 1134 2104 tore
1174 2033 1513 2119 culpandum,
1555 2030 1677 2101 cum
1717 2044 1807 2100 alii
1832 2030 1924 2099 Ide
1973 2042 2131 2113 hujus

565 2142 740 2211 operis
785 2143 1046 2212 crepet-int
1075 2142 1377 2212 prolixitate
1401 2137 1631 2207 causari,
1675 2136 1764 2191 alii
1805 2144 1982 2191 autem
2015 2135 2141 2190 libri

566 2233 828 2303 profunda
861 2240 1168 2303 pensantes,
1201 2232 1270 2288 de
1296 2231 1581 2302 exiguitate
1616 2228 1784 2298 magis
1829 2226 2141 2283 censuerint

566 2325 915 2393 arguentium.
949 2324 1067 2379 Tali
1112 2324 1312 2393 primos
1357 2337 1481 2378 reor
1528 2334 1775 2376 sermone
1824 2319 2137 2390 placandos,

570 2416 711 2485 quod
743 2414 910 2470 satius
948 2429 1035 2470 me
1084 2414 1253 2470 fatear
1291 2415 1356 2469 de
1404 2413 1667 2483 paucitate
1714 2410 2024 2478 notandum,
2078 2424 2143 2467 eo

566 2506 710 2577 quod
736 2507 987 2563 latentem
1009 2507 1081 2563 ibi
1119 2508 1493 2579 mysteriorum
1518 2503 1898 2577 plenitudinem
1931 2503 2140 2560 divino-

2243 1953 2554 2024 t‘requenter
2586 1953 2861 2021 intexitur,
2896 1963 2987 2009 aut
3036 1954 3355 2011 condensior
3414 1956 3601 2027 ﬁgura
3645 1959 3793 2013 sensim

2242 2051 2527 2115 generatur
2557 2056 2624 2098 ex
2649 2043 2837 2109 altera,
2869 2051 2961 2097 aut
2991 2058 3092 2098 una
3123 2044 3424 2116 eademque
3452 2062 3550 2102 res
3578 2046 3793 2102 sicvariis

2245 2135 2520 2205 profertur
2546 2134 2863 2189 adumbrata
2892 2134 3098 2204 ﬁguris,
3130 2146 3185 2190 ut
3210 2151 3317 2191 non
3364 2137 3572 2193 eadem
3596 2138 3797 2193 credatur

2244 2230 2417 2299 repeti
2441 2230 2699 2301 potuisse,
2743 2227 2839 2283 sed
2885 2228 3070 2295 altera,
3115 2229 3255 2299 quod
3283 2239 3339 2287 et
3380 2230 3440 2286 in
3475 2231 3723 2301 principio
3753 2228 3800 2282 Eo

2248 2321 2499 2378 zecbielis
2531 2330 2587 2375 et
2627 2319 2682 2375 in
2733 2319 2997 2388 aliquibus
3055 2319 3289 2376 Danielis
3346 2321 3648 2377 visionibus
3686 2322 3796 2375 inrc-

2250 2413 2415 2479 nitur,
2468 2412 2565 2468 sed
2597 2410 2680 2467 hic
2719 2411 2971 2481 amplius.
3019 2410 3126 2467 Pro
3170 2427 3272 2482 qua
3317 2427 3377 2469 re
3428 2428 3523 2469 me
3571 2415 3792 2468 inﬁmum

2251 2505 2426 2559 nostis
2448 2503 2681 2573 amplius
2707 2504 2904 2560 vestris
2942 2504 3275 2561 orationibus
3300 2504 3679 2577 adjuvandum.

1780 2702 2107 2779 LIBER
2179 2700 2620 2778 PRIMUS.

637 2920 918 2992 Adjurante
939 2919 1176 2987 Domino,
1205 2922 1471 2976 tractaturi
1499 2922 1736 2979 debemus
1755 2924 2042 2978 necessario
2061 2924 2143 2979 in-

574 3014 840 3085 terpretari
867 3012 1088 3079 titulum,
1111 3012 1378 3086 designare
1400 3013 1588 3081 locum,
1612 3031 1823 3070 narrare
1836 3030 2141 3085 sermonem,

567 3104 829 3159 insinuare
838 3119 1125 3177 personam,
1141 3114 1196 3159 ut
1206 3110 1253 3177 ej
1258 3122 1316 3161 us
1325 3107 1633 3162 continentia
1649 3108 1852 3163 nomine
1860 3109 2140 3176 nuntietur,

568 3195 680 3251 loco
707 3195 1056 3267 dignoscatur,
1080 3206 1127 3252 et
1153 3204 1348 3267 tempus
1375 3198 1459 3272 [F.
1488 3198 1751 3270 temmre].
1788 3198 1889 3255 Per
1938 3215 2143 3254 causam

567 3288 790 3361 dignitas
812 3290 1003 3345 clareat
1022 3291 1338 3359 meritorum,
1368 3308 1592 3364 persona
1621 3308 1779 3349 unum
1806 3292 2063 3364 signiﬁcet
2089 3294 2145 3347 in

567 3378 785 3452 collegio
815 3388 1148 3449 eteterorum,
1180 3383 1264 3436 cui
1308 3384 1572 3453 assignare
1604 3382 1891 3453 specialiter
1919 3390 2147 3453 aporteat

567 3484 750 3524 manus
772 3470 1050 3529 indultum.
1077 3471 1202 3526 Cum
1222 3473 1356 3528 enim
1385 3472 1615 3543 singulos
1639 3489 1864 3543 quosque
1894 3472 2047 3529 libros
2068 3472 2148 3527 di-

565 3563 719 3618 versis
743 3572 936 3621 constet
956 3564 1215 3631 voeabulis
1238 3566 1459 3633 titulari,
1490 3569 1768 3640 ἐπιγραφήν
1790 3564 1968 3637 hujus,
1999 3567 2053 3620 id
2074 3575 2151 3621 est

566 3654 1050 3722 superscriptionem
1093 3654 1431 3725 Apocalypsis
1472 3656 1638 3710 decuit
1682 3656 1958 3725 appellare.
2002 3654 2149 3709 Inter

569 3740 772 3797 (ἔπεσθε
792 3745 924 3797 enim
951 3747 1169 3813 positus,
1192 3746 1309 3798 licet
1332 3744 1604 3808 Hebraeus,
1624 3753 1840 3799 tenorem
1864 3746 2001 3814 libri,
2024 3764 2147 3817 pro-

569 3834 781 3903 prietate
820 3834 982 3889 Grtcci
1035 3835 1301 3903 sermonis,
1346 3838 1621 3907 expressit,
1669 3837 1987 3909 ἀποκάλυψις
2017 3842 2147 3892 enim
2177 3865 2223 3930 ο

567 3926 932 3996 interpretatur
954 3926 1217 3981 revelatio.
1242 3926 1338 3980 Cui
1357 3935 1523 3981 autem
1547 3926 1800 3982 Dominus
1823 3927 1973 3983 Jesus
1996 3927 2146 3985 Chri-
2188 3926 2211 3947 "

567 4022 679 4071 stus
699 4016 823 4071 talia
843 4016 1088 4072 reuelaret
1112 4034 1173 4071 ac
1198 4010 1358 4086 tanta,
1392 4018 1493 4072 nisi
1526 4018 1607 4073 illi
1628 4034 1777 4091 quem
1810 4035 1918 4091 pra!
1952 4023 2145 4076 cwteris

568 4107 837 4179 discipulis
884 4108 957 4164 sic
1003 4110 1263 4181 prtecipuo
1308 4124 1482 4165 amore
1522 4111 1725 4178 dilexit,
1754 4121 1809 4167 ut
1853 4112 1939 4167 hic
1976 4113 2147 4171 adhuc

567 4203 785 4274 positus,
816 4203 1090 4273 prwsentia
1110 4204 1367 4273 corporali
1402 4218 1551 4272 super
1584 4213 1758 4275 pectus
1782 4220 1934 4260 suum
1960 4209 2149 4275 faceret

568 4293 707 4366 {elici
738 4301 874 4349 sorte
900 4294 1235 4358 discumbere,
1260 4304 1309 4349 et
1337 4294 1400 4349 de
1428 4295 1542 4364 ipso
1581 4296 1697 4351 vita:
1739 4298 1881 4366 fonte
1928 4295 2153 4367 spiritali

567 4387 791 4442 veritatis
826 4402 1016 4442 arcana
1044 4387 1303 4458 afﬂuenter
1328 4387 1552 4454 haurire,
1585 4398 1639 4442 ut
1687 4397 1943 4460 precante
1988 4390 2145 4461 hujus

572 4475 853 4530 dilectionis
885 4477 1097 4544 indicio,
1127 4476 1262 4532 nulli
1303 4486 1567 4547 putaretur
1594 4478 1826 4547 dubiant,
1856 4478 1948 4533 tali
1982 4477 2151 4535 Joan-

572 4579 687 4619 nem
711 4566 1011 4620 rerelalione
1030 4567 1377 4637 condignum?
1406 4565 1818 4639 Magnitudinem
1850 4568 2040 4637 quippe
2069 4583 2152 4623 re-

572 4653 836 4711 uelationis
898 4657 1248 4712 commendare
1298 4659 1521 4728 primum
1566 4658 1738 4713 decuit
1798 4659 2145 4730 magnitudine

574 4745 859 4803 charitalis.
902 4745 1032 4804 Htec
1077 4757 1245 4802 autem
1282 4763 1341 4803 eo
1372 4757 1595 4816 tempore
1636 4749 1804 4803 videre
1844 4750 2143 4819 promeruit,

2249 2939 2349 2992 quo
2370 2923 2424 2976 in
2449 2920 2662 2976 Palmos
2686 2920 2856 2977 insula
2883 2938 2977 2993 pro
3006 2921 3209 2979 Christo
3238 2939 3268 2978 a
3291 2922 3567 2978 Domitiano
3605 2923 3799 2979 σιεεαη

2250 3014 2432 3070 exsilio
2460 3014 2645 3067 missus
2673 3022 2723 3067 et
2761 3014 2970 3068 metallo
2997 3018 3280 3083 damnatus,
3305 3016 3511 3070 terminis
3535 3019 3797 3070 arcebatur

2249 3106 2499 3160 inclusus.
2536 3102 2775 3175 Congrue
2813 3121 2936 3161 sane
2980 3114 3180 3176 tempus
3210 3106 3461 3161 adhibetur
3490 3118 3534 3161 et
3571 3108 3726 3171 locus,
3753 3118 3799 3161 ut

2251 3194 2339 3249 ubi
2366 3195 2440 3249 vel
2464 3194 2670 3264 quando
2695 3195 2921 3250 humana
2962 3197 3242 3268 putabatur
3268 3198 3443 3253 vinciri
3480 3200 3721 3265 custodia,
3744 3199 3795 3251 ibi

2253 3293 2418 3343 metas
2446 3287 2779 3341 humanitatis
2804 3296 2967 3344 mente
2997 3291 3381 3361 transcendens,
3418 3290 3573 3345 libero
3602 3292 3791 3346 contuitu

2254 3379 2517 3435 meruisset
2563 3382 2732 3434 videre
2776 3381 2985 3448 divina,
3032 3392 3079 3436 et
3130 3384 3211 3437 cui
3250 3394 3366 3438 tunc
3402 3392 3540 3439 certa
3589 3395 3789 3439 tetrarum

2254 3474 2421 3541 spatia
2447 3472 2761 3543 uagabantur
2788 3473 3050 3543 excedere,
3088 3486 3281 3530 secreta
3308 3479 3689 3533 concederentur
3713 3492 3784 3530 re-

2254 3562 2403 3618 leslia
2428 3572 2712 3634 penetrare.
2744 3563 2836 3621 Sic
2881 3566 3011 3634 ﬁdes
3040 3564 3231 3625 Christi
3264 3568 3364 3623 sibi
3403 3570 3559 3627 etiam
3597 3572 3644 3625 in
3675 3567 3780 3620 terris

2254 3656 2475 3711 vindicat
2513 3658 2714 3722 ctutum,
2742 3672 2857 3711 cum
2900 3658 3019 3712 bene
3061 3669 3209 3712 utens
3256 3662 3619 3731 temporalibus
3652 3660 3779 3724 uelis,

2255 3748 2397 3803 bonis
2427 3748 2614 3817 fruitur
2634 3750 2978 3826 sempiternis.
3006 3749 3277 3806 Generalia
3304 3754 3528 3823 proinde
3550 3752 3779 3807 universalis

2256 3838 2503 3894 Ecclesite
2550 3840 2682 3895 bona
2727 3844 2817 3896 uni
2853 3843 3056 3911 quidem
3096 3844 3405 3909 revelantur,
3441 3847 3538 3901 sed
3572 3850 3780 3918 profutura

2255 3934 2488 3989 omnibus
2508 3936 2872 4004 prwdicantur.
2903 3938 3031 4003 Qua:
3055 3938 3267 4007 denique
3303 3939 3451 3994 solus
3480 3942 3621 4006 cidit,
3646 3949 3780 4009 septem

2257 4024 2499 4082 Ecclesiis
2527 4028 2719 4096 scripta
2750 4029 3052 4099 transmisit,
3077 4038 3131 4091 ut
3161 4044 3293 4085 unus
3323 4032 3512 4085 unitati
3541 4032 3779 4092 consulari,

2257 4124 2304 4172 et
2332 4131 2435 4170 non
2461 4117 2558 4171 sibi
2584 4118 2705 4184 soli,
2731 4118 2822 4173 sed
2853 4119 3086 4174 erunibus
3122 4120 3277 4174 etiam
3314 4138 3368 4175 se
3406 4122 3657 4177 laborasse
3677 4122 3783 4173 doce-

2257 4214 2357 4262 ret.
2388 4205 2575 4263 Postea
2604 4224 2719 4265 vero
2747 4209 3085 4283 Evangelium
3129 4213 3350 4287 scripsit,
3393 4230 3516 4270 cum
3566 4232 3662 4270 eum
3698 4220 3785 4282 post

2253 4296 2535 4355 Domitiani
2561 4313 2773 4359 mortem
2799 4305 2980 4361 exsilio
3010 4307 3224 4362 liberum
3245 4308 3529 4364 multorum
3554 4316 3786 4380 precaretur

2255 4391 2578 4463 congregatio
2598 4395 2934 4465 sacerdotum,
2961 4414 3025 4452 ne
3043 4400 3293 4468 falsorum
3310 4402 3689 4469 prtedicatorum
3705 4398 3788 4451 luit

2254 4481 2425 4551 decipi
2454 4483 2653 4539 sinissel
2685 4487 2909 4556 ignaros.
2949 4488 3247 4547 Valentinus
3276 4494 3433 4561 enim,
3481 4492 3725 4550 Cerinthut
3754 4499 3787 4543 et

2253 4569 2422 4627 Ebion
2449 4575 2634 4631 multos
2677 4594 2795 4634 suos
2831 4580 3141 4651 falsitatibus
3169 4584 3506 4650 irretirejam
3567 4592 3786 4658 ceperant,

2249 4662 2431 4733 quibus
2455 4666 2568 4735 iure
2594 4670 2856 4733 cassandis
2884 4673 2988 4727 veri
3010 4671 3277 4747 Evangelii
3303 4677 3476 4749 fuerat
3508 4680 3715 4734 novitate
3731 4690 3788 4729 tt-

2250 4755 2555 4816 sistendum.

575 4864 3792 4904 Ἥ

964 4932 1301 4992 CAPITULA
1338 4932 1515 4989 LIBRI
1554 4931 1765 4989 PRIMI.

571 5024 613 5099 I.
660 5026 889 5099 Titulus,
924 5028 1187 5095 meritum,
1216 5037 1409 5099 tempus
1436 5026 1730 5097 designatur
1763 5035 1811 5081 et
1842 5025 2007 5082 locus.
2070 5028 2075 5035 '

846 5100 1174 5178 principium.
1315 5097 1323 5099 ’
1469 5168 1502 5178 η
1551 5169 1577 5178 __
1678 5168 1691 5178 .
1735 5172 1744 5178 Δ
1906 5174 1915 5178 Δ
1959 5166 1989 5178 Α

571 5168 657 5221 Ill.
677 5168 1044 5251 _Ec.clesiarum
1071 5178 1260 5251 septem
1286 5168 1640 5240 compellatio,
1675 5168 2021 5235 interpretatio
2045 5209 2060 5236 ,
2096 5174 2144 5222 et

644 5243 948 5310 signiﬁcatio
977 5249 1302 5295 memoratur.

572 5307 661 5363 IV.
716 5309 974 5393 visionum
993 5312 1173 5393 seriem
1192 5328 1360 5379 orsus,
1403 5309 1692 5380 exsequitur
1732 5308 1789 5363 in
1819 5306 2141 5364 candelabris

642 5389 811 5436 aureis
839 5389 888 5436 et
912 5389 1123 5439 cwteris.

644 5607 823 5664 CAPUT
886 5623 1107 5665 rutuuu.
1170 5607 1505 5678 Apocalypsis
1552 5606 1678 5662 Jesu
1717 5593 1941 5675 Christi,
1989 5625 2146 5679 quam

577 5699 714 5752 dedit
738 5700 815 5753 illi
856 5700 992 5755 Deus
1018 5700 1191 5771 palam
1220 5700 1386 5771 facere
1420 5700 1572 5755 sends
1612 5700 1739 5759 suis.
1770 5699 2043 5756 Revelatio
2063 5708 2150 5757 est

576 5790 701 5845 Jcsu
746 5789 966 5883 Christi,
996 5807 1155 5862 quam
1182 5802 1463 5861 propterea
1494 5792 1633 5848 Deus
1661 5791 1823 5848 Pater
1860 5792 1909 5847 ei
1937 5793 2150 5850 dedisse

579 5882 791 5949 dicitur,
823 5881 940 5937 Cum
972 5882 1329 5951 inseparabile
1356 5882 1529 5942 Patris
1558 5891 1614 5941 et
1658 5881 1780 5943 Filii
1819 5897 1957 5956 opus
1984 5898 2146 5941 omne

2172 4939 2230 5002 D

2256 4983 2317 5039 V.
2355 4982 2671 5063 Angelorum
2694 4986 3039 5063 Ecclesiarum
3078 4998 3268 5063 septem
3292 4993 3522 5063 qualitas
3582 4996 3716 5049 battle
3738 4993 3792 5044 is-

2321 5054 2558 5135 sinuatur
2577 5064 2627 5111 et
2653 5060 2807 5135 culpa
2828 5054 3400 5135 intel'posila'mentione
3418 5066 3607 5135 viginti
3625 5076 3795 5135 “alio:

2322 5129 2604 5201 seniorum,
2642 5129 2769 5183 ostio
2808 5129 2986 5201 aperto
3022 5133 3077 5188 in
3107 5134 3252 5189 cmlo.

2249 5197 2335 5253 VI.
2377 5197 2458 5253 De
2486 5200 2669 5254 throno
2704 5197 3247 5259 exire'coruscationes
3283 5214 3332 5260 et
3362 5205 3595 5263 tonitrua
3622 5206 3744 5261 dicit.

2248 5266 2486 5395 νιὲὼὶρε
2537 5280 2729 5339 septem
2781 5275 2965 5343 faculis
3009 5284 3057 5330 et
3095 5285 3318 5346 quatuor
3349 5278 3665 5335 animalibus
3703 5293 3797 5332 etu-

2254 5610 2531 5681 probetur,
2581 5610 2691 5667 imo
2719 5610 2880 5667 etiam
2912 5594 3141 5683 Spiritus
3187 5612 3380 5681 sancti,
3412 5613 3571 5684 cujus
3606 5612 3693 5669 hic
3732 5624 3807 5664 no-

2252 5716 2378 5757 men
2425 5702 2729 5771 lrequenter
2772 5704 3023 5771 insinuat,
3078 5720 3143 5762 eo
3186 5705 3327 5775 quod
3372 5706 3535 5761 etiam
3564 5707 3617 5762 in
3664 5706 3807 5760 forma

2252 5794 2394 5847 servi
2414 5808 2548 5849 unus
2569 5795 2818 5864 idemque
2849 5802 2903 5851 et
2924 5810 2955 5849 a
2977 5793 3135 5851 Patre
3175 5797 3419 5866 accipiat,
3448 5807 3500 5851 et
3525 5812 3645 5851 cum
3678 5796 3809 5848 Patre

2253 5884 2531 5955 concedat,
2565 5901 2675 5957 gnte
2712 5895 2906 5956 oportet
2933 5887 3047 5956 fieri
3093 5888 3145 5945 in
3176 5889 3345 5945 brevi.
3376 5889 3561 5945 Omnis
3599 5902 3684 5943 res
3711 5897 3811 5954 qua:
