3968 6354
172 384 271 439 7‘7'7

1178 390 1631 451 COMMENTAR.
1674 389 1741 447 IN
1782 388 2164 448 APOCALYP.
2208 389 2337 447 LIB.
2381 390 2421 447 l.
3338 385 3442 440 7C8

177 499 543 567 temper-aliter
569 501 788 571 geritur,
823 499 983 560 habet
1028 504 1310 559 exordium
1351 513 1408 559 et
1444 516 1657 558 cursum
1708 498 1838 558 etA
1866 500 1994 555 dicit
2051 500 2222 573 (Psal.
2252 499 2470 571 xxxiii),
2515 498 2831 555 lienedicam
2881 499 3161 554 Dominum
3209 501 3257 554 in
3300 500 3444 555 omni

172 595 487 652 terminum.
540 598 664 653 Post
692 608 933 655 exortum
966 609 1142 655 autem
1176 598 1453 666 Ecclesiae,
1497 612 1615 667 qum.
1642 597 1752 666 jam

170 685 347 741 fuerat
393 691 755 758 apostolorum
804 691 1179 761 praedicatione
1229 691 1469 758 fundata,
1522 688 1756 746 revelari

170 778 433 847 oportuit,
465 782 695 851 qualiter
722 782 909 839 fuisset
935 784 1094 839 latius
1116 782 1481 853 propaganda,
1506 781 1588 837 vel
1613 780 1757 852 quali

1862 599 2125 661 tempore,
2171 608 2383 663 semper
2410 594 2526 647 laus
2558 592 2673 663 ejus
2700 593 2751 647 in
2785 607 2876 647 ore
2908 608 3057 662 meo,
3091 602 3143 648 et
3172 592 3456 662 Sapientia.

1860 683 2143 738 mdiﬁcavit
2189 684 2291 739 sibi
2339 685 2592 755 domum,
2650 684 2845 740 excidit
2890 685 3167 739 columnas
3228 694 3437 753 septem

1862 772 2043 844 (Prov.
2074 773 2175 840 ιι),
2208 782 2261 829 et
2300 784 2492 830 etctera
2518 776 2709 846 quibus
2740 775 2979 830 Ecclesia
3012 762 3319 845 praediciiur
3345 790 3437 830 or-

172 871 340 926 ctiam
385 873 491 929 fine
520 883 793 944 contenta,
835 886 895 933 ut
920 878 1302 947 praedicatores
1332 876 1570 931 veritatis
1600 876 1760 945 hujus
1861 864 1983 920 hem
2015 879 2328 935 P0350353”
2356 877 2645 934 ίοιΐεηυῐην
2680 883 2839 939 illlam
2874 870 3011 925 είουῐ
3040 886 3197 925 “nam
3230 884 3445 941 Ροεεθε-

168 964 500 1033 cognitionis
545 967 738 1024 ﬁducia
768 968 911 1036 freti,
954 969 1316 1025 indubitanter
1344 967 1762 1039 aggrederentur

176 1057 337 1122 pauci
365 1057 587 1128 multos,
635 1058 870 1117 inermes
914 1071 1168 1125 armatos,
1216 1059 1447 1115 humiles
1476 1058 1756 1128 superbos,

174 1145 375 1201 infirmi
404 1146 625 1215 nobiles,
658 1149 763 1208 vivi
813 1160 991 1208 tamen
1032 1149 1348 1222 spiritaliter
1398 1158 1657 1207 mortuos.
1702 1146 1760 1203 ln

175 1234 329 1292 brevi
352 1250 483 1294 sane
509 1239 648 1309 apud
676 1240 842 1298 Deum
875 1242 1091 1312 dicitur,
1122 1244 1549 1314 quantiscunque
1576 1242 1628 1295 in
1660 1239 1764 1297 hac

176 1326 291 1383 vita
316 1329 537 1385 morulis
565 1331 761 1402 aliquid
811 1334 1125 1404 proteletur,
1161 1334 1247 1389 eui
1290 1335 1546 1403 pmpheta
1589 1331 1762 1402 (Psal.

180 1418 403 1491 LXXXIX)
432 1437 446 1472 :
476 1421 739 1488 Quoniam
784 1424 932 1479 mille
976 1425 1102 1479 anui
1131 1436 1255 1480 ante
1298 1424 1483 1480 oculos
1514 1433 1658 1490 tuos,
1684 1422 1765 1477 in-

178 1509 317 1578 quit,
345 1516 593 1580 tanquam
622 1513 739 1569 dies
773 1513 1056 1570 hesternus
1084 1518 1173 1585 qui
1206 1515 1485 1586 praeteriit,
1515 1523 1564 1569 et
1600 1515 1765 1585 signi--

180 1600 353 1668 ﬁcavit
381 1603 672 1660 nuntianda
701 1621 792 1674 per
814 1608 1052 1676 angelum
1090 1624 1236 1661 suum
1260 1623 1402 1661 servo
1430 1623 1523 1660 suo
1551 1605 1765 1671 Joanni,

180 1694 268 1763 qui
290 1695 596 1765 praedicavit
620 1698 842 1754 verbum
872 1699 966 1753 Dei
999 1710 1046 1755 et
1075 1702 1437 1757 testimonium
1469 1699 1590 1755 Jesu
1620 1698 1770 1754 Chri-

183 1786 278 1851 sti,
304 1801 368 1843 ca
405 1804 524 1859 qua:
549 1790 693 1844 vidit.
740 1790 996 1862 Dicendo,
1032 1792 1351 1863 signiﬁcavit
1375 1792 1576 1865 aliquid
1605 1791 1766 1847 etiam

1865 956 2071 1017 sionem
2102 957 2157 1011 in
2184 957 2549 1015 litereditatem
2585 961 2726 1017 i‘dem
2749 962 2994 1017 Christus
3017 963 3242 1033 accepit.
3269 961 3440 1032 Dabo,

1866 1048 2060 1119 inquit,
2111 1049 2205 1105 tibi
2231 1059 2416 1121 gentes
2444 1052 2809 1110 lizcreditatem
2838 1064 2978 1109 tuam
3002 1097 3017 1121 ,
3063 1064 3118 1111 et
3147 1056 3443 1126 possessio-

1867 1154 1991 1195 nem
2046 1148 2187 1194 tuam
2237 1142 2494 1199 terminos
2524 1153 2679 1199 terrzc
2714 1144 2883 1215 (Psal.
2915 1147 3000 1217 ιι).
3038 1146 3170 1203 llinc
3209 1146 3440 1202 catholi-

1869 1244 1989 1285 cum
2022 1230 2364 1301 singulariter
2391 1234 2595 1290 obtinet
2640 1251 2831 1292 nomen
2861 1277 2875 1303 ,
2925 1252 2989 1293 eo
3020 1237 3164 1309 quod
3190 1238 3443 1295 smculum

1870 1330 2037 1377 totum
2059 1323 2168 1377 sola
2196 1324 2530 1382 haereditaria
2560 1327 3122 1399 possideatdignitate.
3141 1330 3267 1387 Hcce
3292 1344 3437 1387 nunc

1870 1414 2131 1472 Joannem
2196 1417 2376 1485 audit,
2432 1420 2863 1492 salutationeque
2908 1432 3223 1492 perpetuam
3266 1431 3450 1494 sperat

1869 1509 2145 1579 redempta
2174 1512 2422 1565 salutem.
2454 1511 2636 1568 Gratia
2666 1515 2799 1571 vobis
2826 1524 2875 1571 et
2902 1532 3003 1584 pax
3022 1531 3051 1571 a
3083 1517 3213 1584 Deo,
3237 1518 3325 1589 qui
3349 1526 3445 1589 est,

1872 1608 1920 1654 et
1948 1601 2036 1671 qui
2065 1609 2256 1669 erat,et
2282 1602 2367 1672 qui
2384 1613 2622 1658 venturus
2651 1614 2724 1659 est
2752 1607 3275 1676 omnipotens.Licet
3299 1609 3449 1677 juxta

1874 1693 2189 1763 Apostolum
2212 1691 2310 1765 (II
2334 1692 2522 1767 Cor.v)
2548 1696 2685 1751 Deus
2714 1706 2829 1752 erat
2854 1697 2905 1751 in
2933 1698 3166 1766 Christo,
3194 1698 3451 1755 mundum

1874 1785 2231 1841 reconcilians
2262 1784 2387 1852 sibi,
2412 1785 2499 1841 vel
2543 1786 2683 1841 sicut
2712 1786 2826 1857 ipse
2858 1796 3082 1844 testatur
3105 1788 3282 1861 (Joan.
3316 1788 3456 1859 vui),

183 1876 480 1935 futurorum
528 1888 581 1936 et
627 1884 1008 1953 mysteriorum
1059 1885 1314 1951 ostendit,
1359 1899 1459 1941 nec
1486 1884 1771 1955 superficie
1803 1883 1849 1943 B
1876 1876 1977 1946 QUi
2019 1892 2106 1933 me
2128 1878 2292 1944 ωῖεῖι,
2341 1893 2550 1935 mecum
2583 1888 2699 1948 est,
2746 1888 2965 1949 Ρΐορῑθν
2996 1881 3251 1937 “nitatem
3296 1884 3453 1939 υιιίυε

186 1964 379 2023 littera:
408 1983 507 2025 nos
532 1969 697 2026 voluit
726 1986 1005 2028 remanere
1032 1984 1337 2043 contentos,
1365 1990 1501 2045 quos
1540 1975 1605 2029 ad
1650 1990 1767 2046 my-

186 2060 347 2113 steria
375 2058 532 2118 altius
574 2064 951 2132 perscrutanda
996 2067 1399 2137 signiﬁcationis
1428 2070 1595 2124 verbo
1640 2068 1771 2126 fecit

190 2148 440 2207 intentos.
472 2153 639 2209 Servo
678 2165 855 2212 autem
883 2172 981 2213 suo
1023 2157 1214 2215 Joanni
1265 2175 1385 2215 cum
1420 2161 1573 2225 dicit,
1621 2158 1771 2215 omni

191 2241 446 2299 Ecclesiae
472 2245 523 2301 in
553 2261 660 2303 uno
688 2249 916 2305 revelari
938 2252 1124 2322 voluit,
1157 2267 1313 2321 quam
1345 2254 1398 2307 in
1428 2253 1629 2308 unitate
1657 2254 1772 2307 fun-

188 2332 357 2389 davit.
390 2336 513 2392 Ideo
542 2339 671 2394 dicit
699 2342 873 2410 palam
897 2341 1074 2399 facere
1102 2345 1274 2399 servis
1300 2344 1433 2415 suis,
1466 2361 1569 2400 non
1597 2347 1773 2401 solum

192 2423 285 2479 uni
314 2439 377 2480 ex
405 2427 606 2494 multis,
636 2429 729 2485 sed
775 2446 870 2501 per
898 2448 1060 2489 unum
1107 2435 1286 2504 potius
1316 2436 1605 2503 universis,
1634 2437 1776 2493 sicut

191 2517 341 2588 regni
373 2519 633 2575 caelorum
678 2522 827 2580 solus
857 2523 1047 2582 Petrus
1092 2529 1272 2583 claves
1317 2530 1524 2599 accepit
1557 2529 1773 2602 (Matth.

194 2608 332 2679 xvr),
364 2625 465 2681 qua
498 2621 673 2670 tamen
703 2623 971 2686 potestate
1010 2620 1187 2676 omnis
1231 2620 1474 2677 Ecclesia
1501 2624 1581 2678 uti
1609 2622 1779 2679 subli-

196 2707 336 2755 mata
385 2704 703 2772 promeruit.
747 2706 913 2764 Recte
941 2723 1073 2765 sane
1123 2711 1337 2781 adjecit,
1387 2727 1483 2783 per
1525 2714 1777 2787 angelum

194 2804 403 2848 suuma
450 2794 664 2854 Christo
705 2796 869 2857 luisse
911 2801 1173 2887 discipulo
1218 2804 1602 2875 demonstrata,
1656 2823 1780 2865 cum

197 2900 295 2956 per
319 2902 646 2961 assumptam
674 2903 999 2966 creaturam,
1024 2914 1129 2953 non
1158 2912 1253 2969 per
1274 2899 1569 2957 divinitatis
1590 2916 1780 2958 essen-

198 2975 326 3033 tiam
352 2978 621 3036 Christum
646 2997 860 3055 semper
884 2986 1083 3042 clareat
1110 2991 1421 3061 apparuisse
1466 2995 1781 3053 mortalibus

202 3079 257 3125 et
285 3081 409 3128 ante
429 3071 854 3133 lncarnationem
876 3087 1071 3151 etpost
1096 3080 1501 3152 Ascensionem,
1532 3096 1782 3156 propter-

202 3176 266 3219 a
289 3162 334 3219 is
356 3165 445 3234 qui
466 3180 589 3221 eum
631 3168 942 3241 magistrum
968 3182 1189 3229 noverat
1224 3174 1277 3229 in
1302 3174 1518 3232 homine
1530 3188 1784 3250 suscepto

1872 1968 2221 2040 ejusdemque
2255 1978 2461 2025 natura:
2492 1987 2504 2023 :
2538 1970 2604 2025 ad
2645 1984 2927 2040 personam
2978 1981 3155 2028 tamen
3199 1972 3320 2028 Filii
3371 1974 3460 2030 hic

1874 2064 2091 2133 proprie
2139 2061 2460 2133 redigendus
2504 2072 2587 2119 est
2634 2064 2802 2118 locus.
2836 2064 2931 2119 Est
2969 2062 3132 2129 enim,
3166 2064 3289 2134 quia
3315 2058 3457 2121 idem

1874 2164 2180 2227 permanet;
2208 2166 2341 2223 erat,
2367 2156 2488 2227 quia
2515 2170 2637 2211 cum
2664 2156 2822 2212 Patre
2851 2155 3031 2211 omnia
3053 2156 3312 2224 condidit,
3344 2170 3453 2213 non

1877 2260 1941 2301 ex
1969 2244 2178 2315 virgine
2222 2246 2431 2301 initium
2462 2249 2692 2316 sumpsit
2725 2264 2739 2301 :
2774 2256 3028 2303 venturus
3063 2255 3145 2303 est
3199 2247 3264 2302 ad
3310 2247 3458 2318 judi«

1877 2338 2125 2406 candum,
2149 2347 2196 2394 et
2225 2356 2257 2392 a
2287 2348 2473 2410 septem
2502 2341 2763 2411 spiritibus
2790 2341 2875 2410 qui
2901 2341 2957 2395 in
2988 2350 3258 2412 conspectu
3286 2342 3458 2399 throni

1880 2429 1977 2487 Dei
2004 2439 2142 2487 sunt.
2191 2433 2419 2504 Propter
2446 2434 2801 2511 septenariam
2827 2434 3194 2505 operationem
3227 2435 3459 2505 Spiritus

1882 2521 1941 2581 S.
1973 2512 2309 2599 septiformis
2346 2524 2590 2599 Spiritale
2619 2526 2815 2582 dicitur
2846 2526 2980 2597 (lsa.
3027 2527 3115 2600 ιι),
3148 2526 3203 2584 id
3233 2534 3334 2592 est,
3364 2541 3455 2581 sa.

1882 2608 2181 2685 pientiaiet
2213 2614 2536 2683 intellectus,
2566 2619 2779 2674 consilii
2810 2626 2863 2673 et
2892 2618 3243 2687 fortitudinis,
3274 2619 3456 2676 scien-

1888 2706 1973 2761 tiae
2001 2715 2055 2762 et
2081 2706 2319 2777 pietatis,
2354 2716 2409 2763 et
2436 2707 2648 2763 timoris
2675 2708 2908 2766 Domini.
2941 2709 3109 2767 Unius
3135 2708 3281 2765 enim
3302 2710 3463 2781 spiris-

1886 2804 1972 2853 tus
2014 2797 2151 2854 dona
2174 2798 2415 2869 legaliter
2434 2800 2897 2868 commendantur,
2930 2801 3143 2872 quando
3168 2805 3210 2871 ja
3246 2808 3455 2873 septem

1885 2888 2167 2959 spiritibus
2194 2903 2297 2958 pax
2338 2900 2394 2947 et
2433 2892 2603 2962 gratia
2648 2890 2857 2948 devOtis
2887 2901 3121 2963 optatur,
3166 2894 3304 2949 etab
3331 2892 3461 2949 Iesu

1889 2981 2115 3050 Christo,
2144 2982 2233 3054 qui
2259 2990 2333 3039 est
2358 2984 2496 3037 testis
2513 2982 2700 3052 ﬁdelis,
2724 2984 3095 3055 primogenitus
3120 2995 3467 3041 mortuorum.

3632 2471 3649 2509 ί

3489 2496 3602 2553 (“Fs

1889 3052 2515 3158 Inuhominesuscepto
2559 3076 2919 3131 testimonium
2972 3075 3247 3145 perhibuit
3300 3076 3469 3142 Patri,

1888 3156 2009 3225 cum
2030 3156 2342 3238 praedicans
2380 3166 2511 3221 dicit
2538 3164 2716 3240 (Joan.
2750 3166 2922 3239 xvii):
2952 3167 3017 3223 Et
3043 3176 3227 3224 notum
3255 3167 3357 3225 feci
3387 3168 3472 3226 eis

207 3256 567 3316 testimonium
600 3262 867 3332 perhibuit
893 3264 1141 3322 invisibili
1164 3270 1348 3340 verbo,
1378 3284 1442 3327 ac
1469 3286 1538 3328 ne
1560 3274 1782 3329 verbum
1811 3260 1861 3327 α
1890 3274 2088 3318 nomen
2115 3266 2289 3323 illum,
2312 3267 2365 3313 εί
2402 3268 2586 3313 "mum
2613 3259 2801 3316 ίθείθῐη
2829 3275 2843 3315 ε
2870 3261 3011 3332 (μιοά
3038 3260 3237 3317 liminis
3262 3259 3468 3317 dudum

209 3356 415 3407 tantum
458 3354 793 3412 sentiendum
825 3359 1050 3428 quisque
1089 3369 1324 3432 putaret,
1360 3380 1556 3422 nomen
1598 3383 1793 3426 rursus.

207 3440 333 3498 Jesu
363 3443 870 3520 Christisubjunxit,
898 3451 1040 3522 quod
1066 3452 1132 3509 ad
1153 3455 1386 3526 suscepti
1417 3456 1648 3514 hominis
1675 3458 1787 3515 for-

212 3549 355 3591 mam
402 3538 671 3608 pertinere
722 3557 828 3599 non
879 3544 1079 3612 nescit,
1136 3545 1284 3602 Felix
1314 3547 1402 3619 qui
1440 3550 1560 3620 legit
1604 3559 1653 3605 et
1694 3552 1789 3624 qui

211 3626 435 3682 audiunt
454 3630 603 3685 verba
628 3633 909 3704 prophetia:
936 3633 1114 3707 hujus,
1145 3648 1194 3692 et
1239 3640 1547 3695 custodiunt
1588 3657 1647 3695 ea
1674 3658 1791 3713 qua:

212 3719 269 3773 in
293 3735 352 3775 ea
380 3723 572 3794 scripta
604 3734 744 3781 sunt.
779 3726 1045 3796 Dicendo,
1079 3728 1166 3800 qui
1196 3729 1323 3799 legit
1351 3739 1405 3786 et
1424 3732 1514 3802 qui
1544 3732 1784 3803 audiunt,

215 3825 500 3882 personam
527 3816 808 3874 doctorum
848 3828 904 3876 et
934 3819 1255 3877 discentium
1295 3822 1702 3895 demonstravit,
1732 3834 1793 3882 ut

214 3914 269 3962 et
295 3907 468 3964 studio
506 3908 714 3979 legendi
753 3910 1011 3968 desidiam
1058 3924 1398 3986 removeret,
1440 3924 1495 3973 et
1525 3919 1792 3975 servanti-

219 3999 318 4056 bus
348 3997 732 4058 beatitudinem
780 4004 1165 4074 desponderet,
1214 4007 1406 4076 quibus
1453 4009 1614 4063 etiam
1658 4024 1793 4065 con-

218 4100 415 4163 gruunt
452 4108 571 4164 quae
627 4105 941 4167 sequuntur,
987 4104 1043 4152 et
1082 4106 1298 4154 servant
1348 4112 1411 4154 ea
1447 4113 1568 4169 quas
1622 4101 1677 4156 in
1730 4115 1796 4157 ea

219 4185 417 4257 scripta
457 4193 582 4243 sunt
614 4202 627 4240 :
661 4186 784 4259 quia
810 4187 1054 4258 utrisque
1083 4203 1299 4245 servare
1328 4190 1603 4262 competit,
1634 4192 1795 4250 utris-

221 4292 324 4348 que
351 4281 628 4336 convenit.
675 4279 793 4336 Non
838 4282 983 4337 enim
1026 4281 1302 4339 auditores
1348 4284 1481 4354 legis
1508 4284 1638 4357 justi
1672 4294 1799 4368 sunt

221 4368 361 4439 apud
392 4370 583 4437 Deum,
613 4370 707 4425 sed
738 4370 967 4427 factores
993 4372 1125 4440 legis
1153 4372 1592 4441 justiticabuntur
1618 4374 1796 4443 (Rom.

221 4458 304 4530 ιι).
332 4459 466 4526 Quia
492 4468 688 4530 tempus
710 4460 820 4531 jam
847 4460 901 4516 in
930 4462 1174 4531 proximo
1203 4470 1308 4531 est,
1343 4463 1561 4535 scilicet,
1588 4474 1647 4521 ut
1686 4465 1799 4521 siu-

220 4549 345 4622 gula
376 4564 493 4621 quae
516 4550 737 4607 dicenda
767 4562 892 4609 sunt
932 4552 1273 4625 impleantur,
1312 4568 1436 4612 eum
1465 4564 1519 4623 et
1546 4558 1799 4629 plantatte

1892 3361 2142 3424 negatum
2192 3348 2517 3417 ostendens,
2568 3349 2698 3407 dicit
2751 3350 2950 3421 (Exod.
2997 3352 3113 3423 Vt):
3160 3350 3231 3408 Et
3277 3364 3476 3408 nomen

1892 3459 2071 3503 meum
2099 3443 2305 3500 Adonei
2333 3457 2440 3499 non
2466 3442 2697 3499 iudicavi
2741 3444 2841 3499 eis.
2886 3441 3105 3500 Cr‘edito
3132 3444 3276 3501 enim
3306 3443 3475 3512 Filio,

1896 3534 2072 3592 Patris
2114 3550 2328 3609 quoque
2381 3535 2567 3591 notitia
2619 3535 2970 3594 nihilominus
3011 3537 3477 3599 revelatur:nam

1893 3626 2036 3684 filius
2049 3642 2153 3684 non
2166 3626 2453 3693 diceretur,
2470 3628 2570 3683 nisi
2594 3636 2800 3698 patrem
2824 3628 3044 3697 haberet
3062 3645 3077 3697 ;
3100 3643 3274 3700 neque
3295 3637 3477 3700 pater.

1895 3718 1998 3774 nisi
2020 3719 2186 3774 filium
2201 3717 2497 3775 habuisset.
2512 3719 2661 3776 Alter
2674 3721 2851 3792 itaque
2866 3721 3087 3785 alterius
3098 3722 3476 3793 praedicatione

1895 3809 2250 3881 cognoscitur,
2269 3808 2392 3880 quia
2422 3810 2649 3881 paterin
2678 3810 2881 3880 lilio,et
2902 3811 3043 3869 illius
3074 3813 3125 3871 in
3140 3822 3295 3885 patre
3323 3826 3485 3872 vera-

1895 3902 2031 3960 citer
2043 3901 2387 3974 approbatur.
2406 3901 2507 3970 Qui
2528 3904 2669 3960 enim
2683 3919 2789 3962 non
2812 3904 3124 3963 honoriﬁcat
3136 3906 3354 3977 Filium,
3369 3921 3479 3965 non

1897 3993 2215 4049 houoriticat
2227 3993 2437 4049 Patrem
2450 3994 2539 4065 qui
2551 3994 2697 4051 misit
2708 3996 2856 4052 illum
2876 3996 3055 4070 (Joan.
3076 3998 3157 4069 ν).
3172 3998 3305 4056 [line
3317 3999 3479 4056 etiam

1900 4087 2040 4143 idem
2054 4086 2289 4142 Joannes
2311 4086 2362 4140 in
2376 4101 2470 4143 sua
2493 4087 2730 4157 Epistola
2743 4089 2873 4144 dicit
2887 4105 2902 4144 :
2917 4090 3019 4157 Qui
3028 4091 3200 4148 credit
3221 4092 3481 4149 in'Fillum

1900 4179 1997 4237 Dei
2026 4180 2185 4236 habet
2222 4178 2586 4237 testimonium
2612 4180 2709 4236 Dei
2737 4180 2793 4247 in
2822 4196 2910 4247 se;
2940 4182 3031 4252 qui
3058 4196 3168 4239 non
3190 4184 3364 4240 credit
3388 4183 3482 4240 Fi-

1901 4272 1994 4337 lio,
2029 4271 2344 4327 mendacem
2370 4270 2503 4326 facit
2545 4284 2707 4339 eum,
2751 4271 3005 4341 quoniam
3060 4286 3168 4327 non
3215 4272 3390 4330 credit
3427 4273 3483 4329 in

1902 4362 2214 4425 testimonio
2240 4361 2384 4433 quod
2412 4360 2729 4423 testificatus
2752 4371 2833 4418 est
2848 4361 2994 4421 Deus
3015 4361 3233 4421 deFilio
3247 4361 3304 4434 (I
3319 4362 3479 4422 Joan.

1902 4458 1981 4529 v).
2010 4457 2079 4513 Et
2106 4457 2175 4515 ab
2202 4454 2329 4513 Jesu
2355 4454 2605 4522 Christo,
2636 4455 2729 4529 qui
2770 4464 2855 4513 est
2883 4456 3036 4514 testis
3064 4456 3260 4525 fidelis,
3289 4472 3481 4529 passus

1906 4554 2068 4612 etiam
2119 4569 2216 4610 suo
2252 4568 2346 4609 nos
2375 4551 2625 4622 sanguine
2670 4550 2829 4608 solvit
2854 4565 2886 4608 a
2913 4562 3161 4622 peccato,
3187 4553 3281 4625 qui
3306 4567 3485 4611 resuth

216 4641 331 4714 jam
360 4642 614 4699 Ecclesiae
637 4647 1033 4718 propagationis
1055 4649 1392 4707 incrementa
1414 4653 1704 4709 succedant
1732 4653 1802 4712 de
1830 4645 1885 4708 D
1906 4662 2038 4722 gens
2059 4647 2182 4722 jure
2216 4646 2601 4720 primogenitae
2643 4660 2675 4703 a
2710 4646 2937 4713 mortuis
2989 4645 3311 4716 pmdicatur
3360 4646 3485 4715 (Co-

220 4746 327 4803 qua
348 4729 646 4807 locuturus,
665 4735 736 4791 ita
760 4738 1037 4808 prazmittit
1059 4756 1071 4792 :
1090 4739 1318 4800 Joannes
1341 4751 1534 4814 septem
1560 4742 1803 4801 Ecetesiis

221 4837 338 4894 qua:
377 4833 496 4879 sunt
532 4825 587 4879 in
625 4826 770 4881 Asia.
812 4827 869 4901 id
897 4837 983 4886 est
1021 4829 1145 4901 uni,
1179 4832 1434 4905 Ecclesiae
1475 4835 1799 4905 septiformi.

220 4912 541 4984 Septenario
588 4931 812 4973 numero
849 4933 993 4991 saepe
1036 4923 1356 4980 universitas
1401 4925 1679 4996 ﬁguratur,
1732 4942 1801 4984 eo

221 5004 366 5077 quod
393 4998 662 5079 exprime
708 5007 899 5080 impari
950 5021 1005 5068 et
1050 5012 1191 5082 pari,
1234 5013 1287 5069 id
1336 5025 1437 5079 est,
1472 5018 1706 5073 ternario
1746 5026 1801 5075 et

223 5100 566 5168 quaternario
611 5108 859 5172 tanquam
912 5116 978 5159 ex
1035 5103 1252 5161 diverso
1311 5106 1632 5164 universitas
1689 5117 1798 5165 tota

223 5189 535 5258 conficitur,
592 5207 713 5246 nam
761 5201 816 5249 et
870 5194 1064 5250 anima:
1114 5196 1462 5267 corporisque
1518 5198 1798 5256 diversitas

223 5276 399 5347 ipsam
435 5281 691 5338 unitatem
724 5284 937 5340 numeri
965 5284 1124 5355 hujus
1151 5287 1537 5357 complectitur.
1572 5289 1655 5347 Ad
1682 5291 1798 5347 ani-

225 5384 368 5425 mam
396 5371 536 5427 enim
569 5373 666 5428 tria
689 5376 980 5445 pertinent,
1013 5376 1079 5430 ad
1102 5390 1295 5449 corpus
1324 5387 1573 5449 quatuor.
1601 5379 1804 5438 Dicitur

222 5476 456 5533 namque
483 5463 659 5536 (Deut.
685 5465 760 5537 vi)
786 5467 1087 5538 diligendus
1107 5478 1189 5525 est
1215 5469 1357 5527 Deus
1390 5485 1455 5527 ex
1480 5478 1591 5527 toto
1618 5470 1800 5542 corde,

223 5567 295 5609 ex
330 5562 437 5609 tota
476 5556 676 5622 anima,
720 5571 788 5613 ex
818 5566 926 5613 tota
972 5567 1178 5626 mente;
1229 5560 1469 5630 corporis
1499 5570 1674 5617 autem
1707 5577 1804 5618 no-

226 5653 309 5700 tas
336 5645 593 5703 habemus
606 5658 832 5717 quatuor
857 5650 1160 5720 qualitates,
1186 5652 1414 5709 calidam
1442 5662 1497 5710 et
1525 5653 1792 5725 frigidam,

224 5736 426 5792 siccam
469 5745 524 5793 et
555 5738 850 5794 humidam.
899 5741 1188 5813 Propterea
1227 5744 1386 5800 etiam
1437 5746 1647 5802 canitur
1676 5745 1793 5819 (Ps.

222 5827 415 5899 cum)
446 5846 459 5885 :
493 5829 702 5901 Septies
728 5831 783 5888 in
822 5831 911 5889 die
954 5832 1167 5892 laudem
1207 5835 1317 5896 disi
1345 5837 1457 5895 tibi.
1487 5838 1640 5907 Quod
1667 5839 1795 5898 alibi

1906 4740 2005 4799 los.
2034 4740 2100 4813 ι),
2129 4747 2175 4807 et
2205 4741 2324 4814 fecit
2352 4755 2445 4795 nos
2494 4739 2549 4795 in
2594 4751 2811 4811 regnum
2859 4746 2910 4795 et
2952 4738 3239 4793 sacerdotes
3280 4735 3391 4793 Deo
3433 4744 3486 4793 et

1905 4830 2057 4888 Patri
2102 4847 2235 4900 suo,
2295 4830 2438 4891 sicut
2486 4836 2542 4886 et
2590 4829 2782 4886 Petrus
2833 4828 3112 4899 apostolus
3162 4828 3293 4884 dicit
3342 4828 3487 4885 Gens

1904 4931 2114 4988 sancta,
2136 4922 2317 4992 regale
2338 4921 2723 4990 sacerdotium,
2742 4936 2911 4993 genus
2923 4920 3154 4978 electum
3168 4917 3225 4992 (I
3237 4920 3384 4977 Petr.
3399 4921 3481 4992 ιι),

1908 5023 2015 5079 etc.
2032 5012 2165 5067 Ecce
2185 5013 2318 5069 venit
2344 5028 2459 5066 cum
2480 5012 2719 5082 nubibus,
2745 5022 2790 5070 et
2815 5014 3001 5069 videbit
3030 5028 3144 5069 eum
3172 5014 3335 5067 omnis
3354 5028 3485 5068 ocu-

3510 3098 3531 3159 ίν
3542 3098 3655 3155 σίῇμ

1900 5109 2010 5163 lus.
2034 5105 2137 5175 Qui
2161 5106 2305 5162 enim
2331 5105 2651 5174 iudicandus
2677 5108 2855 5179 primo
2884 5106 3030 5163 venit
3054 5106 3315 5172 occultus,
3341 5105 3485 5177 judi-
3572 5088 3583 5094 ”

1903 5204 2120 5255 caturus
2153 5195 2332 5252 veniet
2380 5195 2718 5265 manifestus,
2766 5196 3035 5253 videbitur
3074 5199 3143 5255 ab
3193 5198 3483 5255 incredulis

1903 5302 2068 5346 carne
2095 5288 2150 5345 in
2178 5302 2282 5358 qua
2310 5287 2419 5357 pati
2448 5288 2647 5355 voluit,
2677 5304 2784 5346 non
2809 5289 3107 5359 divinitate,
3135 5305 3256 5363 quae
3284 5291 3486 5362 impas-

1904 5379 2076 5436 sibilis
2129 5346 2525 5450 invisibilisque
2574 5346 2885 5451 permansit.
2924 5346 3131 5439 Idcirco
3152 5346 3485 5453 ὶάιεοιιζὲι
3556 5346 3581 5387 ”

1904 5473 1991 5544 qui
2016 5488 2135 5528 eum
2163 5472 2524 5529 confixerunt.
2555 5471 2625 5529 Et
2668 5472 2871 5530 videbit
2895 5473 3043 5529 illum
3094 5474 3270 5531 omnis
3316 5485 3482 5531 terra.
3572 5470 3583 5547 ἦ

1905 5566 2108 5622 Omnes
2133 5567 2296 5623 etiam
2350 5567 2553 5624 terreni
2600 5567 2686 5624 vel
2736 5581 2923 5625 omnes
2971 5568 3292 5639 generaliter
3328 5569 3480 5636 mali,

1908 5659 2140 5715 maxime
2165 5659 2358 5726 Judmi,
2405 5661 2494 5731 qui
2521 5675 2644 5715 eum
2672 5667 2733 5716 ut
2778 5660 3054 5717 minimum
3086 5668 3336 5731 putavere
3387 5675 3482 5716 ne-

1906 5748 2293 5817 candum,cum
2322 5750 2485 5807 talem
2511 5750 2763 5821 viderint,
2789 5753 3001 5823 qualem
3032 5766 3137 5808 non
3168 5750 3478 5817 credebant,

1906 5852 2028 5900 sera
2056 5843 2380 5914 semetipsos
2420 5845 2728 5915 poenitentia
2757 5845 3207 5917 lamentabantur,
3239 5854 3286 5903 et
3327 5846 3479 5915 ptan-
