3968 6354
151 373 253 433 801

1166 361 1613 428 οοιιιιεΝτΑιι.
1656 359 1724 418 IN
1763 354 2148 441 APOCALYP.
2187 359 2321 422 LlB.
2359 364 2424 422 l.‘

3325 368 3432 433 802

145 493 287 552 dicit
311 489 706 560 Ecclesiarum,
736 490 873 551 sicut
900 499 953 549 et
979 491 1033 548 in
1059 488 1346 548 Salomone
1373 488 1501 545 dicit
1533 502 1550 542 :
1598 485 1742 542 inter
1766 477 1823 540 Α
1845 495 2099 575 aquarum
2125 485 2428 575 multarum.
2462 482 2521 540 In
2551 497 2682 574 voce
2711 484 3010 560 Ecclesiae)
3038 491 3433 575 ostendjgpga:

147 587 401 646 semitam
417 586 684 657 iustorum
709 585 1016 643 ambulabo.
1041 583 1210 655 Cujus
1236 581 1527 653 antiquitas
1553 588 1608 636 et
1633 579 1736 636 im-

152 681 456 740 mortalitas
474 681 770 752 majestatis
793 684 944 752 origo
973 681 1028 737 in
1058 679 1237 750 capite
1281 674 1482 733 candor
1502 673 1741 731 ostendi-

151 781 244 828 tur
267 771 522 841 vestitum,
579 771 770 843 inquit,
822 772 1013 842 pedere
1067 767 1431 827 sacerdotium
1480 763 1740 823 ostendit.

152 864 315 922 Juxta
366 863 686 920 Zachariam
753 865 900 921 enim
967 863 1184 934 poderis
1249 859 1601 918 sacerdotalis
1661 863 1748 913 est

153 955 342 1014 vestis.
373 955 645 1027 Singulari
673 955 871 1027 quippe
909 969 1021 1013 sua:
1063 951 1242 1017 carnis
1287 951 1464 1008 hostia
1493 949 1744 1006 Christus

156 1047 518 1106 sacerdotium
538 1047 706 1118 gessit
729 1046 945 1118 quando
965 1060 1027 1104 se
1056 1045 1234 1102 crucis
1251 1042 1492 1116 patibulo
1520 1056 1617 1113 pro
1647 1054 1746 1096 no-

158 1139 246 1196 bis
269 1138 501 1196 ollerens
528 1137 695 1208 Patri,
722 1138 961 1210 seipsum
983 1137 1222 1208 crucifigi
1247 1135 1512 1210 permisit.
1537 1135 1606 1191 Et
1633 1143 1751 1192 erat

1846 570 2135 657 dicantem,
2160 575 2244 630 cui
2268 574 2500 632 dicitur:
2533 563 2716 634 Clama
2741 619 2755 648 ,
2791 595 2861 638 ne
2882 594 3064 639 cesses
3095 563 3444 657 (ιε’ᾱὶῐξῑίῆῖ

1807 649 2569 752 ’ξιξξι-ᾖῇᾗιιὸῐζι,ῳιι1ιίροριιὶί
2589 680 2737 742 sunt.
2763 672 2868 730 Sed
2891 683 2944 729 ct
2965 649 3164 732 donum
3181 649 3440 748 baptismi

1847 755 1990 826 quod
2017 757 2198 814 emisit
2223 772 2492 831 praecepto
2519 778 2617 833 per
2644 764 2916 834 apostolos
2938 765 3003 821 ad
3027 767 3254 823 salutem
3281 777 3438 824 recte

1846 853 2183 926 intelligitur.
2223 858 2325 915 llic
2363 861 2640 930 psalmus:
2671 863 2931 921 Dominus
2978 865 3239 922 diluvium
3277 867 3438 924 inha-
3523 917 3528 934 ,

1848 952 1984 1010 bitat
2014 953 2190 1028 (Paul.
2222 957 2436 1029 xxvut);
2470 968 2545 1025 ct,
2579 959 2726 1030 Vox,
2773 960 2983 1032 inquit,
3031 962 3244 1037 Domini
3271 979 3439 1034 super
3521 943 3529 984 L

1849 1058 2040 1114 aquas,
2073 1045 2216 1102 Deus
2267 1048 2567 1118 majestatis
2621 1052 2856 1110 innotuit
2893 1053 3118 1128 (1bid.);
3148 1064 3203 1112 et
3238 1064 3443 1116 cmtera

1851 1155 1974 1212 quae
2005 1139 2131 1197 huic
2164 1141 2347 1198 sensui
2386 1142 2769 1217 suﬁ‘ragantur.
2797 1146 2870 1206 Et
2896 1149 3113 1205 habebat
3141 1150 3197 1206 in
3227 1153 3442 1210 dextera

159 1233 478 1303 praecinctus
532 1245 693 1304 supra
746 1233 1004 1288 mamillae
1058 1247 1191 1288 zona
1247 1248 1427 1289 aurea.
1483 1229 1748 1287 Mamillas

159 1323 269 1381 duo
319 1331 644 1382 testamenta
685 1321 846 1392 dicit,
893 1323 1036 1380 sicut
1081 1323 1137 1378 in
1166 1321 1388 1379 Cantico
1415 1320 1749 1377 canticorum

160 1417 437 1489 legimus:
467 1418 587 1475 Duo
611 1417 779 1475 ubera
827 1425 918 1474 tua
962 1417 1105 1474 sicut
1134 1415 1243 1472 duo
1280 1413 1490 1471 hinnuli
1530 1412 1750 1482 gemelli

161 1509 257 1583 qui
281 1518 578 1583 pascuntur
596 1508 738 1566 inter
764 1508 909 1579 lilia,
938 1514 995 1565 et
1022 1506 1191 1564 ubera
1212 1514 1302 1563 tua
1322 1504 1519 1562 similia
1548 1503 1751 1565 botris.

1850 1247 1948 1288 sua
1988 1243 2181 1304 septem
2225 1235 2420 1292 stellas.
2471 1236 2539 1317 in.
2562 1237 2782 1295 dextera
2831 1241 3030 1298 Christi
3060 1251 3146 1299 est
3173 1223 3443 1318 spiritalis:
3477 1228 3628 1318 τῖ’

1853 1322 2128 1392 Εοοιθεί³;
2163 1335 2441 1414 Propterea
2461 1312 2629 1383 astitit
2647 1323 2832 1406 regina
2863 1347 2892 1386 a
2919 1329 3121 1388 dextris
3144 1308 3328 1414 tui-sin
3348 1315 3468 1392 ve."
3509 1308 3594 1356 ’μ’

1995 1415 2256 1500 deaurato
2277 1410 2681 1476 circumamicta
2703 1423 2962 1478 varietate
2984 1423 3154 1495 (Psal.
3171 1410 3445 1498 ιιινῇὸαὶ

1863 1490 2211 1586 ξξῐξῇιῖδίεὶι
2234 1525 2248 1563 ε
2271 1507 2494 1588 Venite,
2525 1510 2797 1590 benedicti
2822 1490 3002 1593 Patris
3029 1515 3158 1584 mei,
3182 1490 3470 1588 perdi-pite-
3511 1490 3668 1593 ξίν

159 1603 350 1664 Potest
375 1613 558 1663 autem
585 1603 642 1661 in
667 1603 769 1660 hac
797 1600 978 1674 specie
1005 1613 1178 1673 genus
1203 1598 1376 1656 videri
1416 1605 1473 1656 et
1500 1597 1556 1654 in
1581 1606 1750 1654 testa-
1853 1615 2091 1690 regnum.
2112 1599 2325 1673 (Matth.
2357 1602 2510 1671 xxv).
2532 1602 2655 1659 Ista:
2684 1589 2898 1675 septem
2925 1591 3204 1676 Ecclesiae,
3235 1593 3448 1678 septem
3512 1589 3519 1593 ⁷
3565 1589 3573 1601 ’ί
3604 1589 3610 1594 ”

158 1699 362 1759 mentis
385 1699 755 1758 Eeclesiarum
781 1697 1030 1770 intelligi,
1054 1705 1115 1753 ut
1142 1706 1396 1769 tanquam
1427 1703 1753 1753 testamenta
1851 1681 2030 1749 8ιᾶῙῶ
2068 1681 2225 1761 sunt,
2276 1707 2409 1764 quas
2457 1694 2772 1750 nominatim
2803 1705 2989 1766 vocat,
3037 1712 3147 1755 non
3189 1699 3314 1769 quia
3337 1698 3446 1754 illae

160 1810 233 1854 ex
251 1810 320 1856 eo
346 1795 492 1869 quod
528 1794 802 1864 efﬁciunt,
833 1793 1292 1866 comparationem
1313 1789 1600 1863 accipiant.
1631 1790 1750 1847 Non
1854 1784 1987 1841 sola:
2011 1795 2136 1841 sunt
2164 1783 2425 1841 Ecclesia:
2453 1793 2546 1840 aut
2569 1786 2866 1856 principes,
2890 1789 2986 1844 sed
3008 1789 3152 1859 quod
3185 1791 3275 1845 uni
3312 1789 3450 1846 dicit

161 1887 311 1946 enim
337 1897 661 1946 testamenta
690 1893 1005 1956 pascuntur,
1035 1883 1132 1940 sed
1177 1882 1416 1940 Ecclesia
1459 1897 1559 1954 per
1589 1888 1753 1938 testa-
1779 1873 1835 1940 Β
1858 1879 2110 1936 omnibus
2134 1877 2263 1934 dicit
2289 1879 2347 1934 in
2389 1878 2595 1934 unitate
2626 1879 2840 1949 positis,
2892 1881 3186 1938 secundum
3215 1881 3446 1953 praedic-

163 1987 350 2038 menta
370 1978 625 2036 nutritur.
648 1976 822 2050 Hujus
857 1985 1041 2033 autem
1079 1975 1221 2046 tropi
1251 1974 1464 2046 species
1509 1974 1566 2031 in
1607 1974 1756 2031 Scri-
1863 1979 1971 2028 tam
2023 1969 2397 2040 intelligentiae
2439 1968 2690 2037 formam,
2736 1985 2839 2041 qua
2883 1974 3188 2042 septenario
3217 1987 3450 2030 numero

166 2073 342 2144 pluris
383 2071 751 2140 inveniuntur,
800 2077 859 2126 ut
901 2070 1075 2127 factor
1101 2083 1168 2126 ex
1191 2082 1260 2126 eo
1279 2066 1428 2140 quod
1475 2065 1628 2136 facit,
1658 2081 1760 2123 no-
1861 2061 2272 2119 universitatem
2299 2060 2534 2118 diximus
2555 2060 2800 2132 ﬁgurari.
2836 2060 2900 2116 Et
2917 2078 2979 2117 ea:
3005 2079 3093 2118 ore
3115 2065 3226 2136 ejus
3241 2065 3449 2135 gladius

167 2179 296 2222 men
341 2163 591 2234 accipiat.
633 2162 1062 2239 mamillaemergo
1079 2168 1438 2237 testamenta,
1460 2173 1760 2232 sanavero
1792 2229 1806 2239 ιν
1859 2153 2113 2239 utrinque
2140 2161 2320 2208 acutus
2347 2152 2574 2210 exierat.
2601 2152 2726 2208 ideo
2739 2152 2822 2208 bis
2843 2161 3054 2223 acutus,
3079 2154 3203 2224 quia
3231 2155 3445 2225 gladius

169 2271 334 2316 aurea
359 2258 560 2315 chorus
581 2236 914 2322 sanctorum,
946 2255 1038 2326 qui
1065 2234 1310 2311 adhaeret
1335 2234 2091 2326 etamplectiturﬁﬁtilitem
2121 2254 2330 2313 armat.
2381 2244 2591 2301 ιιυειθῐι]
2647 2251 2838 2314 necat.
2894 2245 3227 2303 desertorem
3272 2248 3449 2316 punit.

167 2347 491 2429 testamenta
519 2365 535 2403 :
567 2347 648 2404 vel
679 2345 968 2429 (Christum
991 2335 1516 2420 quemconcinunt,
1548 2329 1784 2416 signiﬁ-i'
1817 2329 2004 2395 ""“llinc
2031 2339 2325 2409 Apostolus
2367 2338 2501 2394 dicit
2525 2339 2744 2409 (Ephes.
2775 2339 2851 2409 vt)
2888 2357 2901 2392 :
2931 2339 2998 2394 Et
3022 2338 3258 2410 gladium
3288 2339 3453 2409 spiri-

168 2427 328 2512 cant,
353 2426 982 2508 sedetiam'charitatem
1001 2483 1016 2510 ,
1047 2453 1151 2510 qua
1176 2439 1280 2494 sibi
1305 2446 1617 2504 nectuntur,
1641 2451 1764 2492 ser-

153 2541 383 2600 .vantes,
428 2529 839 2610 utApostolus,
877 2527 1420 2610 unitatemuwspiritus
1461 2528 1516 2583 in
1546 2526 1764 2610 vinculo

171 2621 344 2704 pacis.
372 2607 730 2696 Caputau'l‘em
757 2628 806 2677 et
834 2606 1317 2697 capilliejusveraitl
1339 2607 1444 2676 albi
1472 2610 1608 2694 uelut
1633 2606 1762 2672 lana

168 2703 270 2773 aut
317 2714 430 2772 nix.
457 2703 694 2785 Capillos
731 2714 904 2781 albos,
948 2711 1239 2782 praecelsos
1281 2725 1496 2782 quoque
1538 2709 1765 2780 justitiae

168 2805 465 2863 virtutibus
515 2803 782 2863 enitentes
809 2846 825 2874 ,
885 2803 1291 2860 multitudinem
1356 2801 1765 2858 candidatorum

174 2895 328 2968 dicit,
352 2911 488 2970 quos
514 2911 678 2968 super
706 2895 882 2953 nivem
906 2895 1080 2967 gratia
1131 2893 1401 2952 dealbavit
1418 2934 1437 2963 ,
1486 2908 1620 2964 quos
1669 2905 1767 2962 per

175 2987 356 3046 lanam
385 2995 608 3060 propter
638 3001 944 3069 ovesque;
956 2984 1202 3058 sunt_ad__
1221 2984 1526 3054 dexteram,
1559 2982 1766 3055 signiﬁ-

177 3080 348 3147 cavit,
375 3087 430 3136 et
473 3093 570 3150 per
594 3079 773 3137 nivem
792 3123 808 3150 ,
865 3086 1085 3151 propter
1115 3077 1484 3136 dealbatorum
1517 3077 1766 3156 innume-

178 3168 406 3227 rabilem
437 3169 646 3226 turbam
690 3169 938 3242 etwcoelo
980 3169 1227 3242 datorum
1261 3185 1274 3221 :
1311 3168 1413 3238 ipsi
1448 3168 1594 3224 enim
1639 3175 1767 3222 sunt

1867 2437 1976 2496 tus,
2026 2429 2171 2500 quod
2214 2438 2299 2486 est
2344 2429 2567 2485 verbum
2597 2429 2714 2484 Dei.
2768 2429 2956 2485 Omnis
2993 2444 3226 2499 namque
3273 2430 3452 2486 scriba

1865 2519 2127 2590 eruditus,
2160 2520 2292 2577 dicit
2321 2521 2582 2578 Dominus
2602 2521 2820 2592 (Matth.
2848 2521 2989 2592 xm),
3017 2521 3212 2579 similis
3240 2531 3326 2579 est
3356 2537 3453 2593 pa-

1865 2611 2186 2682 trifamilias,
2213 2613 2304 2683 qui
2329 2612 2530 2682 profert
2551 2611 2617 2668 de
2646 2613 2898 2668 thesauro
2922 2627 3021 2670 suo
3047 2627 3185 2669 nova
3215 2623 3269 2670 et
3295 2619 3452 2669 vete-

1865 2718 1948 2773 ra,
1991 2720 2188 2761 novum
2233 2704 2484 2762 videlicet
2532 2706 2909 2761 testamentum
2951 2713 3207 2762 etvetus.
3239 2704 3319 2760 Ex
3348 2705 3453 2762 hoc

1866 2805 2049 2854 autem
2077 2797 2292 2869 gemino
2315 2806 2639 2855 testamento
2670 2807 2920 2869 tanquam
2952 2797 3129 2869 gladio
3153 2798 3237 2854 bis
3259 2807 3452 2867 acuto,

1871 2901 2021 2944 nunc
2071 2889 2313 2946 eruditur
2340 2889 2598 2957 Ecclesia,
2631 2900 2689 2945 ut
2741 2905 2860 2961 quae
2905 2888 3124 2947 aeternis
3167 2889 3456 2961 deputetur

1867 2981 2046 3051 bonis,
2081 2981 2218 3039 bene
2249 2983 2327 3039 uti
2356 2981 2712 3053 praesentibus
2733 2984 2966 3041 noverit.
2992 2982 3104 3040 Hoc
3132 2986 3456 3055 praecinctus

1868 3075 2162 3145 Apostolus
2189 3075 2389 3146 gladio,
2421 3076 2553 3132 dicit
2584 3075 2634 3147 (ι
2664 3076 2782 3132 Cor.
2812 3073 2889 3146 vt)
2923 3093 2938 3132 :
2967 3076 3071 3134 Per
3107 3091 3258 3133 arma
3291 3078 3455 3146 justi-

1869 3168 1958 3224 tiae
1977 3182 2009 3224 a
2034 3168 2238 3225 dextris
2277 3177 2334 3225 et
2367 3183 2398 3223 a
2428 3168 2683 3224 sinistris.
2718 3168 2788 3224 Et
2809 3170 2966 3240 facies
2995 3171 3106 3241 ejus
3135 3169 3458 3240 splendebat

178 3259 502 3329 Jerusalem,
524 3252 642 3332 quae
670 3261 911 3332 quotidie
931 3260 999 3317 de
1027 3244 1164 3316 caelo
1177 3247 1482 3329 descendit,
1508 3267 1568 3314 ut
1587 3258 1762 3315 adhuc
1788 3253 1838 3321 C
1869 3268 1930 3316 ut
1953 3261 2032 3315 sol
2069 3263 2124 3316 in
2161 3262 2348 3316 virtute
2390 3277 2505 3317 sua.
2554 3262 2909 3332 Splendorem
2954 3264 3070 3333 ejus
3113 3265 3454 3322 manifestam

180 3353 588 3423 peregrinantes
618 3351 686 3407 ad
707 3365 828 3408 eam
855 3350 1124 3408 tendendo
1153 3351 1446 3420 suspirent.
1478 3351 1648 3406 Aliter
1672 3364 1768 3420 per

179 3442 381 3512 lanam,
404 3451 625 3514 propter
643 3442 835 3498 stolam
865 3451 1109 3498 sanctam
1136 3457 1254 3513 qua:
1275 3441 1343 3498 de
1366 3455 1430 3498 ea
1459 3440 1764 3510 conﬁcitur,

180 3535 301 3592 sine
318 3536 526 3592 macula
549 3544 606 3592 et
636 3550 767 3607 ruga
791 3543 940 3592 recte
965 3535 1216 3603 sentitur,
1245 3533 1382 3590 oculi
1401 3537 1512 3608 ejus
1544 3543 1598 3589 ut
1616 3537 1767 3604 ﬂam-

182 3644 268 3684 ma
298 3628 452 3700 ignis.
482 3628 679 3686 Oculos
728 3628 984 3686 Ecclesiae
1029 3629 1316 3700 aliquando
1359 3639 1628 3701 praecepta
1670 3627 1768 3685 Dei

181 3719 350 3791 dicit,
407 3721 695 3792 aliquando
753 3721 1061 3793 spiritales,
1119 3723 1260 3779 sicut
1331 3721 1586 3780 Salomon
1637 3722 1768 3779 dicit

183 3812 365 3887 (Prov.
396 3815 785 3887 t),Mandatum
825 3817 1042 3873 lucerna
1089 3825 1201 3887 est,
1231 3825 1286 3874 et
1324 3815 1411 3874 lex
1444 3817 1575 3882 lux;
1617 3815 1767 3872 etde

181 3908 516 3979 spiritalibus
560 3911 820 3967 Dominus
877 3911 1038 3980 dicit,
1086 3910 1194 3967 Vos
1249 3911 1381 3967 estis
1432 3911 1527 3966 lux
1579 3907 1767 3965 mundi

182 4000 398 4070 (Matth.
423 4001 504 4072 v).
557 4002 712 4069 Quod
741 4011 918 4060 autem
973 4005 1091 4073 ipsa
1128 4013 1398 4073 praecepta
1443 4003 1551 4058 sint
1602 4003 1762 4072 ignis,

183 4094 261 4153 sic
277 4095 406 4152 dicit
422 4112 436 4149 :
450 4094 682 4167 Ignitum
700 4096 968 4166 eloquium
993 4104 1140 4150 tuum
1170 4095 1323 4150 valde
1344 4093 1518 4164 (Psal.
1541 4092 1725 4160 cxvm)
1749 4109 1765 4157 ;

182 4199 241 4246 et
287 4189 355 4245 de
409 4188 641 4260 Joseph,
699 4187 1032 4259 Praeceptum
1094 4187 1311 4243 Domini
1374 4187 1562 4258 ignivit
1616 4200 1764 4241 cum.

185 4280 325 4352 ignis
345 4291 525 4338 autem
553 4281 639 4337 hic
654 4290 1070 4352 praceptorum,
1108 4289 1162 4338 et
1190 4278 1440 4336 ﬁdelibus
1479 4279 1682 4345 lumen,
1715 4284 1771 4333 et

186 4370 480 4430 incredulis
527 4373 734 4443 praebet
762 4373 1088 4429 incendium.
1131 4371 1274 4442 Ignis
1320 4370 1463 4426 enim
1498 4378 1624 4425 ante
1644 4383 1768 4424 cum

1869 3352 2000 3408 dicit
2037 3352 2092 3407 in
2135 3367 2296 3409 carne
2325 3353 2687 3424 praesentiam,
2713 3369 2814 3424 qua
2863 3355 3180 3426 loquebatur
3211 3357 3446 3414 homini-

1869 3445 1972 3502 bus
1987 3446 2120 3502 facie
2144 3447 2212 3502 ad
2243 3446 2432 3503 faciem
2463 3445 2661 3515 (Exod.
2689 3448 2904 3519 χχχιιι).
2925 3447 3067 3505 Solis
3095 3458 3275 3506 autem
3304 3465 3458 3508 com-

1869 3539 2078 3610 paratio
2101 3550 2322 3612 propter
2348 3542 2796 3614 signiﬁcationem
2813 3559 3107 3614 congruam
3131 3545 3452 3602 adhibetur:

1870 3641 2092 3702 preptcr
2120 3641 2299 3688 ortum
2321 3641 2376 3687 et
2399 3647 2650 3690 occasum
2680 3643 2736 3689 et
2758 3650 2944 3691 rursus
2967 3648 3161 3704 ortum,
3186 3635 3329 3706 quod
3357 3651 3458 3692 na-

1872 3733 1960 3781 tus
1989 3726 2060 3782 sit
2089 3734 2144 3782 et
2165 3740 2354 3796 passus
2395 3737 2450 3781 et
2476 3727 2794 3784 resurrexit.
2825 3727 2928 3783 Sed
2964 3738 3017 3784 et
3047 3724 3455 3785 similitudinem

1870 3817 2056 3888 gloriae
2079 3818 2232 3887 solis,
2264 3819 2495 3874 futuram
2535 3833 2648 3875 sua:
2687 3819 2939 3876 Ecclesia:
2972 3817 3226 3877 Dominus
3267 3835 3455 3890 repro-

1871 3913 2037 3968 mittit
2084 3913 2274 3970 dicens
2311 3931 2323 3968 :
2355 3913 2507 3970 Tunc
2558 3912 2693 3983 justi
2749 3912 3029 3983 fulgebunt
3078 3912 3217 3969 sicut
3264 3913 3346 3969 sol
3397 3913 3455 3968 in

1871 4020 2040 4076 regno
2067 4005 2240 4062 Patris
2271 4006 2377 4061 mei
2405 4005 2620 4076 (Matth.
2667 4003 2810 4077 xm).
2849 4002 3012 4075 Cujus
3055 4005 3460 4076 comparatione

1872 4098 2062 4167 capitis
2112 4097 2311 4152 Christi
2333 4097 2550 4153 claritas
2578 4097 2748 4165 magis
2776 4104 2858 4152 est
2892 4095 3241 4166 intelligenda
3281 4095 3451 4152 subli-

1872 4189 2034 4255 mior,
2062 4187 2257 4258 quippe
2281 4202 2402 4242 cum
2421 4187 2688 4257 iustorum
2719 4187 2835 4256 ipse
2862 4187 2934 4241 sit
2969 4186 3232 4242 claritudo
3251 4227 3266 4252 ,
3294 4202 3456 4256 quam

1874 4277 1998 4336 ideo
2015 4289 2136 4349 post
2153 4277 2604 4335 resurrectionem
2626 4278 2742 4333 suis
2761 4276 3039 4346 discipulis
3061 4277 3361 4345 abscondit,
3390 4292 3460 4334 ne

1876 4386 1996 4427 cum
2028 4385 2130 4425 nec
2170 4383 2462 4439 agnoscere
2485 4383 2585 4424 nec
2611 4367 2838 4423 sufferre
2875 4367 3190 4437 quivissent.
3214 4367 3341 4446 Haec
3364 4381 3462 4423 au-

185 4465 417 4536 prmibit,
459 4471 514 4519 et
564 4464 918 4519 inilammabit
962 4464 1016 4518 in
1065 4463 1293 4516 circuitu
1335 4461 1582 4517 inimicos
1629 4459 1766 4528 eius.
1876 4469 1984 4517 tem
2014 4477 2119 4529 non
2141 4460 2356 4538 caecitas
2387 4462 2546 4536 debet
2572 4462 2655 4534 vel
2683 4463 2903 4534 agnosci
2928 4463 3013 4519 vel
3041 4463 3168 4536 dici,
3200 4464 3462 4542 sedquae-

188 4531 357 4624 Pedes
377 4559 490 4626 ejus
515 4554 707 4610 similes
735 4553 1034 4608 aurichalco
1061 4551 1275 4620 Libani,
1305 4553 1434 4606 sicut
1457 4550 1525 4607 de
1550 4550 1770 4606 fornace
1878 4552 2000 4634 diam
2022 4531 2384 4634 invisibilitas,
2411 4533 2531 4624 qua:
2553 4532 2608 4610 in
2635 4531 2832 4611 Graeco
2869 4544 3100 4632 depasta
3150 4531 3462 4628 aptius‘vo-
3479 4531 3646 4626 9’7“
3675 4543 3692 4586 ί
3745 4543 3768 4574 ἰ
3795 4545 3834 4578 ί··

187 4645 367 4714 ignea.
414 4643 584 4700 Pedes
623 4644 819 4724 ignitus
854 4643 1142 4699 novissimi
1183 4641 1440 4714 temporis
1478 4640 1774 4698 Ecclesiam
1798 4631 2096 4724 pAc'itatu'r.
2122 4632 2225 4700 Per
2243 4631 2391 4703 hanc
2419 4632 2859 4718 nequeEliscum
2885 4631 3153 4707 exercitus
3175 4649 3298 4724 ‘(IV
3322 4651 3459 4723 Reg.

187 4713 339 4792 dicit.
371 4733 542 4792 Pedes
569 4713 717 4791 enim
749 4719 1049 4792 novissima
1095 4749 1223 4807 pars
1250 4713 1495 4806 cerporis
1527 4713 1954 4820 ροιιὶιιιιηρξγι)
1985 4753 2156 4809 neque
2195 4737 2396 4794 ostium
2428 4713 2655 4809 populus
2683 4740 2912 4798 smvicns
2942 4713 3290 4813 agnoscebat,
3333 4713 3458 4798 cuin

189 4825 343 4884 Tunc
370 4825 514 4882 enim
541 4825 784 4882 Ecclesia
837 4825 1174 4883 vehementia
1225 4841 1598 4898 pressurarum
1646 4819 1772 4896 pro;
1805 4829 1808 4842 ⁸
1848 4819 1858 4823 ⁷’
1875 4839 2074 4889 caetera
2097 4839 2293 4902 praeter
2313 4832 2427 4903 ipsa
2455 4833 2716 4889 viderent.
2751 4834 2920 4912 llujus
2946 4835 3178 4912 denique
3199 4835 3462 4894 clariﬁca-

187 4919 365 4977 banda
385 4919 692 4991 prmdieitur
712 4919 876 4992 (Dan.
901 4919 992 4991 ll);
1015 4922 1154 4977 sicut
1180 4919 1316 4992 lapis
1338 4920 1407 4976 de
1424 4928 1608 4977 monte
1636 4933 1774 4989 prte-
1879 4923 2041 4980 tionis
2063 4923 2298 4994 speciem
2328 4925 2384 4979 in
2427 4933 2612 4980 monte
2657 4909 2884 4983 suﬁ'erre
2911 4909 3019 4983 non
3061 4926 3361 4985 valuerunt.
3392 4927 3461 4982 Et

187 5013 336 5071 cisus
377 5021 607 5070 statuam
652 5013 800 5069 illam
848 5013 904 5068 in
956 5013 1180 5082 pedibus
1230 5014 1517 5083 percussit,
1570 5013 1626 5068 id
1664 5021 1770 5082 cst,
1876 5033 1991 5071 cum
2013 5016 2246 5071 vidissem
2273 5003 2407 5084 eum,
2430 5017 2590 5072 cecidi
2613 5020 2682 5073 ad
2715 5019 2866 5091 pedes
2895 5020 3008 5090 ejus
3042 5029 3283 5090 tanquam
3323 5035 3465 5074 mor-

189 5119 481 5176 regnorum
520 5103 708 5160 mundi
756 5116 954 5172 corpus
996 5118 1160 5160 omne
1184 5117 1282 5160 suo
1334 5105 1441 5160 ictu
1497 5104 1770 5160 contrivit.
1881 5117 2019 5164 tuus.
2049 5108 2304 5177 Joannes,
2325 5109 2440 5180 -'qui
2477 5110 2576 5166 ista
2605 5109 2766 5180 vidit,
2813 5109 2975 5167 totius
3017 5109 3277 5167 Ecclesia:
3323 5110 3463 5181 ﬁgu-

170 5196 298 5253 Sed
326 5194 447 5252 ideo
468 5195 523 5251 in
551 5194 800 5265 pedibus,
826 5195 953 5264 quia
982 5194 1278 5250 novissimo
1319 5203 1582 5266 tempore.
1614 5194 1772 5249 Auri-
1879 5216 1996 5258 ram
2072 5208 2271 5270 portat.
2323 5199 2432 5256 Sed
2482 5208 2538 5257 et
2584 5200 2780 5273 singuli
2841 5215 3054 5272 quoque
3099 5201 3328 5272 apostoli
3374 5201 3462 5258 vel

190 5288 390 5364 chalcoi
410 5297 590 5364 autem
616 5289 706 5344 illa
743 5287 954 5344 ratione
984 5287 1349 5359 comparavit,
1400 5287 1545 5357 quod
1571 5303 1638 5346 ex
1666 5302 1830 5364 aere”
1863 5291 2188 5364 AprOphetae,
2219 5292 2311 5363 qui
2357 5291 2570 5348 dicunt:
2603 5292 2797 5348 ωσι-ιιιί
2844 5293 2992 5350 enim
3040 5293 3196 5361 estis,
3244 5302 3300 5350 et
3355 5295 3464 5351 vita

193 5367 308 5453 flat,
338 5363 472 5465 cum
489 5381 612 5452 igne
641 5381 811 5437 multo
837 5389 894 5437 et
916 5336 1274 5438 medicamine
1301 5381 1542 5456 adhibito
1570 5336 2060 5469 produfﬂfvreshta
2083 5336 2396 5439 abscdndita
2415 5391 2500 5439 est
2529 5399 2651 5440 cum
2691 5383 2910 5442 Christo
2957 5385 3012 5441 in
3055 5336 3196 5442 Deo:
3217 5385 3463 5443 Ecclesia

191 5473 334 5531 citur
361 5473 432 5532 ad
458 5489 679 5532 aureum
708 5472 966 5530 colorem.
1010 5473 1138 5530 ideo
1167 5482 1345 5530 autem
1381 5473 1608 5554 Libani,
1647 5475 1795 5545 quia‘
1881 5493 2013 5552 ergo
2041 5487 2293 5550 tanquam
2320 5486 2530 5533 mortua
2577 5477 2778 5535 mundo
2805 5487 2930 5535 ante
2974 5477 3260 5536 Dominum
3307 5477 3465 5538 Chri-

194 5565 353 5624 electi
383 5584 397 5621 :
427 5566 810 5636 interpretatur
848 5566 994 5622 enim
1044 5563 1371 5622 candidatio.
1418 5565 1489 5622 Et
1537 5566 1678 5636 quod
1714 5566 1773 5623 in
1884 5578 2048 5628 stum.
2096 5568 2166 5623 Et
2201 5569 2371 5642 posuit
2420 5570 2588 5638 super;
2613 5584 2694 5624 me
2731 5570 2998 5625 dexteram
3045 5586 3214 5626 suam.
3269 5570 3463 5643 Utique

197 5659 379 5738 Judma
401 5659 638 5738 Libanus
657 5673 809 5738 mons
830 5662 930 5726 sit,
962 5660 1052 5717 ubi
1077 5660 1222 5716 circa
1249 5659 1411 5715 ﬁnem
1439 5647 1623 5715 mundi
1654 5674 1776 5716 cor-
1885 5668 2105 5733 propter
2140 5657 2520 5725 sacerdotium,
2551 5673 2659 5730 quo
2688 5659 2938 5717 Ecclesia:
2981 5661 3284 5733 propositos
3313 5664 3467 5720 novi-

200 5737 299 5823 pus
325 5751 526 5806 Christi
555 5737 1012 5821 persecutionibus
1035 5752 1330 5808 examinari
1360 5750 1656 5822 significat,
1683 5750 1776 5807 ubi
1887 5768 2007 5810 mus
2033 5751 2292 5821 ordinari,
2321 5750 2436 5807 sive
2463 5751 2588 5822 quia
2616 5753 2793 5810 omnis
2823 5752 2978 5829 unius
3025 5768 3222 5825 corpus
3247 5767 3328 5813 cst
3371 5771 3464 5812 sa-

199 5854 256 5905 ct
283 5842 540 5904 Dominus
579 5843 815 5904 creditur
848 5858 1058 5917 passus.
1087 5845 1154 5904 Et
1197 5861 1300 5902 nox
1343 5844 1640 5935 cjus_sicut
1668 5861 1771 5932 nos
1816 5919 1850 5936 α
1889 5844 2146 5918 cerdotis,
2175 5845 2351 5901 diem
2378 5842 2474 5902 :N
2482 5844 2552 5904 ali
2578 5844 3199 5922 limere,Joannes.Ego
3219 5866 3328 5909 sum
3355 5849 3464 5925 pri-
3487 5839 3624 5934 ,κζ’
