  <div class='ocr_page' id='page_1' title='image "/cluster/home/n/w/nwhite01/storage/ocr_20150623/68/hvd.32044015469331/407.png"; bbox 0 0 3968 6354; ppageno 0'>
   <div class='ocr_carea' id='block_1_1' title="bbox 351 3086 434 3194">
    <p class='ocr_par' dir='ltr' id='par_1_1' title="bbox 351 3086 434 3194">
     <span class='ocr_line' id='line_1_1' title="bbox 351 3086 434 3194; baseline 0 -44"><span class='ocrx_word' id='word_1_1' title='bbox 351 3086 434 3194; x_wconf 60' lang='grc' dir='ltr'><strong>λζ</strong></span> 
     </span>
    </p>
   </div>
   <div class='ocr_carea' id='block_1_2' title="bbox 168 3297 2115 3402">
    <p class='ocr_par' dir='ltr' id='par_1_2' title="bbox 168 3297 2115 3402">
     <span class='ocr_line' id='line_1_2' title="bbox 168 3297 2115 3402; baseline 0.003 -28"><span class='ocrx_word' id='word_1_2' title='bbox 483 3355 510 3362; x_wconf 85' lang='grc'><strong><em>--</em></strong></span> <span class='ocrx_word' id='word_1_3' title='bbox 532 3297 884 3402; x_wconf 46' lang='grc' dir='ltr'><strong>ξεςξὶςοιεεὶε</strong></span> <span class='ocrx_word' id='word_1_4' title='bbox 914 3297 1265 3391; x_wconf 82' lang='lat' dir='ltr'><strong>septiformis,</strong></span> <span class='ocrx_word' id='word_1_5' title='bbox 1297 3322 1436 3378; x_wconf 99' lang='lat' dir='ltr'><strong>sicut</strong></span> <span class='ocrx_word' id='word_1_6' title='bbox 1463 3297 1786 3379; x_wconf 75' lang='lat' dir='ltr'><strong>describitur</strong></span> <span class='ocrx_word' id='word_1_7' title='bbox 1816 3323 1992 3396; x_wconf 77' lang='lat' dir='ltr'><strong>(Cant.</strong></span> <span class='ocrx_word' id='word_1_8' title='bbox 2016 3324 2115 3395; x_wconf 88' lang='lat' dir='ltr'><strong>vt),</strong></span> 
     </span>
    </p>
   </div>
   <div class='ocr_carea' id='block_1_3' title="bbox 359 3406 2119 3507">
    <p class='ocr_par' dir='ltr' id='par_1_3' title="bbox 359 3406 2119 3507">
     <span class='ocr_line' id='line_1_3' title="bbox 359 3406 2119 3507; baseline 0.001 -37"><span class='ocrx_word' id='word_1_9' title='bbox 485 3411 650 3471; x_wconf 49' lang='lat' dir='ltr'><strong>wUna</strong></span> <span class='ocrx_word' id='word_1_10' title='bbox 673 3421 757 3471; x_wconf 90' lang='lat' dir='ltr'><strong>est</strong></span> <span class='ocrx_word' id='word_1_11' title='bbox 789 3414 1032 3498; x_wconf 87' lang='lat' dir='ltr'><strong>columba</strong></span> <span class='ocrx_word' id='word_1_12' title='bbox 1061 3429 1201 3482; x_wconf 90' lang='lat' dir='ltr'><strong>mea,</strong></span> <span class='ocrx_word' id='word_1_13' title='bbox 1257 3429 1360 3470; x_wconf 90' lang='lat' dir='ltr'><strong>una</strong></span> <span class='ocrx_word' id='word_1_14' title='bbox 1388 3424 1472 3472; x_wconf 92' lang='lat' dir='ltr'><strong>est</strong></span> <span class='ocrx_word' id='word_1_15' title='bbox 1500 3416 1733 3492; x_wconf 78' lang='lat' dir='ltr'><strong>perfecta</strong></span> <span class='ocrx_word' id='word_1_16' title='bbox 1757 3430 1901 3504; x_wconf 76' lang='lat' dir='ltr'><strong>mea,</strong></span> <span class='ocrx_word' id='word_1_17' title='bbox 1928 3415 2119 3486; x_wconf 87' lang='lat' dir='ltr'><strong>Angeli</strong></span> 
     </span>
    </p>
   </div>
   <div class='ocr_carea' id='block_1_4' title="bbox 499 304 601 367">
    <p class='ocr_par' dir='ltr' id='par_1_4' title="bbox 499 304 601 367">
     <span class='ocr_line' id='line_1_4' title="bbox 499 304 601 367; baseline -0.059 1"><span class='ocrx_word' id='word_1_18' title='bbox 499 304 601 367; x_wconf 77' lang='lat'><strong>803</strong></span> 
     </span>
    </p>
   </div>
   <div class='ocr_carea' id='block_1_5' title="bbox 705 499 992 514">
    <p class='ocr_par' dir='ltr' id='par_1_5' title="bbox 705 499 992 514">
     <span class='ocr_line' id='line_1_5' title="bbox 705 499 992 514; baseline 0.003 -4"><span class='ocrx_word' id='word_1_19' title='bbox 705 499 992 514; x_wconf 46' lang='grc' dir='ltr'><strong>,μδ-*ι-ο--ι</strong></span> 
     </span>
    </p>
   </div>
   <div class='ocr_carea' id='block_1_6' title="bbox 503 603 2082 677">
    <p class='ocr_par' dir='ltr' id='par_1_6' title="bbox 503 603 2082 677">
     <span class='ocr_line' id='line_1_6' title="bbox 503 603 2082 677; baseline -0.009 -7"><span class='ocrx_word' id='word_1_20' title='bbox 503 617 691 671; x_wconf 74' lang='lat' dir='ltr'><strong>rantur</strong></span> <span class='ocrx_word' id='word_1_21' title='bbox 717 603 916 677; x_wconf 80' lang='lat' dir='ltr'><strong>omnia,</strong></span> <span class='ocrx_word' id='word_1_22' title='bbox 945 609 992 665; x_wconf 76' lang='lat' dir='ltr'><strong>et</strong></span> <span class='ocrx_word' id='word_1_23' title='bbox 1020 607 1159 663; x_wconf 73' lang='lat' dir='ltr'><strong>uicus</strong></span> <span class='ocrx_word' id='word_1_24' title='bbox 1186 605 1305 676; x_wconf 86' lang='lat' dir='ltr'><strong>quia</strong></span> <span class='ocrx_word' id='word_1_25' title='bbox 1333 606 1408 677; x_wconf 80' lang='lat' dir='ltr'><strong>fui</strong></span> <span class='ocrx_word' id='word_1_26' title='bbox 1439 615 1692 670; x_wconf 87' lang='lat' dir='ltr'><strong>mortuus,</strong></span> <span class='ocrx_word' id='word_1_27' title='bbox 1733 613 1779 658; x_wconf 85' lang='lat' dir='ltr'><strong>et</strong></span> <span class='ocrx_word' id='word_1_28' title='bbox 1826 619 1938 659; x_wconf 87' lang='lat' dir='ltr'><strong>ecce</strong></span> <span class='ocrx_word' id='word_1_29' title='bbox 1966 618 2082 658; x_wconf 84' lang='lat' dir='ltr'><strong>sum</strong></span> 
     </span>
    </p>
   </div>
   <div class='ocr_carea' id='block_1_7' title="bbox 503 688 2083 767">
    <p class='ocr_par' dir='ltr' id='par_1_7' title="bbox 503 688 2083 767">
     <span class='ocr_line' id='line_1_7' title="bbox 503 688 2083 767; baseline -0.007 -4"><span class='ocrx_word' id='word_1_30' title='bbox 503 688 675 763; x_wconf 64' lang='lat' dir='ltr'><strong>uiceris</strong></span> <span class='ocrx_word' id='word_1_31' title='bbox 706 690 766 760; x_wconf 61' lang='lat' dir='ltr'><strong>tu“</strong></span> <span class='ocrx_word' id='word_1_32' title='bbox 795 691 988 759; x_wconf 58' lang='lat' dir='ltr'><strong>tacula</strong></span> <span class='ocrx_word' id='word_1_33' title='bbox 1029 699 1357 756; x_wconf 79' lang='lat' dir='ltr'><strong>sazculorum.</strong></span> <span class='ocrx_word' id='word_1_34' title='bbox 1385 697 1574 754; x_wconf 84' lang='lat' dir='ltr'><strong>Omnis</strong></span> <span class='ocrx_word' id='word_1_35' title='bbox 1603 710 1810 752; x_wconf 91' lang='lat' dir='ltr'><strong>summa</strong></span> <span class='ocrx_word' id='word_1_36' title='bbox 1863 706 1918 752; x_wconf 89' lang='lat' dir='ltr'><strong>et</strong></span> <span class='ocrx_word' id='word_1_37' title='bbox 1957 708 2083 767; x_wconf 89' lang='lat' dir='ltr'><strong>spes</strong></span> 
     </span>
    </p>
   </div>
   <div class='ocr_carea' id='block_1_8' title="bbox 505 787 2084 860">
    <p class='ocr_par' dir='ltr' id='par_1_8' title="bbox 505 787 2084 860">
     <span class='ocr_line' id='line_1_8' title="bbox 505 787 2084 860; baseline -0.007 -6"><span class='ocrx_word' id='word_1_38' title='bbox 505 795 886 855; x_wconf 75' lang='lat' dir='ltr'><strong>consolationis</strong></span> <span class='ocrx_word' id='word_1_39' title='bbox 916 792 1239 859; x_wconf 78' lang='lat' dir='ltr'><strong>ostenditur,</strong></span> <span class='ocrx_word' id='word_1_40' title='bbox 1269 805 1392 847; x_wconf 90' lang='lat' dir='ltr'><strong>cum</strong></span> <span class='ocrx_word' id='word_1_41' title='bbox 1421 791 1615 847; x_wconf 89' lang='lat' dir='ltr'><strong>dicitur</strong></span> <span class='ocrx_word' id='word_1_42' title='bbox 1641 787 1692 846; x_wconf 90' lang='lat' dir='ltr'><strong>ei</strong></span> <span class='ocrx_word' id='word_1_43' title='bbox 1719 788 1811 860; x_wconf 86' lang='lat' dir='ltr'><strong>qui</strong></span> <span class='ocrx_word' id='word_1_44' title='bbox 1840 797 2084 844; x_wconf 90' lang='lat' dir='ltr'><strong>mortuus</strong></span> 
     </span>
    </p>
   </div>
   <div class='ocr_carea' id='block_1_9' title="bbox 505 883 2087 964">
    <p class='ocr_par' dir='ltr' id='par_1_9' title="bbox 505 883 2087 964">
     <span class='ocr_line' id='line_1_9' title="bbox 505 883 2087 964; baseline -0.006 -17"><span class='ocrx_word' id='word_1_45' title='bbox 505 891 668 964; x_wconf 86' lang='lat' dir='ltr'><strong>jacet,</strong></span> <span class='ocrx_word' id='word_1_46' title='bbox 701 889 823 946; x_wconf 82' lang='lat' dir='ltr'><strong>Noli</strong></span> <span class='ocrx_word' id='word_1_47' title='bbox 867 889 1079 957; x_wconf 86' lang='lat' dir='ltr'><strong>timere,</strong></span> <span class='ocrx_word' id='word_1_48' title='bbox 1108 886 1246 943; x_wconf 87' lang='lat' dir='ltr'><strong>sicut</strong></span> <span class='ocrx_word' id='word_1_49' title='bbox 1273 886 1326 940; x_wconf 89' lang='lat' dir='ltr'><strong>in</strong></span> <span class='ocrx_word' id='word_1_50' title='bbox 1355 884 1670 955; x_wconf 83' lang='lat' dir='ltr'><strong>Evangelia,</strong></span> <span class='ocrx_word' id='word_1_51' title='bbox 1702 883 1965 949; x_wconf 89' lang='lat' dir='ltr'><strong>Gaudete,</strong></span> <span class='ocrx_word' id='word_1_52' title='bbox 2005 884 2087 939; x_wconf 88' lang='lat' dir='ltr'><strong>in-</strong></span> 
     </span>
    </p>
   </div>
   <div class='ocr_carea' id='block_1_10' title="bbox 509 980 2087 1058">
    <p class='ocr_par' dir='ltr' id='par_1_10' title="bbox 509 980 2087 1058">
     <span class='ocr_line' id='line_1_10' title="bbox 509 980 2087 1058; baseline -0.005 -16"><span class='ocrx_word' id='word_1_53' title='bbox 509 986 626 1058; x_wconf 83' lang='lat' dir='ltr'><strong>quit</strong></span> <span class='ocrx_word' id='word_1_54' title='bbox 655 985 834 1056; x_wconf 84' lang='lat' dir='ltr'><strong>(Joan.</strong></span> <span class='ocrx_word' id='word_1_55' title='bbox 879 983 1011 1054; x_wconf 76' lang='lat' dir='ltr'><strong>nu),</strong></span> <span class='ocrx_word' id='word_1_56' title='bbox 1043 983 1166 1054; x_wconf 88' lang='lat' dir='ltr'><strong>quia</strong></span> <span class='ocrx_word' id='word_1_57' title='bbox 1195 981 1297 1038; x_wconf 84' lang='lat' dir='ltr'><strong>vici</strong></span> <span class='ocrx_word' id='word_1_58' title='bbox 1326 983 1604 1039; x_wconf 76' lang='lat' dir='ltr'><strong>saeculum.</strong></span> <span class='ocrx_word' id='word_1_59' title='bbox 1629 981 1743 1052; x_wconf 89' lang='lat' dir='ltr'><strong>Ego</strong></span> <span class='ocrx_word' id='word_1_60' title='bbox 1786 994 1905 1036; x_wconf 91' lang='lat' dir='ltr'><strong>sum</strong></span> <span class='ocrx_word' id='word_1_61' title='bbox 1931 980 2087 1035; x_wconf 87' lang='lat' dir='ltr'><strong>vivus</strong></span> 
     </span>
    </p>
   </div>
   <div class='ocr_carea' id='block_1_11' title="bbox 507 1074 2087 1152">
    <p class='ocr_par' dir='ltr' id='par_1_11' title="bbox 507 1074 2087 1152">
     <span class='ocr_line' id='line_1_11' title="bbox 507 1074 2087 1152; baseline -0.003 -17"><span class='ocrx_word' id='word_1_62' title='bbox 507 1081 598 1152; x_wconf 88' lang='lat' dir='ltr'><strong>qui</strong></span> <span class='ocrx_word' id='word_1_63' title='bbox 625 1079 983 1136; x_wconf 89' lang='lat' dir='ltr'><strong>fuimortuus.</strong></span> <span class='ocrx_word' id='word_1_64' title='bbox 1018 1078 1190 1148; x_wconf 90' lang='lat' dir='ltr'><strong>Caput</strong></span> <span class='ocrx_word' id='word_1_65' title='bbox 1209 1079 1352 1134; x_wconf 87' lang='lat' dir='ltr'><strong>enim</strong></span> <span class='ocrx_word' id='word_1_66' title='bbox 1384 1078 1626 1148; x_wconf 90' lang='lat' dir='ltr'><strong>corporis</strong></span> <span class='ocrx_word' id='word_1_67' title='bbox 1675 1074 1908 1131; x_wconf 86' lang='lat' dir='ltr'><strong>similem</strong></span> <span class='ocrx_word' id='word_1_68' title='bbox 1937 1088 2087 1144; x_wconf 88' lang='lat' dir='ltr'><strong>spem</strong></span> 
     </span>
    </p>
   </div>
   <div class='ocr_carea' id='block_1_12' title="bbox 507 1167 2092 1242">
    <p class='ocr_par' dir='ltr' id='par_1_12' title="bbox 507 1167 2092 1242">
     <span class='ocr_line' id='line_1_12' title="bbox 507 1167 2092 1242; baseline -0.003 -13"><span class='ocrx_word' id='word_1_69' title='bbox 507 1172 923 1230; x_wconf 76' lang='lat' dir='ltr'><strong>resurrectionis</strong></span> <span class='ocrx_word' id='word_1_70' title='bbox 968 1172 1234 1228; x_wconf 83' lang='lat' dir='ltr'><strong>veraciter</strong></span> <span class='ocrx_word' id='word_1_71' title='bbox 1263 1169 1571 1242; x_wconf 81' lang='lat' dir='ltr'><strong>pollicetur,</strong></span> <span class='ocrx_word' id='word_1_72' title='bbox 1602 1168 1757 1241; x_wconf 89' lang='lat' dir='ltr'><strong>cujus</strong></span> <span class='ocrx_word' id='word_1_73' title='bbox 1808 1167 2092 1240; x_wconf 83' lang='lat' dir='ltr'><strong>praecessio</strong></span> 
     </span>
    </p>
   </div>
   <div class='ocr_carea' id='block_1_13' title="bbox 507 1263 2094 1336">
    <p class='ocr_par' dir='ltr' id='par_1_13' title="bbox 507 1263 2094 1336">
     <span class='ocr_line' id='line_1_13' title="bbox 507 1263 2094 1336; baseline -0.003 -15"><span class='ocrx_word' id='word_1_74' title='bbox 507 1275 635 1336; x_wconf 81' lang='lat' dir='ltr'><strong>spes</strong></span> <span class='ocrx_word' id='word_1_75' title='bbox 660 1274 742 1320; x_wconf 91' lang='lat' dir='ltr'><strong>est</strong></span> <span class='ocrx_word' id='word_1_76' title='bbox 765 1273 1040 1323; x_wconf 83' lang='lat' dir='ltr'><strong>certamen</strong></span> <span class='ocrx_word' id='word_1_77' title='bbox 1062 1265 1348 1321; x_wconf 89' lang='lat' dir='ltr'><strong>bonorum.</strong></span> <span class='ocrx_word' id='word_1_78' title='bbox 1380 1263 1446 1318; x_wconf 86' lang='lat' dir='ltr'><strong>Et</strong></span> <span class='ocrx_word' id='word_1_79' title='bbox 1469 1263 1628 1318; x_wconf 80' lang='lat' dir='ltr'><strong>habeo</strong></span> <span class='ocrx_word' id='word_1_80' title='bbox 1657 1264 1821 1318; x_wconf 84' lang='lat' dir='ltr'><strong>claves</strong></span> <span class='ocrx_word' id='word_1_81' title='bbox 1847 1263 2024 1318; x_wconf 79' lang='lat' dir='ltr'><strong>mortis</strong></span> <span class='ocrx_word' id='word_1_82' title='bbox 2046 1266 2094 1318; x_wconf 89' lang='lat' dir='ltr'><strong>cl</strong></span> 
     </span>
    </p>
   </div>
   <div class='ocr_carea' id='block_1_14' title="bbox 507 1352 2094 1434">
    <p class='ocr_par' dir='ltr' id='par_1_14' title="bbox 507 1352 2094 1434">
     <span class='ocr_line' id='line_1_14' title="bbox 507 1352 2094 1434; baseline -0.003 -20"><span class='ocrx_word' id='word_1_83' title='bbox 507 1354 829 1424; x_wconf 80' lang='lat' dir='ltr'><strong>inferorum,</strong></span> <span class='ocrx_word' id='word_1_84' title='bbox 882 1357 936 1414; x_wconf 88' lang='lat' dir='ltr'><strong>id</strong></span> <span class='ocrx_word' id='word_1_85' title='bbox 965 1365 1048 1414; x_wconf 91' lang='lat' dir='ltr'><strong>est</strong></span> <span class='ocrx_word' id='word_1_86' title='bbox 1097 1357 1300 1434; x_wconf 71' lang='lat' dir='ltr'><strong>diaboli</strong></span> <span class='ocrx_word' id='word_1_87' title='bbox 1321 1364 1378 1411; x_wconf 92' lang='lat' dir='ltr'><strong>et</strong></span> <span class='ocrx_word' id='word_1_88' title='bbox 1427 1356 1590 1411; x_wconf 79' lang='lat' dir='ltr'><strong>totius</strong></span> <span class='ocrx_word' id='word_1_89' title='bbox 1643 1352 1882 1425; x_wconf 86' lang='lat' dir='ltr'><strong>corporis</strong></span> <span class='ocrx_word' id='word_1_90' title='bbox 1936 1352 2094 1425; x_wconf 84' lang='lat' dir='ltr'><strong>ejus,</strong></span> 
     </span>
    </p>
   </div>
   <div class='ocr_carea' id='block_1_15' title="bbox 507 1435 2096 1520">
    <p class='ocr_par' dir='ltr' id='par_1_15' title="bbox 507 1435 2096 1520">
     <span class='ocr_line' id='line_1_15' title="bbox 507 1435 2096 1520; baseline -0.001 -14"><span class='ocrx_word' id='word_1_91' title='bbox 507 1445 685 1520; x_wconf 82' lang='lat' dir='ltr'><strong>ipsum</strong></span> <span class='ocrx_word' id='word_1_92' title='bbox 715 1450 910 1506; x_wconf 89' lang='lat' dir='ltr'><strong>mortis</strong></span> <span class='ocrx_word' id='word_1_93' title='bbox 938 1449 1157 1506; x_wconf 87' lang='lat' dir='ltr'><strong>nomine</strong></span> <span class='ocrx_word' id='word_1_94' title='bbox 1189 1449 1427 1520; x_wconf 81' lang='lat' dir='ltr'><strong>signans.</strong></span> <span class='ocrx_word' id='word_1_95' title='bbox 1468 1448 1764 1505; x_wconf 84' lang='lat' dir='ltr'><strong>Inferorum</strong></span> <span class='ocrx_word' id='word_1_96' title='bbox 1793 1435 2010 1515; x_wconf 80' lang='lat' dir='ltr'><strong>autem,</strong></span> <span class='ocrx_word' id='word_1_97' title='bbox 2041 1447 2096 1504; x_wconf 91' lang='lat' dir='ltr'><strong>in</strong></span> 
     </span>
    </p>
   </div>
   <div class='ocr_carea' id='block_1_16' title="bbox 511 1539 2095 1622">
    <p class='ocr_par' dir='ltr' id='par_1_16' title="bbox 511 1539 2095 1622">
     <span class='ocr_line' id='line_1_16' title="bbox 511 1539 2095 1622; baseline 0 -26"><span class='ocrx_word' id='word_1_98' title='bbox 511 1543 708 1614; x_wconf 88' lang='lat' dir='ltr'><strong>quibus</strong></span> <span class='ocrx_word' id='word_1_99' title='bbox 759 1553 969 1614; x_wconf 82' lang='lat' dir='ltr'><strong>regnat.</strong></span> <span class='ocrx_word' id='word_1_100' title='bbox 1011 1544 1113 1611; x_wconf 83' lang='lat' dir='ltr'><strong>Qui</strong></span> <span class='ocrx_word' id='word_1_101' title='bbox 1161 1557 1349 1600; x_wconf 87' lang='lat' dir='ltr'><strong>omnes</strong></span> <span class='ocrx_word' id='word_1_102' title='bbox 1391 1542 1556 1599; x_wconf 84' lang='lat' dir='ltr'><strong>divini</strong></span> <span class='ocrx_word' id='word_1_103' title='bbox 1598 1541 1785 1622; x_wconf 78' lang='lat' dir='ltr'><strong>iudicii</strong></span> <span class='ocrx_word' id='word_1_104' title='bbox 1813 1557 1921 1598; x_wconf 90' lang='lat' dir='ltr'><strong>non</strong></span> <span class='ocrx_word' id='word_1_105' title='bbox 1959 1539 2095 1597; x_wconf 82' lang='lat' dir='ltr'><strong>ell‘u-</strong></span> 
     </span>
    </p>
   </div>
   <div class='ocr_carea' id='block_1_17' title="bbox 510 1633 2097 1716">
    <p class='ocr_par' dir='ltr' id='par_1_17' title="bbox 510 1633 2097 1716">
     <span class='ocr_line' id='line_1_17' title="bbox 510 1633 2097 1716; baseline -0.001 -24"><span class='ocrx_word' id='word_1_106' title='bbox 510 1635 666 1708; x_wconf 85' lang='lat' dir='ltr'><strong>giunt</strong></span> <span class='ocrx_word' id='word_1_107' title='bbox 693 1645 1013 1708; x_wconf 86' lang='lat' dir='ltr'><strong>potestatem</strong></span> <span class='ocrx_word' id='word_1_108' title='bbox 1034 1647 1286 1708; x_wconf 82' lang='lat' dir='ltr'><strong>tanquam</strong></span> <span class='ocrx_word' id='word_1_109' title='bbox 1310 1636 1538 1716; x_wconf 67' lang='lat' dir='ltr'><strong>clayem.</strong></span> <span class='ocrx_word' id='word_1_110' title='bbox 1573 1633 1640 1692; x_wconf 88' lang='lat' dir='ltr'><strong>Et</strong></span> <span class='ocrx_word' id='word_1_111' title='bbox 1665 1635 1730 1692; x_wconf 88' lang='lat' dir='ltr'><strong>ad</strong></span> <span class='ocrx_word' id='word_1_112' title='bbox 1763 1634 2097 1692; x_wconf 89' lang='lat' dir='ltr'><strong>Ecclesiam:</strong></span> 
     </span>
    </p>
   </div>
   <div class='ocr_carea' id='block_1_18' title="bbox 512 1714 2099 1800">
    <p class='ocr_par' dir='ltr' id='par_1_18' title="bbox 512 1714 2099 1800">
     <span class='ocr_line' id='line_1_18' title="bbox 512 1714 2099 1800; baseline -0.002 -14"><span class='ocrx_word' id='word_1_113' title='bbox 512 1720 575 1786; x_wconf 78' lang='lat' dir='ltr'><strong>In</strong></span> <span class='ocrx_word' id='word_1_114' title='bbox 598 1743 686 1785; x_wconf 91' lang='lat' dir='ltr'><strong>me</strong></span> <span class='ocrx_word' id='word_1_115' title='bbox 713 1729 901 1796; x_wconf 89' lang='lat' dir='ltr'><strong>habes,</strong></span> <span class='ocrx_word' id='word_1_116' title='bbox 933 1731 1126 1800; x_wconf 91' lang='lat' dir='ltr'><strong>inquit,</strong></span> <span class='ocrx_word' id='word_1_117' title='bbox 1159 1743 1290 1800; x_wconf 88' lang='lat' dir='ltr'><strong>quas</strong></span> <span class='ocrx_word' id='word_1_118' title='bbox 1315 1744 1345 1784; x_wconf 92' lang='lat' dir='ltr'><strong>a</strong></span> <span class='ocrx_word' id='word_1_119' title='bbox 1368 1714 1463 1784; x_wconf 78' lang='lat' dir='ltr'><strong>me</strong></span> <span class='ocrx_word' id='word_1_120' title='bbox 1501 1738 1750 1799; x_wconf 90' lang='lat' dir='ltr'><strong>acceptas</strong></span> <span class='ocrx_word' id='word_1_121' title='bbox 1777 1727 1900 1800; x_wconf 92' lang='lat' dir='ltr'><strong>jure</strong></span> <span class='ocrx_word' id='word_1_122' title='bbox 1928 1726 2099 1800; x_wconf 84' lang='lat' dir='ltr'><strong>possi-</strong></span> 
     </span>
    </p>
   </div>
   <div class='ocr_carea' id='block_1_19' title="bbox 1604 294 2644 360">
    <p class='ocr_par' dir='ltr' id='par_1_19' title="bbox 1604 294 2644 360">
     <span class='ocr_line' id='line_1_19' title="bbox 1604 294 2644 360; baseline -0.002 -1"><span class='ocrx_word' id='word_1_123' title='bbox 1604 299 1903 360; x_wconf 80' lang='lat' dir='ltr'><strong>PRIMASll</strong></span> <span class='ocrx_word' id='word_1_124' title='bbox 1942 297 2390 360; x_wconf 72' lang='lat' dir='ltr'><strong>ADRUMETANI</strong></span> <span class='ocrx_word' id='word_1_125' title='bbox 2431 294 2644 358; x_wconf 81' lang='lat' dir='ltr'><strong>EPISC.</strong></span> 
     </span>
    </p>
   </div>
   <div class='ocr_carea' id='block_1_20' title="bbox 279 409 3846 512">
    <p class='ocr_par' dir='ltr' id='par_1_20' title="bbox 279 409 3846 512">
     <span class='ocr_line' id='line_1_20' title="bbox 279 409 3846 512; baseline -0.004 -28"><span class='ocrx_word' id='word_1_126' title='bbox 279 437 355 512; x_wconf 54' lang='grc' dir='ltr'><strong>γ’]</strong></span> <span class='ocrx_word' id='word_1_127' title='bbox 401 456 440 512; x_wconf 19' lang='grc' dir='ltr'><strong>ς,</strong></span> <span class='ocrx_word' id='word_1_128' title='bbox 499 443 611 482; x_wconf 77' lang='lat' dir='ltr'><strong>ntus</strong></span> <span class='ocrx_word' id='word_1_129' title='bbox 631 434 680 480; x_wconf 89' lang='lat' dir='ltr'><strong>et</strong></span> <span class='ocrx_word' id='word_1_130' title='bbox 706 424 1029 511; x_wconf 40' lang='lat' dir='ltr'><strong>amisimus.</strong></span> <span class='ocrx_word' id='word_1_131' title='bbox 1069 421 1314 508; x_wconf 50' lang='lat' dir='ltr'><strong>Erimus,</strong></span> <span class='ocrx_word' id='word_1_132' title='bbox 1343 417 1468 502; x_wconf 80' lang='lat' dir='ltr'><strong>quia</strong></span> <span class='ocrx_word' id='word_1_133' title='bbox 1523 417 1704 474; x_wconf 89' lang='lat' dir='ltr'><strong>omnia</strong></span> <span class='ocrx_word' id='word_1_134' title='bbox 1752 433 1847 487; x_wconf 87' lang='lat' dir='ltr'><strong>per</strong></span> <span class='ocrx_word' id='word_1_135' title='bbox 1899 417 2077 488; x_wconf 90' lang='lat' dir='ltr'><strong>ipsum</strong></span> <span class='ocrx_word' id='word_1_136' title='bbox 2109 420 2158 479; x_wconf 83' lang='grc' dir='ltr'><strong>Α</strong></span> <span class='ocrx_word' id='word_1_137' title='bbox 2189 415 2372 473; x_wconf 89' lang='lat' dir='ltr'><strong>venire</strong></span> <span class='ocrx_word' id='word_1_138' title='bbox 2413 416 2636 472; x_wconf 87' lang='lat' dir='ltr'><strong>docetur</strong></span> <span class='ocrx_word' id='word_1_139' title='bbox 2668 413 2984 474; x_wconf 70' lang='lat' dir='ltr'><strong>Ecclesium.</strong></span> <span class='ocrx_word' id='word_1_140' title='bbox 3028 411 3212 506; x_wconf 76' lang='lat' dir='ltr'><strong>Neque</strong></span> <span class='ocrx_word' id='word_1_141' title='bbox 3250 410 3394 470; x_wconf 88' lang='lat' dir='ltr'><strong>enim</strong></span> <span class='ocrx_word' id='word_1_142' title='bbox 3436 409 3576 468; x_wconf 90' lang='lat' dir='ltr'><strong>dicit</strong></span> <span class='ocrx_word' id='word_1_143' title='bbox 3602 452 3626 480; x_wconf 81' lang='lat'><strong>,</strong></span> <span class='ocrx_word' id='word_1_144' title='bbox 3657 411 3846 479; x_wconf 78' lang='lat' dir='ltr'><strong>Quid</strong></span> 
     </span>
    </p>
   </div>
   <div class='ocr_carea' id='block_1_21' title="bbox 327 491 2083 590">
    <p class='ocr_par' dir='ltr' id='par_1_21' title="bbox 327 491 2083 590">
     <span class='ocr_line' id='line_1_21' title="bbox 327 491 2083 590; baseline -0.006 -13"><span class='ocrx_word' id='word_1_145' title='bbox 327 491 440 566; x_wconf 43' lang='grc' dir='ltr'><strong>δι)</strong></span> <span class='ocrx_word' id='word_1_146' title='bbox 498 499 992 590; x_wconf 51' lang='lat' dir='ltr'><strong>ﬁnitimis;</strong></span> <span class='ocrx_word' id='word_1_147' title='bbox 1016 493 1456 587; x_wconf 68' lang='lat' dir='ltr'><strong>.);&#39;66vis§im&#39;us,</strong></span> <span class='ocrx_word' id='word_1_148' title='bbox 1496 504 1616 584; x_wconf 81' lang='lat' dir='ltr'><strong>quia</strong></span> <span class='ocrx_word' id='word_1_149' title='bbox 1649 504 1703 567; x_wconf 88' lang='lat' dir='ltr'><strong>in</strong></span> <span class='ocrx_word' id='word_1_150' title='bbox 1735 511 1851 581; x_wconf 81' lang='lat' dir='ltr'><strong>ipso</strong></span> <span class='ocrx_word' id='word_1_151' title='bbox 1877 513 2083 566; x_wconf 85' lang='lat' dir='ltr'><strong>instau-</strong></span> 
     </span>
    </p>
   </div>
   <div class='ocr_carea' id='block_1_22' title="bbox 3694 293 3850 354">
    <p class='ocr_par' dir='ltr' id='par_1_22' title="bbox 3694 293 3850 354">
     <span class='ocr_line' id='line_1_22' title="bbox 3694 293 3850 354; baseline -0.013 1"><span class='ocrx_word' id='word_1_152' title='bbox 3694 293 3850 354; x_wconf 58' lang='lat'><strong>80}</strong></span> 
     </span>
    </p>
   </div>
   <div class='ocr_carea' id='block_1_23' title="bbox 2185 488 3842 584">
    <p class='ocr_par' dir='ltr' id='par_1_23' title="bbox 2185 488 3842 584">
     <span class='ocr_line' id='line_1_23' title="bbox 2185 488 3842 584; baseline -0.003 -16"><span class='ocrx_word' id='word_1_153' title='bbox 2185 514 2409 584; x_wconf 87' lang='lat' dir='ltr'><strong>spiritus</strong></span> <span class='ocrx_word' id='word_1_154' title='bbox 2439 511 2580 568; x_wconf 87' lang='lat' dir='ltr'><strong>dicat</strong></span> <span class='ocrx_word' id='word_1_155' title='bbox 2610 511 2863 570; x_wconf 70' lang='lat' dir='ltr'><strong>Ecclesia:</strong></span> <span class='ocrx_word' id='word_1_156' title='bbox 2881 553 2898 580; x_wconf 95' lang='lat'><strong>,</strong></span> <span class='ocrx_word' id='word_1_157' title='bbox 2928 509 3023 567; x_wconf 85' lang='lat' dir='ltr'><strong>sed</strong></span> <span class='ocrx_word' id='word_1_158' title='bbox 3052 488 3325 584; x_wconf 51' lang='lat' dir='ltr'><strong>Ecclesiis.</strong></span> <span class='ocrx_word' id='word_1_159' title='bbox 3354 507 3644 580; x_wconf 81' lang='lat' dir='ltr'><strong>Angeium</strong></span> <span class='ocrx_word' id='word_1_160' title='bbox 3675 522 3842 578; x_wconf 62' lang='lat' dir='ltr'><strong>ago</strong></span> 
     </span>
    </p>
   </div>
   <div class='ocr_carea' id='block_1_24' title="bbox 2187 601 3834 678">
    <p class='ocr_par' dir='ltr' id='par_1_24' title="bbox 2187 601 3834 678">
     <span class='ocr_line' id='line_1_24' title="bbox 2187 601 3834 678; baseline -0.005 -14"><span class='ocrx_word' id='word_1_161' title='bbox 2187 607 2483 664; x_wconf 88' lang='lat' dir='ltr'><strong>Ecclesiam</strong></span> <span class='ocrx_word' id='word_1_162' title='bbox 2515 605 2857 678; x_wconf 81' lang='lat' dir='ltr'><strong>signiﬁcans,</strong></span> <span class='ocrx_word' id='word_1_163' title='bbox 2901 605 3034 661; x_wconf 86' lang='lat' dir='ltr'><strong>duas</strong></span> <span class='ocrx_word' id='word_1_164' title='bbox 3075 604 3130 660; x_wconf 88' lang='lat' dir='ltr'><strong>in</strong></span> <span class='ocrx_word' id='word_1_165' title='bbox 3169 618 3235 660; x_wconf 90' lang='lat' dir='ltr'><strong>eo</strong></span> <span class='ocrx_word' id='word_1_166' title='bbox 3273 616 3460 675; x_wconf 86' lang='lat' dir='ltr'><strong>partes</strong></span> <span class='ocrx_word' id='word_1_167' title='bbox 3501 601 3786 658; x_wconf 82' lang='lat' dir='ltr'><strong>ostendit</strong></span> <span class='ocrx_word' id='word_1_168' title='bbox 3810 642 3834 668; x_wconf 88' lang='lat'><strong>,</strong></span> 
     </span>
    </p>
   </div>
   <div class='ocr_carea' id='block_1_25' title="bbox 2187 695 3832 768">
    <p class='ocr_par' dir='ltr' id='par_1_25' title="bbox 2187 695 3832 768">
     <span class='ocr_line' id='line_1_25' title="bbox 2187 695 3832 768; baseline -0.002 -12"><span class='ocrx_word' id='word_1_169' title='bbox 2187 701 2313 756; x_wconf 90' lang='lat' dir='ltr'><strong>dum</strong></span> <span class='ocrx_word' id='word_1_170' title='bbox 2344 708 2399 756; x_wconf 89' lang='lat' dir='ltr'><strong>et</strong></span> <span class='ocrx_word' id='word_1_171' title='bbox 2431 698 2612 755; x_wconf 88' lang='lat' dir='ltr'><strong>laudat</strong></span> <span class='ocrx_word' id='word_1_172' title='bbox 2641 707 2696 755; x_wconf 89' lang='lat' dir='ltr'><strong>et</strong></span> <span class='ocrx_word' id='word_1_173' title='bbox 2726 697 2989 768; x_wconf 89' lang='lat' dir='ltr'><strong>increpat.</strong></span> <span class='ocrx_word' id='word_1_174' title='bbox 3020 695 3080 753; x_wconf 83' lang='lat' dir='ltr'><strong>in</strong></span> <span class='ocrx_word' id='word_1_175' title='bbox 3109 695 3579 768; x_wconf 84' lang='lat' dir='ltr'><strong>consequentibus</strong></span> <span class='ocrx_word' id='word_1_176' title='bbox 3614 704 3832 752; x_wconf 64' lang='lat' dir='ltr'><strong>auten</strong></span> 
     </span>
    </p>
   </div>
   <div class='ocr_carea' id='block_1_26' title="bbox 2187 787 3830 862">
    <p class='ocr_par' dir='ltr' id='par_1_26' title="bbox 2187 787 3830 862">
     <span class='ocr_line' id='line_1_26' title="bbox 2187 787 3830 862; baseline -0.004 -13"><span class='ocrx_word' id='word_1_177' title='bbox 2187 792 2560 850; x_wconf 81' lang='lat' dir='ltr'><strong>manifestatur</strong></span> <span class='ocrx_word' id='word_1_178' title='bbox 2601 807 2708 848; x_wconf 93' lang='lat' dir='ltr'><strong>non</strong></span> <span class='ocrx_word' id='word_1_179' title='bbox 2748 791 2992 848; x_wconf 89' lang='lat' dir='ltr'><strong>eamdem</strong></span> <span class='ocrx_word' id='word_1_180' title='bbox 3032 791 3315 862; x_wconf 85' lang='lat' dir='ltr'><strong>increpare</strong></span> <span class='ocrx_word' id='word_1_181' title='bbox 3353 804 3523 862; x_wconf 82' lang='lat' dir='ltr'><strong>quam</strong></span> <span class='ocrx_word' id='word_1_182' title='bbox 3568 787 3830 858; x_wconf 73' lang='lat' dir='ltr'><strong>laudat,</strong></span> 
     </span>
    </p>
   </div>
   <div class='ocr_carea' id='block_1_27' title="bbox 2188 881 3830 955">
    <p class='ocr_par' dir='ltr' id='par_1_27' title="bbox 2188 881 3830 955">
     <span class='ocr_line' id='line_1_27' title="bbox 2188 881 3830 955; baseline -0.005 -14"><span class='ocrx_word' id='word_1_183' title='bbox 2188 887 2329 942; x_wconf 88' lang='lat' dir='ltr'><strong>sicut</strong></span> <span class='ocrx_word' id='word_1_184' title='bbox 2358 885 2614 940; x_wconf 89' lang='lat' dir='ltr'><strong>Dominus</strong></span> <span class='ocrx_word' id='word_1_185' title='bbox 2657 884 2713 940; x_wconf 92' lang='lat' dir='ltr'><strong>in</strong></span> <span class='ocrx_word' id='word_1_186' title='bbox 2742 882 3032 955; x_wconf 84' lang='lat' dir='ltr'><strong>Evangelia</strong></span> <span class='ocrx_word' id='word_1_187' title='bbox 3063 882 3215 954; x_wconf 84' lang='lat' dir='ltr'><strong>(Luc.</strong></span> <span class='ocrx_word' id='word_1_188' title='bbox 3245 897 3352 949; x_wconf 85' lang='lat' dir='ltr'><strong>xu;</strong></span> <span class='ocrx_word' id='word_1_189' title='bbox 3387 881 3596 937; x_wconf 73' lang='lat' dir='ltr'><strong>Haltlt.</strong></span> <span class='ocrx_word' id='word_1_190' title='bbox 3637 883 3830 950; x_wconf 72' lang='lat' dir='ltr'><strong>xxiv)</strong></span> 
     </span>
    </p>
   </div>
   <div class='ocr_carea' id='block_1_28' title="bbox 2189 974 3823 1048">
    <p class='ocr_par' dir='ltr' id='par_1_28' title="bbox 2189 974 3823 1048">
     <span class='ocr_line' id='line_1_28' title="bbox 2189 974 3823 1048; baseline -0.002 -13"><span class='ocrx_word' id='word_1_191' title='bbox 2189 991 2350 1035; x_wconf 90' lang='lat' dir='ltr'><strong>omne</strong></span> <span class='ocrx_word' id='word_1_192' title='bbox 2375 979 2788 1048; x_wconf 61' lang='lat' dir='ltr'><strong>praepositorum</strong></span> <span class='ocrx_word' id='word_1_193' title='bbox 2815 991 3035 1048; x_wconf 90' lang='lat' dir='ltr'><strong>corpus,</strong></span> <span class='ocrx_word' id='word_1_194' title='bbox 3061 989 3225 1033; x_wconf 92' lang='lat' dir='ltr'><strong>unum</strong></span> <span class='ocrx_word' id='word_1_195' title='bbox 3252 990 3474 1032; x_wconf 85' lang='lat' dir='ltr'><strong>servum</strong></span> <span class='ocrx_word' id='word_1_196' title='bbox 3501 974 3654 1031; x_wconf 82' lang='lat' dir='ltr'><strong>dixit</strong></span> <span class='ocrx_word' id='word_1_197' title='bbox 3679 975 3823 1031; x_wconf 71' lang='lat' dir='ltr'><strong>bea-</strong></span> 
     </span>
    </p>
   </div>
   <div class='ocr_carea' id='block_1_29' title="bbox 2192 1071 3820 1145">
    <p class='ocr_par' dir='ltr' id='par_1_29' title="bbox 2192 1071 3820 1145">
     <span class='ocr_line' id='line_1_29' title="bbox 2192 1071 3820 1145; baseline -0.002 -14"><span class='ocrx_word' id='word_1_198' title='bbox 2192 1083 2306 1131; x_wconf 89' lang='lat' dir='ltr'><strong>tum</strong></span> <span class='ocrx_word' id='word_1_199' title='bbox 2337 1082 2394 1130; x_wconf 91' lang='lat' dir='ltr'><strong>et</strong></span> <span class='ocrx_word' id='word_1_200' title='bbox 2421 1087 2687 1145; x_wconf 89' lang='lat' dir='ltr'><strong>nequam,</strong></span> <span class='ocrx_word' id='word_1_201' title='bbox 2718 1088 2877 1144; x_wconf 88' lang='lat' dir='ltr'><strong>quem</strong></span> <span class='ocrx_word' id='word_1_202' title='bbox 2919 1074 3142 1132; x_wconf 87' lang='lat' dir='ltr'><strong>veniens</strong></span> <span class='ocrx_word' id='word_1_203' title='bbox 3182 1073 3446 1131; x_wconf 85' lang='lat' dir='ltr'><strong>Dominus</strong></span> <span class='ocrx_word' id='word_1_204' title='bbox 3494 1074 3625 1145; x_wconf 86' lang='lat' dir='ltr'><strong>ipse</strong></span> <span class='ocrx_word' id='word_1_205' title='bbox 3667 1071 3820 1129; x_wconf 70' lang='lat' dir='ltr'><strong>divi-</strong></span> 
     </span>
    </p>
   </div>
   <div class='ocr_carea' id='block_1_30' title="bbox 2191 1165 3816 1238">
    <p class='ocr_par' dir='ltr' id='par_1_30' title="bbox 2191 1165 3816 1238">
     <span class='ocr_line' id='line_1_30' title="bbox 2191 1165 3816 1238; baseline -0.001 -15"><span class='ocrx_word' id='word_1_206' title='bbox 2191 1165 2319 1234; x_wconf 90' lang='lat' dir='ltr'><strong>det,</strong></span> <span class='ocrx_word' id='word_1_207' title='bbox 2351 1175 2407 1222; x_wconf 91' lang='lat' dir='ltr'><strong>et</strong></span> <span class='ocrx_word' id='word_1_208' title='bbox 2448 1181 2557 1223; x_wconf 93' lang='lat' dir='ltr'><strong>non</strong></span> <span class='ocrx_word' id='word_1_209' title='bbox 2601 1173 2808 1222; x_wconf 90' lang='lat' dir='ltr'><strong>tantum</strong></span> <span class='ocrx_word' id='word_1_210' title='bbox 2848 1181 3103 1235; x_wconf 88' lang='lat' dir='ltr'><strong>servum,</strong></span> <span class='ocrx_word' id='word_1_211' title='bbox 3145 1167 3241 1222; x_wconf 87' lang='lat' dir='ltr'><strong>sed</strong></span> <span class='ocrx_word' id='word_1_212' title='bbox 3282 1176 3540 1238; x_wconf 89' lang='lat' dir='ltr'><strong>partem,</strong></span> <span class='ocrx_word' id='word_1_213' title='bbox 3584 1165 3816 1237; x_wconf 80' lang='lat' dir='ltr'><strong>inquit,</strong></span> 
     </span>
    </p>
   </div>
   <div class='ocr_carea' id='block_1_31' title="bbox 2194 1260 3814 1337">
    <p class='ocr_par' dir='ltr' id='par_1_31' title="bbox 2194 1260 3814 1337">
     <span class='ocr_line' id='line_1_31' title="bbox 2194 1260 3814 1337; baseline 0.002 -21"><span class='ocrx_word' id='word_1_214' title='bbox 2194 1260 2310 1332; x_wconf 86' lang='lat' dir='ltr'><strong>ejus</strong></span> <span class='ocrx_word' id='word_1_215' title='bbox 2330 1276 2452 1318; x_wconf 88' lang='lat' dir='ltr'><strong>cum</strong></span> <span class='ocrx_word' id='word_1_216' title='bbox 2477 1263 2775 1334; x_wconf 83' lang='lat' dir='ltr'><strong>hypocritis</strong></span> <span class='ocrx_word' id='word_1_217' title='bbox 2796 1272 2978 1335; x_wconf 91' lang='lat' dir='ltr'><strong>ponet.</strong></span> <span class='ocrx_word' id='word_1_218' title='bbox 3007 1263 3271 1335; x_wconf 87' lang='lat' dir='ltr'><strong>incipiens</strong></span> <span class='ocrx_word' id='word_1_219' title='bbox 3298 1279 3428 1337; x_wconf 82' lang='lat' dir='ltr'><strong>ergo</strong></span> <span class='ocrx_word' id='word_1_220' title='bbox 3451 1263 3609 1321; x_wconf 78' lang='lat' dir='ltr'><strong>bella</strong></span> <span class='ocrx_word' id='word_1_221' title='bbox 3641 1263 3814 1319; x_wconf 78' lang='lat' dir='ltr'><strong>intes-</strong></span> 
     </span>
    </p>
   </div>
   <div class='ocr_carea' id='block_1_32' title="bbox 2195 1352 3806 1428">
    <p class='ocr_par' dir='ltr' id='par_1_32' title="bbox 2195 1352 3806 1428">
     <span class='ocr_line' id='line_1_32' title="bbox 2195 1352 3806 1428; baseline 0.003 -20"><span class='ocrx_word' id='word_1_222' title='bbox 2195 1352 2305 1409; x_wconf 90' lang='lat' dir='ltr'><strong>tina</strong></span> <span class='ocrx_word' id='word_1_223' title='bbox 2326 1395 2341 1421; x_wconf 93' lang='lat'><strong>,</strong></span> <span class='ocrx_word' id='word_1_224' title='bbox 2369 1364 2422 1411; x_wconf 92' lang='lat' dir='ltr'><strong>et</strong></span> <span class='ocrx_word' id='word_1_225' title='bbox 2462 1354 2789 1426; x_wconf 85' lang='lat' dir='ltr'><strong>septiformis</strong></span> <span class='ocrx_word' id='word_1_226' title='bbox 2821 1356 3080 1414; x_wconf 75' lang='lat' dir='ltr'><strong>Ecclesia:</strong></span> <span class='ocrx_word' id='word_1_227' title='bbox 3121 1356 3333 1416; x_wconf 87' lang='lat' dir='ltr'><strong>diversa</strong></span> <span class='ocrx_word' id='word_1_228' title='bbox 3361 1371 3538 1428; x_wconf 84' lang='lat' dir='ltr'><strong>opera</strong></span> <span class='ocrx_word' id='word_1_229' title='bbox 3567 1357 3635 1412; x_wconf 86' lang='lat' dir='ltr'><strong>in</strong></span> <span class='ocrx_word' id='word_1_230' title='bbox 3665 1371 3806 1428; x_wconf 70' lang='lat' dir='ltr'><strong>pre-</strong></span> 
     </span>
    </p>
   </div>
   <div class='ocr_carea' id='block_1_33' title="bbox 2197 1446 3808 1519">
    <p class='ocr_par' dir='ltr' id='par_1_33' title="bbox 2197 1446 3808 1519">
     <span class='ocr_line' id='line_1_33' title="bbox 2197 1446 3808 1519; baseline 0.001 -17"><span class='ocrx_word' id='word_1_231' title='bbox 2197 1446 2442 1502; x_wconf 87' lang='lat' dir='ltr'><strong>sentibus</strong></span> <span class='ocrx_word' id='word_1_232' title='bbox 2482 1446 2658 1506; x_wconf 84' lang='lat' dir='ltr'><strong>futura</strong></span> <span class='ocrx_word' id='word_1_233' title='bbox 2698 1457 3037 1518; x_wconf 90' lang='lat' dir='ltr'><strong>monstrare,</strong></span> <span class='ocrx_word' id='word_1_234' title='bbox 3079 1464 3190 1506; x_wconf 87' lang='lat' dir='ltr'><strong>non</strong></span> <span class='ocrx_word' id='word_1_235' title='bbox 3227 1449 3401 1506; x_wconf 81' lang='lat' dir='ltr'><strong>dixit:</strong></span> <span class='ocrx_word' id='word_1_236' title='bbox 3435 1448 3649 1506; x_wconf 78' lang='lat' dir='ltr'><strong>Scribe</strong></span> <span class='ocrx_word' id='word_1_237' title='bbox 3688 1465 3808 1519; x_wconf 72' lang='lat' dir='ltr'><strong>qu</strong></span> 
     </span>
    </p>
   </div>
   <div class='ocr_carea' id='block_1_34' title="bbox 2197 1536 3804 1612">
    <p class='ocr_par' dir='ltr' id='par_1_34' title="bbox 2197 1536 3804 1612">
     <span class='ocr_line' id='line_1_34' title="bbox 2197 1536 3804 1612; baseline 0.002 -20"><span class='ocrx_word' id='word_1_238' title='bbox 2197 1537 2361 1602; x_wconf 83' lang='lat' dir='ltr'><strong>sunt;</strong></span> <span class='ocrx_word' id='word_1_239' title='bbox 2405 1536 2538 1606; x_wconf 91' lang='lat' dir='ltr'><strong>sed,</strong></span> <span class='ocrx_word' id='word_1_240' title='bbox 2583 1538 2714 1608; x_wconf 68' lang='lat' dir='ltr'><strong>Quae</strong></span> <span class='ocrx_word' id='word_1_241' title='bbox 2756 1538 2872 1596; x_wconf 84' lang='lat' dir='ltr'><strong>ﬁeri</strong></span> <span class='ocrx_word' id='word_1_242' title='bbox 2913 1547 3160 1612; x_wconf 88' lang='lat' dir='ltr'><strong>oportet,</strong></span> <span class='ocrx_word' id='word_1_243' title='bbox 3199 1539 3511 1612; x_wconf 59' lang='lat' dir='ltr'><strong>praedicans</strong></span> <span class='ocrx_word' id='word_1_244' title='bbox 3543 1554 3726 1611; x_wconf 81' lang='lat' dir='ltr'><strong>usque</strong></span> <span class='ocrx_word' id='word_1_245' title='bbox 3754 1541 3804 1596; x_wconf 83' lang='lat' dir='ltr'><strong>in</strong></span> 
     </span>
    </p>
   </div>
   <div class='ocr_carea' id='block_1_35' title="bbox 2199 1629 3803 1690">
    <p class='ocr_par' dir='ltr' id='par_1_35' title="bbox 2199 1629 3803 1690">
     <span class='ocr_line' id='line_1_35' title="bbox 2199 1629 3803 1690; baseline 0.002 -6"><span class='ocrx_word' id='word_1_246' title='bbox 2199 1629 2362 1686; x_wconf 85' lang='lat' dir='ltr'><strong>linem</strong></span> <span class='ocrx_word' id='word_1_247' title='bbox 2403 1629 2588 1687; x_wconf 68' lang='lat' dir='ltr'><strong>saeculi</strong></span> <span class='ocrx_word' id='word_1_248' title='bbox 2629 1631 2804 1688; x_wconf 89' lang='lat' dir='ltr'><strong>malos</strong></span> <span class='ocrx_word' id='word_1_249' title='bbox 2833 1646 2953 1688; x_wconf 93' lang='lat' dir='ltr'><strong>cum</strong></span> <span class='ocrx_word' id='word_1_250' title='bbox 2983 1630 3142 1689; x_wconf 88' lang='lat' dir='ltr'><strong>bonis</strong></span> <span class='ocrx_word' id='word_1_251' title='bbox 3172 1631 3227 1688; x_wconf 91' lang='lat' dir='ltr'><strong>in</strong></span> <span class='ocrx_word' id='word_1_252' title='bbox 3258 1631 3508 1690; x_wconf 85' lang='lat' dir='ltr'><strong>Ecclesia</strong></span> <span class='ocrx_word' id='word_1_253' title='bbox 3539 1635 3803 1688; x_wconf 77' lang='lat' dir='ltr'><strong>commis-</strong></span> 
     </span>
    </p>
   </div>
   <div class='ocr_carea' id='block_1_36' title="bbox 2201 1715 3802 1796">
    <p class='ocr_par' dir='ltr' id='par_1_36' title="bbox 2201 1715 3802 1796">
     <span class='ocr_line' id='line_1_36' title="bbox 2201 1715 3802 1796; baseline 0.002 -18"><span class='ocrx_word' id='word_1_254' title='bbox 2201 1722 2315 1778; x_wconf 88' lang='lat' dir='ltr'><strong>ceri</strong></span> <span class='ocrx_word' id='word_1_255' title='bbox 2343 1737 2356 1776; x_wconf 89' lang='lat'><strong>:</strong></span> <span class='ocrx_word' id='word_1_256' title='bbox 2389 1737 2509 1794; x_wconf 58' lang='lat' dir='ltr'><strong>quas.</strong></span> <span class='ocrx_word' id='word_1_257' title='bbox 2539 1722 2657 1779; x_wconf 86' lang='lat' dir='ltr'><strong>sine</strong></span> <span class='ocrx_word' id='word_1_258' title='bbox 2680 1721 2847 1779; x_wconf 91' lang='lat' dir='ltr'><strong>dubio</strong></span> <span class='ocrx_word' id='word_1_259' title='bbox 2889 1715 3264 1796; x_wconf 87' lang='lat' dir='ltr'><strong>amplectenda</strong></span> <span class='ocrx_word' id='word_1_260' title='bbox 3312 1740 3412 1796; x_wconf 91' lang='lat' dir='ltr'><strong>pro</strong></span> <span class='ocrx_word' id='word_1_261' title='bbox 3456 1723 3631 1781; x_wconf 87' lang='lat' dir='ltr'><strong>bonis</strong></span> <span class='ocrx_word' id='word_1_262' title='bbox 3657 1767 3674 1792; x_wconf 91' lang='lat'><strong>,</strong></span> <span class='ocrx_word' id='word_1_263' title='bbox 3704 1741 3802 1781; x_wconf 76' lang='lat' dir='ltr'><strong>non</strong></span> 
     </span>
    </p>
   </div>
   <div class='ocr_carea' id='block_1_37' title="bbox 514 1814 2111 1900">
    <p class='ocr_par' dir='ltr' id='par_1_37' title="bbox 514 1821 2100 1900">
     <span class='ocr_line' id='line_1_37' title="bbox 514 1821 2100 1900; baseline -0.001 -20"><span class='ocrx_word' id='word_1_264' title='bbox 514 1821 612 1880; x_wconf 89' lang='lat' dir='ltr'><strong>des</strong></span> <span class='ocrx_word' id='word_1_265' title='bbox 633 1824 812 1880; x_wconf 85' lang='lat' dir='ltr'><strong>claves</strong></span> <span class='ocrx_word' id='word_1_266' title='bbox 862 1824 1072 1881; x_wconf 82' lang='lat' dir='ltr'><strong>mortis.</strong></span> <span class='ocrx_word' id='word_1_267' title='bbox 1127 1821 1207 1880; x_wconf 89' lang='lat' dir='ltr'><strong>Tu</strong></span> <span class='ocrx_word' id='word_1_268' title='bbox 1237 1824 1330 1894; x_wconf 92' lang='lat' dir='ltr'><strong>qui</strong></span> <span class='ocrx_word' id='word_1_269' title='bbox 1377 1839 1438 1879; x_wconf 91' lang='lat' dir='ltr'><strong>es</strong></span> <span class='ocrx_word' id='word_1_270' title='bbox 1492 1823 1640 1880; x_wconf 89' lang='lat' dir='ltr'><strong>velut</strong></span> <span class='ocrx_word' id='word_1_271' title='bbox 1677 1833 1942 1893; x_wconf 87' lang='lat' dir='ltr'><strong>mortuus,</strong></span> <span class='ocrx_word' id='word_1_272' title='bbox 1974 1824 2100 1900; x_wconf 85' lang='lat' dir='ltr'><strong>quia</strong></span> 
     </span>
    </p>
   </div>
   <div class='ocr_carea' id='block_1_38' title="bbox 2215 1814 3804 1900">
    <p class='ocr_par' dir='ltr' id='par_1_38' title="bbox 2215 1814 3804 1890">
     <span class='ocr_line' id='line_1_38' title="bbox 2215 1814 3804 1890; baseline 0.002 -21"><span class='ocrx_word' id='word_1_273' title='bbox 2215 1822 2382 1870; x_wconf 71' lang='lat' dir='ltr'><strong>tamen</strong></span> <span class='ocrx_word' id='word_1_274' title='bbox 2432 1821 2517 1871; x_wconf 90' lang='lat' dir='ltr'><strong>est</strong></span> <span class='ocrx_word' id='word_1_275' title='bbox 2565 1814 2867 1872; x_wconf 90' lang='lat' dir='ltr'><strong>deserenda</strong></span> <span class='ocrx_word' id='word_1_276' title='bbox 2919 1829 3015 1886; x_wconf 90' lang='lat' dir='ltr'><strong>pro</strong></span> <span class='ocrx_word' id='word_1_277' title='bbox 3065 1817 3244 1872; x_wconf 87' lang='lat' dir='ltr'><strong>malis.</strong></span> <span class='ocrx_word' id='word_1_278' title='bbox 3285 1815 3493 1890; x_wconf 80' lang='lat' dir='ltr'><strong>Angela</strong></span> <span class='ocrx_word' id='word_1_279' title='bbox 3555 1815 3804 1872; x_wconf 57' lang='lat' dir='ltr'><strong>Emicat:</strong></span> 
     </span>
    </p>
   </div>
   <div class='ocr_carea' id='block_1_39' title="bbox 514 1908 2098 1990">
    <p class='ocr_par' dir='ltr' id='par_1_39' title="bbox 514 1908 2098 1990">
     <span class='ocr_line' id='line_1_39' title="bbox 514 1908 2098 1990; baseline 0.001 -17"><span class='ocrx_word' id='word_1_280' title='bbox 514 1908 644 1973; x_wconf 75' lang='lat' dir='ltr'><strong>licet</strong></span> <span class='ocrx_word' id='word_1_281' title='bbox 691 1918 867 1975; x_wconf 86' lang='lat' dir='ltr'><strong>adhuc</strong></span> <span class='ocrx_word' id='word_1_282' title='bbox 910 1919 1281 1990; x_wconf 89' lang='lat' dir='ltr'><strong>peregrinetur</strong></span> <span class='ocrx_word' id='word_1_283' title='bbox 1309 1917 1591 1986; x_wconf 87' lang='lat' dir='ltr'><strong>Ecclesia,</strong></span> <span class='ocrx_word' id='word_1_284' title='bbox 1640 1933 1837 1990; x_wconf 88' lang='lat' dir='ltr'><strong>corpus</strong></span> <span class='ocrx_word' id='word_1_285' title='bbox 1878 1917 2098 1989; x_wconf 90' lang='lat' dir='ltr'><strong>quidem</strong></span> 
     </span>
    </p>
   </div>
   <div class='ocr_carea' id='block_1_40' title="bbox 518 2009 2103 2083">
    <p class='ocr_par' dir='ltr' id='par_1_40' title="bbox 518 2009 2103 2083">
     <span class='ocr_line' id='line_1_40' title="bbox 518 2009 2103 2083; baseline -0.003 -16"><span class='ocrx_word' id='word_1_286' title='bbox 518 2019 791 2067; x_wconf 81' lang='lat' dir='ltr'><strong>mortuum</strong></span> <span class='ocrx_word' id='word_1_287' title='bbox 837 2019 922 2067; x_wconf 88' lang='lat' dir='ltr'><strong>est</strong></span> <span class='ocrx_word' id='word_1_288' title='bbox 966 2021 1187 2082; x_wconf 88' lang='lat' dir='ltr'><strong>propter</strong></span> <span class='ocrx_word' id='word_1_289' title='bbox 1226 2021 1538 2083; x_wconf 87' lang='lat' dir='ltr'><strong>peccatum,</strong></span> <span class='ocrx_word' id='word_1_290' title='bbox 1567 2011 1790 2082; x_wconf 88' lang='lat' dir='ltr'><strong>spiritus</strong></span> <span class='ocrx_word' id='word_1_291' title='bbox 1810 2025 1938 2067; x_wconf 88' lang='lat' dir='ltr'><strong>vero</strong></span> <span class='ocrx_word' id='word_1_292' title='bbox 1971 2009 2103 2065; x_wconf 90' lang='lat' dir='ltr'><strong>vivit</strong></span> 
     </span>
    </p>
   </div>
   <div class='ocr_carea' id='block_1_41' title="bbox 515 2105 2102 2182">
    <p class='ocr_par' dir='ltr' id='par_1_41' title="bbox 515 2105 2102 2182">
     <span class='ocr_line' id='line_1_41' title="bbox 515 2105 2102 2182; baseline 0 -22"><span class='ocrx_word' id='word_1_293' title='bbox 515 2114 739 2176; x_wconf 88' lang='lat' dir='ltr'><strong>propter</strong></span> <span class='ocrx_word' id='word_1_294' title='bbox 764 2105 1203 2175; x_wconf 86' lang='lat' dir='ltr'><strong>justilicationem</strong></span> <span class='ocrx_word' id='word_1_295' title='bbox 1251 2107 1428 2182; x_wconf 84' lang='lat' dir='ltr'><strong>(Rom.</strong></span> <span class='ocrx_word' id='word_1_296' title='bbox 1479 2106 1618 2177; x_wconf 79' lang='lat' dir='ltr'><strong>vni).</strong></span> <span class='ocrx_word' id='word_1_297' title='bbox 1665 2105 1888 2176; x_wconf 82' lang='lat' dir='ltr'><strong>Accepit</strong></span> <span class='ocrx_word' id='word_1_298' title='bbox 1924 2113 2102 2162; x_wconf 90' lang='lat' dir='ltr'><strong>tamen</strong></span> 
     </span>
    </p>
   </div>
   <div class='ocr_carea' id='block_1_42' title="bbox 515 2199 2102 2273">
    <p class='ocr_par' dir='ltr' id='par_1_42' title="bbox 515 2199 2102 2273">
     <span class='ocr_line' id='line_1_42' title="bbox 515 2199 2102 2273; baseline 0 -19"><span class='ocrx_word' id='word_1_299' title='bbox 515 2208 578 2255; x_wconf 88' lang='lat' dir='ltr'><strong>ut</strong></span> <span class='ocrx_word' id='word_1_300' title='bbox 606 2201 660 2255; x_wconf 91' lang='lat' dir='ltr'><strong>in</strong></span> <span class='ocrx_word' id='word_1_301' title='bbox 690 2199 799 2256; x_wconf 91' lang='lat' dir='ltr'><strong>Deo</strong></span> <span class='ocrx_word' id='word_1_302' title='bbox 830 2215 928 2257; x_wconf 87' lang='lat' dir='ltr'><strong>suo</strong></span> <span class='ocrx_word' id='word_1_303' title='bbox 958 2201 1201 2257; x_wconf 88' lang='lat' dir='ltr'><strong>solvendi</strong></span> <span class='ocrx_word' id='word_1_304' title='bbox 1229 2210 1284 2259; x_wconf 90' lang='lat' dir='ltr'><strong>et</strong></span> <span class='ocrx_word' id='word_1_305' title='bbox 1315 2202 1516 2273; x_wconf 79' lang='lat' dir='ltr'><strong>ligandi</strong></span> <span class='ocrx_word' id='word_1_306' title='bbox 1543 2201 1740 2258; x_wconf 88' lang='lat' dir='ltr'><strong>habeat</strong></span> <span class='ocrx_word' id='word_1_307' title='bbox 1769 2200 2102 2266; x_wconf 73' lang='lat' dir='ltr'><strong>facultatem;</strong></span> 
     </span>
    </p>
   </div>
   <div class='ocr_carea' id='block_1_43' title="bbox 515 2291 2104 2366">
    <p class='ocr_par' dir='ltr' id='par_1_43' title="bbox 515 2291 2104 2366">
     <span class='ocr_line' id='line_1_43' title="bbox 515 2291 2104 2366; baseline -0.002 -15"><span class='ocrx_word' id='word_1_308' title='bbox 515 2291 645 2351; x_wconf 75' lang='lat' dir='ltr'><strong>sive</strong></span> <span class='ocrx_word' id='word_1_309' title='bbox 659 2308 779 2349; x_wconf 92' lang='lat' dir='ltr'><strong>cum</strong></span> <span class='ocrx_word' id='word_1_310' title='bbox 804 2294 1063 2364; x_wconf 85' lang='lat' dir='ltr'><strong>probabili</strong></span> <span class='ocrx_word' id='word_1_311' title='bbox 1086 2295 1362 2366; x_wconf 90' lang='lat' dir='ltr'><strong>dispensat</strong></span> <span class='ocrx_word' id='word_1_312' title='bbox 1381 2305 1572 2352; x_wconf 90' lang='lat' dir='ltr'><strong>cuncta</strong></span> <span class='ocrx_word' id='word_1_313' title='bbox 1594 2294 1820 2366; x_wconf 91' lang='lat' dir='ltr'><strong>judicio,</strong></span> <span class='ocrx_word' id='word_1_314' title='bbox 1838 2294 1950 2350; x_wconf 88' lang='lat' dir='ltr'><strong>sive</strong></span> <span class='ocrx_word' id='word_1_315' title='bbox 1983 2308 2104 2350; x_wconf 91' lang='lat' dir='ltr'><strong>cum</strong></span> 
     </span>
    </p>
   </div>
   <div class='ocr_carea' id='block_1_44' title="bbox 521 2384 2107 2459">
    <p class='ocr_par' dir='ltr' id='par_1_44' title="bbox 521 2384 2107 2459">
     <span class='ocr_line' id='line_1_44' title="bbox 521 2384 2107 2459; baseline 0.001 -16"><span class='ocrx_word' id='word_1_316' title='bbox 521 2384 577 2443; x_wconf 90' lang='lat' dir='ltr'><strong>in</strong></span> <span class='ocrx_word' id='word_1_317' title='bbox 607 2387 994 2458; x_wconf 87' lang='lat' dir='ltr'><strong>accipientibus</strong></span> <span class='ocrx_word' id='word_1_318' title='bbox 1039 2389 1188 2443; x_wconf 88' lang='lat' dir='ltr'><strong>nullo</strong></span> <span class='ocrx_word' id='word_1_319' title='bbox 1233 2387 1362 2444; x_wconf 84' lang='lat' dir='ltr'><strong>ﬁdes</strong></span> <span class='ocrx_word' id='word_1_320' title='bbox 1390 2388 1782 2444; x_wconf 85' lang='lat' dir='ltr'><strong>incredulitatis</strong></span> <span class='ocrx_word' id='word_1_321' title='bbox 1817 2387 2107 2459; x_wconf 91' lang='lat' dir='ltr'><strong>impeditur</strong></span> 
     </span>
    </p>
   </div>
   <div class='ocr_carea' id='block_1_45' title="bbox 524 2486 2106 2560">
    <p class='ocr_par' dir='ltr' id='par_1_45' title="bbox 524 2486 2106 2560">
     <span class='ocr_line' id='line_1_45' title="bbox 524 2486 2106 2560; baseline 0.001 -18"><span class='ocrx_word' id='word_1_322' title='bbox 524 2487 824 2543; x_wconf 89' lang='lat' dir='ltr'><strong>obstaculo.</strong></span> <span class='ocrx_word' id='word_1_323' title='bbox 855 2486 974 2555; x_wconf 83' lang='lat' dir='ltr'><strong>Cui,</strong></span> <span class='ocrx_word' id='word_1_324' title='bbox 1005 2487 1181 2556; x_wconf 88' lang='lat' dir='ltr'><strong>inquit</strong></span> <span class='ocrx_word' id='word_1_325' title='bbox 1210 2486 1391 2560; x_wconf 82' lang='lat' dir='ltr'><strong>(Joan.</strong></span> <span class='ocrx_word' id='word_1_326' title='bbox 1422 2488 1538 2560; x_wconf 84' lang='lat' dir='ltr'><strong>xx),</strong></span> <span class='ocrx_word' id='word_1_327' title='bbox 1573 2489 1885 2546; x_wconf 91' lang='lat' dir='ltr'><strong>dimiseritis</strong></span> <span class='ocrx_word' id='word_1_328' title='bbox 1913 2503 2106 2559; x_wconf 90' lang='lat' dir='ltr'><strong>pecca-</strong></span> 
     </span>
    </p>
   </div>
   <div class='ocr_carea' id='block_1_46' title="bbox 526 2579 2106 2652">
    <p class='ocr_par' dir='ltr' id='par_1_46' title="bbox 526 2579 2106 2652">
     <span class='ocr_line' id='line_1_46' title="bbox 526 2579 2106 2652; baseline 0.003 -18"><span class='ocrx_word' id='word_1_329' title='bbox 526 2587 607 2646; x_wconf 89' lang='lat' dir='ltr'><strong>ta,</strong></span> <span class='ocrx_word' id='word_1_330' title='bbox 635 2579 969 2635; x_wconf 90' lang='lat' dir='ltr'><strong>dimittentur</strong></span> <span class='ocrx_word' id='word_1_331' title='bbox 992 2579 1072 2646; x_wconf 92' lang='lat' dir='ltr'><strong>ei;</strong></span> <span class='ocrx_word' id='word_1_332' title='bbox 1101 2580 1296 2652; x_wconf 88' lang='lat' dir='ltr'><strong>quibus</strong></span> <span class='ocrx_word' id='word_1_333' title='bbox 1325 2581 1675 2648; x_wconf 88' lang='lat' dir='ltr'><strong>retinueritis,</strong></span> <span class='ocrx_word' id='word_1_334' title='bbox 1699 2590 1903 2638; x_wconf 88' lang='lat' dir='ltr'><strong>retenta</strong></span> <span class='ocrx_word' id='word_1_335' title='bbox 1927 2590 2106 2638; x_wconf 90' lang='lat' dir='ltr'><strong>erunt.</strong></span> 
     </span>
    </p>
   </div>
   <div class='ocr_carea' id='block_1_47' title="bbox 524 2657 2108 2745">
    <p class='ocr_par' dir='ltr' id='par_1_47' title="bbox 524 2657 2108 2745">
     <span class='ocr_line' id='line_1_47' title="bbox 524 2657 2108 2745; baseline 0.003 -22"><span class='ocrx_word' id='word_1_336' title='bbox 524 2668 708 2729; x_wconf 83' lang='lat' dir='ltr'><strong>Scribe</strong></span> <span class='ocrx_word' id='word_1_337' title='bbox 750 2657 868 2742; x_wconf 80' lang='lat' dir='ltr'><strong>ergo</strong></span> <span class='ocrx_word' id='word_1_338' title='bbox 910 2686 1024 2741; x_wconf 71' lang='lat' dir='ltr'><strong>qua:</strong></span> <span class='ocrx_word' id='word_1_339' title='bbox 1060 2671 1250 2738; x_wconf 79' lang='lat' dir='ltr'><strong>vidisti,</strong></span> <span class='ocrx_word' id='word_1_340' title='bbox 1296 2681 1342 2727; x_wconf 91' lang='lat' dir='ltr'><strong>et</strong></span> <span class='ocrx_word' id='word_1_341' title='bbox 1372 2688 1486 2743; x_wconf 74' lang='lat' dir='ltr'><strong>qua:</strong></span> <span class='ocrx_word' id='word_1_342' title='bbox 1512 2683 1646 2740; x_wconf 81' lang='lat' dir='ltr'><strong>sunt,</strong></span> <span class='ocrx_word' id='word_1_343' title='bbox 1677 2683 1726 2728; x_wconf 88' lang='lat' dir='ltr'><strong>et</strong></span> <span class='ocrx_word' id='word_1_344' title='bbox 1765 2689 1879 2745; x_wconf 72' lang='lat' dir='ltr'><strong>qua:</strong></span> <span class='ocrx_word' id='word_1_345' title='bbox 1912 2683 2108 2744; x_wconf 80' lang='lat' dir='ltr'><strong>oportet</strong></span> 
     </span>
    </p>
   </div>
   <div class='ocr_carea' id='block_1_48' title="bbox 527 2761 2110 2836">
    <p class='ocr_par' dir='ltr' id='par_1_48' title="bbox 527 2761 2110 2836">
     <span class='ocr_line' id='line_1_48' title="bbox 527 2761 2110 2836; baseline 0.003 -19"><span class='ocrx_word' id='word_1_346' title='bbox 527 2761 646 2832; x_wconf 83' lang='lat' dir='ltr'><strong>ﬁeri</strong></span> <span class='ocrx_word' id='word_1_347' title='bbox 692 2771 807 2834; x_wconf 84' lang='lat' dir='ltr'><strong>post</strong></span> <span class='ocrx_word' id='word_1_348' title='bbox 835 2763 942 2818; x_wconf 78' lang='lat' dir='ltr'><strong>hwc</strong></span> <span class='ocrx_word' id='word_1_349' title='bbox 968 2781 987 2819; x_wconf 93' lang='lat'><strong><em>:</em></strong></span> <span class='ocrx_word' id='word_1_350' title='bbox 1017 2773 1392 2820; x_wconf 75' lang='lat' dir='ltr'><strong>sacramentum</strong></span> <span class='ocrx_word' id='word_1_351' title='bbox 1439 2773 1630 2836; x_wconf 83' lang='lat' dir='ltr'><strong>septem</strong></span> <span class='ocrx_word' id='word_1_352' title='bbox 1669 2766 1937 2820; x_wconf 84' lang='lat' dir='ltr'><strong>stellarum</strong></span> <span class='ocrx_word' id='word_1_353' title='bbox 1983 2782 2110 2835; x_wconf 81' lang='lat' dir='ltr'><strong>quas</strong></span> 
     </span>
    </p>
   </div>
   <div class='ocr_carea' id='block_1_49' title="bbox 525 2856 2110 2929">
    <p class='ocr_par' dir='ltr' id='par_1_49' title="bbox 525 2856 2110 2929">
     <span class='ocr_line' id='line_1_49' title="bbox 525 2856 2110 2929; baseline 0.001 -17"><span class='ocrx_word' id='word_1_354' title='bbox 525 2856 704 2912; x_wconf 72' lang='lat' dir='ltr'><strong>vidisti</strong></span> <span class='ocrx_word' id='word_1_355' title='bbox 748 2856 803 2910; x_wconf 85' lang='lat' dir='ltr'><strong>in</strong></span> <span class='ocrx_word' id='word_1_356' title='bbox 834 2857 1016 2912; x_wconf 72' lang='lat' dir='ltr'><strong>dextra</strong></span> <span class='ocrx_word' id='word_1_357' title='bbox 1063 2873 1199 2925; x_wconf 91' lang='lat' dir='ltr'><strong>mea,</strong></span> <span class='ocrx_word' id='word_1_358' title='bbox 1229 2865 1276 2912; x_wconf 87' lang='lat' dir='ltr'><strong>et</strong></span> <span class='ocrx_word' id='word_1_359' title='bbox 1317 2866 1504 2929; x_wconf 78' lang='lat' dir='ltr'><strong>septem</strong></span> <span class='ocrx_word' id='word_1_360' title='bbox 1531 2857 1973 2914; x_wconf 89' lang='lat' dir='ltr'><strong>candelabrorum</strong></span> <span class='ocrx_word' id='word_1_361' title='bbox 2012 2873 2110 2914; x_wconf 86' lang='lat' dir='ltr'><strong>au-</strong></span> 
     </span>
    </p>
   </div>
   <div class='ocr_carea' id='block_1_50' title="bbox 525 2950 2109 3022">
    <p class='ocr_par' dir='ltr' id='par_1_50' title="bbox 525 2950 2109 3022">
     <span class='ocr_line' id='line_1_50' title="bbox 525 2950 2109 3022; baseline -0.001 -15"><span class='ocrx_word' id='word_1_362' title='bbox 525 2963 765 3007; x_wconf 81' lang='lat' dir='ltr'><strong>reorum.</strong></span> <span class='ocrx_word' id='word_1_363' title='bbox 796 2950 1001 3022; x_wconf 81' lang='lat' dir='ltr'><strong>Septem</strong></span> <span class='ocrx_word' id='word_1_364' title='bbox 1045 2951 1206 3007; x_wconf 72' lang='lat' dir='ltr'><strong>stellat</strong></span> <span class='ocrx_word' id='word_1_365' title='bbox 1232 2952 1403 3022; x_wconf 81' lang='lat' dir='ltr'><strong>angeli</strong></span> <span class='ocrx_word' id='word_1_366' title='bbox 1434 2961 1552 3007; x_wconf 87' lang='lat' dir='ltr'><strong>sunt</strong></span> <span class='ocrx_word' id='word_1_367' title='bbox 1596 2961 1786 3022; x_wconf 85' lang='lat' dir='ltr'><strong>septem</strong></span> <span class='ocrx_word' id='word_1_368' title='bbox 1846 2951 2109 3007; x_wconf 80' lang='lat' dir='ltr'><strong>Ecclesia-</strong></span> 
     </span>
    </p>
   </div>
   <div class='ocr_carea' id='block_1_51' title="bbox 528 3041 2111 3124">
    <p class='ocr_par' dir='ltr' id='par_1_51' title="bbox 528 3041 2111 3124">
     <span class='ocr_line' id='line_1_51' title="bbox 528 3041 2111 3124; baseline 0.002 -27"><span class='ocrx_word' id='word_1_369' title='bbox 528 3057 670 3098; x_wconf 82' lang='lat' dir='ltr'><strong>rum.</strong></span> <span class='ocrx_word' id='word_1_370' title='bbox 700 3041 808 3099; x_wconf 89' lang='lat' dir='ltr'><strong>Sed</strong></span> <span class='ocrx_word' id='word_1_371' title='bbox 834 3053 882 3098; x_wconf 88' lang='lat' dir='ltr'><strong>et</strong></span> <span class='ocrx_word' id='word_1_372' title='bbox 909 3042 1216 3098; x_wconf 85' lang='lat' dir='ltr'><strong>candelabra</strong></span> <span class='ocrx_word' id='word_1_373' title='bbox 1245 3053 1433 3115; x_wconf 85' lang='lat' dir='ltr'><strong>septem</strong></span> <span class='ocrx_word' id='word_1_374' title='bbox 1481 3044 1712 3100; x_wconf 79' lang='lat' dir='ltr'><strong>Ecclesia</strong></span> <span class='ocrx_word' id='word_1_375' title='bbox 1741 3053 1882 3100; x_wconf 82' lang='lat' dir='ltr'><strong>sunt.</strong></span> <span class='ocrx_word' id='word_1_376' title='bbox 1907 3045 2111 3124; x_wconf 66' lang='lat' dir='ltr'><strong>§tellas</strong></span> 
     </span>
    </p>
   </div>
   <div class='ocr_carea' id='block_1_52' title="bbox 2203 1905 3800 1983">
    <p class='ocr_par' dir='ltr' id='par_1_52' title="bbox 2203 1905 3800 1983">
     <span class='ocr_line' id='line_1_52' title="bbox 2203 1905 3800 1983; baseline 0.001 -19"><span class='ocrx_word' id='word_1_377' title='bbox 2203 1905 2396 1980; x_wconf 81' lang='lat' dir='ltr'><strong>Ephesi</strong></span> <span class='ocrx_word' id='word_1_378' title='bbox 2433 1908 2594 1966; x_wconf 79' lang='lat' dir='ltr'><strong>scribe</strong></span> <span class='ocrx_word' id='word_1_379' title='bbox 2617 1925 2636 1964; x_wconf 91' lang='lat'><strong><em>:</em></strong></span> <span class='ocrx_word' id='word_1_380' title='bbox 2668 1909 2795 1965; x_wconf 71' lang='lat' dir='ltr'><strong>Hazc</strong></span> <span class='ocrx_word' id='word_1_381' title='bbox 2834 1909 2958 1965; x_wconf 81' lang='lat' dir='ltr'><strong>dicit</strong></span> <span class='ocrx_word' id='word_1_382' title='bbox 2998 1912 3086 1982; x_wconf 87' lang='lat' dir='ltr'><strong>qui</strong></span> <span class='ocrx_word' id='word_1_383' title='bbox 3127 1917 3262 1967; x_wconf 81' lang='lat' dir='ltr'><strong>tenet</strong></span> <span class='ocrx_word' id='word_1_384' title='bbox 3300 1921 3498 1983; x_wconf 86' lang='lat' dir='ltr'><strong>septem</strong></span> <span class='ocrx_word' id='word_1_385' title='bbox 3534 1912 3715 1967; x_wconf 72' lang='lat' dir='ltr'><strong>stellas</strong></span> <span class='ocrx_word' id='word_1_386' title='bbox 3754 1912 3800 1966; x_wconf 69' lang='lat' dir='ltr'><strong>is</strong></span> 
     </span>
    </p>
   </div>
   <div class='ocr_carea' id='block_1_53' title="bbox 2206 1999 3798 2075">
    <p class='ocr_par' dir='ltr' id='par_1_53' title="bbox 2206 1999 3798 2075">
     <span class='ocr_line' id='line_1_53' title="bbox 2206 1999 3798 2075; baseline 0.002 -21"><span class='ocrx_word' id='word_1_387' title='bbox 2206 1999 2416 2056; x_wconf 70' lang='lat' dir='ltr'><strong>dextera</strong></span> <span class='ocrx_word' id='word_1_388' title='bbox 2446 2018 2562 2057; x_wconf 86' lang='lat' dir='ltr'><strong>sua.</strong></span> <span class='ocrx_word' id='word_1_389' title='bbox 2596 2000 2777 2069; x_wconf 90' lang='lat' dir='ltr'><strong>idem,</strong></span> <span class='ocrx_word' id='word_1_390' title='bbox 2812 2001 2904 2074; x_wconf 90' lang='lat' dir='ltr'><strong>qui</strong></span> <span class='ocrx_word' id='word_1_391' title='bbox 2933 2017 3028 2058; x_wconf 89' lang='lat' dir='ltr'><strong>vos</strong></span> <span class='ocrx_word' id='word_1_392' title='bbox 3057 2002 3110 2060; x_wconf 93' lang='lat' dir='ltr'><strong>in</strong></span> <span class='ocrx_word' id='word_1_393' title='bbox 3140 2019 3306 2060; x_wconf 88' lang='lat' dir='ltr'><strong>manu</strong></span> <span class='ocrx_word' id='word_1_394' title='bbox 3344 1999 3559 2073; x_wconf 86' lang='lat' dir='ltr'><strong>habet,</strong></span> <span class='ocrx_word' id='word_1_395' title='bbox 3603 2020 3798 2075; x_wconf 73' lang='lat' dir='ltr'><strong>suaque</strong></span> 
     </span>
    </p>
   </div>
   <div class='ocr_carea' id='block_1_54' title="bbox 2206 2095 3799 2166">
    <p class='ocr_par' dir='ltr' id='par_1_54' title="bbox 2206 2095 3799 2166">
     <span class='ocr_line' id='line_1_54' title="bbox 2206 2095 3799 2166; baseline 0.002 -18"><span class='ocrx_word' id='word_1_396' title='bbox 2206 2101 2477 2165; x_wconf 84' lang='lat' dir='ltr'><strong>potestate</strong></span> <span class='ocrx_word' id='word_1_397' title='bbox 2525 2095 2664 2165; x_wconf 89' lang='lat' dir='ltr'><strong>regit</strong></span> <span class='ocrx_word' id='word_1_398' title='bbox 2713 2103 2768 2151; x_wconf 88' lang='lat' dir='ltr'><strong>et</strong></span> <span class='ocrx_word' id='word_1_399' title='bbox 2806 2095 3080 2166; x_wconf 90' lang='lat' dir='ltr'><strong>continet,</strong></span> <span class='ocrx_word' id='word_1_400' title='bbox 3126 2095 3227 2165; x_wconf 85' lang='lat' dir='ltr'><strong>Qui</strong></span> <span class='ocrx_word' id='word_1_401' title='bbox 3265 2097 3508 2152; x_wconf 84' lang='lat' dir='ltr'><strong>ambulat</strong></span> <span class='ocrx_word' id='word_1_402' title='bbox 3540 2097 3598 2153; x_wconf 83' lang='lat' dir='ltr'><strong>in</strong></span> <span class='ocrx_word' id='word_1_403' title='bbox 3641 2098 3799 2152; x_wconf 73' lang='lat' dir='ltr'><strong>medie</strong></span> 
     </span>
    </p>
   </div>
   <div class='ocr_carea' id='block_1_55' title="bbox 2207 2186 3800 2258">
    <p class='ocr_par' dir='ltr' id='par_1_55' title="bbox 2207 2186 3800 2258">
     <span class='ocr_line' id='line_1_55' title="bbox 2207 2186 3800 2258; baseline 0.003 -16"><span class='ocrx_word' id='word_1_404' title='bbox 2207 2195 2398 2258; x_wconf 86' lang='lat' dir='ltr'><strong>septem</strong></span> <span class='ocrx_word' id='word_1_405' title='bbox 2423 2186 2847 2243; x_wconf 84' lang='lat' dir='ltr'><strong>candelabrorum</strong></span> <span class='ocrx_word' id='word_1_406' title='bbox 2872 2205 3165 2246; x_wconf 82' lang='lat' dir='ltr'><strong>aureorum.</strong></span> <span class='ocrx_word' id='word_1_407' title='bbox 3197 2187 3255 2244; x_wconf 83' lang='lat' dir='ltr'><strong>id</strong></span> <span class='ocrx_word' id='word_1_408' title='bbox 3284 2198 3372 2246; x_wconf 91' lang='lat' dir='ltr'><strong>est</strong></span> <span class='ocrx_word' id='word_1_409' title='bbox 3406 2188 3463 2246; x_wconf 89' lang='lat' dir='ltr'><strong>in</strong></span> <span class='ocrx_word' id='word_1_410' title='bbox 3510 2190 3698 2247; x_wconf 83' lang='lat' dir='ltr'><strong>medio</strong></span> <span class='ocrx_word' id='word_1_411' title='bbox 3720 2205 3800 2246; x_wconf 77' lang='lat' dir='ltr'><strong>ve-</strong></span> 
     </span>
    </p>
   </div>
   <div class='ocr_carea' id='block_1_56' title="bbox 2209 2281 3797 2357">
    <p class='ocr_par' dir='ltr' id='par_1_56' title="bbox 2209 2281 3797 2357">
     <span class='ocr_line' id='line_1_56' title="bbox 2209 2281 3797 2357; baseline 0.002 -20"><span class='ocrx_word' id='word_1_412' title='bbox 2209 2282 2328 2337; x_wconf 83' lang='lat' dir='ltr'><strong>stri.</strong></span> <span class='ocrx_word' id='word_1_413' title='bbox 2364 2281 2488 2338; x_wconf 86' lang='lat' dir='ltr'><strong>Scio</strong></span> <span class='ocrx_word' id='word_1_414' title='bbox 2515 2299 2670 2353; x_wconf 82' lang='lat' dir='ltr'><strong>Opera</strong></span> <span class='ocrx_word' id='word_1_415' title='bbox 2699 2292 2789 2338; x_wconf 85' lang='lat' dir='ltr'><strong>tua</strong></span> <span class='ocrx_word' id='word_1_416' title='bbox 2817 2292 2865 2339; x_wconf 87' lang='lat' dir='ltr'><strong>cl</strong></span> <span class='ocrx_word' id='word_1_417' title='bbox 2890 2283 3113 2341; x_wconf 85' lang='lat' dir='ltr'><strong>laborem</strong></span> <span class='ocrx_word' id='word_1_418' title='bbox 3137 2294 3186 2340; x_wconf 86' lang='lat' dir='ltr'><strong>et</strong></span> <span class='ocrx_word' id='word_1_419' title='bbox 3214 2283 3598 2354; x_wconf 80' lang='lat' dir='ltr'><strong>tolerantiam,</strong></span> <span class='ocrx_word' id='word_1_420' title='bbox 3620 2293 3669 2343; x_wconf 85' lang='lat' dir='ltr'><strong>el</strong></span> <span class='ocrx_word' id='word_1_421' title='bbox 3687 2287 3797 2357; x_wconf 69' lang='lat' dir='ltr'><strong>quia</strong></span> 
     </span>
    </p>
   </div>
   <div class='ocr_carea' id='block_1_57' title="bbox 2209 2372 3798 2447">
    <p class='ocr_par' dir='ltr' id='par_1_57' title="bbox 2209 2372 3798 2447">
     <span class='ocr_line' id='line_1_57' title="bbox 2209 2372 3798 2447; baseline 0.003 -21"><span class='ocrx_word' id='word_1_422' title='bbox 2209 2372 2343 2443; x_wconf 77' lang='lat' dir='ltr'><strong>ferre</strong></span> <span class='ocrx_word' id='word_1_423' title='bbox 2385 2389 2490 2428; x_wconf 82' lang='lat' dir='ltr'><strong>non</strong></span> <span class='ocrx_word' id='word_1_424' title='bbox 2532 2385 2675 2445; x_wconf 84' lang='lat' dir='ltr'><strong>potes</strong></span> <span class='ocrx_word' id='word_1_425' title='bbox 2715 2374 2912 2444; x_wconf 87' lang='lat' dir='ltr'><strong>malos,</strong></span> <span class='ocrx_word' id='word_1_426' title='bbox 2952 2385 3000 2430; x_wconf 83' lang='lat' dir='ltr'><strong>et</strong></span> <span class='ocrx_word' id='word_1_427' title='bbox 3040 2376 3244 2432; x_wconf 79' lang='lat' dir='ltr'><strong>tentasti</strong></span> <span class='ocrx_word' id='word_1_428' title='bbox 3280 2391 3369 2432; x_wconf 81' lang='lat' dir='ltr'><strong>eos</strong></span> <span class='ocrx_word' id='word_1_429' title='bbox 3406 2375 3502 2447; x_wconf 76' lang='lat' dir='ltr'><strong>qui</strong></span> <span class='ocrx_word' id='word_1_430' title='bbox 3540 2391 3598 2432; x_wconf 83' lang='lat' dir='ltr'><strong>se</strong></span> <span class='ocrx_word' id='word_1_431' title='bbox 3633 2377 3798 2432; x_wconf 70' lang='lat' dir='ltr'><strong>dicant</strong></span> 
     </span>
    </p>
   </div>
   <div class='ocr_carea' id='block_1_58' title="bbox 2209 2465 3790 2539">
    <p class='ocr_par' dir='ltr' id='par_1_58' title="bbox 2209 2465 3790 2539">
     <span class='ocr_line' id='line_1_58' title="bbox 2209 2465 3790 2539; baseline 0.003 -21"><span class='ocrx_word' id='word_1_432' title='bbox 2209 2465 2470 2537; x_wconf 80' lang='lat' dir='ltr'><strong>apostolos</strong></span> <span class='ocrx_word' id='word_1_433' title='bbox 2499 2482 2640 2536; x_wconf 82' lang='lat' dir='ltr'><strong>esse,</strong></span> <span class='ocrx_word' id='word_1_434' title='bbox 2668 2476 2716 2522; x_wconf 85' lang='lat' dir='ltr'><strong>et</strong></span> <span class='ocrx_word' id='word_1_435' title='bbox 2747 2483 2849 2522; x_wconf 85' lang='lat' dir='ltr'><strong>non</strong></span> <span class='ocrx_word' id='word_1_436' title='bbox 2876 2476 3028 2539; x_wconf 85' lang='lat' dir='ltr'><strong>sunt,</strong></span> <span class='ocrx_word' id='word_1_437' title='bbox 3057 2477 3103 2522; x_wconf 89' lang='lat' dir='ltr'><strong>et</strong></span> <span class='ocrx_word' id='word_1_438' title='bbox 3126 2467 3363 2523; x_wconf 79' lang='lat' dir='ltr'><strong>invenisti</strong></span> <span class='ocrx_word' id='word_1_439' title='bbox 3387 2483 3478 2524; x_wconf 87' lang='lat' dir='ltr'><strong>eos</strong></span> <span class='ocrx_word' id='word_1_440' title='bbox 3506 2468 3790 2536; x_wconf 58' lang='lat' dir='ltr'><strong>mndata,</strong></span> 
     </span>
    </p>
   </div>
   <div class='ocr_carea' id='block_1_59' title="bbox 2209 2557 3789 2634">
    <p class='ocr_par' dir='ltr' id='par_1_59' title="bbox 2209 2557 3789 2634">
     <span class='ocr_line' id='line_1_59' title="bbox 2209 2557 3789 2634; baseline 0.002 -20"><span class='ocrx_word' id='word_1_441' title='bbox 2209 2566 2260 2614; x_wconf 89' lang='lat' dir='ltr'><strong>et</strong></span> <span class='ocrx_word' id='word_1_442' title='bbox 2309 2557 2542 2615; x_wconf 81' lang='lat' dir='ltr'><strong>habuiSti</strong></span> <span class='ocrx_word' id='word_1_443' title='bbox 2589 2560 2922 2631; x_wconf 83' lang='lat' dir='ltr'><strong>patientiam,</strong></span> <span class='ocrx_word' id='word_1_444' title='bbox 2969 2571 3017 2617; x_wconf 87' lang='lat' dir='ltr'><strong>et</strong></span> <span class='ocrx_word' id='word_1_445' title='bbox 3065 2561 3310 2618; x_wconf 88' lang='lat' dir='ltr'><strong>tolerasti</strong></span> <span class='ocrx_word' id='word_1_446' title='bbox 3356 2570 3584 2634; x_wconf 78' lang='lat' dir='ltr'><strong>propter</strong></span> <span class='ocrx_word' id='word_1_447' title='bbox 3625 2578 3789 2617; x_wconf 67' lang='lat' dir='ltr'><strong>acute-‘3</strong></span> 
     </span>
    </p>
   </div>
   <div class='ocr_carea' id='block_1_60' title="bbox 2211 2653 3800 2728">
    <p class='ocr_par' dir='ltr' id='par_1_60' title="bbox 2211 2653 3800 2728">
     <span class='ocr_line' id='line_1_60' title="bbox 2211 2653 3800 2728; baseline 0.004 -23"><span class='ocrx_word' id='word_1_448' title='bbox 2211 2667 2378 2707; x_wconf 89' lang='lat' dir='ltr'><strong>meum</strong></span> <span class='ocrx_word' id='word_1_449' title='bbox 2397 2692 2412 2720; x_wconf 96' lang='lat'><strong>,</strong></span> <span class='ocrx_word' id='word_1_450' title='bbox 2449 2667 2551 2710; x_wconf 91' lang='lat' dir='ltr'><strong>nec</strong></span> <span class='ocrx_word' id='word_1_451' title='bbox 2577 2653 2823 2726; x_wconf 72' lang='lat' dir='ltr'><strong>deiecisti.</strong></span> <span class='ocrx_word' id='word_1_452' title='bbox 2854 2654 3127 2726; x_wconf 87' lang='lat' dir='ltr'><strong>Tentasti,</strong></span> <span class='ocrx_word' id='word_1_453' title='bbox 3157 2656 3364 2728; x_wconf 85' lang='lat' dir='ltr'><strong>inquit,</strong></span> <span class='ocrx_word' id='word_1_454' title='bbox 3395 2672 3517 2714; x_wconf 85' lang='lat' dir='ltr'><strong>eos.</strong></span> <span class='ocrx_word' id='word_1_455' title='bbox 3545 2657 3663 2713; x_wconf 83' lang='lat' dir='ltr'><strong>Non</strong></span> <span class='ocrx_word' id='word_1_456' title='bbox 3689 2667 3800 2712; x_wconf 80' lang='lat' dir='ltr'><strong>tea-</strong></span> 
     </span>
    </p>
   </div>
   <div class='ocr_carea' id='block_1_61' title="bbox 2213 2747 3802 2822">
    <p class='ocr_par' dir='ltr' id='par_1_61' title="bbox 2213 2747 3802 2822">
     <span class='ocr_line' id='line_1_61' title="bbox 2213 2747 3802 2822; baseline 0.004 -20"><span class='ocrx_word' id='word_1_457' title='bbox 2213 2753 2414 2814; x_wconf 90' lang='lat' dir='ltr'><strong>tantur,</strong></span> <span class='ocrx_word' id='word_1_458' title='bbox 2460 2747 2564 2803; x_wconf 89' lang='lat' dir='ltr'><strong>nisi</strong></span> <span class='ocrx_word' id='word_1_459' title='bbox 2607 2747 2753 2820; x_wconf 91' lang='lat' dir='ltr'><strong>quod</strong></span> <span class='ocrx_word' id='word_1_460' title='bbox 2793 2749 2940 2807; x_wconf 87' lang='lat' dir='ltr'><strong>intus</strong></span> <span class='ocrx_word' id='word_1_461' title='bbox 2968 2758 3112 2808; x_wconf 91' lang='lat' dir='ltr'><strong>sunt.</strong></span> <span class='ocrx_word' id='word_1_462' title='bbox 3156 2752 3257 2822; x_wconf 84' lang='lat' dir='ltr'><strong>Qui</strong></span> <span class='ocrx_word' id='word_1_463' title='bbox 3297 2752 3442 2808; x_wconf 91' lang='lat' dir='ltr'><strong>enim</strong></span> <span class='ocrx_word' id='word_1_464' title='bbox 3467 2751 3613 2810; x_wconf 84' lang='lat' dir='ltr'><strong>foris</strong></span> <span class='ocrx_word' id='word_1_465' title='bbox 3639 2761 3802 2821; x_wconf 85' lang='lat' dir='ltr'><strong>sunt,</strong></span> 
     </span>
    </p>
   </div>
   <div class='ocr_carea' id='block_1_62' title="bbox 2213 2837 3806 2914">
    <p class='ocr_par' dir='ltr' id='par_1_62' title="bbox 2213 2837 3806 2914">
     <span class='ocr_line' id='line_1_62' title="bbox 2213 2837 3806 2914; baseline 0.004 -18"><span class='ocrx_word' id='word_1_466' title='bbox 2213 2837 2331 2896; x_wconf 81' lang='lat' dir='ltr'><strong>sine</strong></span> <span class='ocrx_word' id='word_1_467' title='bbox 2360 2839 2470 2896; x_wconf 92' lang='lat' dir='ltr'><strong>ullo</strong></span> <span class='ocrx_word' id='word_1_468' title='bbox 2502 2849 2837 2900; x_wconf 88' lang='lat' dir='ltr'><strong>tentamento</strong></span> <span class='ocrx_word' id='word_1_469' title='bbox 2866 2843 2998 2901; x_wconf 87' lang='lat' dir='ltr'><strong>foris</strong></span> <span class='ocrx_word' id='word_1_470' title='bbox 3023 2859 3146 2904; x_wconf 89' lang='lat' dir='ltr'><strong>esse</strong></span> <span class='ocrx_word' id='word_1_471' title='bbox 3186 2845 3452 2904; x_wconf 81' lang='lat' dir='ltr'><strong>manifesti</strong></span> <span class='ocrx_word' id='word_1_472' title='bbox 3489 2855 3658 2914; x_wconf 84' lang='lat' dir='ltr'><strong>sunt,</strong></span> <span class='ocrx_word' id='word_1_473' title='bbox 3704 2861 3806 2902; x_wconf 83' lang='lat' dir='ltr'><strong>nec</strong></span> 
     </span>
    </p>
   </div>
   <div class='ocr_carea' id='block_1_63' title="bbox 2213 2931 3806 3007">
    <p class='ocr_par' dir='ltr' id='par_1_63' title="bbox 2213 2931 3806 3007">
     <span class='ocr_line' id='line_1_63' title="bbox 2213 2931 3806 3007; baseline 0.004 -21"><span class='ocrx_word' id='word_1_474' title='bbox 2213 2943 2309 2987; x_wconf 88' lang='lat' dir='ltr'><strong>eos</strong></span> <span class='ocrx_word' id='word_1_475' title='bbox 2348 2931 2546 2989; x_wconf 91' lang='lat' dir='ltr'><strong>tentari</strong></span> <span class='ocrx_word' id='word_1_476' title='bbox 2586 2949 2722 3005; x_wconf 90' lang='lat' dir='ltr'><strong>opus</strong></span> <span class='ocrx_word' id='word_1_477' title='bbox 2761 2944 2879 2992; x_wconf 88' lang='lat' dir='ltr'><strong>est:</strong></span> <span class='ocrx_word' id='word_1_478' title='bbox 2924 2937 3069 2996; x_wconf 90' lang='lat' dir='ltr'><strong>intus</strong></span> <span class='ocrx_word' id='word_1_479' title='bbox 3110 2937 3235 2994; x_wconf 81' lang='lat' dir='ltr'><strong>foris</strong></span> <span class='ocrx_word' id='word_1_480' title='bbox 3269 2953 3337 2998; x_wconf 85' lang='lat' dir='ltr'><strong>ne</strong></span> <span class='ocrx_word' id='word_1_481' title='bbox 3369 2939 3510 3006; x_wconf 86' lang='lat' dir='ltr'><strong>sint,</strong></span> <span class='ocrx_word' id='word_1_482' title='bbox 3539 2936 3642 3007; x_wconf 84' lang='lat' dir='ltr'><strong>qui</strong></span> <span class='ocrx_word' id='word_1_483' title='bbox 3676 2952 3806 2993; x_wconf 85' lang='lat' dir='ltr'><strong>non</strong></span> 
     </span>
    </p>
   </div>
   <div class='ocr_carea' id='block_1_64' title="bbox 2217 3023 3807 3100">
    <p class='ocr_par' dir='ltr' id='par_1_64' title="bbox 2217 3023 3807 3100">
     <span class='ocr_line' id='line_1_64' title="bbox 2217 3023 3807 3100; baseline 0.004 -20"><span class='ocrx_word' id='word_1_484' title='bbox 2217 3023 2393 3080; x_wconf 84' lang='lat' dir='ltr'><strong>solum</strong></span> <span class='ocrx_word' id='word_1_485' title='bbox 2427 3039 2496 3082; x_wconf 85' lang='lat' dir='ltr'><strong>ex</strong></span> <span class='ocrx_word' id='word_1_486' title='bbox 2527 3026 2789 3086; x_wconf 84' lang='lat' dir='ltr'><strong>fructibus</strong></span> <span class='ocrx_word' id='word_1_487' title='bbox 2810 3073 2826 3100; x_wconf 94' lang='lat'><strong>,</strong></span> <span class='ocrx_word' id='word_1_488' title='bbox 2871 3029 2969 3086; x_wconf 89' lang='lat' dir='ltr'><strong>sed</strong></span> <span class='ocrx_word' id='word_1_489' title='bbox 3012 3030 3177 3089; x_wconf 88' lang='lat' dir='ltr'><strong>etiam</strong></span> <span class='ocrx_word' id='word_1_490' title='bbox 3212 3045 3273 3088; x_wconf 80' lang='lat' dir='ltr'><strong>ex</strong></span> <span class='ocrx_word' id='word_1_491' title='bbox 3305 3029 3636 3086; x_wconf 85' lang='lat' dir='ltr'><strong>habitatione</strong></span> <span class='ocrx_word' id='word_1_492' title='bbox 3675 3029 3807 3086; x_wconf 73' lang='lat' dir='ltr'><strong>loci</strong></span> 
     </span>
    </p>
   </div>
   <div class='ocr_carea' id='block_1_65' title="bbox 528 3115 2111 3208">
    <p class='ocr_par' dir='ltr' id='par_1_65' title="bbox 528 3115 2111 3208">
     <span class='ocr_line' id='line_1_65' title="bbox 528 3115 2111 3208; baseline 0.003 -20"><span class='ocrx_word' id='word_1_493' title='bbox 528 3132 913 3207; x_wconf 70' lang='lat' dir='ltr'><strong>dixitangelos</strong></span> <span class='ocrx_word' id='word_1_494' title='bbox 940 3149 1059 3206; x_wconf 85' lang='lat' dir='ltr'><strong>esse</strong></span> <span class='ocrx_word' id='word_1_495' title='bbox 1093 3134 1455 3208; x_wconf 81' lang='lat' dir='ltr'><strong>Ecclesiarum</strong></span> <span class='ocrx_word' id='word_1_496' title='bbox 1483 3144 1537 3193; x_wconf 91' lang='lat' dir='ltr'><strong>et</strong></span> <span class='ocrx_word' id='word_1_497' title='bbox 1561 3137 1881 3206; x_wconf 89' lang='lat' dir='ltr'><strong>candelabra</strong></span> <span class='ocrx_word' id='word_1_498' title='bbox 1907 3115 2111 3204; x_wconf 49' lang='lat' dir='ltr'><strong>&quot;ﬁciis;</strong></span> 
     </span>
    </p>
   </div>
   <div class='ocr_carea' id='block_1_66' title="bbox 2215 3115 3800 3208">
    <p class='ocr_par' dir='ltr' id='par_1_66' title="bbox 2217 3119 3800 3196">
     <span class='ocr_line' id='line_1_66' title="bbox 2217 3119 3800 3196; baseline 0.005 -24"><span class='ocrx_word' id='word_1_499' title='bbox 2217 3125 2472 3190; x_wconf 85' lang='lat' dir='ltr'><strong>tanquam</strong></span> <span class='ocrx_word' id='word_1_500' title='bbox 2514 3119 2842 3180; x_wconf 90' lang='lat' dir='ltr'><strong>scbismatici</strong></span> <span class='ocrx_word' id='word_1_501' title='bbox 2881 3122 3284 3196; x_wconf 87' lang='lat' dir='ltr'><strong>diguoscuntur.</strong></span> <span class='ocrx_word' id='word_1_502' title='bbox 3325 3122 3446 3180; x_wconf 65' lang='lat' dir='ltr'><strong>Non</strong></span> <span class='ocrx_word' id='word_1_503' title='bbox 3482 3129 3573 3181; x_wconf 81' lang='lat' dir='ltr'><strong>est</strong></span> <span class='ocrx_word' id='word_1_504' title='bbox 3613 3128 3800 3180; x_wconf 77' lang='lat' dir='ltr'><strong>autem</strong></span> 
     </span>
    </p>
   </div>
   <div class='ocr_carea' id='block_1_67' title="bbox 528 3209 2111 3310">
    <p class='ocr_par' dir='ltr' id='par_1_67' title="bbox 528 3209 2111 3310">
     <span class='ocr_line' id='line_1_67' title="bbox 528 3209 2111 3310; baseline 0 -27"><span class='ocrx_word' id='word_1_505' title='bbox 528 3226 688 3310; x_wconf 52' lang='lat' dir='ltr'><strong>eius;</strong></span> <span class='ocrx_word' id='word_1_506' title='bbox 715 3241 832 3297; x_wconf 73' lang='lat' dir='ltr'><strong>qua:</strong></span> <span class='ocrx_word' id='word_1_507' title='bbox 845 3226 1128 3298; x_wconf 83' lang='lat' dir='ltr'><strong>diligenter</strong></span> <span class='ocrx_word' id='word_1_508' title='bbox 1154 3209 1718 3300; x_wconf 35' lang='lat' dir='ltr'><strong>consideranda&#39;sun‘t.</strong></span> <span class='ocrx_word' id='word_1_509' title='bbox 1750 3228 1807 3284; x_wconf 86' lang='lat' dir='ltr'><strong>Si</strong></span> <span class='ocrx_word' id='word_1_510' title='bbox 1836 3230 1978 3286; x_wconf 88' lang='lat' dir='ltr'><strong>enim</strong></span> <span class='ocrx_word' id='word_1_511' title='bbox 2012 3244 2111 3290; x_wconf 87' lang='lat' dir='ltr'><strong>una</strong></span> 
     </span>
    </p>
   </div>
   <div class='ocr_carea' id='block_1_68' title="bbox 2215 3209 3800 3310">
    <p class='ocr_par' dir='ltr' id='par_1_68' title="bbox 2220 3210 3800 3289">
     <span class='ocr_line' id='line_1_68' title="bbox 2220 3210 3800 3289; baseline 0.003 -21"><span class='ocrx_word' id='word_1_512' title='bbox 2220 3210 2393 3268; x_wconf 87' lang='lat' dir='ltr'><strong>laudis</strong></span> <span class='ocrx_word' id='word_1_513' title='bbox 2420 3213 2562 3285; x_wconf 86' lang='lat' dir='ltr'><strong>quod</strong></span> <span class='ocrx_word' id='word_1_514' title='bbox 2590 3229 2716 3271; x_wconf 90' lang='lat' dir='ltr'><strong>eum</strong></span> <span class='ocrx_word' id='word_1_515' title='bbox 2745 3216 2882 3273; x_wconf 82' lang='lat' dir='ltr'><strong>dixit</strong></span> <span class='ocrx_word' id='word_1_516' title='bbox 2918 3217 3089 3275; x_wconf 89' lang='lat' dir='ltr'><strong>malos</strong></span> <span class='ocrx_word' id='word_1_517' title='bbox 3129 3217 3273 3275; x_wconf 75' lang='lat' dir='ltr'><strong>ferre</strong></span> <span class='ocrx_word' id='word_1_518' title='bbox 3311 3231 3418 3274; x_wconf 88' lang='lat' dir='ltr'><strong>non</strong></span> <span class='ocrx_word' id='word_1_519' title='bbox 3465 3230 3670 3289; x_wconf 83' lang='lat' dir='ltr'><strong>posse,</strong></span> <span class='ocrx_word' id='word_1_520' title='bbox 3709 3216 3800 3272; x_wconf 84' lang='lat' dir='ltr'><strong>sed</strong></span> 
     </span>
    </p>
   </div>
   <div class='ocr_carea' id='block_1_69' title="bbox 535 3493 2134 3578">
    <p class='ocr_par' dir='ltr' id='par_1_69' title="bbox 535 3493 2134 3578">
     <span class='ocr_line' id='line_1_69' title="bbox 535 3493 2134 3578; baseline 0.001 -17"><span class='ocrx_word' id='word_1_521' title='bbox 535 3521 749 3578; x_wconf 84' lang='lat' dir='ltr'><strong>quoque</strong></span> <span class='ocrx_word' id='word_1_522' title='bbox 771 3522 875 3564; x_wconf 93' lang='lat' dir='ltr'><strong>non</strong></span> <span class='ocrx_word' id='word_1_523' title='bbox 901 3493 1059 3562; x_wconf 84' lang='lat' dir='ltr'><strong>erunt</strong></span> <span class='ocrx_word' id='word_1_524' title='bbox 1086 3515 1310 3577; x_wconf 90' lang='lat' dir='ltr'><strong>septem.</strong></span> <span class='ocrx_word' id='word_1_525' title='bbox 1347 3507 1478 3562; x_wconf 83' lang='lat' dir='ltr'><strong>Nam</strong></span> <span class='ocrx_word' id='word_1_526' title='bbox 1507 3505 1554 3562; x_wconf 91' lang='lat' dir='ltr'><strong>si</strong></span> <span class='ocrx_word' id='word_1_527' title='bbox 1583 3515 1789 3575; x_wconf 83' lang='lat' dir='ltr'><strong>septem</strong></span> <span class='ocrx_word' id='word_1_528' title='bbox 1821 3493 1976 3571; x_wconf 75' lang='lat' dir='ltr'><strong>sunt,</strong></span> <span class='ocrx_word' id='word_1_529' title='bbox 2005 3505 2134 3578; x_wconf 32' lang='lat' dir='ltr'><strong>istae.</strong></span> 
     </span>
    </p>
   </div>
   <div class='ocr_carea' id='block_1_70' title="bbox 414 3595 2118 3680">
    <p class='ocr_par' dir='ltr' id='par_1_70' title="bbox 414 3595 2118 3680">
     <span class='ocr_line' id='line_1_70' title="bbox 414 3595 2118 3680; baseline 0.002 -30"><span class='ocrx_word' id='word_1_530' title='bbox 537 3597 671 3656; x_wconf 79' lang='lat' dir='ltr'><strong>sola:</strong></span> <span class='ocrx_word' id='word_1_531' title='bbox 718 3613 848 3669; x_wconf 87' lang='lat' dir='ltr'><strong>quas</strong></span> <span class='ocrx_word' id='word_1_532' title='bbox 896 3599 1199 3669; x_wconf 84' lang='lat' dir='ltr'><strong>specialiter</strong></span> <span class='ocrx_word' id='word_1_533' title='bbox 1257 3598 1568 3665; x_wconf 89' lang='lat' dir='ltr'><strong>nominavit,</strong></span> <span class='ocrx_word' id='word_1_534' title='bbox 1628 3598 1848 3668; x_wconf 83' lang='lat' dir='ltr'><strong>angelos</strong></span> <span class='ocrx_word' id='word_1_535' title='bbox 1901 3597 2118 3667; x_wconf 87' lang='lat' dir='ltr'><strong>habent,</strong></span> 
     </span>
    </p>
   </div>
   <div class='ocr_carea' id='block_1_71' title="bbox 537 3681 2124 3774">
    <p class='ocr_par' dir='ltr' id='par_1_71' title="bbox 537 3681 2124 3774">
     <span class='ocr_line' id='line_1_71' title="bbox 537 3681 2124 3774; baseline -0.001 -25"><span class='ocrx_word' id='word_1_536' title='bbox 537 3681 752 3774; x_wconf 61' lang='lat' dir='ltr'><strong>cauerat:</strong></span> <span class='ocrx_word' id='word_1_537' title='bbox 779 3707 908 3768; x_wconf 84' lang='lat' dir='ltr'><strong>vero</strong></span> <span class='ocrx_word' id='word_1_538' title='bbox 939 3708 1046 3747; x_wconf 93' lang='lat' dir='ltr'><strong>non</strong></span> <span class='ocrx_word' id='word_1_539' title='bbox 1090 3691 1309 3768; x_wconf 76' lang='lat' dir='ltr'><strong>habent.</strong></span> <span class='ocrx_word' id='word_1_540' title='bbox 1355 3691 1465 3747; x_wconf 78' lang='lat' dir='ltr'><strong>Nec</strong></span> <span class='ocrx_word' id='word_1_541' title='bbox 1511 3691 1804 3762; x_wconf 82' lang='lat' dir='ltr'><strong>putandum</strong></span> <span class='ocrx_word' id='word_1_542' title='bbox 1858 3703 1939 3747; x_wconf 89' lang='lat' dir='ltr'><strong>est</strong></span> <span class='ocrx_word' id='word_1_543' title='bbox 1981 3692 2124 3763; x_wconf 90' lang='lat' dir='ltr'><strong>quod</strong></span> 
     </span>
    </p>
   </div>
   <div class='ocr_carea' id='block_1_72' title="bbox 541 3783 2122 3860">
    <p class='ocr_par' dir='ltr' id='par_1_72' title="bbox 541 3783 2122 3860">
     <span class='ocr_line' id='line_1_72' title="bbox 541 3783 2122 3860; baseline 0.003 -22"><span class='ocrx_word' id='word_1_544' title='bbox 541 3783 648 3860; x_wconf 81' lang='lat' dir='ltr'><strong>hoc</strong></span> <span class='ocrx_word' id='word_1_545' title='bbox 673 3783 794 3839; x_wconf 90' lang='lat' dir='ltr'><strong>loco</strong></span> <span class='ocrx_word' id='word_1_546' title='bbox 816 3785 990 3856; x_wconf 79' lang='lat' dir='ltr'><strong>angeli</strong></span> <span class='ocrx_word' id='word_1_547' title='bbox 1013 3785 1237 3855; x_wconf 81' lang='lat' dir='ltr'><strong>singulis</strong></span> <span class='ocrx_word' id='word_1_548' title='bbox 1266 3784 1590 3854; x_wconf 90' lang='lat' dir='ltr'><strong>deputentur</strong></span> <span class='ocrx_word' id='word_1_549' title='bbox 1619 3785 1944 3858; x_wconf 71' lang='lat' dir='ltr'><strong>hominibus,</strong></span> <span class='ocrx_word' id='word_1_550' title='bbox 1979 3786 2122 3857; x_wconf 87' lang='lat' dir='ltr'><strong>quod</strong></span> 
     </span>
    </p>
   </div>
   <div class='ocr_carea' id='block_1_73' title="bbox 425 3874 2126 3952">
    <p class='ocr_par' dir='ltr' id='par_1_73' title="bbox 425 3874 2126 3952">
     <span class='ocr_line' id='line_1_73' title="bbox 425 3874 2126 3952; baseline 0.004 -20"><span class='ocrx_word' id='word_1_551' title='bbox 495 3930 510 3952; x_wconf 53' lang='grc' dir='ltr'><em>τ</em></span> <span class='ocrx_word' id='word_1_552' title='bbox 542 3874 836 3944; x_wconf 79' lang='lat' dir='ltr'><strong>incongrue</strong></span> <span class='ocrx_word' id='word_1_553' title='bbox 865 3876 932 3930; x_wconf 88' lang='lat' dir='ltr'><strong>ab</strong></span> <span class='ocrx_word' id='word_1_554' title='bbox 955 3876 1222 3946; x_wconf 88' lang='lat' dir='ltr'><strong>aliquibus</strong></span> <span class='ocrx_word' id='word_1_555' title='bbox 1244 3876 1541 3932; x_wconf 86' lang='lat' dir='ltr'><strong>aestimatur</strong></span> <span class='ocrx_word' id='word_1_556' title='bbox 1571 3893 1584 3931; x_wconf 87' lang='lat'><strong>:</strong></span> <span class='ocrx_word' id='word_1_557' title='bbox 1616 3877 1712 3932; x_wconf 90' lang='lat' dir='ltr'><strong>sed</strong></span> <span class='ocrx_word' id='word_1_558' title='bbox 1744 3878 1920 3952; x_wconf 71' lang='lat' dir='ltr'><strong>petitis</strong></span> <span class='ocrx_word' id='word_1_559' title='bbox 1948 3880 2126 3952; x_wconf 72' lang='lat' dir='ltr'><strong>angeli</strong></span> 
     </span>
    </p>
   </div>
   <div class='ocr_carea' id='block_1_74' title="bbox 353 3943 2122 4052">
    <p class='ocr_par' dir='ltr' id='par_1_74' title="bbox 353 3943 2122 4052">
     <span class='ocr_line' id='line_1_74' title="bbox 353 3943 2122 4052; baseline 0.016 -50"><span class='ocrx_word' id='word_1_560' title='bbox 353 3946 392 4036; x_wconf 65' lang='lat' dir='ltr'><strong>_,l</strong></span> <span class='ocrx_word' id='word_1_561' title='bbox 482 3943 514 4031; x_wconf 47' lang='grc' dir='ltr'>ς</span> <span class='ocrx_word' id='word_1_562' title='bbox 544 3952 924 4046; x_wconf 47' lang='lat' dir='ltr'><strong>Ecclggmnm</strong></span> <span class='ocrx_word' id='word_1_563' title='bbox 946 3943 1059 4043; x_wconf 28' lang='lat' dir='ltr'><strong>hic-</strong></span> <span class='ocrx_word' id='word_1_564' title='bbox 1081 3967 1418 4050; x_wconf 70' lang='lat' dir='ltr'><strong>intelligendi</strong></span> <span class='ocrx_word' id='word_1_565' title='bbox 1470 3977 1598 4024; x_wconf 88' lang='lat' dir='ltr'><strong>sunt</strong></span> <span class='ocrx_word' id='word_1_566' title='bbox 1640 3943 1886 4051; x_wconf 17' lang='lat' dir='ltr'><strong>rectiores</strong></span> <span class='ocrx_word' id='word_1_567' title='bbox 1920 3943 2122 4044; x_wconf 59' lang='lat' dir='ltr'><strong>pupilli,</strong></span> 
     </span>
    </p>
   </div>
   <div class='ocr_carea' id='block_1_75' title="bbox 546 4046 2127 4132">
    <p class='ocr_par' dir='ltr' id='par_1_75' title="bbox 546 4046 2127 4132">
     <span class='ocr_line' id='line_1_75' title="bbox 546 4046 2127 4132; baseline 0.005 -18"><span class='ocrx_word' id='word_1_568' title='bbox 546 4059 638 4132; x_wconf 90' lang='lat' dir='ltr'><strong>qui</strong></span> <span class='ocrx_word' id='word_1_569' title='bbox 657 4058 875 4130; x_wconf 86' lang='lat' dir='ltr'><strong>singulis</strong></span> <span class='ocrx_word' id='word_1_570' title='bbox 890 4046 1146 4115; x_wconf 90' lang='lat' dir='ltr'><strong>Ecclesiis</strong></span> <span class='ocrx_word' id='word_1_571' title='bbox 1166 4046 1773 4132; x_wconf 33' lang='lat' dir='ltr'><strong>praesidenteSLVerbt-tm</strong></span> <span class='ocrx_word' id='word_1_572' title='bbox 1786 4064 1906 4119; x_wconf 74' lang='lat' dir='ltr'><strong>vita:</strong></span> <span class='ocrx_word' id='word_1_573' title='bbox 1921 4053 2127 4122; x_wconf 79' lang='lat' dir='ltr'><strong>cunctis</strong></span> 
     </span>
    </p>
   </div>
   <div class='ocr_carea' id='block_1_76' title="bbox 547 4151 2127 4230">
    <p class='ocr_par' dir='ltr' id='par_1_76' title="bbox 547 4151 2127 4230">
     <span class='ocr_line' id='line_1_76' title="bbox 547 4151 2127 4230; baseline 0.005 -21"><span class='ocrx_word' id='word_1_574' title='bbox 547 4152 886 4209; x_wconf 87' lang='lat' dir='ltr'><strong>annuntiant.</strong></span> <span class='ocrx_word' id='word_1_575' title='bbox 915 4151 1048 4209; x_wconf 83' lang='lat' dir='ltr'><strong>Nam</strong></span> <span class='ocrx_word' id='word_1_576' title='bbox 1077 4161 1133 4209; x_wconf 87' lang='lat' dir='ltr'><strong>et</strong></span> <span class='ocrx_word' id='word_1_577' title='bbox 1175 4153 1350 4224; x_wconf 83' lang='lat' dir='ltr'><strong>angeli</strong></span> <span class='ocrx_word' id='word_1_578' title='bbox 1397 4167 1593 4212; x_wconf 89' lang='lat' dir='ltr'><strong>nomen</strong></span> <span class='ocrx_word' id='word_1_579' title='bbox 1622 4156 1838 4215; x_wconf 89' lang='lat' dir='ltr'><strong>nuntius</strong></span> <span class='ocrx_word' id='word_1_580' title='bbox 1859 4156 2127 4230; x_wconf 83' lang='lat' dir='ltr'><strong>interpre-</strong></span> 
     </span>
    </p>
   </div>
   <div class='ocr_carea' id='block_1_77' title="bbox 546 4246 963 4305">
    <p class='ocr_par' dir='ltr' id='par_1_77' title="bbox 546 4246 963 4305">
     <span class='ocr_line' id='line_1_77' title="bbox 546 4246 963 4305; baseline -0.007 0"><span class='ocrx_word' id='word_1_581' title='bbox 546 4255 715 4305; x_wconf 79' lang='lat' dir='ltr'><strong>tatam</strong></span> <span class='ocrx_word' id='word_1_582' title='bbox 745 4246 963 4304; x_wconf 89' lang='lat' dir='ltr'><strong>dicitur.</strong></span> 
     </span>
    </p>
   </div>
   <div class='ocr_carea' id='block_1_78' title="bbox 617 4337 2124 4414">
    <p class='ocr_par' dir='ltr' id='par_1_78' title="bbox 617 4337 2124 4414">
     <span class='ocr_line' id='line_1_78' title="bbox 617 4337 2124 4414; baseline 0.004 -18"><span class='ocrx_word' id='word_1_583' title='bbox 617 4338 748 4396; x_wconf 73' lang='lat' dir='ltr'><strong>Car.</strong></span> <span class='ocrx_word' id='word_1_584' title='bbox 788 4355 847 4395; x_wconf 86' lang='lat' dir='ltr'><strong>tt.</strong></span> <span class='ocrx_word' id='word_1_585' title='bbox 889 4337 956 4393; x_wconf 85' lang='lat' dir='ltr'><strong>Et</strong></span> <span class='ocrx_word' id='word_1_586' title='bbox 996 4339 1176 4412; x_wconf 85' lang='lat' dir='ltr'><strong>angelo</strong></span> <span class='ocrx_word' id='word_1_587' title='bbox 1216 4339 1461 4397; x_wconf 73' lang='lat' dir='ltr'><strong>Ecclesia:</strong></span> <span class='ocrx_word' id='word_1_588' title='bbox 1490 4340 1680 4414; x_wconf 81' lang='lat' dir='ltr'><strong>Ephesi</strong></span> <span class='ocrx_word' id='word_1_589' title='bbox 1707 4344 1889 4399; x_wconf 84' lang='lat' dir='ltr'><strong>scribe.</strong></span> <span class='ocrx_word' id='word_1_590' title='bbox 1933 4342 2124 4402; x_wconf 82' lang='lat' dir='ltr'><strong>Dativo</strong></span> 
     </span>
    </p>
   </div>
   <div class='ocr_carea' id='block_1_79' title="bbox 549 4433 2131 4515">
    <p class='ocr_par' dir='ltr' id='par_1_79' title="bbox 549 4433 2131 4515">
     <span class='ocr_line' id='line_1_79' title="bbox 549 4433 2131 4515; baseline 0.004 -24"><span class='ocrx_word' id='word_1_591' title='bbox 549 4433 640 4514; x_wconf 79' lang='lat' dir='ltr'><strong>hic</strong></span> <span class='ocrx_word' id='word_1_592' title='bbox 667 4448 823 4515; x_wconf 82' lang='lat' dir='ltr'><strong>casu,</strong></span> <span class='ocrx_word' id='word_1_593' title='bbox 855 4445 881 4472; x_wconf 73' lang='grc' dir='ltr'>ιι</span> <span class='ocrx_word' id='word_1_594' title='bbox 912 4436 1103 4505; x_wconf 86' lang='lat' dir='ltr'><strong>angelo</strong></span> <span class='ocrx_word' id='word_1_595' title='bbox 1132 4435 1341 4504; x_wconf 89' lang='lat' dir='ltr'><strong>posuit,</strong></span> <span class='ocrx_word' id='word_1_596' title='bbox 1375 4450 1478 4492; x_wconf 92' lang='lat' dir='ltr'><strong>non</strong></span> <span class='ocrx_word' id='word_1_597' title='bbox 1509 4435 1762 4508; x_wconf 84' lang='lat' dir='ltr'><strong>genitivo.</strong></span> <span class='ocrx_word' id='word_1_598' title='bbox 1807 4440 1884 4496; x_wconf 83' lang='lat' dir='ltr'><strong>Ac</strong></span> <span class='ocrx_word' id='word_1_599' title='bbox 1910 4439 1956 4495; x_wconf 91' lang='lat' dir='ltr'><strong>si</strong></span> <span class='ocrx_word' id='word_1_600' title='bbox 1985 4439 2131 4498; x_wconf 88' lang='lat' dir='ltr'><strong>dice-</strong></span> 
     </span>
    </p>
   </div>
   <div class='ocr_carea' id='block_1_80' title="bbox 2218 3305 3794 3382">
    <p class='ocr_par' dir='ltr' id='par_1_80' title="bbox 2218 3305 3794 3382">
     <span class='ocr_line' id='line_1_80' title="bbox 2218 3305 3794 3382; baseline 0.003 -21"><span class='ocrx_word' id='word_1_601' title='bbox 2218 3305 2478 3364; x_wconf 88' lang='lat' dir='ltr'><strong>indicium</strong></span> <span class='ocrx_word' id='word_1_602' title='bbox 2505 3307 2834 3367; x_wconf 81' lang='lat' dir='ltr'><strong>inﬁrmitatis</strong></span> <span class='ocrx_word' id='word_1_603' title='bbox 2858 3351 2878 3382; x_wconf 85' lang='lat'><strong>,</strong></span> <span class='ocrx_word' id='word_1_604' title='bbox 2908 3310 2962 3367; x_wconf 89' lang='lat' dir='ltr'><strong>in</strong></span> <span class='ocrx_word' id='word_1_605' title='bbox 2991 3326 3058 3369; x_wconf 88' lang='lat' dir='ltr'><strong>eo</strong></span> <span class='ocrx_word' id='word_1_606' title='bbox 3089 3325 3218 3368; x_wconf 86' lang='lat' dir='ltr'><strong>vero</strong></span> <span class='ocrx_word' id='word_1_607' title='bbox 3244 3312 3400 3382; x_wconf 78' lang='lat' dir='ltr'><strong>laus,</strong></span> <span class='ocrx_word' id='word_1_608' title='bbox 3439 3309 3590 3382; x_wconf 80' lang='lat' dir='ltr'><strong>quod</strong></span> <span class='ocrx_word' id='word_1_609' title='bbox 3631 3309 3794 3367; x_wconf 72' lang='lat' dir='ltr'><strong>dixit:</strong></span> 
     </span>
    </p>
   </div>
   <div class='ocr_carea' id='block_1_81' title="bbox 2220 3399 3794 3478">
    <p class='ocr_par' dir='ltr' id='par_1_81' title="bbox 2220 3399 3794 3478">
     <span class='ocr_line' id='line_1_81' title="bbox 2220 3399 3794 3478; baseline 0.003 -22"><span class='ocrx_word' id='word_1_610' title='bbox 2220 3399 2338 3456; x_wconf 78' lang='lat' dir='ltr'><strong>Non</strong></span> <span class='ocrx_word' id='word_1_611' title='bbox 2367 3411 2556 3476; x_wconf 90' lang='lat' dir='ltr'><strong>potes,</strong></span> <span class='ocrx_word' id='word_1_612' title='bbox 2588 3412 2644 3461; x_wconf 90' lang='lat' dir='ltr'><strong>et</strong></span> <span class='ocrx_word' id='word_1_613' title='bbox 2669 3405 2971 3462; x_wconf 90' lang='lat' dir='ltr'><strong>sustinuisti</strong></span> <span class='ocrx_word' id='word_1_614' title='bbox 3011 3415 3236 3478; x_wconf 85' lang='lat' dir='ltr'><strong>pr0pter</strong></span> <span class='ocrx_word' id='word_1_615' title='bbox 3264 3420 3464 3464; x_wconf 88' lang='lat' dir='ltr'><strong>nomen</strong></span> <span class='ocrx_word' id='word_1_616' title='bbox 3506 3420 3692 3462; x_wconf 87' lang='lat' dir='ltr'><strong>eum</strong></span> <span class='ocrx_word' id='word_1_617' title='bbox 3725 3404 3794 3461; x_wconf 78' lang='lat' dir='ltr'><strong>ia-</strong></span> 
     </span>
    </p>
   </div>
   <div class='ocr_carea' id='block_1_82' title="bbox 2222 3493 3787 3570">
    <p class='ocr_par' dir='ltr' id='par_1_82' title="bbox 2222 3493 3787 3570">
     <span class='ocr_line' id='line_1_82' title="bbox 2222 3493 3787 3570; baseline 0.003 -21"><span class='ocrx_word' id='word_1_618' title='bbox 2222 3493 2564 3564; x_wconf 85' lang='lat' dir='ltr'><strong>ﬁrmitatem,</strong></span> <span class='ocrx_word' id='word_1_619' title='bbox 2595 3496 2797 3568; x_wconf 87' lang='lat' dir='ltr'><strong>quippe</strong></span> <span class='ocrx_word' id='word_1_620' title='bbox 2826 3511 2857 3552; x_wconf 85' lang='lat' dir='ltr'><strong>a</strong></span> <span class='ocrx_word' id='word_1_621' title='bbox 2883 3498 3287 3570; x_wconf 82' lang='lat' dir='ltr'><strong>longanimitate</strong></span> <span class='ocrx_word' id='word_1_622' title='bbox 3317 3498 3672 3566; x_wconf 82' lang='lat' dir='ltr'><strong>discernens,</strong></span> <span class='ocrx_word' id='word_1_623' title='bbox 3703 3509 3787 3553; x_wconf 74' lang='lat' dir='ltr'><strong>non</strong></span> 
     </span>
    </p>
   </div>
   <div class='ocr_carea' id='block_1_83' title="bbox 2221 3585 3787 3661">
    <p class='ocr_par' dir='ltr' id='par_1_83' title="bbox 2221 3585 3787 3661">
     <span class='ocr_line' id='line_1_83' title="bbox 2221 3585 3787 3661; baseline 0.001 -16"><span class='ocrx_word' id='word_1_624' title='bbox 2221 3585 2385 3645; x_wconf 87' lang='lat' dir='ltr'><strong>istam</strong></span> <span class='ocrx_word' id='word_1_625' title='bbox 2432 3589 2564 3646; x_wconf 90' lang='lat' dir='ltr'><strong>dicit</strong></span> <span class='ocrx_word' id='word_1_626' title='bbox 2603 3589 2839 3649; x_wconf 88' lang='lat' dir='ltr'><strong>humano</strong></span> <span class='ocrx_word' id='word_1_627' title='bbox 2882 3592 3097 3652; x_wconf 85' lang='lat' dir='ltr'><strong>defectu</strong></span> <span class='ocrx_word' id='word_1_628' title='bbox 3140 3593 3533 3661; x_wconf 80' lang='lat' dir='ltr'><strong>succumbere,</strong></span> <span class='ocrx_word' id='word_1_629' title='bbox 3579 3592 3676 3650; x_wconf 84' lang='lat' dir='ltr'><strong>sed</strong></span> <span class='ocrx_word' id='word_1_630' title='bbox 3714 3590 3787 3647; x_wconf 75' lang='lat' dir='ltr'><strong>illa</strong></span> 
     </span>
    </p>
   </div>
   <div class='ocr_carea' id='block_1_84' title="bbox 2225 3685 3783 3762">
    <p class='ocr_par' dir='ltr' id='par_1_84' title="bbox 2225 3685 3783 3762">
     <span class='ocr_line' id='line_1_84' title="bbox 2225 3685 3783 3762; baseline 0 -20"><span class='ocrx_word' id='word_1_631' title='bbox 2225 3699 2345 3757; x_wconf 64' lang='lat' dir='ltr'><strong>qua</strong></span> <span class='ocrx_word' id='word_1_632' title='bbox 2374 3700 2471 3756; x_wconf 92' lang='lat' dir='ltr'><strong>per</strong></span> <span class='ocrx_word' id='word_1_633' title='bbox 2499 3699 2560 3744; x_wconf 89' lang='lat' dir='ltr'><strong>se</strong></span> <span class='ocrx_word' id='word_1_634' title='bbox 2600 3702 2707 3744; x_wconf 89' lang='lat' dir='ltr'><strong>non</strong></span> <span class='ocrx_word' id='word_1_635' title='bbox 2747 3695 2994 3760; x_wconf 88' lang='lat' dir='ltr'><strong>poterat,</strong></span> <span class='ocrx_word' id='word_1_636' title='bbox 3036 3704 3138 3762; x_wconf 90' lang='lat' dir='ltr'><strong>pro</strong></span> <span class='ocrx_word' id='word_1_637' title='bbox 3182 3689 3281 3747; x_wconf 88' lang='lat' dir='ltr'><strong>Dei</strong></span> <span class='ocrx_word' id='word_1_638' title='bbox 3321 3690 3552 3746; x_wconf 80' lang='lat' dir='ltr'><strong>nomine</strong></span> <span class='ocrx_word' id='word_1_639' title='bbox 3590 3685 3783 3743; x_wconf 76' lang='lat' dir='ltr'><strong>subnixa</strong></span> 
     </span>
    </p>
   </div>
   <div class='ocr_carea' id='block_1_85' title="bbox 2227 3778 3786 3848">
    <p class='ocr_par' dir='ltr' id='par_1_85' title="bbox 2227 3778 3786 3848">
     <span class='ocr_line' id='line_1_85' title="bbox 2227 3778 3786 3848; baseline 0.001 -15"><span class='ocrx_word' id='word_1_640' title='bbox 2227 3779 2498 3848; x_wconf 85' lang='lat' dir='ltr'><strong>patientiae</strong></span> <span class='ocrx_word' id='word_1_641' title='bbox 2527 3779 2724 3836; x_wconf 89' lang='lat' dir='ltr'><strong>robore</strong></span> <span class='ocrx_word' id='word_1_642' title='bbox 2751 3781 3040 3840; x_wconf 87' lang='lat' dir='ltr'><strong>sustinere.</strong></span> <span class='ocrx_word' id='word_1_643' title='bbox 3069 3783 3152 3841; x_wconf 80' lang='lat' dir='ltr'><strong>Ad</strong></span> <span class='ocrx_word' id='word_1_644' title='bbox 3179 3783 3283 3841; x_wconf 88' lang='lat' dir='ltr'><strong>hoc</strong></span> <span class='ocrx_word' id='word_1_645' title='bbox 3307 3783 3480 3840; x_wconf 85' lang='lat' dir='ltr'><strong>etiam</strong></span> <span class='ocrx_word' id='word_1_646' title='bbox 3526 3781 3687 3839; x_wconf 79' lang='lat' dir='ltr'><strong>malos</strong></span> <span class='ocrx_word' id='word_1_647' title='bbox 3715 3778 3786 3835; x_wconf 79' lang='lat' dir='ltr'><strong>di-</strong></span> 
     </span>
    </p>
   </div>
   <div class='ocr_carea' id='block_1_86' title="bbox 2227 3870 3784 3948">
    <p class='ocr_par' dir='ltr' id='par_1_86' title="bbox 2227 3870 3784 3948">
     <span class='ocr_line' id='line_1_86' title="bbox 2227 3870 3784 3948; baseline 0.006 -22"><span class='ocrx_word' id='word_1_648' title='bbox 2227 3870 2368 3926; x_wconf 89' lang='lat' dir='ltr'><strong>citur</strong></span> <span class='ocrx_word' id='word_1_649' title='bbox 2395 3872 2538 3928; x_wconf 79' lang='lat' dir='ltr'><strong>ferre</strong></span> <span class='ocrx_word' id='word_1_650' title='bbox 2562 3887 2672 3929; x_wconf 89' lang='lat' dir='ltr'><strong>non</strong></span> <span class='ocrx_word' id='word_1_651' title='bbox 2699 3881 2894 3948; x_wconf 71' lang='lat' dir='ltr'><strong>possej,</strong></span> <span class='ocrx_word' id='word_1_652' title='bbox 2931 3884 2989 3933; x_wconf 90' lang='lat' dir='ltr'><strong>ut</strong></span> <span class='ocrx_word' id='word_1_653' title='bbox 3027 3875 3274 3948; x_wconf 84' lang='lat' dir='ltr'><strong>cognitos</strong></span> <span class='ocrx_word' id='word_1_654' title='bbox 3313 3891 3425 3933; x_wconf 86' lang='lat' dir='ltr'><strong>non</strong></span> <span class='ocrx_word' id='word_1_655' title='bbox 3469 3875 3784 3936; x_wconf 68' lang='lat' dir='ltr'><strong>inuitaretur;</strong></span> 
     </span>
    </p>
   </div>
   <div class='ocr_carea' id='block_1_87' title="bbox 2229 3963 3787 4041">
    <p class='ocr_par' dir='ltr' id='par_1_87' title="bbox 2229 3963 3787 4041">
     <span class='ocr_line' id='line_1_87' title="bbox 2229 3963 3787 4041; baseline 0.001 -19"><span class='ocrx_word' id='word_1_656' title='bbox 2229 3963 2298 4022; x_wconf 90' lang='lat' dir='ltr'><strong>ad</strong></span> <span class='ocrx_word' id='word_1_657' title='bbox 2336 3965 2440 4024; x_wconf 90' lang='lat' dir='ltr'><strong>hoc</strong></span> <span class='ocrx_word' id='word_1_658' title='bbox 2479 3978 2660 4025; x_wconf 89' lang='lat' dir='ltr'><strong>autem</strong></span> <span class='ocrx_word' id='word_1_659' title='bbox 2700 3968 2994 4039; x_wconf 88' lang='lat' dir='ltr'><strong>tolerasse,</strong></span> <span class='ocrx_word' id='word_1_660' title='bbox 3038 3986 3108 4028; x_wconf 89' lang='lat' dir='ltr'><strong>ne</strong></span> <span class='ocrx_word' id='word_1_661' title='bbox 3148 3971 3416 4028; x_wconf 85' lang='lat' dir='ltr'><strong>deserens</strong></span> <span class='ocrx_word' id='word_1_662' title='bbox 3440 3972 3570 4041; x_wconf 84' lang='lat' dir='ltr'><strong>ipse</strong></span> <span class='ocrx_word' id='word_1_663' title='bbox 3597 3969 3664 4026; x_wconf 87' lang='lat' dir='ltr'><strong>ab</strong></span> <span class='ocrx_word' id='word_1_664' title='bbox 3696 3965 3787 4023; x_wconf 77' lang='lat' dir='ltr'><strong>mi-</strong></span> 
     </span>
    </p>
   </div>
   <div class='ocr_carea' id='block_1_88' title="bbox 2230 4060 3789 4134">
    <p class='ocr_par' dir='ltr' id='par_1_88' title="bbox 2230 4060 3789 4134">
     <span class='ocr_line' id='line_1_88' title="bbox 2230 4060 3789 4134; baseline 0.003 -18"><span class='ocrx_word' id='word_1_665' title='bbox 2230 4060 2356 4118; x_wconf 85' lang='lat' dir='ltr'><strong>tatis</strong></span> <span class='ocrx_word' id='word_1_666' title='bbox 2404 4061 2628 4119; x_wconf 85' lang='lat' dir='ltr'><strong>vinculo</strong></span> <span class='ocrx_word' id='word_1_667' title='bbox 2665 4065 2922 4121; x_wconf 87' lang='lat' dir='ltr'><strong>reddatur</strong></span> <span class='ocrx_word' id='word_1_668' title='bbox 2962 4066 3194 4124; x_wconf 87' lang='lat' dir='ltr'><strong>alienus.</strong></span> <span class='ocrx_word' id='word_1_669' title='bbox 3233 4065 3329 4122; x_wconf 90' lang='lat' dir='ltr'><strong>ille</strong></span> <span class='ocrx_word' id='word_1_670' title='bbox 3368 4066 3526 4123; x_wconf 82' lang='lat' dir='ltr'><strong>enim</strong></span> <span class='ocrx_word' id='word_1_671' title='bbox 3564 4061 3789 4134; x_wconf 67' lang='lat' dir='ltr'><strong>reprobi:</strong></span> 
     </span>
    </p>
   </div>
   <div class='ocr_carea' id='block_1_89' title="bbox 2225 4152 3792 4230">
    <p class='ocr_par' dir='ltr' id='par_1_89' title="bbox 2225 4152 3792 4230">
     <span class='ocr_line' id='line_1_89' title="bbox 2225 4152 3792 4230; baseline 0 -21"><span class='ocrx_word' id='word_1_672' title='bbox 2225 4152 2522 4225; x_wconf 88' lang='lat' dir='ltr'><strong>judicatur,</strong></span> <span class='ocrx_word' id='word_1_673' title='bbox 2553 4157 2646 4227; x_wconf 91' lang='lat' dir='ltr'><strong>qui</strong></span> <span class='ocrx_word' id='word_1_674' title='bbox 2677 4168 2898 4230; x_wconf 87' lang='lat' dir='ltr'><strong>propter</strong></span> <span class='ocrx_word' id='word_1_675' title='bbox 2924 4167 3142 4230; x_wconf 85' lang='lat' dir='ltr'><strong>apertos</strong></span> <span class='ocrx_word' id='word_1_676' title='bbox 3169 4159 3341 4217; x_wconf 88' lang='lat' dir='ltr'><strong>malos</strong></span> <span class='ocrx_word' id='word_1_677' title='bbox 3382 4159 3558 4215; x_wconf 79' lang='lat' dir='ltr'><strong>etiam</strong></span> <span class='ocrx_word' id='word_1_678' title='bbox 3595 4158 3792 4214; x_wconf 61' lang='lat' dir='ltr'><strong>latentis</strong></span> 
     </span>
    </p>
   </div>
   <div class='ocr_carea' id='block_1_90' title="bbox 2231 4245 3794 4324">
    <p class='ocr_par' dir='ltr' id='par_1_90' title="bbox 2231 4245 3794 4324">
     <span class='ocr_line' id='line_1_90' title="bbox 2231 4245 3794 4324; baseline 0 -20"><span class='ocrx_word' id='word_1_679' title='bbox 2231 4247 2436 4305; x_wconf 85' lang='lat' dir='ltr'><strong>deserit</strong></span> <span class='ocrx_word' id='word_1_680' title='bbox 2475 4250 2667 4308; x_wconf 90' lang='lat' dir='ltr'><strong>bonos.</strong></span> <span class='ocrx_word' id='word_1_681' title='bbox 2708 4251 2924 4310; x_wconf 85' lang='lat' dir='ltr'><strong>Partem</strong></span> <span class='ocrx_word' id='word_1_682' title='bbox 2971 4269 3136 4324; x_wconf 89' lang='lat' dir='ltr'><strong>porro</strong></span> <span class='ocrx_word' id='word_1_683' title='bbox 3178 4253 3354 4324; x_wconf 83' lang='lat' dir='ltr'><strong>angeli</strong></span> <span class='ocrx_word' id='word_1_684' title='bbox 3399 4251 3693 4314; x_wconf 86' lang='lat' dir='ltr'><strong>invehitur,</strong></span> <span class='ocrx_word' id='word_1_685' title='bbox 3725 4245 3794 4304; x_wconf 77' lang='lat' dir='ltr'><strong>di-</strong></span> 
     </span>
    </p>
   </div>
   <div class='ocr_carea' id='block_1_91' title="bbox 2230 4342 3794 4417">
    <p class='ocr_par' dir='ltr' id='par_1_91' title="bbox 2230 4342 3794 4417">
     <span class='ocr_line' id='line_1_91' title="bbox 2230 4342 3794 4417; baseline -0.003 -17"><span class='ocrx_word' id='word_1_686' title='bbox 2230 4356 2408 4400; x_wconf 87' lang='lat' dir='ltr'><strong>cens:</strong></span> <span class='ocrx_word' id='word_1_687' title='bbox 2450 4342 2559 4401; x_wconf 80' lang='lat' dir='ltr'><strong>Sed</strong></span> <span class='ocrx_word' id='word_1_688' title='bbox 2599 4345 2759 4402; x_wconf 86' lang='lat' dir='ltr'><strong>habeo</strong></span> <span class='ocrx_word' id='word_1_689' title='bbox 2797 4346 3057 4406; x_wconf 87' lang='lat' dir='ltr'><strong>adversus</strong></span> <span class='ocrx_word' id='word_1_690' title='bbox 3095 4357 3144 4404; x_wconf 88' lang='lat' dir='ltr'><strong>te</strong></span> <span class='ocrx_word' id='word_1_691' title='bbox 3165 4387 3180 4414; x_wconf 92' lang='lat'><strong>,</strong></span> <span class='ocrx_word' id='word_1_692' title='bbox 3221 4347 3478 4417; x_wconf 80' lang='lat' dir='ltr'><strong>quoniam</strong></span> <span class='ocrx_word' id='word_1_693' title='bbox 3524 4344 3794 4398; x_wconf 58' lang='lat' dir='ltr'><strong>ciuitatem</strong></span> 
     </span>
    </p>
   </div>
   <div class='ocr_carea' id='block_1_92' title="bbox 2231 4437 3795 4511">
    <p class='ocr_par' dir='ltr' id='par_1_92' title="bbox 2231 4437 3795 4511">
     <span class='ocr_line' id='line_1_92' title="bbox 2231 4437 3795 4511; baseline -0.003 -18"><span class='ocrx_word' id='word_1_694' title='bbox 2231 4445 2372 4493; x_wconf 85' lang='lat' dir='ltr'><strong>tuam</strong></span> <span class='ocrx_word' id='word_1_695' title='bbox 2397 4437 2618 4505; x_wconf 84' lang='lat' dir='ltr'><strong>primam</strong></span> <span class='ocrx_word' id='word_1_696' title='bbox 2643 4438 2912 4510; x_wconf 80' lang='lat' dir='ltr'><strong>reliquisti.</strong></span> <span class='ocrx_word' id='word_1_697' title='bbox 2943 4441 3100 4499; x_wconf 81' lang='lat' dir='ltr'><strong>Absit</strong></span> <span class='ocrx_word' id='word_1_698' title='bbox 3125 4451 3184 4498; x_wconf 91' lang='lat' dir='ltr'><strong>ut</strong></span> <span class='ocrx_word' id='word_1_699' title='bbox 3211 4456 3332 4498; x_wconf 90' lang='lat' dir='ltr'><strong>eum</strong></span> <span class='ocrx_word' id='word_1_700' title='bbox 3373 4440 3636 4511; x_wconf 81' lang='lat' dir='ltr'><strong>increpet</strong></span> <span class='ocrx_word' id='word_1_701' title='bbox 3666 4448 3795 4507; x_wconf 80' lang='lat' dir='ltr'><strong>quc</strong></span> 
     </span>
    </p>
   </div>
   <div class='ocr_carea' id='block_1_93' title="bbox 553 4521 3795 4603">
    <p class='ocr_par' dir='ltr' id='par_1_93' title="bbox 553 4521 3795 4603">
     <span class='ocr_line' id='line_1_93' title="bbox 553 4521 3795 4603; baseline 0.001 -21"><span class='ocrx_word' id='word_1_702' title='bbox 553 4529 678 4582; x_wconf 86' lang='lat' dir='ltr'><strong>ret:</strong></span> <span class='ocrx_word' id='word_1_703' title='bbox 710 4526 898 4582; x_wconf 92' lang='lat' dir='ltr'><strong>Scribe</strong></span> <span class='ocrx_word' id='word_1_704' title='bbox 921 4527 1112 4597; x_wconf 86' lang='lat' dir='ltr'><strong>angelo</strong></span> <span class='ocrx_word' id='word_1_705' title='bbox 1141 4527 1262 4584; x_wconf 85' lang='lat' dir='ltr'><strong>huic</strong></span> <span class='ocrx_word' id='word_1_706' title='bbox 1290 4527 1576 4596; x_wconf 82' lang='lat' dir='ltr'><strong>Ecclesiae,</strong></span> <span class='ocrx_word' id='word_1_707' title='bbox 1610 4537 1668 4585; x_wconf 89' lang='lat' dir='ltr'><strong>ut</strong></span> <span class='ocrx_word' id='word_1_708' title='bbox 1692 4521 1798 4586; x_wconf 89' lang='lat' dir='ltr'><strong>non</strong></span> <span class='ocrx_word' id='word_1_709' title='bbox 1830 4541 1937 4588; x_wconf 88' lang='lat' dir='ltr'><strong>tam</strong></span> <span class='ocrx_word' id='word_1_710' title='bbox 1969 4546 2132 4603; x_wconf 84' lang='lat' dir='ltr'><strong>ange-</strong></span> <span class='ocrx_word' id='word_1_711' title='bbox 2233 4538 2359 4586; x_wconf 86' lang='lat' dir='ltr'><strong>ante</strong></span> <span class='ocrx_word' id='word_1_712' title='bbox 2376 4529 2646 4598; x_wconf 84' lang='lat' dir='ltr'><strong>laudabat,</strong></span> <span class='ocrx_word' id='word_1_713' title='bbox 2668 4530 2762 4588; x_wconf 89' lang='lat' dir='ltr'><strong>sed</strong></span> <span class='ocrx_word' id='word_1_714' title='bbox 2792 4531 3098 4601; x_wconf 81' lang='lat' dir='ltr'><strong>praedictam</strong></span> <span class='ocrx_word' id='word_1_715' title='bbox 3123 4533 3362 4590; x_wconf 87' lang='lat' dir='ltr'><strong>retinens</strong></span> <span class='ocrx_word' id='word_1_716' title='bbox 3382 4532 3665 4602; x_wconf 83' lang='lat' dir='ltr'><strong>regulam,</strong></span> <span class='ocrx_word' id='word_1_717' title='bbox 3687 4529 3795 4584; x_wconf 74' lang='lat' dir='ltr'><strong>mil-</strong></span> 
     </span>
    </p>
   </div>
   <div class='ocr_carea' id='block_1_94' title="bbox 553 4606 3799 4696">
    <p class='ocr_par' dir='ltr' id='par_1_94' title="bbox 553 4606 3799 4696">
     <span class='ocr_line' id='line_1_94' title="bbox 553 4606 3799 4696; baseline 0.002 -24"><span class='ocrx_word' id='word_1_718' title='bbox 553 4616 666 4673; x_wconf 89' lang='lat' dir='ltr'><strong>ium</strong></span> <span class='ocrx_word' id='word_1_719' title='bbox 705 4627 760 4673; x_wconf 90' lang='lat' dir='ltr'><strong>et</strong></span> <span class='ocrx_word' id='word_1_720' title='bbox 798 4617 1089 4674; x_wconf 79' lang='lat' dir='ltr'><strong>Ecclesiam</strong></span> <span class='ocrx_word' id='word_1_721' title='bbox 1120 4619 1408 4691; x_wconf 84' lang='lat' dir='ltr'><strong>separatim</strong></span> <span class='ocrx_word' id='word_1_722' title='bbox 1437 4620 1686 4677; x_wconf 85' lang='lat' dir='ltr'><strong>videatur</strong></span> <span class='ocrx_word' id='word_1_723' title='bbox 1713 4623 1940 4693; x_wconf 88' lang='lat' dir='ltr'><strong>dixisse,</strong></span> <span class='ocrx_word' id='word_1_724' title='bbox 1969 4639 2130 4696; x_wconf 88' lang='lat' dir='ltr'><strong>quam</strong></span> <span class='ocrx_word' id='word_1_725' title='bbox 2155 4606 2210 4670; x_wconf 85' lang='grc' dir='ltr'><strong>Ῑ)</strong></span> <span class='ocrx_word' id='word_1_726' title='bbox 2236 4628 2319 4678; x_wconf 85' lang='lat' dir='ltr'><strong>tos</strong></span> <span class='ocrx_word' id='word_1_727' title='bbox 2355 4622 2572 4693; x_wconf 90' lang='lat' dir='ltr'><strong>optimis</strong></span> <span class='ocrx_word' id='word_1_728' title='bbox 2617 4624 2878 4694; x_wconf 89' lang='lat' dir='ltr'><strong>pessimos</strong></span> <span class='ocrx_word' id='word_1_729' title='bbox 2925 4626 3357 4696; x_wconf 83' lang='lat' dir='ltr'><strong>peregrinantem</strong></span> <span class='ocrx_word' id='word_1_730' title='bbox 3405 4625 3630 4682; x_wconf 82' lang='lat' dir='ltr'><strong>habere</strong></span> <span class='ocrx_word' id='word_1_731' title='bbox 3673 4625 3799 4680; x_wconf 80' lang='lat' dir='ltr'><strong>docet</strong></span> 
     </span>
    </p>
   </div>
   <div class='ocr_carea' id='block_1_95' title="bbox 524 4712 2128 4788">
    <p class='ocr_par' dir='ltr' id='par_1_95' title="bbox 524 4712 2128 4788">
     <span class='ocr_line' id='line_1_95' title="bbox 524 4712 2128 4788; baseline 0.003 -18"><span class='ocrx_word' id='word_1_732' title='bbox 555 4712 676 4785; x_wconf 88' lang='lat' dir='ltr'><strong>quis</strong></span> <span class='ocrx_word' id='word_1_733' title='bbox 703 4713 924 4786; x_wconf 89' lang='lat' dir='ltr'><strong>angelus</strong></span> <span class='ocrx_word' id='word_1_734' title='bbox 952 4729 1222 4786; x_wconf 84' lang='lat' dir='ltr'><strong>exponere</strong></span> <span class='ocrx_word' id='word_1_735' title='bbox 1259 4716 1546 4782; x_wconf 88' lang='lat' dir='ltr'><strong>voluisset,</strong></span> <span class='ocrx_word' id='word_1_736' title='bbox 1582 4731 1740 4772; x_wconf 87' lang='lat' dir='ltr'><strong>unam</strong></span> <span class='ocrx_word' id='word_1_737' title='bbox 1771 4717 2019 4774; x_wconf 90' lang='lat' dir='ltr'><strong>videlicet</strong></span> <span class='ocrx_word' id='word_1_738' title='bbox 2048 4719 2128 4775; x_wconf 83' lang='lat' dir='ltr'><strong>la-</strong></span> 
     </span>
    </p>
   </div>
   <div class='ocr_carea' id='block_1_96' title="bbox 556 4804 2128 4878">
    <p class='ocr_par' dir='ltr' id='par_1_96' title="bbox 556 4804 2128 4878">
     <span class='ocr_line' id='line_1_96' title="bbox 556 4804 2128 4878; baseline 0.004 -16"><span class='ocrx_word' id='word_1_739' title='bbox 556 4805 705 4862; x_wconf 87' lang='lat' dir='ltr'><strong>eiens</strong></span> <span class='ocrx_word' id='word_1_740' title='bbox 733 4805 906 4877; x_wconf 86' lang='lat' dir='ltr'><strong>angeli</strong></span> <span class='ocrx_word' id='word_1_741' title='bbox 939 4804 1301 4878; x_wconf 63' lang='lat' dir='ltr'><strong>Ecclesiaeqm</strong></span> <span class='ocrx_word' id='word_1_742' title='bbox 1341 4819 1647 4877; x_wconf 88' lang='lat' dir='ltr'><strong>personam.</strong></span> <span class='ocrx_word' id='word_1_743' title='bbox 1690 4807 1948 4877; x_wconf 87' lang='lat' dir='ltr'><strong>Quamvis</strong></span> <span class='ocrx_word' id='word_1_744' title='bbox 1986 4813 2128 4869; x_wconf 90' lang='lat' dir='ltr'><strong>enim</strong></span> 
     </span>
    </p>
   </div>
   <div class='ocr_carea' id='block_1_97' title="bbox 559 4896 2131 4977">
    <p class='ocr_par' dir='ltr' id='par_1_97' title="bbox 559 4896 2131 4977">
     <span class='ocr_line' id='line_1_97' title="bbox 559 4896 2131 4977; baseline 0.006 -24"><span class='ocrx_word' id='word_1_745' title='bbox 559 4896 882 4954; x_wconf 86' lang='lat' dir='ltr'><strong>sacramenti</strong></span> <span class='ocrx_word' id='word_1_746' title='bbox 933 4897 1332 4969; x_wconf 87' lang='lat' dir='ltr'><strong>dispensatione</strong></span> <span class='ocrx_word' id='word_1_747' title='bbox 1384 4909 1752 4970; x_wconf 86' lang='lat' dir='ltr'><strong>praeponatur,</strong></span> <span class='ocrx_word' id='word_1_748' title='bbox 1802 4904 2131 4977; x_wconf 90' lang='lat' dir='ltr'><strong>compaginis</strong></span> 
     </span>
    </p>
   </div>
   <div class='ocr_carea' id='block_1_98' title="bbox 554 4987 2130 5065">
    <p class='ocr_par' dir='ltr' id='par_1_98' title="bbox 554 4987 2130 5065">
     <span class='ocr_line' id='line_1_98' title="bbox 554 4987 2130 5065; baseline 0.006 -21"><span class='ocrx_word' id='word_1_749' title='bbox 554 4995 736 5045; x_wconf 86' lang='lat' dir='ltr'><strong>tamen</strong></span> <span class='ocrx_word' id='word_1_750' title='bbox 787 4987 992 5045; x_wconf 89' lang='lat' dir='ltr'><strong>unitate</strong></span> <span class='ocrx_word' id='word_1_751' title='bbox 1039 4989 1395 5044; x_wconf 88' lang='lat' dir='ltr'><strong>connectitur.</strong></span> <span class='ocrx_word' id='word_1_752' title='bbox 1446 4988 1580 5046; x_wconf 84' lang='lat' dir='ltr'><strong>Nam</strong></span> <span class='ocrx_word' id='word_1_753' title='bbox 1625 4990 1767 5049; x_wconf 88' lang='lat' dir='ltr'><strong>hanc</strong></span> <span class='ocrx_word' id='word_1_754' title='bbox 1811 4994 2049 5065; x_wconf 86' lang='lat' dir='ltr'><strong>regulam</strong></span> <span class='ocrx_word' id='word_1_755' title='bbox 2099 5012 2130 5053; x_wconf 90' lang='lat' dir='ltr'><strong>a</strong></span> 
     </span>
    </p>
   </div>
   <div class='ocr_carea' id='block_1_99' title="bbox 554 5077 2131 5158">
    <p class='ocr_par' dir='ltr' id='par_1_99' title="bbox 554 5077 2131 5158">
     <span class='ocr_line' id='line_1_99' title="bbox 554 5077 2131 5158; baseline 0.006 -24"><span class='ocrx_word' id='word_1_756' title='bbox 554 5079 822 5158; x_wconf 89' lang='lat' dir='ltr'><strong>principio</strong></span> <span class='ocrx_word' id='word_1_757' title='bbox 851 5077 1080 5136; x_wconf 81' lang='lat' dir='ltr'><strong>servans</strong></span> <span class='ocrx_word' id='word_1_758' title='bbox 1109 5093 1216 5135; x_wconf 91' lang='lat' dir='ltr'><strong>non</strong></span> <span class='ocrx_word' id='word_1_759' title='bbox 1259 5089 1466 5150; x_wconf 87' lang='lat' dir='ltr'><strong>septem</strong></span> <span class='ocrx_word' id='word_1_760' title='bbox 1504 5083 1708 5153; x_wconf 88' lang='lat' dir='ltr'><strong>angelis</strong></span> <span class='ocrx_word' id='word_1_761' title='bbox 1730 5125 1746 5154; x_wconf 95' lang='lat'><strong>,</strong></span> <span class='ocrx_word' id='word_1_762' title='bbox 1787 5085 1885 5142; x_wconf 88' lang='lat' dir='ltr'><strong>sed</strong></span> <span class='ocrx_word' id='word_1_763' title='bbox 1924 5094 2131 5158; x_wconf 88' lang='lat' dir='ltr'><strong>septe</strong></span> 
     </span>
    </p>
   </div>
   <div class='ocr_carea' id='block_1_100' title="bbox 557 5169 2134 5251">
    <p class='ocr_par' dir='ltr' id='par_1_100' title="bbox 557 5169 2134 5251">
     <span class='ocr_line' id='line_1_100' title="bbox 557 5169 2134 5251; baseline 0.008 -25"><span class='ocrx_word' id='word_1_764' title='bbox 557 5169 821 5229; x_wconf 80' lang='lat' dir='ltr'><strong>Ecclesiis</strong></span> <span class='ocrx_word' id='word_1_765' title='bbox 869 5171 1226 5243; x_wconf 84' lang='lat' dir='ltr'><strong>scripsisset:</strong></span> <span class='ocrx_word' id='word_1_766' title='bbox 1273 5170 1544 5242; x_wconf 86' lang='lat' dir='ltr'><strong>Joannes,</strong></span> <span class='ocrx_word' id='word_1_767' title='bbox 1592 5172 2134 5251; x_wconf 84' lang='lat' dir='ltr'><strong>inquiens,-.septem</strong></span> 
     </span>
    </p>
   </div>
   <div class='ocr_carea' id='block_1_101' title="bbox 555 5262 2132 5346">
    <p class='ocr_par' dir='ltr' id='par_1_101' title="bbox 555 5262 2132 5346">
     <span class='ocr_line' id='line_1_101' title="bbox 555 5262 2132 5346; baseline 0.009 -26"><span class='ocrx_word' id='word_1_768' title='bbox 555 5262 814 5322; x_wconf 83' lang='lat' dir='ltr'><strong>Ecclesiis</strong></span> <span class='ocrx_word' id='word_1_769' title='bbox 842 5279 962 5337; x_wconf 69' lang='lat' dir='ltr'><strong>quae</strong></span> <span class='ocrx_word' id='word_1_770' title='bbox 989 5272 1116 5322; x_wconf 88' lang='lat' dir='ltr'><strong>sunt</strong></span> <span class='ocrx_word' id='word_1_771' title='bbox 1142 5264 1198 5322; x_wconf 93' lang='lat' dir='ltr'><strong>in</strong></span> <span class='ocrx_word' id='word_1_772' title='bbox 1221 5265 1345 5323; x_wconf 84' lang='lat' dir='ltr'><strong>Asia</strong></span> <span class='ocrx_word' id='word_1_773' title='bbox 1364 5307 1380 5335; x_wconf 97' lang='lat'><strong>,</strong></span> <span class='ocrx_word' id='word_1_774' title='bbox 1410 5276 1464 5324; x_wconf 89' lang='lat' dir='ltr'><strong>et</strong></span> <span class='ocrx_word' id='word_1_775' title='bbox 1492 5267 1749 5328; x_wconf 87' lang='lat' dir='ltr'><strong>Dominus</strong></span> <span class='ocrx_word' id='word_1_776' title='bbox 1775 5286 1936 5344; x_wconf 88' lang='lat' dir='ltr'><strong>quem</strong></span> <span class='ocrx_word' id='word_1_777' title='bbox 1955 5273 2132 5346; x_wconf 84' lang='lat' dir='ltr'><strong>vidit,</strong></span> 
     </span>
    </p>
   </div>
   <div class='ocr_carea' id='block_1_102' title="bbox 552 5356 2135 5438">
    <p class='ocr_par' dir='ltr' id='par_1_102' title="bbox 552 5356 2135 5438">
     <span class='ocr_line' id='line_1_102' title="bbox 552 5356 2135 5438; baseline 0.009 -25"><span class='ocrx_word' id='word_1_778' title='bbox 552 5356 776 5430; x_wconf 11' lang='lat' dir='ltr'><strong>Scribe],</strong></span> <span class='ocrx_word' id='word_1_779' title='bbox 805 5358 1012 5430; x_wconf 88' lang='lat' dir='ltr'><strong>inquit,</strong></span> <span class='ocrx_word' id='word_1_780' title='bbox 1039 5358 1094 5416; x_wconf 91' lang='lat' dir='ltr'><strong>in</strong></span> <span class='ocrx_word' id='word_1_781' title='bbox 1121 5359 1258 5417; x_wconf 92' lang='lat' dir='ltr'><strong>libro</strong></span> <span class='ocrx_word' id='word_1_782' title='bbox 1283 5376 1403 5433; x_wconf 74' lang='lat' dir='ltr'><strong>quae</strong></span> <span class='ocrx_word' id='word_1_783' title='bbox 1428 5362 1645 5433; x_wconf 87' lang='lat' dir='ltr'><strong>vidisti,</strong></span> <span class='ocrx_word' id='word_1_784' title='bbox 1670 5375 1727 5423; x_wconf 89' lang='lat' dir='ltr'><strong>et</strong></span> <span class='ocrx_word' id='word_1_785' title='bbox 1751 5366 1902 5425; x_wconf 88' lang='lat' dir='ltr'><strong>mitte</strong></span> <span class='ocrx_word' id='word_1_786' title='bbox 1927 5377 2135 5438; x_wconf 78' lang='lat' dir='ltr'><strong>septem</strong></span> 
     </span>
    </p>
   </div>
   <div class='ocr_carea' id='block_1_103' title="bbox 532 5447 2146 5529">
    <p class='ocr_par' dir='ltr' id='par_1_103' title="bbox 532 5447 2146 5529">
     <span class='ocr_line' id='line_1_103' title="bbox 532 5447 2146 5529; baseline 0.01 -23"><span class='ocrx_word' id='word_1_787' title='bbox 532 5447 834 5512; x_wconf 83' lang='lat' dir='ltr'><strong>,Ecclesiis.</strong></span> <span class='ocrx_word' id='word_1_788' title='bbox 877 5449 1070 5508; x_wconf 86' lang='lat' dir='ltr'><strong>Postea</strong></span> <span class='ocrx_word' id='word_1_789' title='bbox 1108 5461 1287 5512; x_wconf 88' lang='lat' dir='ltr'><strong>tamen</strong></span> <span class='ocrx_word' id='word_1_790' title='bbox 1315 5456 1519 5529; x_wconf 85' lang='lat' dir='ltr'><strong>angelis</strong></span> <span class='ocrx_word' id='word_1_791' title='bbox 1545 5455 1700 5527; x_wconf 87' lang='lat' dir='ltr'><strong>jubet</strong></span> <span class='ocrx_word' id='word_1_792' title='bbox 1728 5459 1926 5529; x_wconf 91' lang='lat' dir='ltr'><strong>scribi,</strong></span> <span class='ocrx_word' id='word_1_793' title='bbox 1955 5469 2014 5517; x_wconf 91' lang='lat' dir='ltr'><strong>ut</strong></span> <span class='ocrx_word' id='word_1_794' title='bbox 2041 5467 2146 5522; x_wconf 41' lang='lat' dir='ltr'><strong>es;</strong></span> 
     </span>
    </p>
   </div>
   <div class='ocr_carea' id='block_1_104' title="bbox 555 5539 2132 5623">
    <p class='ocr_par' dir='ltr' id='par_1_104' title="bbox 555 5539 2132 5623">
     <span class='ocr_line' id='line_1_104' title="bbox 555 5539 2132 5623; baseline 0.011 -29"><span class='ocrx_word' id='word_1_795' title='bbox 555 5539 804 5595; x_wconf 87' lang='lat' dir='ltr'><strong>tenderet</strong></span> <span class='ocrx_word' id='word_1_796' title='bbox 828 5557 990 5599; x_wconf 90' lang='lat' dir='ltr'><strong>unum</strong></span> <span class='ocrx_word' id='word_1_797' title='bbox 1014 5557 1154 5602; x_wconf 88' lang='lat' dir='ltr'><strong>esse.</strong></span> <span class='ocrx_word' id='word_1_798' title='bbox 1182 5546 1288 5604; x_wconf 83' lang='lat' dir='ltr'><strong>Sed</strong></span> <span class='ocrx_word' id='word_1_799' title='bbox 1313 5550 1476 5606; x_wconf 90' lang='lat' dir='ltr'><strong>etiam</strong></span> <span class='ocrx_word' id='word_1_800' title='bbox 1503 5549 1552 5605; x_wconf 89' lang='lat' dir='ltr'><strong>si</strong></span> <span class='ocrx_word' id='word_1_801' title='bbox 1581 5563 1686 5618; x_wconf 90' lang='lat' dir='ltr'><strong>qua</strong></span> <span class='ocrx_word' id='word_1_802' title='bbox 1713 5548 1938 5618; x_wconf 81' lang='lat' dir='ltr'><strong>singulis</strong></span> <span class='ocrx_word' id='word_1_803' title='bbox 1965 5554 2132 5623; x_wconf 85' lang='lat' dir='ltr'><strong>parti-</strong></span> 
     </span>
    </p>
   </div>
   <div class='ocr_carea' id='block_1_105' title="bbox 552 5627 2126 5712">
    <p class='ocr_par' dir='ltr' id='par_1_105' title="bbox 552 5627 2126 5712">
     <span class='ocr_line' id='line_1_105' title="bbox 552 5627 2126 5712; baseline 0.012 -28"><span class='ocrx_word' id='word_1_804' title='bbox 552 5627 680 5685; x_wconf 86' lang='lat' dir='ltr'><strong>iiter</strong></span> <span class='ocrx_word' id='word_1_805' title='bbox 709 5627 964 5691; x_wconf 86' lang='lat' dir='ltr'><strong>Ecclesiis</strong></span> <span class='ocrx_word' id='word_1_806' title='bbox 991 5636 1278 5711; x_wconf 68' lang='lat' dir='ltr'><strong>praedicat,</strong></span> <span class='ocrx_word' id='word_1_807' title='bbox 1310 5638 1615 5698; x_wconf 87' lang='lat' dir='ltr'><strong>universam</strong></span> <span class='ocrx_word' id='word_1_808' title='bbox 1643 5641 1965 5712; x_wconf 83' lang='lat' dir='ltr'><strong>generaliter</strong></span> <span class='ocrx_word' id='word_1_809' title='bbox 1990 5657 2126 5702; x_wconf 89' lang='lat' dir='ltr'><strong>con-</strong></span> 
     </span>
    </p>
   </div>
   <div class='ocr_carea' id='block_1_106' title="bbox 2234 4713 3800 4789">
    <p class='ocr_par' dir='ltr' id='par_1_106' title="bbox 2234 4713 3800 4789">
     <span class='ocr_line' id='line_1_106' title="bbox 2234 4713 3800 4789; baseline -0.001 -19"><span class='ocrx_word' id='word_1_810' title='bbox 2234 4713 2554 4772; x_wconf 87' lang='lat' dir='ltr'><strong>Ecclesiam.</strong></span> <span class='ocrx_word' id='word_1_811' title='bbox 2576 4715 2730 4773; x_wconf 82' lang='lat' dir='ltr'><strong>Alius</strong></span> <span class='ocrx_word' id='word_1_812' title='bbox 2750 4730 2878 4788; x_wconf 86' lang='lat' dir='ltr'><strong>ergo</strong></span> <span class='ocrx_word' id='word_1_813' title='bbox 2898 4717 2990 4789; x_wconf 87' lang='lat' dir='ltr'><strong>qui</strong></span> <span class='ocrx_word' id='word_1_814' title='bbox 3008 4717 3350 4776; x_wconf 80' lang='lat' dir='ltr'><strong>dilectionem</strong></span> <span class='ocrx_word' id='word_1_815' title='bbox 3369 4716 3596 4775; x_wconf 80' lang='lat' dir='ltr'><strong>deserit</strong></span> <span class='ocrx_word' id='word_1_816' title='bbox 3618 4716 3800 4774; x_wconf 77' lang='lat' dir='ltr'><strong>incitos-</strong></span> 
     </span>
    </p>
   </div>
   <div class='ocr_carea' id='block_1_107' title="bbox 2233 4807 3802 4880">
    <p class='ocr_par' dir='ltr' id='par_1_107' title="bbox 2233 4807 3802 4880">
     <span class='ocr_line' id='line_1_107' title="bbox 2233 4807 3802 4880; baseline -0.002 -17"><span class='ocrx_word' id='word_1_817' title='bbox 2233 4815 2341 4863; x_wconf 87' lang='lat' dir='ltr'><strong>tam</strong></span> <span class='ocrx_word' id='word_1_818' title='bbox 2367 4823 2382 4872; x_wconf 89' lang='lat'><strong>;</strong></span> <span class='ocrx_word' id='word_1_819' title='bbox 2414 4807 2552 4864; x_wconf 86' lang='lat' dir='ltr'><strong>alius</strong></span> <span class='ocrx_word' id='word_1_820' title='bbox 2580 4808 2670 4879; x_wconf 87' lang='lat' dir='ltr'><strong>qui</strong></span> <span class='ocrx_word' id='word_1_821' title='bbox 2700 4815 2920 4880; x_wconf 86' lang='lat' dir='ltr'><strong>propter</strong></span> <span class='ocrx_word' id='word_1_822' title='bbox 2946 4824 3145 4867; x_wconf 84' lang='lat' dir='ltr'><strong>nomen</strong></span> <span class='ocrx_word' id='word_1_823' title='bbox 3173 4809 3274 4867; x_wconf 87' lang='lat' dir='ltr'><strong>Dei</strong></span> <span class='ocrx_word' id='word_1_824' title='bbox 3299 4809 3443 4866; x_wconf 86' lang='lat' dir='ltr'><strong>circa</strong></span> <span class='ocrx_word' id='word_1_825' title='bbox 3472 4811 3668 4866; x_wconf 83' lang='lat' dir='ltr'><strong>malos</strong></span> <span class='ocrx_word' id='word_1_826' title='bbox 3701 4817 3802 4878; x_wconf 76' lang='lat' dir='ltr'><strong>qus-</strong></span> 
     </span>
    </p>
   </div>
   <div class='ocr_carea' id='block_1_108' title="bbox 2231 4899 3802 4974">
    <p class='ocr_par' dir='ltr' id='par_1_108' title="bbox 2231 4899 3802 4974">
     <span class='ocr_line' id='line_1_108' title="bbox 2231 4899 3802 4974; baseline 0.004 -18"><span class='ocrx_word' id='word_1_827' title='bbox 2231 4913 2339 4970; x_wconf 88' lang='lat' dir='ltr'><strong>que</strong></span> <span class='ocrx_word' id='word_1_828' title='bbox 2366 4899 2562 4958; x_wconf 86' lang='lat' dir='ltr'><strong>dicitur</strong></span> <span class='ocrx_word' id='word_1_829' title='bbox 2591 4915 2810 4960; x_wconf 85' lang='lat' dir='ltr'><strong>servare</strong></span> <span class='ocrx_word' id='word_1_830' title='bbox 2837 4903 3183 4974; x_wconf 76' lang='lat' dir='ltr'><strong>patientiam:</strong></span> <span class='ocrx_word' id='word_1_831' title='bbox 3215 4904 3310 4960; x_wconf 88' lang='lat' dir='ltr'><strong>uni</strong></span> <span class='ocrx_word' id='word_1_832' title='bbox 3337 4902 3594 4973; x_wconf 69' lang='lat' dir='ltr'><strong>(lenique</strong></span> <span class='ocrx_word' id='word_1_833' title='bbox 3621 4901 3802 4963; x_wconf 68' lang='lat' dir='ltr'><strong>dicitur.</strong></span> 
     </span>
    </p>
   </div>
   <div class='ocr_carea' id='block_1_109' title="bbox 2233 4992 3806 5068">
    <p class='ocr_par' dir='ltr' id='par_1_109' title="bbox 2233 4992 3806 5068">
     <span class='ocr_line' id='line_1_109' title="bbox 2233 4992 3806 5068; baseline 0.005 -19"><span class='ocrx_word' id='word_1_834' title='bbox 2233 4992 2549 5066; x_wconf 88' lang='lat' dir='ltr'><strong>patientiam</strong></span> <span class='ocrx_word' id='word_1_835' title='bbox 2580 4994 2780 5066; x_wconf 86' lang='lat' dir='ltr'><strong>habes,</strong></span> <span class='ocrx_word' id='word_1_836' title='bbox 2812 5006 2870 5055; x_wconf 89' lang='lat' dir='ltr'><strong>et</strong></span> <span class='ocrx_word' id='word_1_837' title='bbox 2908 5011 3018 5068; x_wconf 76' lang='lat' dir='ltr'><strong>non</strong></span> <span class='ocrx_word' id='word_1_838' title='bbox 3046 4997 3292 5056; x_wconf 80' lang='lat' dir='ltr'><strong>deiecisti</strong></span> <span class='ocrx_word' id='word_1_839' title='bbox 3326 4997 3512 5054; x_wconf 83' lang='lat' dir='ltr'><strong>alteri.</strong></span> <span class='ocrx_word' id='word_1_840' title='bbox 3564 4999 3806 5056; x_wconf 65' lang='lat' dir='ltr'><strong>nemo</strong></span> 
     </span>
    </p>
   </div>
   <div class='ocr_carea' id='block_1_110' title="bbox 2233 5089 3808 5165">
    <p class='ocr_par' dir='ltr' id='par_1_110' title="bbox 2233 5089 3808 5165">
     <span class='ocr_line' id='line_1_110' title="bbox 2233 5089 3808 5165; baseline 0.004 -20"><span class='ocrx_word' id='word_1_841' title='bbox 2233 5089 2373 5147; x_wconf 79' lang='lat' dir='ltr'><strong>unde</strong></span> <span class='ocrx_word' id='word_1_842' title='bbox 2393 5089 2655 5148; x_wconf 84' lang='lat' dir='ltr'><strong>cecideris</strong></span> <span class='ocrx_word' id='word_1_843' title='bbox 2670 5133 2685 5159; x_wconf 92' lang='lat'><strong>,</strong></span> <span class='ocrx_word' id='word_1_844' title='bbox 2714 5101 2763 5148; x_wconf 85' lang='lat' dir='ltr'><strong>et</strong></span> <span class='ocrx_word' id='word_1_845' title='bbox 2790 5106 2887 5163; x_wconf 83' lang='lat' dir='ltr'><strong>age</strong></span> <span class='ocrx_word' id='word_1_846' title='bbox 2909 5092 3286 5163; x_wconf 56' lang='lat' dir='ltr'><strong>penitentiam,</strong></span> <span class='ocrx_word' id='word_1_847' title='bbox 3309 5099 3362 5148; x_wconf 80' lang='lat' dir='ltr'><strong>et</strong></span> <span class='ocrx_word' id='word_1_848' title='bbox 3383 5093 3472 5165; x_wconf 76' lang='lat' dir='ltr'><strong>[ac</strong></span> <span class='ocrx_word' id='word_1_849' title='bbox 3493 5093 3692 5162; x_wconf 73' lang='lat' dir='ltr'><strong>priora</strong></span> <span class='ocrx_word' id='word_1_850' title='bbox 3712 5103 3808 5157; x_wconf 69' lang='grc' dir='ltr'><strong>ορθ-</strong></span> 
     </span>
    </p>
   </div>
   <div class='ocr_carea' id='block_1_111' title="bbox 2231 5180 3812 5253">
    <p class='ocr_par' dir='ltr' id='par_1_111' title="bbox 2231 5180 3812 5253">
     <span class='ocr_line' id='line_1_111' title="bbox 2231 5180 3812 5253; baseline 0.004 -17"><span class='ocrx_word' id='word_1_851' title='bbox 2231 5197 2316 5238; x_wconf 88' lang='lat' dir='ltr'><strong>ra.</strong></span> <span class='ocrx_word' id='word_1_852' title='bbox 2339 5180 2438 5240; x_wconf 76' lang='lat' dir='ltr'><strong>Sin</strong></span> <span class='ocrx_word' id='word_1_853' title='bbox 2459 5192 2651 5252; x_wconf 78' lang='lat' dir='ltr'><strong>autem,</strong></span> <span class='ocrx_word' id='word_1_854' title='bbox 2678 5184 2875 5239; x_wconf 75' lang='lat' dir='ltr'><strong>veniam</strong></span> <span class='ocrx_word' id='word_1_855' title='bbox 2895 5184 2986 5240; x_wconf 81' lang='lat' dir='ltr'><strong>tibi</strong></span> <span class='ocrx_word' id='word_1_856' title='bbox 3015 5185 3140 5253; x_wconf 78' lang='lat' dir='ltr'><strong>cito,</strong></span> <span class='ocrx_word' id='word_1_857' title='bbox 3162 5183 3435 5242; x_wconf 68' lang='lat' dir='ltr'><strong>amovebo</strong></span> <span class='ocrx_word' id='word_1_858' title='bbox 3455 5183 3812 5242; x_wconf 66' lang='lat' dir='ltr'><strong>candelabri!</strong></span> 
     </span>
    </p>
   </div>
   <div class='ocr_carea' id='block_1_112' title="bbox 2235 5273 3812 5351">
    <p class='ocr_par' dir='ltr' id='par_1_112' title="bbox 2235 5273 3812 5351">
     <span class='ocr_line' id='line_1_112' title="bbox 2235 5273 3812 5351; baseline -0.001 -21"><span class='ocrx_word' id='word_1_859' title='bbox 2235 5283 2382 5330; x_wconf 80' lang='lat' dir='ltr'><strong>tuum</strong></span> <span class='ocrx_word' id='word_1_860' title='bbox 2419 5277 2482 5332; x_wconf 78' lang='lat' dir='ltr'><strong>de</strong></span> <span class='ocrx_word' id='word_1_861' title='bbox 2523 5276 2638 5334; x_wconf 87' lang='lat' dir='ltr'><strong>loco</strong></span> <span class='ocrx_word' id='word_1_862' title='bbox 2675 5293 2802 5347; x_wconf 80' lang='lat' dir='ltr'><strong>suo,</strong></span> <span class='ocrx_word' id='word_1_863' title='bbox 2840 5277 2944 5335; x_wconf 78' lang='lat' dir='ltr'><strong>nisi</strong></span> <span class='ocrx_word' id='word_1_864' title='bbox 2979 5278 3328 5351; x_wconf 67' lang='lat' dir='ltr'><strong>penitentiam</strong></span> <span class='ocrx_word' id='word_1_865' title='bbox 3351 5277 3546 5350; x_wconf 80' lang='lat' dir='ltr'><strong>egeris.</strong></span> <span class='ocrx_word' id='word_1_866' title='bbox 3588 5275 3720 5350; x_wconf 59' lang='lat' dir='ltr'><strong>Eia</strong></span> <span class='ocrx_word' id='word_1_867' title='bbox 3742 5273 3812 5328; x_wconf 75' lang='lat' dir='ltr'><strong>lic</strong></span> 
     </span>
    </p>
   </div>
   <div class='ocr_carea' id='block_1_113' title="bbox 2236 5369 3813 5444">
    <p class='ocr_par' dir='ltr' id='par_1_113' title="bbox 2236 5369 3813 5444">
     <span class='ocr_line' id='line_1_113' title="bbox 2236 5369 3813 5444; baseline -0.003 -17"><span class='ocrx_word' id='word_1_868' title='bbox 2236 5369 2616 5428; x_wconf 84' lang='lat' dir='ltr'><strong>candelabrum</strong></span> <span class='ocrx_word' id='word_1_869' title='bbox 2661 5385 2881 5429; x_wconf 84' lang='lat' dir='ltr'><strong>movere</strong></span> <span class='ocrx_word' id='word_1_870' title='bbox 2919 5371 3089 5444; x_wconf 87' lang='lat' dir='ltr'><strong>dicit,</strong></span> <span class='ocrx_word' id='word_1_871' title='bbox 3134 5385 3293 5444; x_wconf 82' lang='lat' dir='ltr'><strong>quem</strong></span> <span class='ocrx_word' id='word_1_872' title='bbox 3332 5371 3402 5428; x_wconf 82' lang='lat' dir='ltr'><strong>ad</strong></span> <span class='ocrx_word' id='word_1_873' title='bbox 3448 5369 3813 5443; x_wconf 70' lang='lat' dir='ltr'><strong>pmnitentiatn</strong></span> 
     </span>
    </p>
   </div>
   <div class='ocr_carea' id='block_1_114' title="bbox 2235 5459 3816 5539">
    <p class='ocr_par' dir='ltr' id='par_1_114' title="bbox 2235 5459 3816 5539">
     <span class='ocr_line' id='line_1_114' title="bbox 2235 5459 3816 5539; baseline 0.001 -18"><span class='ocrx_word' id='word_1_874' title='bbox 2235 5463 2524 5535; x_wconf 75' lang='lat' dir='ltr'><strong>gerendam</strong></span> <span class='ocrx_word' id='word_1_875' title='bbox 2550 5465 2762 5522; x_wconf 80' lang='lat' dir='ltr'><strong>invitat.</strong></span> <span class='ocrx_word' id='word_1_876' title='bbox 2794 5465 2950 5535; x_wconf 81' lang='lat' dir='ltr'><strong>Quod</strong></span> <span class='ocrx_word' id='word_1_877' title='bbox 2991 5474 3076 5524; x_wconf 82' lang='lat' dir='ltr'><strong>est</strong></span> <span class='ocrx_word' id='word_1_878' title='bbox 3115 5467 3378 5539; x_wconf 83' lang='lat' dir='ltr'><strong>angelus,</strong></span> <span class='ocrx_word' id='word_1_879' title='bbox 3423 5465 3538 5523; x_wconf 79' lang='lat' dir='ltr'><strong>hoc</strong></span> <span class='ocrx_word' id='word_1_880' title='bbox 3586 5459 3816 5523; x_wconf 54' lang='lat' dir='ltr'><strong>canduit</strong></span> 
     </span>
    </p>
   </div>
   <div class='ocr_carea' id='block_1_115' title="bbox 2232 5554 3818 5629">
    <p class='ocr_par' dir='ltr' id='par_1_115' title="bbox 2232 5554 3818 5629">
     <span class='ocr_line' id='line_1_115' title="bbox 2232 5554 3818 5629; baseline -0.001 -16"><span class='ocrx_word' id='word_1_881' title='bbox 2232 5554 2390 5613; x_wconf 84' lang='lat' dir='ltr'><strong>brum</strong></span> <span class='ocrx_word' id='word_1_882' title='bbox 2417 5556 2571 5629; x_wconf 86' lang='lat' dir='ltr'><strong>cujus</strong></span> <span class='ocrx_word' id='word_1_883' title='bbox 2608 5569 2816 5629; x_wconf 88' lang='lat' dir='ltr'><strong>partem</strong></span> <span class='ocrx_word' id='word_1_884' title='bbox 2845 5559 2981 5616; x_wconf 89' lang='lat' dir='ltr'><strong>dicit</strong></span> <span class='ocrx_word' id='word_1_885' title='bbox 3017 5573 3127 5618; x_wconf 87' lang='lat' dir='ltr'><strong>non</strong></span> <span class='ocrx_word' id='word_1_886' title='bbox 3168 5559 3420 5626; x_wconf 71' lang='lat' dir='ltr'><strong>auferre,</strong></span> <span class='ocrx_word' id='word_1_887' title='bbox 3463 5559 3571 5616; x_wconf 82' lang='lat' dir='ltr'><strong>sed</strong></span> <span class='ocrx_word' id='word_1_888' title='bbox 3610 5558 3682 5616; x_wconf 83' lang='lat' dir='ltr'><strong>de</strong></span> <span class='ocrx_word' id='word_1_889' title='bbox 3717 5555 3818 5611; x_wconf 77' lang='lat' dir='ltr'><strong>loco</strong></span> 
     </span>
    </p>
   </div>
   <div class='ocr_carea' id='block_1_116' title="bbox 2233 5651 3814 5726">
    <p class='ocr_par' dir='ltr' id='par_1_116' title="bbox 2233 5651 3814 5726">
     <span class='ocr_line' id='line_1_116' title="bbox 2233 5651 3814 5726; baseline 0.004 -20"><span class='ocrx_word' id='word_1_890' title='bbox 2233 5662 2481 5719; x_wconf 85' lang='lat' dir='ltr'><strong>movere,</strong></span> <span class='ocrx_word' id='word_1_891' title='bbox 2523 5651 2835 5722; x_wconf 78' lang='lat' dir='ltr'><strong>signiﬁcans</strong></span> <span class='ocrx_word' id='word_1_892' title='bbox 2870 5667 2996 5711; x_wconf 85' lang='lat' dir='ltr'><strong>eum</strong></span> <span class='ocrx_word' id='word_1_893' title='bbox 3033 5653 3126 5726; x_wconf 89' lang='lat' dir='ltr'><strong>qui</strong></span> <span class='ocrx_word' id='word_1_894' title='bbox 3164 5653 3292 5712; x_wconf 80' lang='lat' dir='ltr'><strong>licet</strong></span> <span class='ocrx_word' id='word_1_895' title='bbox 3327 5653 3396 5712; x_wconf 85' lang='lat' dir='ltr'><strong>de</strong></span> <span class='ocrx_word' id='word_1_896' title='bbox 3440 5653 3692 5714; x_wconf 75' lang='lat' dir='ltr'><strong>Ecclesia</strong></span> <span class='ocrx_word' id='word_1_897' title='bbox 3723 5661 3814 5705; x_wconf 72' lang='lat' dir='ltr'><strong>Iw</strong></span> 
     </span>
    </p>
   </div>
   <div class='ocr_carea' id='block_1_117' title="bbox 617 5807 3000 5912">
    <p class='ocr_par' dir='ltr' id='par_1_117' title="bbox 617 5807 3000 5912">
     <span class='ocr_line' id='line_1_117' title="bbox 617 5807 3000 5912; baseline 0.016 -50"><span class='ocrx_word' id='word_1_898' title='bbox 617 5824 648 5857; x_wconf 75' lang='grc' dir='ltr'>ι</span> <span class='ocrx_word' id='word_1_899' title='bbox 693 5807 831 5869; x_wconf 85' lang='lat' dir='ltr'><strong>Vide</strong></span> <span class='ocrx_word' id='word_1_900' title='bbox 867 5832 989 5882; x_wconf 88' lang='lat' dir='ltr'><strong>num</strong></span> <span class='ocrx_word' id='word_1_901' title='bbox 1028 5827 1308 5900; x_wconf 81' lang='lat' dir='ltr'><strong>legendum</strong></span> <span class='ocrx_word' id='word_1_902' title='bbox 1345 5831 1418 5892; x_wconf 88' lang='lat' dir='ltr'><strong>sit</strong></span> <span class='ocrx_word' id='word_1_903' title='bbox 1455 5831 1738 5903; x_wconf 65' lang='lat' dir='ltr'><strong>Ecclesia,</strong></span> <span class='ocrx_word' id='word_1_904' title='bbox 1778 5834 1991 5896; x_wconf 63' lang='lat' dir='ltr'><strong>tamen!</strong></span> <span class='ocrx_word' id='word_1_905' title='bbox 2027 5827 2314 5911; x_wconf 72' lang='lat' dir='ltr'><strong>nequitiam</strong></span> <span class='ocrx_word' id='word_1_906' title='bbox 2346 5843 2659 5912; x_wconf 81' lang='lat' dir='ltr'><strong>perspicuus</strong></span> <span class='ocrx_word' id='word_1_907' title='bbox 2691 5847 2758 5903; x_wconf 86' lang='lat' dir='ltr'><strong>sit</strong></span> <span class='ocrx_word' id='word_1_908' title='bbox 2787 5859 3000 5905; x_wconf 86' lang='lat' dir='ltr'><strong>sensus.</strong></span> 
     </span>
    </p>
   </div>
   <div class='ocr_carea' id='block_1_118' title="bbox 749 5984 816 6001">
    <p class='ocr_par' dir='ltr' id='par_1_118' title="bbox 749 5984 816 6001">
     <span class='ocr_line' id='line_1_118' title="bbox 749 5984 816 6001; baseline 0.015 -1"><span class='ocrx_word' id='word_1_909' title='bbox 749 5984 816 6001; x_wconf 55' lang='grc' dir='ltr'><strong>,ἀι-ι</strong></span> 
     </span>
    </p>
   </div>
   <div class='ocr_carea' id='block_1_119' title="bbox 3771 5916 3806 5943">
    <p class='ocr_par' dir='ltr' id='par_1_119' title="bbox 3771 5916 3806 5943">
     <span class='ocr_line' id='line_1_119' title="bbox 3771 5916 3806 5943; baseline 0 -2"><span class='ocrx_word' id='word_1_910' title='bbox 3771 5916 3806 5943; x_wconf 62' lang='grc' dir='ltr'><strong>ὶ-</strong></span> 
     </span>
    </p>
   </div>
  </div>
