3968 6354
188 409 297 469 ὃίῧ

1185 402 1627 465 COMMENTAR.
1666 403 1737 461 IN
1762 400 2146 463 Αιιεειιιῖι».
2188 400 2316 461 ΜΒ.
2360 395 2400 460 1.

3348 392 3451 465 866

188 528 541 603 praecidatur,
570 526 742 586 donec
780 524 1077 585 ventilabro
1116 525 1293 585 ultimi
1326 524 1513 596 iudicii
1556 528 1771 595 separe-
1794 520 1932 587 Ain
1974 520 2170 588 ﬁnem,
2204 521 2290 577 hic
2321 520 2501 575 salvus
2531 519 2634 575 erit
2669 514 2898 591 (Κιτιᾶ.
2926 516 3125 591 xxiv).
3164 518 3267 591 Qui
3304 522 3453 580 habet

188 632 305 691 tur,
359 621 630 693 propriam
678 632 854 677 tamen
895 619 1123 676 salutem
1168 629 1226 676 et
1266 632 1429 675 omne
1472 612 1784 673 candelabri

187 716 373 771 lumen
406 713 586 771 amisit
616 732 630 768 :
662 723 716 770 et
746 713 791 769 si
817 711 1234 770 charismatibus
1276 711 1572 768 honoratus
1600 709 1780 766 videa-

189 817 301 871 tnr,
330 805 432 863 sibi
463 814 643 861 tamen
670 812 913 862 mortuus
937 819 1058 861 esse
1084 802 1451 875 cognoscitur.
1478 800 1612 858 Nam
1640 800 1784 872 quod

188 899 249 955 iu
293 899 386 952 illo
430 896 562 952 vivit
598 896 835 953 alienum
876 904 980 952 est.
1026 894 1172 952 Parii
1213 907 1402 950 rursus
1444 892 1584 949 bene
1609 891 1777 959 dicit,

189 991 305 1049 Sed
331 989 427 1043 hoc
456 988 611 1044 habes
638 988 834 1045 bonum
865 989 1115 1060 quoniam
1145 987 1299 1042 odisti
1323 986 1463 1056 facta
1493 982 1786 1039 Nicolaita-

189 1100 310 1140 rum
327 1124 344 1153 ,
369 1082 506 1140 sicut
532 1091 580 1137 et
606 1098 700 1158 ego
729 1083 835 1142 odi.
869 1082 925 1138 ld
953 1090 1066 1152 est,
1092 1080 1450 1137 idololatriam
1471 1086 1530 1135 et
1556 1077 1786 1135 fornica-

192 1174 399 1230 tionem
424 1215 441 1242 ,
469 1174 609 1230 sicut
635 1182 1031 1243 consequenter
1056 1170 1310 1227 ostendit.
1336 1167 1537 1226 Omnes
1560 1166 1784 1239 proinde

193 1252 470 1321 Ecclesias
516 1264 753 1332 docens,
804 1264 968 1319 dicit:
1019 1262 1124 1332 Qui
1168 1261 1316 1318 habet
1367 1277 1549 1327 aures,
1606 1260 1785 1317 audiat

192 1358 319 1427 quid
346 1357 571 1428 Spiritus
596 1357 735 1412 dicat
761 1353 1027 1411 Ecclesiis.
1052 1355 1155 1423 Qui
1177 1355 1390 1423 vincet,
1417 1353 1546 1409 dabo
1570 1353 1617 1408 ei
1639 1354 1784 1409 edere

195 1448 262 1502 de
286 1448 425 1521 ligno
450 1448 566 1503 vita:
584 1491 600 1518 ,
629 1446 681 1501 id
711 1454 796 1504 est
822 1446 891 1502 de
920 1445 1099 1501 fructu
1127 1444 1308 1501 crucis
1328 1484 1344 1513 ,
1375 1442 1511 1515 quod
1550 1452 1655 1511 est,
1696 1447 1781 1499 lu-

194 1540 349 1609 quit,
382 1541 434 1592 in
462 1538 713 1610 paradiso
739 1537 836 1593 Dei
865 1536 982 1592 mei.
1014 1535 1302 1593 Paradisus
1339 1535 1503 1591 etiam
1544 1534 1782 1592 Ecclesia

196 1636 429 1706 intelligi
457 1643 668 1708 potest,
700 1634 880 1690 omnia
909 1631 1051 1689 enim
1079 1631 1131 1687 in
1165 1631 1337 1701 ﬁgura
1364 1632 1504 1688 facta
1541 1639 1697 1699 sunt,
1727 1639 1782 1687 et

198 1727 372 1785 Adam
405 1726 593 1783 umbra
624 1726 820 1792 futuri,
854 1724 1116 1795 Apostolo
1146 1723 1374 1780 docente
1404 1722 1589 1795 (Rom.
1617 1721 1775 1791 sui),

192 1820 493 1890 praecessit.
528 1818 752 1890 Lignum
781 1832 910 1874 vero
938 1818 1085 1887 vitae,
1109 1816 1371 1887 sapientia
1402 1814 1493 1871 Dei
1525 1814 1781 1871 Dominus

1885 628 2063 682 aures,
2095 615 2271 669 audiat
2295 615 2418 684 quid
2451 612 2682 683 Spiritus
2710 614 2847 671 dicat
2875 613 3119 672 Ecclestis
3143 631 3162 670 :
3195 614 3300 685 Qui
3324 617 3457 674 vice-

1882 709 1951 759 rit
1980 720 2082 759 non
2111 705 2326 760 lcdetur
2359 722 2391 760 a
2422 714 2587 761 morte
2623 707 2867 763 secunda.
2910 707 3212 765 lutet-dictae
3248 708 3458 769 arboris

1881 800 2054 867 (Gen.
2080 816 2156 869 ιι,
2185 802 2278 871 ιιι)
2308 814 2433 858 esus
2451 844 2465 870 ,
2495 802 2632 859 hanc
2672 803 2905 873 posteris
2945 803 3271 875 procuravit.
3298 804 3453 861 Chri-

1882 902 1999 950 stus
2027 900 2205 948 autem
2237 907 2301 949 ex
2328 893 2513 950 lateris
2541 895 2622 949 sui
2651 896 2906 965 sacrario,
2939 910 3077 966 aqua
3101 902 3156 952 et
3191 897 3451 966 sanguine

1888 982 2213 1054 proﬂuente,
2247 984 2423 1042 crucis
2451 986 2677 1056 irrigans
2705 985 2905 1057 lignum
2924 1026 2941 1056 ,
2967 986 3090 1043 inde
3119 986 3242 1043 fecit
3270 986 3460 1044 salutis

1888 1075 2161 1145 primitias
2198 1077 2500 1147 germinare
2534 1078 2678 1135 unde
2715 1077 2974 1150 originale
3012 1079 3212 1135 malum
3240 1087 3461 1136 noverat

1884 1167 2217 1235 surrexisse,
2275 1166 2503 1223 dicens:
2538 1167 2807 1237 Gaudete,
2856 1172 2980 1242 quia
3024 1171 3127 1228 vici
3173 1171 3451 1231 naculum.

1883 1255 2143 1323 Quocirca
2174 1257 2222 1312 si
2251 1258 2372 1327 quis
2412 1258 2613 1325 vincit,
2652 1259 2707 1315 in
2746 1260 2862 1329 ipso
2893 1261 3108 1318 vincere
3146 1261 3358 1331 poterit.
3389 1259 3475 1315 Et
3518 1328 3521 1333 ν

1883 1348 2064 1420 angelo
2108 1347 2352 1406 Ecclesiae
2382 1349 2629 1422 Pergami
2657 1352 2819 1407 scribe
2839 1368 2862 1407 :
2889 1351 3020 1408 Hazc
3046 1353 3171 1408 dicit
3195 1354 3283 1425 qui
3310 1353 3459 1408 habet

1880 1438 2196 1511 romphaeam
2240 1456 2305 1496 ea:
2344 1450 2558 1509 utraque
2601 1450 2746 1514 parte
2786 1452 3008 1500 acutam.
3052 1444 3128 1501 De
3164 1444 3342 1514 gladio
3378 1444 3459 1502 bis

1882 1539 2045 1588 acuto
2073 1533 2203 1587 satis
2230 1531 2428 1589 dictum
2457 1534 2546 1589 sit.
2580 1534 2701 1589 Scio
2728 1534 2815 1589 ubi
2840 1536 3072 1603 habitas,
3102 1536 3188 1589 ubi
3228 1536 3452 1592 thronus

1882 1620 2094 1678 Satanae
2134 1632 2229 1681 est.
2270 1622 2426 1679 Omni
2468 1624 2725 1682 Ecclesia:
2765 1625 2929 1695 dicit,
2977 1626 3101 1697 quia
3139 1627 3335 1699 ubique
3371 1628 3460 1684 ille

1882 1720 2119 1769 tentator
2156 1721 2272 1781 cst,
2314 1714 2397 1769 cui
2433 1715 2671 1772 dicitur:
2715 1717 2810 1772 lita
2846 1726 2994 1775 tuum
3029 1719 3336 1775 observabit
3371 1732 3461 1773 ca-

1883 1811 2010 1874 put,
2042 1812 2099 1860 et
2128 1815 2182 1859 tu
2214 1803 2555 1862 insidiaberis
2579 1806 2828 1864 calcaneo
2853 1806 2970 1877 ejus
2998 1807 3149 1875 (Gen.
3178 1807 3284 1879 Ill).
3310 1807 3461 1863 Mun-

197 1912 357 1968 Jcsus
386 1912 634 1968 Christus
655 1954 670 1980 ,
702 1911 793 1982 qui
824 1912 879 1968 in
906 1925 1068 1967 cruce
1095 1910 1377 1982 pependit,
1403 1911 1501 1979 qui
1518 1918 1574 1967 et
1600 1910 1653 1965 in
1679 1910 1777 1966 Ec—
1806 1903 1857 1966 B
1881 1892 1984 1950 (Ῐυε
2022 1895 2165 1950 enim
2203 1896 2257 1951 ίιι
2299 1896 2534 1967 maligno
2573 1896 2781 1966 POSiluS
2822 1906 2925 1953 εει·
2964 1899 3211 1959 Τιιῐοηυε
3249 1899 3461 1955 Sauli!!!

200 2006 370 2060 c‘esia
398 2012 453 2060 et
480 2003 536 2059 in
565 2003 834 2074 Spirituali
866 2002 1116 2073 paradiso
1144 2003 1307 2059 vitale
1336 2001 1644 2058 alimentum
1674 2016 1783 2060 cn:-

195 2095 456 2165 lestisque
507 2095 659 2165 panis
698 2093 903 2165 praebet
944 2093 1194 2150 ﬁdelibus
1239 2105 1667 2160 sacramentum,
1715 2093 1783 2151 de

197 2201 306 2257 quo
346 2186 573 2257 legimus
611 2184 807 2259 (Prov.
832 2183 927 2256 ιιι)
958 2201 972 2239 :
1005 2184 1276 2255 Sapientia
1313 2186 1419 2241 vita
1460 2193 1544 2242 est
1581 2185 1783 2254 amplc-

200 2277 473 2333 ctentihus
510 2292 653 2334 eam.
696 2277 763 2331 Et
800 2278 985 2347 angelo
1024 2276 1271 2333 Ecclesia:
1311 2277 1548 2348 Smyrna:
1580 2277 1781 2333 scribe:

197 2367 333 2422 Ila’c
374 2370 498 2423 dicit
538 2371 733 2440 primus
776 2380 822 2424 et
862 2370 1200 2436 novissimus,
1239 2370 1323 2436 qui
1353 2374 1519 2438 fuerat
1557 2378 1783 2423 mortuus

196 2469 246 2515 et
276 2460 395 2513 vivit
426 2475 446 2513 :
478 2458 602 2515 Scio
632 2460 1005 2516 tribulationcs
1035 2469 1154 2515 tuas
1184 2469 1230 2515 et
1272 2471 1652 2531 paupertatem,
1692 2462 1783 2515 sed

195 2548 339 2603 dives
384 2566 457 2605 es.
502 2549 658 2605 Omni
701 2550 957 2606 Ecclesia:
998 2550 1160 2619 dicit,
1193 2565 1313 2621 qua:
1350 2551 1540 2620 spiritu
1582 2566 1785 2621 pauper

195 2650 283 2697 est
310 2649 364 2696 ct
388 2641 567 2696 omnia
599 2642 874 2712 possidet,
904 2643 1048 2699 unde
1078 2643 1368 2715 Apostolus
1398 2641 1483 2713 (ll
1514 2644 1632 2698 Cor.
1663 2642 1739 2713 vr)
1766 2661 1778 2698 :

193 2735 473 2809 Tanquam
520 2739 652 2794 nihil
699 2739 961 2795 habentes
1003 2746 1059 2795 et
1100 2740 1277 2795 omnia
1322 2738 1681 2809 possidentes.
1712 2735 1783 2793 Et

195 2826 565 2901 blasphemaris
592 2830 657 2884 ab
686 2828 766 2884 his
794 2833 880 2901 qui
910 2845 962 2885 se
989 2830 1167 2885 dicunt
1195 2829 1409 2885 Judazos
1433 2845 1542 2885 esse
1560 2870 1575 2895 ,
1605 2837 1651 2884 et
1680 2845 1783 2884 non

198 2930 322 2977 sunt
343 2965 357 2990 ,
390 2923 480 2976 sed
509 2930 627 2977 sunt
654 2938 915 2995 synagoga
955 2922 1189 2979 Satanae.
1233 2922 1329 2978 llic
1366 2938 1576 2994 quoque
1601 2933 1781 2980 osten-

199 3013 350 3069 ditur
379 3030 487 3069 non
528 3016 747 3085 speciali
789 3024 995 3072 tantum
1025 3016 1284 3073 Ecclesiae
1313 3017 1492 3088 loqui,
1524 3018 1645 3087 quia
1676 3034 1782 3075 non

201 3102 449 3178 Smyrnae
479 3114 680 3163 tantum
706 3107 920 3164 luerunt
944 3116 1036 3164 aut
1062 3116 1187 3165 sunt
1214 3108 1384 3164 Judaei
1412 3109 1781 3179 blaspheman-

202 3208 305 3257 tcs.
340 3198 524 3255 Potest
554 3210 734 3257 autem
763 3201 978 3272 gemino
1010 3201 1170 3257 modo
1208 3201 1516 3259 Judmorum
1558 3201 1646 3257 hic
1686 3217 1782 3258 no-

1886 1987 2136 2046 ltomines
2165 1998 2324 2057 sunt,
2352 2005 2487 2060 quos
2515 1989 2759 2060 nequiter
2783 1990 3035 2060 possidet.
3060 1991 3366 2048 Revertitur
3393 1991 3459 2046 ad

1887 2080 2125 2149 speciem
2148 2122 2163 2149 ,
2196 2081 2320 2150 quia
2349 2080 2474 2137 licet
2503 2080 2620 2137 istis
2646 2089 2853 2152 septem
2891 2081 3023 2139 locis
3065 2091 3174 2137 tota
3213 2083 3462 2152 septifor-

1889 2170 1993 2225 mis
2025 2171 2285 2241 ﬁguretur
2311 2171 2553 2228 Ecclesia
2572 2213 2587 2240 ,
2618 2180 2767 2243 gesta
2796 2182 2919 2229 sunt
2948 2182 3123 2229 tamen
3147 2172 3203 2228 in
3228 2172 3310 2227 his
3340 2182 3463 2243 spe-

1885 2260 2094 2319 cialiter
2143 2278 2262 2333 quae
2312 2262 2492 2319 laudat
2539 2273 2631 2319 aut
2679 2264 2943 2334 increpat.
2986 2264 3055 2319 Et
3097 2271 3235 2319 tenes
3280 2278 3461 2319 nomen

1885 2368 2053 2406 meum
2079 2393 2095 2419 ,
2125 2362 2172 2407 et
2200 2370 2301 2407 non
2332 2353 2612 2424 denegasti
2639 2355 2791 2423 ﬁdem
2826 2372 3011 2409 meam.
3052 2354 3119 2409 In
3157 2356 3332 2411 diebus
3358 2353 3460 2410 illis

1883 2444 2132 2514 Antiphos
2173 2448 2310 2501 testis
2348 2462 2489 2502 meus
2529 2456 2575 2501 et
2617 2446 2823 2515 ﬁdelis,
2862 2448 2951 2516 qui
2989 2448 3183 2502 occisus
3220 2454 3294 2503 est
3320 2446 3459 2517 apud

1884 2549 1987 2589 vos.
2022 2536 2175 2606 Apud
2200 2536 2400 2593 multos
2427 2537 2588 2593 etiam
2634 2537 2878 2594 Christus
2906 2536 3187 2608 occiditur,
3216 2537 3331 2593 sive
3367 2537 3459 2608 qui

1889 2642 2010 2683 cum
2051 2630 2414 2686 resurrexisse
2452 2646 2559 2686 non
2600 2631 2860 2697 credunt,
2906 2631 3021 2687 sive
3060 2631 3181 2701 quia
3221 2629 3362 2701 apud
3400 2642 3462 2688 se

1891 2719 2033 2775 vitiis
2082 2721 2473 2777 damnabilibus
2517 2730 2746 2793 negant,
2789 2722 2877 2776 ubi
2912 2722 3141 2778 Satanas
3178 2722 3456 2778 inhabitat.

1884 2808 1993 2867 Sed
2019 2811 2176 2866 habeo
2207 2829 2372 2884 pauca
2397 2814 2641 2869 adversus
2670 2824 2717 2868 te
2743 2813 2941 2870 dicere.
2984 2813 3179 2884 Utique
3206 2812 3462 2869 adversus

1888 2903 1993 2958 alia
2022 2905 2263 2962 membra
2288 2905 2584 2975 culpanda,
2610 2920 2716 2961 non
2746 2919 2811 2963 ea
2839 2905 3031 2975 quibus
3059 2904 3226 2961 dicit:
3257 2903 3328 2960 Et
3352 2917 3461 2959 non

1886 2994 2166 3067 abnegasti
2195 2996 2354 3053 ﬁdem
2382 3011 2581 3053 meam.
2614 2996 2786 3053 Habes
2823 2996 2896 3053 ibi
2932 3004 3152 3051 tenentes
3181 2994 3483 3050 doctrinam

1889 3088 2110 3144 Balaam
2134 3090 2326 3162 (Num.
2358 3090 2516 3161 xxiv)
2538 3132 2552 3158 ,
2577 3092 2663 3161 qui
2686 3091 2895 3147 docebat
2919 3089 3081 3145 Balac
3104 3090 3300 3144 mittere
3316 3104 3467 3143 scan-

1885 3180 2061 3235 dalum
2088 3182 2189 3237 sub
2218 3182 2390 3237 oculis
2419 3181 2651 3237 ﬁliorum
2681 3180 2879 3245 Israel,
2922 3180 3068 3235 edere
3092 3180 3161 3237 de
3185 3178 3465 3235 sacriﬁciis

197 3307 325 3349 men
367 3292 633 3363 intelligi,
680 3269 797 3349 sive
841 3294 1012 3364 aperti
1058 3293 1201 3349 foras
1239 3292 1447 3362 Judcci,
1480 3295 1593 3350 sive
1640 3295 1783 3351 intus

1888 3282 1936 3330 et
1959 3274 2229 3345 fornicari.
2261 3274 2388 3330 llzec
2415 3274 2522 3329 duo
2547 3281 2673 3329 sunt
2694 3272 3009 3343 principalia
3026 3311 3043 3340 ,
3069 3271 3263 3342 quibus
3286 3269 3465 3327 fruen-

201 3384 396 3456 positi,
426 3385 478 3440 id
509 3394 593 3441 est
637 3385 759 3442 falsi
789 3385 1108 3456 Christiani,
1141 3386 1444 3443 Judarornm
1483 3387 1624 3443 enim
1655 3388 1780 3444 reli-

201 3476 408 3547 giosum
439 3486 520 3532 est
549 3491 745 3533 nomen
767 3519 783 3545 ,
819 3476 942 3534 inde
970 3477 1268 3548 Apostolus
1299 3478 1493 3549 (Rom.
1522 3493 1559 3533 ιι
1586 3478 1605 3549 )
1637 3497 1650 3534 :
1680 3478 1781 3547 Qui

204 3568 257 3625 in
289 3569 601 3625 abscondito
622 3613 636 3640 ,
667 3570 869 3640 inquit,
900 3569 1115 3627 Judazus
1157 3578 1212 3627 et
1248 3570 1583 3626 circumcisio
1603 3610 1617 3634 ,
1665 3584 1784 3625 cor-

203 3660 288 3717 dis
315 3661 367 3716 in
393 3662 581 3733 Spiritu
604 3703 619 3729 ,
643 3676 749 3717 non
777 3661 953 3718 littera
973 3703 987 3730 ,
1013 3661 1254 3733 Itemque
1278 3661 1503 3739 (Philip.
1530 3660 1645 3733 tn):
1675 3661 1784 3718 Nos

203 3753 350 3810 enim
383 3768 572 3810 sumus
601 3754 975 3822 circumcisio,
1002 3755 1090 3825 qui
1127 3755 1319 3826 spiritu
1348 3754 1458 3811 Deo
1480 3755 1779 3819 servimus,

205 3861 313 3902 non
368 3846 421 3901 in
462 3860 624 3902 carne
674 3846 923 3903 ﬁduciam
969 3846 1229 3903 habentes
1257 3863 1271 3900 :
1301 3862 1403 3903 nec
1432 3847 1576 3917 ipsos
1606 3855 1783 3903 autem

206 3951 311 3993 non
342 3945 555 4008 oportet
583 3940 868 4008 deserere,
904 3952 1026 3994 cum
1060 3938 1305 3994 dicantur
1333 3939 1491 3995 etiam
1520 3954 1785 4011 synagoga

207 4028 455 4097 Satanae,
487 4044 607 4083 cum
638 4032 948 4085 noverimus
980 4028 1156 4101 (Joan.
1187 4032 1314 4101 xm)
1343 4032 1621 4086 Dominum
1650 4032 1786 4087 tole-

206 4120 378 4176 rando
416 4133 585 4190 usque
622 4118 676 4174 in
719 4118 878 4175 ﬁnem
920 4119 1143 4187 ludam,
1174 4120 1474 4189 exemplum
1516 4121 1667 4175 nobis
1696 4135 1789 4192 pa-

209 4211 411 4265 tientia:
443 4210 759 4281 praebuisse.
805 4210 957 4266 Nihil
983 4226 1167 4269 eorum
1202 4213 1376 4267 timeas
1404 4228 1517 4285 qua:
1545 4228 1787 4281 passurus

206 4319 280 4358 es.
336 4303 529 4374 Utique
579 4319 793 4361 omnem
838 4304 1135 4361 Erclesiam
1192 4314 1487 4376 praemonet
1533 4314 1789 4363 utatoto

207 4408 435 4464 corpore
463 4396 659 4451 diaboli
690 4396 994 4451 nullatenus
1024 4404 1248 4452 metuat.
1280 4396 1414 4450 Ecce
1441 4398 1686 4451 missurus
1716 4405 1791 4452 est

209 4486 443 4540 diabolus
472 4486 729 4554 quosdam
758 4502 822 4539 ccc
846 4486 983 4539 vobis
1011 4488 1063 4539 in
1090 4502 1373 4553 carcerem,
1402 4496 1457 4540 ut
1497 4487 1754 4541 tentemini
1772 4529 1787 4555 ,

210 4585 261 4631 et
302 4573 683 4629 tribulationem
722 4574 966 4631 habeatis
1011 4575 1216 4631 dierum
1261 4576 1453 4631 decem.
1490 4575 1787 4633 Universali

1886 3366 1969 3422 dis
1998 3365 2294 3438 hypocrita:
2323 3366 2589 3432 militant,
2618 3364 2778 3421 edere
2806 3372 2863 3421 et
2888 3363 3175 3430 fornicari,
3201 3362 3338 3419 sicut
3361 3361 3466 3418 Do-

1885 3460 2063 3515 minus
2084 3460 2218 3515 dicit
2245 3477 2259 3514 :
2292 3458 2439 3516 intus
2466 3468 2643 3515 autem
2672 3456 2815 3527 pleni
2836 3456 2968 3514 estis
2991 3454 3178 3527 rapina
3204 3462 3259 3510 et
3282 3454 3467 3510 incon-

1887 3552 2111 3609 tinentis
2153 3560 2209 3607 ει
2247 3551 2395 3607 omni
2424 3550 2704 3622 iniquitate
2734 3549 2905 3623 (Luc.
2933 3564 3051 3617 xu;
3078 3548 3233 3604 Matt.
3262 3562 3403 3602 uin
3422 3546 3462 3617 ).

1889 3644 2199 3700 ldololatria
2227 3642 2510 3701 fornicatio
2536 3652 2619 3699 est
2644 3641 2924 3712 spiritalis.
2951 3639 3273 3706 Perdidisti,
3300 3638 3469 3709 inquit

1887 3735 2067 3809 (Psal.
2097 3736 2278 3807 Lxxn)
2307 3775 2324 3804 ,
2357 3751 2546 3793 omnes
2570 3735 2662 3805 qui
2690 3733 3024 3791 fornicamur
3051 3732 3149 3790 abs
3182 3739 3258 3787 te.
3298 3730 3465 3787 Simi-

1889 3830 2015 3887 liter
2044 3830 2196 3886 habes
2222 3841 2273 3886 et
2300 3840 2356 3886 tu
2385 3837 2607 3886 tenentes
2637 3830 2920 3885 doctrinam
2950 3825 3330 3883 Nicolaitarum
3355 3839 3376 3879 :
3401 3823 3470 3879 si-

1886 3922 2076 3977 militer
2101 3939 2196 3992 age
2220 3921 2582 3993 paenitentiam.
2609 3920 2703 3979 Sin
2727 3929 2935 3988 autem,
2957 3918 3154 3974 veniam
3180 3915 3270 3971 tibi
3295 3916 3395 3970 cito
3421 3924 3469 3970 et

1887 4014 2126 4084 pugnabo
2165 4024 2345 4070 tecum
2381 4014 2437 4069 in
2470 4012 2747 4083 romphaea
2785 4012 2891 4068 oris
2928 4009 3047 4067 mei.
3088 4007 3147 4065 ld
3184 4015 3267 4065 est
3293 4005 3471 4077 gladio

1888 4106 2000 4161 oris
2023 4144 2040 4172 ,
2068 4104 2293 4175 intelligi
2316 4104 2479 4161 debet
2504 4104 2763 4161 Ecclesiae
2780 4144 2796 4170 ,
2824 4101 3118 4160 secundum
3160 4098 3469 4170 praeceden-

1891 4203 2001 4251 tem
2031 4192 2399 4264 intelligentiae
2437 4193 2683 4250 formam.
2726 4191 3020 4260 Romphaea
3055 4198 3234 4245 autem
3274 4189 3469 4244 utrius-

1890 4302 1995 4358 que
2027 4287 2332 4343 testamenti
2358 4295 2626 4356 praacepta
2653 4292 2779 4340 sunt
2798 4326 2814 4351 ,
2844 4282 3036 4351 quibus
3075 4286 3470 4348 contemptores

1893 4377 2151 4432 divinitus
2179 4384 2571 4447 expugnantur.
2605 4374 2919 4443 Quicunque
2941 4370 3086 4428 enim
3116 4370 3175 4424 in
3199 4370 3316 4438 lege
3342 4380 3467 4437 pec-

1891 4476 2183 4535 caverunt,
2215 4482 2311 4537 per
2339 4467 2507 4537 legem
2529 4465 2909 4535 iudicabuntur
2934 4462 3117 4535 (Rom.
3141 4460 3224 4534 ιι).
3259 4459 3359 4530 Ωιιὶ
3382 4460 3468 4516 ha-

1892 4559 1971 4614 bet
2002 4572 2159 4616 aures
2180 4600 2193 4627 ,
2232 4559 2414 4614 audiat
2452 4557 2574 4628 quid
2605 4556 2833 4628 Spiritus
2871 4556 3008 4610 dicat
3046 4552 3295 4611 Ecclesiis
3320 4567 3341 4610 :
3368 4550 3469 4620 Qui

222 4664 478 4721 Ecclesiae
509 4665 625 4722 haec
654 4666 793 4722 dicta
824 4668 1182 4737 conveniunt,
1212 4670 1467 4726 adversus
1493 4685 1652 4739 quam
1677 4670 1788 4725 dia-
1813 4662 1869 4727 Ι)
1892 4651 2101 4720 Vincet.
2146 4651 2285 4707 dabo
2320 4650 2369 4706 ei
2410 4651 2478 4707 de
2516 4666 2706 4706 ἠαηηα
2740 4647 2833 4705 mo
2869 4647 3164 4716 absconsor
3276 4653 3367 4739 9⁸*
3397 4645 3469 4739 fle

209 4756 369 4816 belus
400 4758 803 4816 inextricabiles
842 4762 1147 4818 inimicitias
1187 4778 1399 4834 semper
1436 4771 1671 4821 exercet.
1724 4764 1785 4820 Et

1891 4758 2028 4815 pane
2058 4742 2345 4811 invisibili,
2376 4742 2467 4814 qui
2505 4741 2573 4798 de
2606 4739 2743 4797 cmlo
2773 4739 3083 4807 descendit,
3112 4737 3205 4834 qui
3240 4735 3361 4792 ideo
3379 4734 3468 4834 ia-

213 4857 500 4921 proptcrea
531 4850 585 4906 in
617 4851 803 4909 decem
835 4851 1025 4910 diebus
1047 4894 1065 4922 ,
1101 4826 1384 4925 praesentis
1424 4855 1547 4911 vita:
1582 4854 1785 4925 signiﬁ-

1893 4847 2013 4895 ctus
2039 4844 2124 4892 est
2153 4838 2339 4901 homo,
2371 4843 2428 4891 ut
2452 4848 2639 4905 panem
2667 4833 2977 4903 angelorum
3006 4828 3353 4886 manducaret
3378 4826 3473 4884 ho-

212 4942 369 4998 catur
394 4956 652 4999 excursus
670 4983 685 5010 ,
713 4953 931 5014 pr0pter
960 4922 1280 5017 Decaiogum
1301 4988 1317 5016 ,
1347 4947 1402 5002 in
1428 4962 1533 5018 quo
1556 4922 1790 5006 breviter
1892 4943 1983 4988 mo
2014 4927 2197 5001 (10ml-
2219 4927 2320 4999 νιὶσ
2358 4925 2418 4983 Ῐη
2445 4927 2598 4996 cuius
2628 4925 2798 5018 θευια
2825 4922 2958 4980 illud
2986 4923 3040 4978 in
3069 4935 3252 5018 ⁸τὲΨο
3282 4934 3475 5018 milan

220 5032 356 5105 legis
385 5048 593 5092 summa
625 5037 909 5093 consistit:
939 5037 1026 5095 hic
1055 5040 1198 5095 enim
1226 5049 1352 5095 sunt
1378 5042 1681 5097 necessaria
1711 5042 1791 5098 di-

198 5124 341 5183 'v'ina
367 5137 633 5199 prmcepta
654 5170 671 5195 ,
701 5127 790 5185 ubi
815 5143 948 5199 epus
973 5140 1056 5187 est
1079 5130 1425 5187 continentia.
1452 5131 1584 5188 llinc
1608 5131 1792 5191 divina

216 5219 432 5292 (Matth.
462 5219 563 5292 v):
597 5218 853 5277 Consenti
895 5222 1206 5280 adversario
1242 5230 1367 5289 tuo,
1409 5221 1464 5278 id
1498 5232 1610 5291 est,
1651 5223 1791 5297 legi,

202 5312 341 5368 cum
370 5325 429 5369 es
458 5326 579 5369 cum
608 5312 704 5371 illo
734 5313 789 5369 in
816 5313 902 5370 via
932 5313 1093 5385 hujus
1135 5315 1315 5372 saeculi
1338 5354 1354 5379 ,
1386 5313 1631 5372 videlicet
1660 5324 1795 5374 tem-

216 5414 320 5475 pus
347 5417 507 5461 omne
535 5405 850 5477 signiﬁcans
870 5447 887 5476 ,
918 5407 1132 5478 quando
1161 5415 1347 5462 contra
1378 5407 1553 5462 varias
1589 5407 1797 5477 cupidi-

215 5513 387 5563 tatum
423 5506 744 5575 illecebras,
786 5505 905 5578 lege
934 5505 1234 5563 instruente
1260 5506 1586 5577 conﬂigitur,
1618 5512 1677 5562 ut
1700 5517 1797 5577 per

217 5598 315 5657 Dei
356 5601 584 5673 gratiam
632 5600 868 5656 subactis
916 5598 1224 5655 carnalibus
1265 5598 1501 5669 quinque
1552 5596 1798 5654 sensibus

217 5694 309 5765 qui
356 5698 576 5764 propter
617 5704 834 5748 sensum
883 5692 1154 5763 geminum
1196 5690 1447 5761 duplicati
1491 5689 1678 5746 decem
1723 5688 1798 5744 ia-

220 5787 402 5857 ciunt,
445 5785 666 5841 victoria
706 5784 965 5855 capiatur.
1007 5783 1135 5841 Esto
1176 5784 1345 5855 ﬁdelis
1374 5799 1533 5853 usque
1558 5783 1629 5837 ad
1660 5797 1797 5836 mor-

218 5883 351 5952 tem,
380 5884 428 5939 et
452 5877 583 5937 dabo
611 5877 701 5937 tibi
728 5892 970 5937 coronam
993 5878 1130 5936 vita.
1159 5876 1259 5947 Qui
1291 5884 1595 5949 perseverat
1624 5888 1791 5947 usque

1892 5021 2208 5094 praecessit,
2251 5018 2395 5091 quod
2439 5019 2563 5089 quia
2601 5017 3090 5083 manducavernnt,
3132 5012 3252 5068 ideo
3282 5010 3477 5067 mortui

1897 5128 1931 5171 a
1960 5115 2193 5171 Domino
2220 5111 2592 5183 perhibentur,
2622 5109 2747 5183 quia
2786 5106 3046 5167 increduli
3081 5111 3475 5179 permanentes.

1898 5205 1978 5265 De
2014 5205 2120 5263 hoc
2155 5203 2472 5262 abscondito
2508 5213 2566 5261 et
2602 5202 2829 5274 spiritali
2864 5199 3204 5269 singulariter
3238 5210 3434 5254 manus
3456 5235 3472 5263 ,

1898 5300 2041 5373 quod
2068 5298 2525 5357 immortalitatem
2556 5298 2800 5356 ﬁdelibus
2835 5295 3137 5367 pollicetur,
3179 5307 3288 5350 non
3327 5306 3478 5349 man-

1897 5390 2264 5460 ducaverunt,
2295 5404 2416 5448 cum
2444 5389 2576 5446 dicit
2618 5387 2812 5461 (Ibid)
2837 5402 2852 5443 :
2881 5385 2993 5442 Nisi
3029 5384 3479 5443 manducavcritis

1897 5498 2117 5541 carnem
2157 5481 2281 5538 Filii
2324 5481 2557 5538 hominis
2600 5488 2654 5537 et
2696 5478 2941 5536 biberitis
2979 5477 3097 5548 ejus
3125 5475 3474 5547 sanguinem,

1897 5591 2007 5633 non
2029 5574 2292 5633 habebitis
2311 5577 2475 5631 vitam
2496 5582 2752 5630 :eternam
2778 5572 2831 5628 in
2852 5566 3025 5627 vobis.
3047 5569 3181 5625 Nam
3201 5568 3292 5640 qui
3315 5568 3477 5624 etiam

1897 5652 1989 5724 illo
2039 5674 2166 5724 tunc
2208 5666 2329 5725 cibo
2372 5673 2668 5739 potuerunt
2709 5661 3024 5735 spiritaliter
3060 5659 3245 5733 pasci,
3288 5659 3477 5718 eadem

1898 5778 2210 5828 meruerunt
2231 5769 2631 5827 immortalitate
2657 5767 2845 5839 potiri,
2876 5773 2934 5822 ut
2958 5764 3163 5836 Moyses
3186 5769 3244 5821 et
3267 5760 3474 5820 ceteri.

1897 5872 2163 5939 Eumdem
2201 5873 2346 5933 enim
2374 5872 2548 5931 cibum
2583 5870 2916 5944 spiritalem,
2956 5868 3182 5927 docente
3220 5863 3477 5937 Apostolo
