3968 6354
486 337 591 397 807

1620 327 1917 391 PRIHASIZ
1967 322 2416 386 ADRUIIETANI
2460 320 2669 381 EPISC.

3712 315 3875 375 808

483 453 511 524 (
534 450 563 507 Ι
579 448 702 508 Cor.
732 460 770 505 ι
790 448 813 520 )
833 488 851 517 ,
899 443 1354 504 manduca'verunt
1376 488 1391 515 ,
1442 444 1569 515 quia
1617 460 1725 502 non
1771 446 1851 502 eis
1897 442 2069 500 obluit
2090 440 2151 507 Δ
2168 438 2431 496 subinlert
2452 437 2593 508 quod
2612 436 2829 495 Jezabel
2849 435 3102 495 fornicari
3123 438 3405 510 permittat
3424 443 3485 494 et
3502 450 3543 493 a
3566 446 3857 494 sancto-

482 556 685 602 manna
722 538 936 597 visibile
972 536 1286 610 spiritaliter
1322 536 1591 593 utentibus
1627 536 1751 593 cibo
1790 548 2073 605 corporeo.

486 634 644 693 Sicut
690 648 792 690 nec
842 630 1151 688 horninibus
1198 629 1480 700 praesentis
1535 626 1792 698 temporis
1838 624 2079 698 proderit

486 725 746 796 Spiritalis
783 724 1025 795 corporis
1062 720 1321 778 dominici
1360 730 1591 788 manna,
1612 708 1667 775 si
1696 718 1827 775 illud
1862 718 2082 791 indigne

488 817 831 888 suscipiant,
879 815 1004 886 quia
1053 812 1317 884 judicium
1368 811 1469 869 sibi
1522 810 1845 867 manducant
1891 818 1947 867 et
1991 809 2080 866 bi-

492 910 652 966 bunt.
699 908 768 963 Et
808 907 938 962 dabo
981 906 1029 962 ei
1071 902 1330 960 calculum
1367 903 1677 971 candidum,
1721 902 1775 959 id
1814 912 1895 958 est
1946 900 2079 956 ado-

495 1006 733 1074 ptionem
776 1002 832 1057 in
879 1000 1075 1057 Filium
1125 998 1223 1056 Dei
1266 995 1335 1067 (1
1357 996 1479 1052 Cor.
1505 993 1617 1065 ιι).
1661 994 1794 1051 Nam
1846 995 2084 1050 calculus

495 1111 709 1168 gemma
738 1096 975 1167 pretiosa
997 1102 1111 1163 est,
1140 1106 1260 1164 quae
1285 1094 1353 1151 ad
1379 1103 1582 1149 morem
1608 1090 1753 1149 illius
1780 1089 2084 1162 margarita:

494 1204 662 1260 quam
696 1190 996 1260 negotiator
1020 1186 1301 1244 inveniens
1320 1228 1337 1256 ,
1366 1185 1597 1244 venditis
1624 1183 1876 1242 omnibus
1895 1224 1913 1251 ,
1937 1198 2088 1240 com-

496 1288 745 1357 paravit,
778 1285 1123 1355 intelligenda
1158 1285 1477 1355 proponitur
1508 1282 1739 1355 (Matth.
1772 1296 1870 1337 xm
1891 1279 1933 1350 ).
1966 1278 2089 1336 Alia

498 1379 735 1449 denique
765 1378 1047 1435 translatio
1074 1378 1363 1446 margarita
1392 1376 1593 1447 posuit.
1622 1374 1694 1431 Et
1721 1388 1885 1444 super
1910 1372 2091 1429 calcu-

500 1464 825 1529 lum'nomen
846 1487 1068 1540 novum,
1090 1469 1235 1542 quod
1259 1484 1322 1526 os
1343 1468 1557 1525 Domini
1581 1465 1899 1525 nominavit.
1920 1465 2093 1524 Aliter

501 1580 671 1637 super
698 1564 1022 1635 baptismum
1052 1572 1215 1634 atque
1243 1560 1561 1635 martyrium
1580 1601 1599 1630 ,
1630 1560 1769 1630 quod
1809 1576 1978 1628 nemo,
2009 1559 2095 1615 in-

507 1658 663 1727 quit,
694 1657 845 1713 novit
882 1657 983 1711 nisi
1020 1656 1112 1727 qui
1151 1654 1377 1726 accepit.
1424 1653 1729 1726 Hypocritaa
1755 1652 1899 1710 enim
1923 1693 1940 1723 ,
1971 1652 2096 1709 licet

506 1748 713 1803 habere
737 1748 1075 1817 superﬁciem
1108 1757 1333 1803 eatenus
1360 1744 1671 1814 videantur,
1704 1745 1873 1817 ipsius
1914 1753 2096 1800 tamen

2176 547 2300 589 rum
2325 531 2527 602 specie,
2551 531 2747 602 quibus
2770 538 3011 603 potestas
3035 530 3296 588 divinitus
3320 531 3557 589 sinendi
3589 531 3699 588 vel
3732 547 3861 586 co—

2179 625 2401 683 hibendi
2429 626 2703 694 tribuitur,
2735 624 2804 681 ad
2832 634 2998 682 totam
3027 634 3311 697 propterea
3341 627 3559 684 transit
3608 626 3847 682 Eccl-c-

2179 720 2319 778 siam
2336 760 2354 787 ,
2397 719 2517 778 ideo
2545 722 2892 792 praepositum
2916 721 3249 777 constituens
3278 736 3466 789 reum,
3501 734 3629 776 non
3659 719 3847 789 quod

2182 813 2302 884 ipse
2339 811 2530 870 fecerit
2554 854 2572 882 ,
2602 813 2699 870 sed
2726 813 2869 885 quod
2910 813 3029 870 ﬁeri
3066 814 3414 884 permiserit,
3461 822 3526 871 et
3569 813 3845 884 permit-

2186 905 2349 963 tendo
2381 907 2902 978 transgressionibus
2930 908 3201 980 particeps
3230 909 3341 977 ﬁat,
3365 916 3699 980 propterea
3738 924 3841 965 se-

2185 1000 2366 1069 quitur
2390 1000 2614 1056 dicens:
2642 1000 2779 1055 Dedi
2804 1000 2852 1055 ei
2878 1009 3079 1073 tempus
3102 1011 3161 1056 ut
3187 1002 3562 1072 panitentiam
3590 1013 3829 1072 ageret,

2188 1099 2235 1147 et
2262 1084 2507 1162 prinitere
2530 1091 2703 1149 noluit
2730 1108 2765 1146 a
2795 1094 3138 1164 fornicatione
3163 1110 3277 1149 sua.
3305 1092 3434 1150 Non
3462 1092 3621 1150 dixit
3638 1133 3659 1159 ,
3690 1093 3827 1151 τιθῶ

2188 1185 2344 1241 vobis
2372 1192 2469 1240 aut
2500 1183 2631 1252 tibi,
2662 1191 2755 1240 aut
2782 1185 3020 1257 nunquid
3044 1186 3136 1257 qui
3163 1187 3463 1245 fornicarie
3485 1194 3827 1257 consum,

2190 1276 2516 1334 fornicarius
2545 1277 2663 1349 ipse
2689 1291 2796 1333 non
2822 1278 2927 1335 erit
2947 1279 2971 1333 τ
2995 1278 3104 1336 Sed
3131 1280 3255 1349 quia
3282 1280 3356 1336 ab
3384 1280 3599 1351 specie
3629 1289 3819 1337 trans—

2193 1368 2236 1425 it
2258 1368 2331 1425 ad
2363 1384 2569 1440 genus,
2600 1369 2803 1427 idcirco
2833 1368 2903 1426 ab
2935 1369 3040 1427 hoc
3083 1372 3311 1429 crimine
3336 1372 3425 1429 sic
3455 1383 3701 1431 sanctos
3729 1374 3823 1432 de.

2195 1470 2459 1519 monstrat
2486 1461 2693 1519 alienos
2712 1506 2729 1532 ,
2760 1470 2823 1517 ut
2854 1476 2949 1533 per
2975 1462 3241 1520 malon
3269 1465 3809 1536 exprobrationm,

2196 1554 2559 1612 membrorum
2581 1569 2797 1627 semper
2818 1554 2948 1613 velit
2972 1571 3192 1614 manere
3212 1558 3508 1626 sollicitus,
3528 1560 3666 1616 licet
3690 1563 3812 1631 quid

2196 1663 2385 1706 eorum
2424 1655 2546 1719 agat
2585 1647 2798 1718 dextra,
2826 1650 3103 1706 nesciente
3144 1650 3399 1721 sinistra,
3456 1653 3617 1724 quod

2199 1740 2606 1813 cognoscimus,
2636 1740 2739 1796 sia
2768 1741 3074 1811 pastoribus
3099 1756 3322 1812 greges,
3353 1752 3409 1801 et
3442 1743 3727 1801 inferiora
3752 1749 3811 1803 ab

509 1837 760 1893 virtutem
787 1836 1152 1909 intelligentiae
1178 1836 1315 1910 (lsa.
1332 1835 1491 1908 un),
1527 1843 1803 1907 nequeunt
1845 1844 2099 1906 penetra-
2126 1829 2177 1893 B
2204 1832 2653 1891 eminentioribus
2678 1834 2918 1890 membra
2946 1834 3257 1905 spiritaliter
3282 1836 3706 1906 diseernamus,
3733 1841 3807 1897 vel

508 1944 596 1985 re.
628 1928 921 1994 Habentes,
956 1927 1159 1999 inquit,
1188 1927 1417 1985 formam
1446 1925 1688 1999 pietatis,
1717 1927 1976 1983 virtutem
2006 1940 2102 1982 au-

510 2031 621 2076 tem
646 2019 765 2091 ejus
790 2019 1139 2089 abnegantes.
1167 2020 1303 2075 Hinc
1328 2020 1473 2076 idem
1495 2019 1732 2076 Joannes
1754 2016 1811 2090 (1
1826 2018 1984 2074 Joan.
2006 2017 2099 2090 u):

510 2111 617 2178 Qui
657 2109 784 2167 dicit
822 2110 1076 2181 quoniam
1111 2111 1362 2182 cognovit
1398 2126 1522 2169 eum
1544 2152 1561 2181 ,
1603 2120 1661 2168 et
1700 2111 1952 2168 mandata
1984 2111 2105 2182 ejus

507 2219 623 2261 non
664 2216 880 2273 servat,
911 2206 1143 2262 mendax
1174 2214 1288 2274 est,
1317 2214 1373 2262 et
1396 2206 1451 2261 in
1484 2206 1601 2275 ipso
1627 2204 1825 2262 veritas
1863 2219 1972 2261 non
1999 2212 2102 2261 est.

512 2294 586 2351 Et
614 2299 795 2368 angelo
824 2296 1072 2354 Ecclesia:
1095 2300 1187 2370 qui
1214 2307 1296 2355 est
1315 2298 1579 2369 Thyatira:
1601 2299 1763 2354 scribe
1784 2314 1804 2354 :
1832 2297 1960 2354 Haec
1981 2298 2107 2354 dicit

515 2392 617 2449 Dei
641 2393 837 2459 Filius,
863 2395 951 2465 qui
979 2396 1128 2450 habet
1158 2396 1332 2451 oculos
1364 2404 1423 2451 ut
1451 2394 1665 2451 ﬂamma
1694 2395 1853 2465 ignis,
1884 2406 1931 2450 et
1956 2394 2108 2467 pedes

513 2488 634 2556 ejus
653 2486 844 2540 similes
870 2489 1188 2555 aurichalco,
1211 2487 1335 2544 Scio
1362 2505 1517 2559 Opera
1535 2498 1643 2559 tua,
1660 2497 1707 2543 ct
1725 2490 2045 2558 charitatent,
2060 2498 2110 2545 et

519 2577 699 2648 ﬁdem,
723 2588 772 2633 et
790 2579 1146 2647 ministerium,
1166 2588 1215 2634 et
1244 2582 1563 2651 patientiam,
1582 2591 1629 2637 et
1656 2582 1930 2638 novissima
1954 2597 2111 2654 Opera

518 2677 613 2725 tua
653 2668 806 2740 plura
849 2686 1007 2740 quam
1047 2672 1249 2741 priora.
1297 2673 1396 2729 llic
1434 2673 1644 2744 plenius
1681 2672 2007 2744 declaratur,
2053 2675 2110 2731 in

521 2779 634 2820 uno
685 2765 945 2822 Ecclesiae
997 2780 1226 2838 corpore
1274 2777 1330 2823 et
1375 2767 1641 2824 bonorum
1691 2778 1900 2839 partem
1952 2767 2113 2825 laude

520 2858 789 2924 mulceri,
842 2864 899 2914 et
952 2858 1220 2914 malorum
1270 2857 1727 2930 increpationibus
1771 2860 2111 2930 exprobrari.

524 2948 628 3006 Ubi
666 2963 833 3019 opera
872 2950 1034 3006 simul
1086 2950 1438 3020 cbaritatem,
1493 2951 1691 3019 ﬁdem,
1743 2952 2113 3010 ministerium

524 3048 582 3097 et
619 3041 967 3111 patientiam,
997 3051 1051 3098 et
1089 3041 1357 3099 laudando
1407 3043 1699 3114 approbat,
1730 3054 1785 3100 et
1825 3054 2114 3115 augmento

521 3132 748 3202 insuper
785 3133 1078 3190 novissima
1117 3133 1249 3190 dicit
1287 3135 1614 3206 ampliﬁcata
1654 3136 1951 3206 prioribus.
2008 3136 2114 3193 Sed

2202 1930 2316 1988 suis
2335 1929 2543 2000 singula
2569 1929 2899 2000 temporibus
2920 1938 3255 2001 coaptemus.
3279 1930 3614 1989 Fornicatio
3634 1944 3808 1989 autem

2204 2020 2471 2079 Jezabclis
2497 2020 2771 2092 generalis
2791 2062 2807 2089 ,
2836 2030 2891 2077 et
2919 2022 3201 2093 corporale
3226 2032 3280 2079 et
3309 2022 3574 2092 spiritale
3607 2024 3805 2080 adulte-

2206 2114 2348 2171 rium
2378 2113 2762 2184 praesignavit,
2794 2113 3007 2184 quando
3042 2114 3141 2171 sub
3178 2114 3388 2171 Christi
3428 2116 3665 2173 nomine
3708 2119 3806 2173 {or-

2207 2208 2534 2266 nicationem
2563 2217 2618 2264 et
2648 2206 3004 2263 idololatriam
3033 2206 3269 2266 dicebat.
3294 2208 3600 2267 Perdidisti
3629 2212 3801 2275 enim,

2209 2304 2419 2375 inquit,
2449 2316 2638 2360 omnes
2667 2302 2759 2372 qui
2789 2303 3125 2359 fornicamur
3152 2304 3250 2360 abs
3283 2314 3361 2360 te.
3398 2304 3540 2361 Ecce
3569 2309 3719 2364 parte
3746 2310 3805 2363 i1—

2209 2396 2319 2453 lam
2346 2394 2401 2447 in
2428 2393 2647 2461 lectum,
2678 2402 2725 2449 et
2763 2406 2857 2449 eos
2895 2394 3127 2463 quicum
3165 2410 3225 2448 ea
3260 2394 3529 2451 mmcliati
3568 2407 3714 2467 sunt,
3744 2399 3801 2450 in

2210 2489 2497 2546 maximam
2534 2486 2932 2543 tribulationem
2952 2526 2968 2553 ,
3000 2488 3098 2543 nisi
3128 2488 3488 2559 paenitentiam
3528 2493 3710 2562 egerint
3734 2492 3794 2545 ab

2213 2580 2447 2652 operibus
2477 2581 2602 2636 suis.
2635 2579 2832 2635 Lectus
2859 2579 2948 2635 bie
2976 2578 3133 2635 datur
3156 2579 3385 2650 intelligi
3413 2583 3690 2638 securitas
3717 2581 3806 2637 de-

2210 2672 2565 2743 linquentium
2586 2714 2601 2741 ,
2634 2686 2795 2742 quam
2821 2670 2927 2726 sibi
2966 2684 3062 2740 per
3098 2672 3462 2739 impuritatem
3509 2674 3806 2730 criminum

2212 2780 2358 2835 smpe
2400 2762 2654 2834 ﬁagitiosi
2694 2762 3046 2833 promittunt,
3095 2777 3214 2819 cum
3258 2773 3544 2835 peccantes
3591 2766 3815 2837 experti

2218 2872 2329 2914 non
2359 2855 2561 2912 fuerint
2590 2854 2874 2927 prtesentis
2905 2855 2999 2910 ira:
3024 2855 3331 2922 vindictam,
3371 2872 3433 2911 ex
3461 2858 3814 2927 pmm'tentia

2214 2957 2441 3007 eatenus
2491 2946 2803 3020 negligunt,
2850 2946 3025 3003 donec
3064 2948 3144 3004 eis
3178 2948 3473 3017 repentinus
3516 2962 3813 3020 superve-

2216 3043 2333 3100 niat
2360 3041 2612 3099 interitus
2634 3084 2650 3110 ,
2681 3041 2820 3096 sicut
2850 3039 3008 3096 dolor
3035 3040 3369 3110 parturientis
3387 3082 3405 3108 ,
3428 3048 3487 3095 et
3510 3056 3633 3097 non
3664 3041 3805 3098 ellu-

2217 3136 2385 3206 gient.
2432 3135 2476 3190 A
2520 3133 2633 3189 Deo
2679 3140 2859 3188 autem
2906 3131 2963 3189 in
3011 3132 3115 3190 hoc
3157 3132 3453 3190 securitatis
3494 3134 3804 3204 neglectum

524 3225 686 3280 habeo
725 3226 971 3304 aduersus
1004 3236 1055 3281 te
1090 3226 1303 3299 multa}
1343 3227 1485 3299 quod
1527 3228 1663 3283 sinis
1702 3243 1927 3285 uxorem
1967 3238 2113 3285 tuam
2139 3220 2187 3284 C
2217 3226 2334 3283 dari
2365 3226 2583 3291 dicitur,
2613 3239 2736 3281 cum
2764 3224 2952 3282 latenti
2981 3225 3229 3296 quidem,
3261 3240 3371 3282 non
3397 3235 3585 3282 tamen
3612 3227 3799 3298 injuste

524 3315 732 3372 Iezabel
771 3314 903 3388 (III
922 3317 1066 3390 (Reg.
1102 3319 1241 3389 xvr)
1285 3335 1398 3390 qua:
1435 3336 1488 3374 se
1526 3320 1651 3375 dicit
1692 3321 2027 3392 prophetam,
2059 3328 2116 3377 et

523 3410 661 3468 sinis
690 3426 808 3467 eam
838 3411 1019 3467 docere
1049 3420 1095 3466 ct
1124 3413 1363 3467 seducere
1390 3428 1559 3467 servos
1590 3428 1761 3483 meos,
1793 3414 2039 3483 fornicari
2068 3421 2115 3469 et

525 3503 842 3558 manducare
882 3505 944 3558 de
982 3503 1280 3559 sacriﬁciis.
1312 3503 1546 3574 Angelus
1569 3544 1585 3571 ,
1614 3504 1670 3560 id
1707 3513 1790 3560 est
1832 3505 2073 3562 Ecclesia
2095 3546 2115 3576 ,

528 3608 724 3651 nomen
764 3604 848 3648 est
886 3594 1135 3663 generale
1166 3611 1181 3660 ;
1240 3596 1334 3649 sed
1373 3596 1639 3650 dictorum
1678 3596 1911 3666 qualitas
1963 3612 2117 3653 mon-

528 3694 694 3751 strat,
726 3684 812 3739 cui
841 3698 1021 3739 sermo
1050 3686 1337 3740 conveniat
1362 3706 1378 3742 :
1409 3701 1527 3755 quae
1556 3701 1711 3757 pars,
1740 3702 1860 3757 quae
1887 3689 2115 3759 species,

529 3776 678 3846 quod
709 3776 953 3832 ofﬁcium
991 3776 1183 3846 angelo
1211 3780 1529 3847 conveniat,
1573 3789 1628 3834 et
1668 3779 2118 3850 quemadmodum

530 3880 564 3921 a
598 3875 750 3936 parte
781 3867 939 3922 unius
968 3868 1213 3937 corporis
1236 3912 1251 3938 ,
1284 3884 1313 3923 a
1343 3876 1499 3940 parte
1527 3869 1611 3925 vel
1639 3884 1670 3925 a
1699 3870 1867 3942 ﬁgura
1898 3872 1966 3927 ad
1995 3887 2120 3944 pro-

531 3958 819 4028 prietatem
851 3968 1210 4031 transeat,_et
1248 3976 1279 4014 a
1321 3961 1651 4031 proprietate
1677 3963 1743 4018 ad
1772 3963 1994 4034 ﬁguram
2027 3979 2119 4023 re-

533 4050 681 4107 deat.
717 4050 880 4107 Facta
910 4060 1037 4107 sunt
1066 4052 1166 4106 ista
1184 4092 1200 4120 ,
1230 4061 1284 4108 et
1308 4052 1612 4123 specialiter
1641 4053 1808 4111 fuisse
1837 4054 2121 4127 conjicitur

534 4142 729 4198 mulier
770 4144 825 4198 in
866 4142 1175 4213 supradicta
1216 4143 1455 4199 Ecclesia
1476 4184 1492 4210 ,
1524 4159 1592 4199 ex
1619 4144 1771 4215 cujus
1797 4146 1970 4203 forma
1997 4162 2121 4218 spe-

534 4234 658 4291 ciali
687 4234 754 4290 ad
784 4235 1093 4304 generalem
1122 4234 1289 4290 totius
1319 4234 1468 4291 orbis
1506 4235 1720 4292 lezabel
1758 4246 1940 4294 sermo
1979 4253 2123 4296 nunc

535 4330 761 4400 ﬁgurate
794 4328 1134 4386 transfertur.
1168 4328 1405 4399 Angelus
1436 4328 1616 4399 itaque
1641 4330 1695 4385 id
1724 4340 1809 4387 est
1838 4331 2081 4389 Ecclesia
2102 4373 2120 4403 ,

537 4422 793 4491 quoniam
818 4410 1004 4477 adhuc
1030 4436 1098 4477 ex
1126 4421 1281 4476 bonis
1311 4428 1521 4476 constat
1550 4429 1605 4477 et
1632 4422 1878 4492 reprobis
1897 4464 1912 4493 ,
1942 4424 2124 4495 bipar-

537 4512 638 4568 tito
660 4514 747 4567 bic
767 4513 927 4568 modo
949 4514 1293 4583 cognoscitur
1324 4531 1335 4564 :
1370 4528 1559 4568 verum
1586 4512 1709 4583 quia
1726 4522 1783 4569 et
1803 4515 2120 4585 praepositos

2214 3319 2420 3391 judicio
2449 3319 2794 3376 deseruntur.
2824 3318 2902 3374 De
2938 3318 3041 3374 bac
3080 3319 3375 3376 securitate
3410 3319 3547 3375 alibi
3588 3320 3795 3390 legimus

2217 3412 2424 3486 (Prov.
2452 3411 2513 3482 ι)
2544 3428 2560 3467 :
2601 3412 2831 3468 Aversio
2870 3410 3216 3482 parvulorum
3254 3410 3551 3467 interﬁciet
3590 3425 3714 3477 eos,
3747 3422 3786 3468 et

2218 3509 2553 3580 prosperitas
2599 3508 2886 3565 stultorum
2934 3508 3121 3580 perdet
3165 3508 3311 3564 illos.
3356 3508 3486 3563 Alia
3538 3507 3788 3564 transuat

2220 3601 2423 3657 luctum
2464 3616 2562 3671 pro
2602 3600 2744 3657 lecto
2793 3601 3013 3672 posuit,
3066 3614 3174 3672 quo
3222 3609 3494 3656 aeternam
3545 3600 3785 3656 miseriam

2220 3693 2555 3765 designavit,
2607 3693 2711 3750 nisi
2760 3694 3127 3765 paenitentiam
3179 3693 3391 3763 egerint
3440 3694 3517 3752 ab
3570 3692 3787 3764 operibus

2220 3788 2353 3843 suis.
2386 3786 2456 3841 Et
2480 3786 2618 3856 ﬁlios
2655 3788 2769 3859 ejus
2805 3786 3111 3855 interﬁciant
3146 3786 3202 3840 in
3238 3796 3483 3844 mortem.
3533 3786 3690 3841 Filios
3717 3785 3788 3840 hic

2219 3887 2544 3942 potestatem
2585 3888 2640 3936 et
2676 3895 2842 3952 opera
2871 3879 3114 3935 mulieris
3143 3880 3366 3950 ﬁgurari
3400 3881 3786 3951 cognoscimus,

2222 3982 2455 4031 mortem
2507 3982 2688 4031 autem
2736 3989 2846 4030 non
2894 3983 3327 4029 momentaneam
3379 3975 3673 4045 corporis,
3714 3970 3785 4030 sed

2224 4066 2419 4123 anima:
2468 4067 2701 4121 minatur
2754 4073 3033 4123 aeternam.
3090 4066 3408 4123 Memoratis
3466 4068 3789 4130 excessibus,

2226 4174 2328 4217 nec
2356 4159 2676 4230 poenitentia
2707 4158 2816 4215 ulla
2844 4158 3104 4215 correctis
3123 4200 3140 4227 ,
3171 4174 3278 4215 non
3312 4161 3666 4229 temporalem
3700 4158 3791 4212 dis-

2226 4250 2523 4322 ciplinam,
2572 4249 2669 4306 sed
2717 4257 2974 4306 aeternam
3022 4264 3234 4320 poenam
3281 4249 3475 4306 deberi
3527 4248 3787 4322 apostolica

2226 4360 2371 4416 saepe
2416 4352 2645 4401 testatur
2690 4343 3002 4400 auctoritas.
3058 4344 3241 4414 Neque
3288 4344 3436 4399 enim
3484 4346 3567 4402 de
3616 4346 3792 4402 illorum

2227 4451 2454 4493 numero
2481 4445 2607 4491 sunt
2634 4435 2702 4491 de
2729 4436 2921 4506 quibus
2950 4435 3177 4491 dicitur:
3212 4435 3473 4506 Flagellat
3507 4454 3718 4494 omnem
3748 4434 3792 4488 ﬁ-

2228 4528 2359 4586 lium
2398 4545 2556 4601 quem
2584 4529 2776 4600 recipit
2815 4529 3016 4601 (Hebr.
3046 4528 3193 4602 xu),
3233 4531 3330 4587 sed
3368 4531 3439 4587 de
3477 4533 3602 4590 illis
3640 4531 3793 4604 quibus

540 4602 705 4658 habet
734 4612 789 4658 et
815 4604 1064 4673 populos,
1089 4604 1288 4660 idcirco
1317 4605 1371 4659 in
1393 4606 1585 4675 angelo
1614 4608 2029 4676 praedicatorum
2052 4608 2125 4665 si-
2148 4608 2203 4673 D
2227 4621 2426 4677 dicitur
2459 4640 2471 4675 ε
2520 4621 2721 4691 Israel;
2773 4620 2885 4692 jam
2924 4636 3034 4677 non
3071 4622 3276 4679 irascar
3326 4623 3469 4679 ubi;
3526 4635 3625 4693 ει,
3658 4602 3794 4679 ictus

538 4695 823 4768 guiﬁcatur
851 4694 1111 4763 ofﬁcium,
1131 4697 1399 4766 quomodo
1421 4698 1466 4753 si
1495 4713 1617 4753 eum
1641 4698 1914 4755 hominem
1936 4699 2127 4758 referi-

538 4804 659 4846 mus
675 4789 1077 4859 aliquidpperis
1107 4786 1587 4859 peregrinasse[F.
1608 4788 1924 4863 peregisse],
1954 4794 2126 4851 nostri

542 4882 718 4940 relatu
746 4882 1013 4938 sermonis
1041 4881 1377 4950 singulorum
1415 4890 1745 4937 monstratur
1769 4883 1998 4954 qualitas
2029 4885 2125 4942 de-

539 4977 781 5035 nuntiata
819 4978 1217 5042 membrorum,
1246 4985 1302 5029 ut
1337 4976 1388 5031 si
1416 4974 1565 5032 verbi
1602 4977 1773 5047 gratia
1799 4977 1997 5036 vidisse
2034 4989 2127 5043 aut

540 5071 705 5126 verba
734 5084 856 5127 eum
886 5069 1081 5125 iecisse
1106 5066 1346 5123 dicamus
1369 5108 1384 5133 ,
1415 5068 1546 5124 illud
1575 5069 1642 5124 ad
1668 5068 1853 5128 oculos
1873 5112 1890 5139 ,
1924 5072 2028 5129 hoc
2054 5073 2122 5130 ad

540 5158 780 5231 linguam
806 5158 925 5214 sine
945 5157 1107 5214 dubio
1130 5157 1433 5228 redigamus
1448 5196 1463 5224 ,
1488 5159 1630 5229 quod
1651 5158 1774 5217 huic
1797 5162 1973 5232 angeli
1994 5178 2125 5235 pro:

540 5254 698 5311 batur
722 5255 1012 5311 convenire
1040 5268 1285 5324 persona:
1304 5298 1319 5324 ,
1353 5252 1617 5324 siquidem
1647 5258 1871 5326 angelus
1902 5260 2124 5317 nuntius

540 5364 667 5406 esse
694 5350 1059 5420 cognoscitur,
1089 5348 1176 5405 cui
1215 5354 1276 5403 ut
1315 5357 1439 5417 pote
1467 5348 1827 5422 speculatori,
1858 5360 1915 5408 et
1941 5352 2127 5411 videre

541 5442 791 5500 convenit
821 5441 1169 5519 corrigenda,
1203 5448 1259 5498 et
1286 5442 1534 5498 nuntiare
1564 5442 1825 5499 servanda
1851 5482 1867 5510 ,
1908 5444 1988 5500 sic
2029 5460 2129 5516 per

542 5545 740 5594 cmtera
770 5553 932 5609 opera
964 5539 1239 5593 nominata
1266 5538 1632 5593 membrorum
1660 5536 2024 5607 signiﬁcantur
2048 5539 2131 5595 ol-
2226 5546 2229 5551 '

543 5629 687 5686 ﬁcia.
710 5632 847 5687 Cum
873 5647 1002 5703 ergo
1030 5647 1195 5703 opera
1220 5646 1363 5686 nunc
1389 5630 1574 5687 laudat
1599 5629 1805 5701 majora
1835 5630 2130 5699 prioribus,

544 5725 786 5781 omnium
816 5728 1139 5793 generaliter
1165 5740 1452 5796 personam
1483 5724 1724 5792 inducit,
1752 5734 1809 5781 et
1836 5726 1959 5797 quia
1990 5727 2130 5784 inter

544 5817 753 5897 positos
782 5832 1021 5888 quosque
1063 5829 1191 5877 sunt
1229 5819 1391 5875 etiam
1432 5819 1801 5891 negligentes,
1843 5827 2129 5894 propterea

2228 4728 2382 4771 meus
2412 4712 2635 4769 recessit
2661 4728 2692 4769 a
2722 4720 2776 4769 te
2803 4711 3033 4785 (Ezech.
3058 4730 3149 4770 xvr
3168 4714 3212 4787 ).
3238 4715 3358 4773 Non
3384 4717 3543 4787 quod
3579 4718 3796 4791 propitia-

2227 4804 2433 4861 tionem
2458 4802 2675 4860 fuerant
2711 4804 3021 4875 consecuti,
3062 4806 3159 4862 sed
3198 4808 3323 4878 quia
3362 4808 3589 4880 indigni
3624 4810 3796 4882 judica-

2226 4897 2427 4955 buntur
2466 4897 2832 4967 temporaliter
2868 4897 3145 4969 ﬂagellari.
3186 4898 3258 4955 Et
3294 4902 3457 4957 scient
3493 4919 3683 4960 omnes
3714 4900 3796 4957 Ec-

2227 4988 2396 5043 clesia:
2421 4989 2544 5059 quia
2570 5006 2662 5061 ego
2691 5005 2803 5045 sum
2833 4998 3099 5046 scrutator
3126 4992 3272 5049 renis
3302 5002 3357 5048 et
3383 4996 3583 5052 cordis
3615 4995 3796 5067 (terea.

2232 5081 2398 5151 xvn).
2438 5078 2686 5150 Nunquid
2728 5080 3037 5151 priusquam
3067 5081 3257 5152 prodat
3284 5083 3573 5145 adulteros
3604 5099 3657 5146 ct
3684 5087 3799 5144 oeci:

2232 5174 2357 5241 dat,
2391 5175 2639 5230 nesciunt
2668 5174 2925 5231 Ecclesiae
2964 5174 3135 5232 Deum
3171 5187 3535 5237 scrutatorem
3582 5198 3698 5241 esse
3729 5196 3798 5238 re-

2232 5285 2361 5329 num
2391 5278 2445 5327 et
2469 5269 2680 5326 cordis?
2709 5279 2801 5326 aut
2846 5272 3117 5342 quomodo
3158 5282 3335 5343 potest
3372 5275 3645 5337 Ecclesia
3681 5276 3799 5345 dici,

2234 5363 2361 5437 quia
2397 5364 2598 5420 scitura
2626 5378 2745 5420 sum
2775 5372 2830 5421 et
2855 5380 2962 5422 non
3003 5366 3156 5422 initio
3197 5366 3320 5424 ﬁdei
3362 5383 3475 5427 sua:
3514 5373 3689 5431 Deum
3724 5386 3800 5427 oc-

2236 5458 2502 5515 cultorum
2544 5456 2727 5513 scierit
2764 5459 3119 5529 cognitorem.
3158 5460 3277 5517 Non
3316 5477 3445 5535 ergo
3487 5466 3799 5538 experienti:

2232 5565 2414 5607 rerum
2433 5590 2450 5617 ,
2483 5548 2580 5605 sed
2610 5559 2757 5605 certa
2789 5549 2893 5606 ﬁde
2922 5553 3216 5607 tenendum
3244 5563 3329 5609 est
3360 5570 3469 5613 non
3502 5559 3797 5630 perspicua,

2231 5642 2329 5698 sed
2360 5641 2568 5698 occulta
2599 5640 2901 5698 idololatria
2922 5684 2939 5711 ,
2972 5643 3066 5700 sed
3095 5644 3376 5706 adulteros
3399 5660 3582 5709 morte
3609 5650 3797 5723 punire.

2231 5731 2343 5789 Hos
2383 5733 2526 5790 enim
2565 5741 2771 5790 interna
2808 5734 2937 5790 dicit
2974 5735 3321 5797 damnatione
3360 5741 3695 5812 plectendos.
3737 5740 3795 5794 Et

2232 5826 2365 5887 dabo
2401 5828 2671 5903 unicuique
2708 5836 2929 5889 vestrum
2956 5832 3234 5891 secundum
3272 5850 3441 5919 opera
3466 5846 3663 5914 vestra.
3689 5832 3794 5897 Non
