3968 6354
135 359 246 419 809

979 416 988 426 ,
1077 412 1094 422 ,
1123 360 1574 444 COMMENTAB.
1621 359 1689 418 ΙΝ
1730 359 2116 448 APOCALYP.
2157 364 2285 424 LIB.
2318 365 2361 423 1.

3308 371 3415 429 810

128 470 254 552 jam.
291 451 489 556 (totum
556 488 653 546 pro
717 481 869 547 parte
905 475 1195 546 .increpat,
1250 476 1347 533 sed
1412 483 1580 532 totum
1629 491 1728 546 pro
1754 477 1803 536 A
1830 477 1906 531 sic
1946 481 2203 550 vestietur,
2237 481 2410 536 albam
2457 488 2684 539 vestem.
2729 482 2986 541 Sciebant
3030 484 3215 556 utique
3256 488 3418 555 pauci

131 572 276 632 toto,
305 555 440 638 cum
471 555 696 640 Singulis
741 571 953 639 propria
977 571 1296 641 .pollicetur.
1352 570 1727 641 Unusquisque

131 660 304 725 enim,
323 662 414 728 ait
439 643 732 730 Apostolus
763 663 960 736 (Galat.
995 665 1094 734 vt),
1120 681 1257 720 onus
1287 679 1440 720 Suum
1469 666 1723 734 portabit.

131 751 204 805 Et
233 767 524 808 conversus
545 755 609 806 all
639 762 844 823 partem
877 756 1068 809 bonam
1091 755 1332 826 ejusdem
1360 755 1536 826 angeli
1563 755 1720 810 dicit:

141 841 300 898 Vobis
323 856 494 898 autem
524 845 645 901 dico
672 848 862 918 reliqui
890 850 976 920 qui
999 851 1118 904 estis
1150 849 1191 903 Τ
1193 850 1424 921 hyatirte.
1452 851 1729 920 Quotquot

132 952 241 990 non
271 936 456 992 habent
495 938 784 993 doctrinam
808 942 959 1008 hanc,
987 944 1074 1013 qui
1099 960 1202 998 non
1227 945 1466 1000 scierunt
1486 945 1727 1000 altitudi-

133 1043 256 1080 nem
279 1028 510 1093 Satanas,
549 1035 976 1104 quemadmodum
1010 1035 1206 1089 dicunt.
1236 1037 1346 1091 Non
1377 1035 1724 1107 cognovistis,

134 1135 239 1190 pro
274 1136 343 1176 eo
374 1123 628 1192 ponitur,
660 1139 724 1180 ac
753 1127 798 1180 si
826 1125 1066 1194 diceret,
1110 1128 1258 1183 nullo
1287 1143 1557 1184 consensu
1602 1142 1729 1197 pro-

133 1213 329 1271 bastis.
373 1217 509 1272 Nam
544 1225 602 1272 et
633 1219 888 1276 Dominus
915 1222 1036 1276 illos
1073 1237 1132 1278 se
1161 1225 1368 1279 nescire
1393 1223 1530 1278 forte
1559 1231 1728 1278 testa-

137 1311 248 1371 tur,
281 1322 414 1376 quos
446 1309 498 1362 in
521 1323 670 1364 suam
701 1327 806 1366 non
831 1313 1034 1381 recepit
1057 1315 1414 1384 disciplinam.
1439 1315 1725 1385 Sequitur:

137 1393 268 1449 Non
301 1398 498 1451 mittam
525 1417 680 1468 super
702 1418 788 1455 vos
809 1403 955 1456 aliud
975 1404 1175 1472 pondus
1194 1449 1208 1473 ,
1238 1405 1332 1459 sed
1353 1405 1489 1473 quod
1510 1404 1722 1473 habetis,

137 1495 304 1558 tenete
335 1505 504 1560 usque
526 1492 652 1546 dum
677 1494 852 1548 venio.
884 1494 994 1548 Hoc
1018 1503 1122 1560 est,
1153 1496 1283 1566 legis
1313 1497 1549 1566 pondera
1580 1499 1730 1554 vobis

136 1593 246 1632 non
290 1595 523 1649 ponam,
553 1582 620 1654 de
651 1584 845 1653 quibus
889 1587 1179 1655 Apostolus
1224 1587 1358 1642 dicit
1388 1587 1588 1660 (Galat.
1631 1591 1728 1660 v):

134 1667 312 1737 State,
344 1679 400 1725 et
430 1672 598 1728 nolite
627 1673 820 1729 iterum
839 1675 969 1746 jugo
995 1679 1266 1734 servitutis
1291 1682 1580 1736 contineri.
1607 1681 1731 1738 Ideo

138 1769 324 1819 tenete
348 1764 518 1822 levem
543 1767 809 1822 sarcinam
834 1769 920 1823 vel
945 1770 1062 1826 leve
1085 1770 1267 1842 jugutn
1291 1756 1490 1828 Christi
1514 1774 1724 1847 (Matth.

1831 571 2002 624 sancti
2029 587 2149 626 esse
2173 573 2226 626 iu
2257 574 2435 646 medio
2460 575 2542 630 sui
2565 576 2960 646 inquinatorum
2987 569 3412 643 multitudinem;

1831 661 1932 731 ipsi
1966 671 2144 717 tamen
2169 665 2499 720 immaculati
2527 677 2904 737 permanentes
2928 709 2944 734 ,
2995 668 3418 738 ingemiscebant

1825 752 1981 822 juxta
2007 753 2254 809 Ezechiel
2279 754 2496 826 (Ezech.
2517 755 2622 828 in),
2645 766 2698 810 et
2721 759 3021 814 maerebant
3051 758 3118 812 ab
3141 758 3418 828 iniquitate

1829 856 1949 913 qua:
1979 842 2139 897 ﬁebat
2167 843 2222 898 in
2247 846 2424 900 medio
2443 860 2650 900 eorum.
2682 845 2750 899 Et
2773 863 2874 901 non
2896 847 3072 903 delebo
3098 865 3278 902 nomen
3305 851 3417 919 ejus

1831 934 1893 988 de
1919 935 2051 990 libro
2079 937 2230 1004 vitta,
2263 947 2311 991 et
2363 939 2642 1008 confitebor
2670 955 2853 994 nomen
2897 943 3213 1007 eius-coram
3254 941 3419 996 Patre

1830 1045 1940 1084 meo
1956 1039 2003 1083 et
2025 1047 2198 1084 coram
2223 1033 2417 1103 angelis
2443 1035 2574 1103 ejus.
2596 1033 2742 1088 Sicut
2759 1035 2810 1088 in
2829 1036 3115 1106 Evangelio
3135 1035 3216 1104 (Μ
3219 1043 3312 1090 att.
3332 1036 3414 1106 x):

1830 1123 2154 1188 Contltebor,
2188 1125 2393 1195 inquit',
2422 1135 2477 1180 et
2507 1143 2603 1196 ego
2628 1142 2748 1181 eum
2780 1144 2962 1183 coram
2993 1129 3154 1185 Patre
3183 1143 3304 1185 meo
3324 1130 3420 1203 qui

1831 1223 1913 1269 est
1939 1216 1989 1268 in
2019 1217 2190 1271 cmlis.
2216 1217 2282 1270 Et
2307 1215 2458 1286 (Luc.
2482 1215 2561 1287 ι),
2582 1217 2824 1273 Gaudete
2847 1219 2990 1289 quod
3012 1211 3224 1275 nomina
3243 1233 3418 1277 vestra

1831 1306 2026 1376 scripta
2055 1317 2179 1363 sunt
2205 1308 2257 1362 in
2283 1308 2457 1363 coelis.
2487 1309 2686 1381 Angela
2714 1309 2958 1364 Ecclesia:
2984 1311 3073 1380 qui
3114 1320 3198 1366 est
3232 1310 3420 1365 Phila-

1832 1398 2076 1469 delphiw,
2110 1400 2312 1454 scribe:
2349 1399 2476 1454 Hac
2502 1401 2626 1454 dicit
2653 1410 2858 1454 sanctus
2881 1409 2928 1454 et
2958 1418 3126 1465 verus,
3157 1402 3244 1472 qui
3273 1401 3422 1456 habet

1833 1491 2025 1546 clavem
2065 1491 2262 1559 Dauid,
2313 1492 2366 1546 id
2413 1501 2527 1558 est,
2579 1493 2784 1563 regiam
2828 1502 3171 1563 potestatem.
3197 1493 3420 1549 Clavem

1835 1599 2000 1652 porro
2028 1584 2196 1638 David
2227 1585 2391 1650 dicit,
2423 1585 2537 1640 sive
2575 1588 2695 1655 quia
2724 1587 2791 1642 de
2820 1586 2936 1656 ejus
2963 1588 3131 1657 stirpe
3161 1597 3318 1643 natus
3338 1594 3423 1644 est

1833 1672 2105 1744 Christus,
2129 1675 2244 1731 sive
2271 1676 2393 1746 quia
2418 1676 2533 1746 ipse
2557 1677 2722 1732 David
2751 1679 2919 1732 multa
2946 1678 3013 1733 de
3037 1678 3252 1734 Christo
3279 1694 3422 1751 prae-

1834 1764 1973 1820 fatus
2003 1775 2108 1821 est.
2141 1767 2306 1838 Cujus
2335 1769 2737 1836 diapensatione
2784 1780 3030 1839 tanquam
3057 1771 3242 1840 clave,
3289 1771 3425 1840 legis

139 1853 246 1923 ιι).
287 1857 431 1926 quod
465 1873 560 1927 per
589 1858 840 1928 spiritum
867 1860 1171 1931 adoptionis
1199 1862 1432 1919 efﬁcitur
1461 1865 1603 1932 leve,
1630 1867 1731 1923 sub
1758 1867 1807 1929 Β
1835 1861 1888 1907 et
1920 1853 2300 1923 Prophetarum
2327 1863 2380 1922 et
2399 1855 2727 1924 Ρδθίιηοτυῐη
2749 1870 2943 1910 arcana
2973 1868 3279 1927 patuerunt.
3305 1859 3426 1930 ipso

136 1961 249 2018 quo
275 1965 375 2004 nos
406 1967 758 2020 perseverare
783 1954 987 2021 volens,
1012 1956 1178 2011 dicit:
1213 1957 1318 2013 Sed
1347 1959 1489 2028 quod
1522 1959 1730 2016 habetis

141 2047 324 2096 tenete
348 2057 516 2113 usque
537 2046 663 2099 dum
692 2046 910 2101 veniam.
933 2047 999 2102 Et
1028 2049 1116 2119 qui
1141 2051 1336 2116 vicerit,
1364 2061 1410 2106 et
1433 2053 1732 2107 custodierit

139 2145 302 2200 usque
327 2133 382 2186 in
410 2133 567 2202 ﬁnem
593 2151 750 2207 apsra
775 2153 886 2192 mea
909 2181 926 2207 ,
976 2138 1108 2194 dabo
1151 2141 1200 2194 ei
1244 2150 1542 2212 potestatem
1581 2159 1732 2213 super

138 2232 334 2291 gentes,
385 2233 434 2279 et
479 2236 615 2298 reget
645 2244 731 2283 eas
761 2230 824 2301 in
859 2230 1001 2302 uirga
1039 2231 1239 2300 ferrea,
1273 2235 1415 2288 sicut
1437 2250 1546 2295 cas
1583 2235 1734 2304 ﬁguli

141 2315 554 2385 confringentur,
578 2320 710 2373 sicut
731 2329 779 2374 et
801 2338 892 2391 ego
913 2323 1085 2392 accepi
1106 2340 1139 2391 a_
1164 2323 1323 2378 Patre
1341 2339 1472 2378 meo.
1497 2325 1553 2378 In
1574 2324 1730 2380 Chri-

137 2407 420 2486 stoubabet
451 2409 856 2495 Ecclesiauhan‘c
886 2422 1208 2484 potestatem
1250 2423 1502 2487 tanquam
1534 2432 1729 2489 corpus

135 2499 197 2556 in
223 2501 419 2574 capite.
451 2503 506 2559 Si
538 2520 659 2576 qua
687 2506 828 2561 enim
853 2507 1014 2578 digne
1035 2509 1257 2580 corpori
1274 2509 1393 2580 ejus
1416 2510 1728 2578 adhaeserit,

138 2595 404 2650 veraciter
433 2595 634 2653 habere
657 2598 851 2654 dicitur
879 2599 1027 2671 quod
1070 2601 1208 2656 ﬁlius
1242 2602 1584 2659 haereditario
1607 2603 1730 2674 jure

133 2686 402 2756 possedit,
433 2689 488 2744 in
519 2705 626 2760 quo
655 2691 976 2762 (secundum
1021 2693 1364 2764 Apostolum)
1403 2696 1559 2752 nobis
1588 2697 1732 2753 Deus

137 2779 326 2834 omnia
351 2779 596 2856 donavit.
635 2783 792 2854 Virga
843 2785 1016 2841 ferrea
1052 2787 1362 2844 inﬂexibilis
1403 2790 1622 2846 omnino
1643 2791 1732 2864 ju-

132 2872 286 2927 stitia
317 2874 900 2944 regitmites,destruit
925 2887 1356 2948 contumaces,et
1373 2882 1505 2938 dabo
1531 2885 1577 2938 ei
1605 2887 1729 2940 stel-

135 2964 249 3017 lam
278 2967 602 3044 matutinam.
627 2967 849 3024 Stellam
881 2973 1220 3041 matutinam,
1253 2983 1309 3028 ct
1343 2975 1617 3031 Christum
1649 2979 1731 3034 in-

138 3058 311 3128 telligi
335 3103 350 3128 ,
385 3068 440 3114 et
479 3063 936 3138 resurrectionem
974 3067 1202 3134 primam
1241 3068 1493 3122 convenit
1521 3053 1741 3139 accipi;

133 3147 267 3219 quia
315 3157 370 3204 et
413 3149 504 3206 ille
533 3166 799 3222 apparens
843 3171 1090 3210 errorum
1125 3157 1378 3212 tenebras
1416 3159 1643 3228 repulit,
1675 3143 1732 3216 et

1837 1954 2006 2014 lCSle,
2054 1962 2174 2002 cum
2211 1947 2340 2002 dicit
2381 1947 2547 2019 (Luc.
2585 1946 2751 2019 xxiv)
2780 1965 2792 2001 :
2826 1947 3062 2006 Necesse
3100 1961 3184 2005 est
3213 1951 3427 2020 impleri

1835 2037 2014 2091 omnia
2045 2053 2165 2106 quae
2204 2039 2400 2108 scripta
2432 2047 2557 2093 sunt
2600 2039 2655 2093 in
2697 2039 2814 2109 lege
2847 2040 3015 2111 Moysi
3058 2051 3113 2095 et
3148 2042 3427 2112 prophetis

1834 2133 1889 2182 et
1915 2128 2138 2196 psalmis
2167 2128 2234 2185 de
2261 2146 2370 2187 nte.
2401 2130 2504 2195 Qui
2526 2132 2722 2200 aperit,
2751 2138 2800 2185 et
2832 2148 2979 2186 nemo
3006 2132 3225 2200 claudit,
3253 2143 3299 2188 et
3331 2134 3425 2204 qui

1834 2220 2031 2272 claudit
2061 2221 2203 2291 quod
2232 2237 2378 2276 nemo
2409 2223 2590 2292 aperit.
2619 2222 2778 2292 Legis
2798 2224 2992 2279 divinae
3024 2233 3232 2280 secreta
3256 2225 3425 2282 solius

1833 2310 2032 2367 Christi
2075 2323 2342 2383 potestate
2371 2315 2676 2384 panduntur
2704 2314 2972 2384 ﬁdelibus,
3001 2317 3319 2373 clauduntur
3340 2319 3440 2376 in-.

1833 2405 2067 2460 credulis
2091 2421 2107 2472 ;
2139 2404 2230 2462 illo
2273 2415 2450 2462 autem
2477 2406 2721 2462 solvente
2747 2406 2927 2462 nullus
2953 2407 3192 2476 claudit,
3223 2424 3328 2479 quo
3357 2409 3427 2465 li-

1834 2509 1996 2570 gante
2042 2500 2223 2557 nullus
2265 2501 2513 2558 absolvit.
2567 2501 2698 2556 Ecce
2747 2502 2866 2556 dedi
2909 2502 2962 2558 in
2994 2514 3290 2576 conSpectu
3333 2513 3428 2562 tuo

1835 2602 2070 2661 apertunt
2094 2594 2281 2646 ostium
2303 2635 2318 2662 ,
2347 2594 2484 2663 quod
2515 2609 2662 2648 nemo
2685 2593 2928 2648 claudere
2944 2604 3147 2662 potest,
3171 2597 3428 2668 quoniam

1836 2684 2246 2754 pusillas/tabes
2277 2686 2439 2742 vires.
2487 2687 2698 2742 Ostium
2743 2688 2904 2762 quod,
2934 2671 3178 2746 Christus
3211 2678 3383 2761 aperit
3406 2715 3442 2762 ,-

1837 2784 1963 2831 tunc
1989 2778 2221 2833 reserari
2253 2778 2514 2835 Ecclesia:
2545 2781 2730 2850 coepit,
2761 2782 2977 2851 quando
3007 2783 3118 2838 suis
3147 2773 3426 2852 discipulis

1837 2885 2054 2927 sensum
2095 2873 2306 2942 aperuit
2353 2881 2411 2928 ut
2453 2873 2821 2944 intelligerent
2861 2873 3424 2946 Scripturasl(lbid.).

1835 2965 1950 3021 Hoc
1973 2966 2166 3022 nullius
2197 2982 2431 3038 unquam
2461 2968 2512 3022 vi
2554 2967 2938 3038 prmeluditur,
2969 2969 3128 3039 quod,
3154 2969 3260 3024 illis
3289 2983 3430 3040 prte-

1835 3058 2138 3114 dicantibus
2166 3074 2263 3128 per
2302 3068 2470 3116 totum
2504 3061 2763 3114 mundum
2799 3061 2912 3128 jam
2962 3060 3234 3130 panditur.
3271 3061 3428 3117 Unde

1818 3149 2227 3223 .Apostolus‘U
2259 3149 2379 3205 Cor.
2433 3151 2554 3222 xvi)
2586 3170 2598 3204 :
2629 3151 2837 3206 Ostium
2866 3150 3052 3218 nobis,
3088 3153 3279 3221 inquit,
3307 3167 3425 3209 ma-

133 3243 541 3300 resurrectione
587 3255 933 3317 properante,
970 3251 1262 3306 mundanae
1285 3245 1462 3307 noctis
1498 3255 1731 3310 tenebrat
1758 3250 1807 3316 c
1837 3257 2000 3313 ellum
2029 3250 2275 3311 apertum
2303 3252 2384 3298 est
2423 3243 2475 3298 in
2523 3243 2785 3309 Domino,
2817 3252 2870 3298 et
2908 3242 3206 3298 adversarii
3249 3245 3424 3300 mulli.

81 3333 491 3410 .fugahuntur.
519 3336 643 3391 Haec
684 3339 827 3394 enim
858 3341 1012 3395 stella
1043 3342 1185 3398 sicut
1210 3344 1386 3400 noctis
1409 3343 1588 3415 (ﬁnem
1609 3385 1624 3413 ,
1656 3345 1734 3402 sic

134 3421 251 3478 dici
283 3426 522 3491 praebere
551 3429 764 3484 videtur
796 3432 1027 3488 initium.

215 3515 340 3570 CAP.
388 3512 474 3594 nt.
512 3520 707 3592 Angela
738 3521 985 3580 Ecclesia:
1010 3526 1100 3595 qui
1147 3535 1233 3583 est
1278 3528 1484 3596 Sardis,
1530 3532 1734 3588 scribe:

134 3605 196 3661 11
204 3623 278 3661 wc
306 3609 430 3662 dicit
460 3612 547 3678 qui
568 3612 718 3666 habet
741 3626 930 3686 septem
953 3621 1165 3688 spiritus
1191 3619 1290 3676 Dei
1315 3631 1362 3675 et
1388 3632 1582 3692 septem
1611 3628 1735 3680 stel-

136 3701 221 3754 las
244 3715 263 3753 .'
290 3698 411 3754 Scio
435 3718 587 3773 Opera
611 3715 719 3768 tua,
749 3709 872 3777 quia
896 3726 1080 3764 nomen
1113 3710 1265 3766 habes
1295 3713 1553 3782 quoniam
1584 3717 1731 3785 vivis,

135 3800 192 3848 et
239 3805 466 3849 mortuus
507 3813 580 3852 es.
626 3797 752 3852 Esto
796 3801 1010 3873 vigilans
1045 3810 1101 3858 et
1124 3805 1363 3869 stabilis,
1393 3816 1441 3861 et
1482 3808 1735 3877 conﬁrma

136 3887 346 3958 reliqua
366 3905 476 3958 qua:
496 3893 748 3946 moritura
769 3905 934 3949 erant.
957 3896 1076 3950 Non
1099 3900 1232 3952 enim
1253 3900 1454 3954 invenio
1476 3918 1628 3972 Opera
1646 3913 1736 3960 tua

136 3981 350 4046 repleta
396 3998 570 4034 coram
602 3983 712 4037 Deo
766 4003 898 4040 meo.
954 3988 1225 4044 Memento
1280 3989 1733 4061 quemadmodum

136 4075 416 4144 acceperis,
453 4086 499 4128 et
529 4078 945 4140 auditacustodi
966 4119 980 4144 ,
1017 4089 1065 4134 et
1096 4099 1189 4153 age
1217 4085 1586 4151 paenitentiam.
1630 4087 1737 4142 Νο-

137 4183 267 4222 men
301 4167 518 4238 (inquit)
557 4169 723 4225 habes
751 4173 877 4241 quia
909 4173 1096 4244 vivis,
1127 4182 1184 4228 et
1229 4185 1474 4232 mortuus
1500 4194 1580 4260 es.
1615 4179 1789 4260 Non.“

136 4259 354 4316 dientur
379 4264 478 4318 nisi
502 4266 591 4333 qui
616 4267 846 4346 mortale
867 4267 1069 4323 crimen
1101 4268 1401 4346 admiserit.
1428 4259 1545 4327 non
1566 4261 1701 4329 dicit
1717 4295 1729 4329 :

138 4352 419 4410 Conﬁrma
442 4359 841 4440 quteImo‘i-itura
864 4369 1037 4425 erant,
1068 4363 1172 4416 nisi
1199 4362 1249 4418 ei
1276 4363 1367 4433 qui
1408 4365 1526 4418 viva
1559 4365 1736 4422 adhuc

135 4447 333 4530 aliqua
359 4425 874 4506 habensuin'ol’ﬁcio
903 4466 1023 4520 suo,
1062 4453 1116 4506 in
1161 4465 1336 4510 morte
1383 4456 1586 4524 peccati
1626 4474 1735 4515 non

138 4526 464 4611 permanere
494 4543 842 4610 permittitur.
883 4543 1000 4600 Non
1041 4547 1187 4602 enim
1214 4548 1527 4606 conﬁrmari
1557 4559 1734 4622 potest

1838 3337 1992 3405 Quod
2036 3344 2215 3391 autem
2245 3336 2412 3404 dicit,
2446 3336 2677 3392 Pusillas
2706 3335 2874 3391 babes
2911 3337 3054 3391 vires
3077 3375 3090 3401 ,
3135 3345 3182 3390 et
3219 3335 3432 3392 servasti

1837 3429 2044 3481 verbum
2077 3443 2245 3482 meum
2265 3468 2280 3494 ,
2323 3437 2367 3482 et
2398 3443 2502 3482 non
2537 3427 2733 3499 negasti
2768 3443 2949 3481 nomen
2988 3443 3184 3495 meum,
3211 3441 3430 3483 causam

1838 3520 2093 3584 ostendit,
2127 3518 2267 3588 quod
2301 3527 2584 3589 prepterea
2634 3520 2751 3573 haec
2788 3519 2926 3573 dona
2958 3529 3296 3589 promeretur
3324 3520 3429 3575 Ec-

1838 3613 2034 3679 clesia,
2067 3613 2195 3684 quia
2244 3629 2352 3669 non
2384 3612 2496 3669 suis
2546 3613 2754 3669 viribus
2788 3613 2934 3678 ﬁdit,
2967 3628 3132 3684 seque
3160 3613 3428 3670 conﬁtens

1839 3719 2031 3775 parvas
2059 3705 2199 3758 vires
2225 3705 2446 3770 habere,
2480 3719 2586 3758 non
2617 3704 2670 3759 in
2714 3705 2929 3771 se,scd
2964 3705 3019 3759 in
3063 3705 3292 3762 Domino
3337 3720 3428 3762 re-

1839 3801 2054 3869 dempta
2091 3799 2372 3868 gloriatur.
2408 3798 2540 3854 Ecce
2574 3797 2709 3852 dabo
2735 3799 2798 3853 de
2827 3814 3092 3871 synagoga
3122 3799 3334 3856 Satanae
3362 3815 3434 3856 ex

1841 3894 1924 3948 his
1955 3895 2042 3963 qui
2069 3909 2122 3947 se
2152 3892 2368 3948 Judazos
2391 3894 2568 3947 dicunt
2595 3910 2723 3962 esse,
2759 3909 2858 3948 nec
2883 3904 3021 3961 sunt,
3051 3894 3142 3948 sed
3172 3896 3431 3950 mentiun-

1840 3994 1944 4040 tur.
1975 3984 2113 4042 Ecce
2154 3986 2392 4040 lacturus
2425 4000 2543 4040 sum
2585 3986 2701 4039 illos
2743 3987 2926 4040 venire
2960 3995 3080 4040 ante
3120 3988 3275 4054 pedes
3317 3996 3433 4043 tuos

1839 4078 2086 4142 adorare,
2114 4088 2159 4130 et
2189 4079 2326 4132 scies
2355 4078 2472 4144 quia
2505 4078 2662 4131 dilexi
2696 4088 2764 4147 te,
2796 4079 3041 4148 quoniam
3081 4082 3293 4134 servasti
3321 4096 3434 4134 tier-

1842 4171 1960 4224 bum
1991 4170 2288 4236 tolerantia:
2334 4185 2476 4222 mete.
2527 4169 2640 4224 lloc
2685 4184 2882 4223 novum
2915 4169 3172 4224 Ecclesia:
3226 4178 3430 4226 tantum

1842 4261 2229 4329 Philadelphia:
2261 4270 2386 4315 tunc
2431 4259 2706 4329 promisit,
2737 4260 2999 4327 reliquum
3043 4260 3187 4313 enim
3220 4267 3431 4326 tempus

1841 4362 1898 4410 et
1939 4355 2207 4423 praecipue
2259 4353 2390 4407 illud
2431 4353 2572 4409 circa
2625 4354 2786 4408 ﬁnem
2832 4353 3021 4407 mundi
3063 4355 3429 4424 prmuntiat,

1841 4445 2054 4516 quando
2079 4445 2252 4501 Judaii
2291 4445 2344 4500 in
2378 4443 2652 4500 Christum
2680 4445 2994 4512 credentes,
3026 4445 3143 4518 ejus
3173 4446 3431 4504 Ecclesiae

1841 4537 2264 4609 subjungautur,
2311 4552 2428 4609 quae
2456 4539 2720 4595 veraciter
2763 4537 2893 4595 dicit
2913 4537 3082 4610 (Psal.
3113 4540 3268 4613 Lvt):
3301 4541 3434 4598 Mihi

139 4630 238 4698 qui
266 4629 503 4687 ofﬁcium
533 4632 777 4691 doctoris
821 4637 1084 4695 amiserit.
1133 4640 1250 4697 Non
1303 4643 1520 4699 invenio
1569 4659 1731 4716 opera

1842 4632 2158 4703 alienigenae
2186 4632 2388 4689 subditi
2429 4641 2574 4690 sunt.
2606 4632 2739 4689 Nam
2779 4641 2835 4690 et
2871 4633 2940 4692 de
2970 4634 3172 4691 ludatis
3197 4635 3435 4705 Aposto-

143 4730 236 4777 Iua
271 4722 471 4792 repleta
504 4739 685 4782 coram
725 4727 836 4784 Deo
876 4745 1020 4786 meo.
1051 4731 1168 4788 Non
1196 4735 1340 4792 enim
1380 4737 1513 4794 satis
1539 4747 1622 4795 est
1648 4755 1738 4796 ar-

143 4814 332 4869 borem
359 4817 542 4873 vivere
585 4826 641 4873 et
669 4819 840 4877 virere
865 4863 882 4890 ,
920 4823 1124 4880 fructus
1169 4835 1348 4883 tamen
1385 4828 1597 4887 debitos
1628 4847 1736 4890 non

89 4949 96 4957 .
145 4906 368 4962 habere.
399 4909 754 4992 Commendat
797 4915 960 4970 etiam
1005 4920 1386 4988 paenitentiam
1428 4927 1738 4996 praeceden-

148 4998 284 5053 tium
313 4998 655 5057 delictorum.
684 5004 748 5060 Si
771 5019 952 5061 autem
982 5024 1087 5085 non
1123 5013 1299 5081 egeris
1330 5018 1697 5084 ptenitcntiam
1716 5058 1732 5086 ,

145 5087 362 5174 veniam
386 5104 439 5186 et
464 5095 739 5176 suscitabo
768 5098 1055 5155 adventum
1083 5117 1261 5158 meum
1286 5107 1355 5159 ad
1372 5117 1439 5174 te,
1468 5111 1619 5176 quasi
1651 5111 1736 5182 {ur

147 5185 344 5238 veniam
366 5225 380 5250 ,
410 5185 469 5240 et
511 5203 617 5241 nou
656 5189 795 5245 scies
840 5203 943 5262 qua
971 5192 1098 5248 hora
1128 5197 1324 5250 ueniam
1358 5199 1426 5252 ad
1463 5209 1528 5255 te.
1563 5200 1734 5272 Ipsam

147 5276 302 5352 enim~
324 5278 394 5332 ad
424 5293 610 5334 vocem
650 5280 696 5336 si
747 5282 912 5338 lueris
943 5286 1244 5358 negligens,
1277 5290 1404 5345 hora
1447 5296 1737 5361 prteveuiet

147 5368 450 5459 improvisa
474 5372 789 5427 vocatiOnis.
827 5375 1119 5445 Sequitur:
1155 5379 1355 5436 Verum
1395 5384 1546 5440 habes
1571 5403 1736 5456 pauca

149 5461 360 5514 nomina
387 5462 440 5516 in
463 5463 668 5529 Sardis,
693 5467 780 5536 qui
808 5483 912 5522 non
937 5470 1334 5542 inquinauerunt
1360 5489 1561 5534 vestem
1582 5495 1733 5536 suam

149 5560 198 5606 et
227 5547 424 5632 mecum
453 5557 864 5644 ambulaverunt
888 5563 942 5617 in
963 5564 1114 5634 albis,
1140 5571 1395 5638 quoniam
1425 5573 1568 5644 digni
1594 5584 1736 5633 sunt.

152 5645 340 5742 magna
387 5649 504 5706 laus
552 5668 843 5738 paucorum
890 5657 1032 5716 inter
1079 5665 1251 5720 malos
1291 5667 1593 5738 inquinatos
1632 5671 1746 5742 jugi

154 5738 411 5797 virtutum
439 5745 616 5800 nitore
639 5746 998 5808 immaculatis
1027 5757 1272 5816 vestibus
1302 5738 1646 5834 permanere,
1675 5738 1741 5822 aid

155 5844 385 5902 quorum
415 5835 657 5893 habitum
687 5838 832 5896 Deus
871 5857 1130 5913 provocat
1155 5850 1340 5916 dicens
1370 5873 1382 5912 :
1419 5856 1520 5927 Qui
1550 5857 1741 5931 vicerit,

446 5953 720 6046 Pauca.
765 5953 1058 6025 LXVIII.

1843 4737 1926 4793 lus
1954 4736 2083 4792 dicit
2112 4734 2289 4809 (Rom.
2324 4735 2426 4808 xi),
2461 4735 2582 4805 quia
2612 4738 2826 4793 caecitas
2851 4751 2916 4794 ex
2936 4746 3090 4807 parte
3116 4737 3278 4792 lsrzel
3301 4750 3432 4792 con-

1841 4830 1988 4902 tigit,
2029 4829 2202 4886 donec
2227 4829 2503 4900 plenitudo
2533 4831 2774 4900 gentium
2825 4830 3180 4886 subintroiret
3205 4871 3220 4897 ,
3262 4839 3317 4887 et
3354 4830 3436 4889 sic

1841 4921 2019 4977 omnis
2048 4921 2211 4976 Israel
2241 4922 2424 4977 salvus
2466 4921 2638 4978 ﬁeret.
2679 4924 2749 4978 Et
2790 4924 2931 4980 scies
2969 4923 3095 4992 quia
3133 4922 3301 4977 dilexi
3339 4931 3432 4992 te,

1846 5029 1968 5070 cum
1998 5015 2092 5070 tibi
2120 5013 2368 5069 videlicet
2394 5014 2631 5082 Judaeos,
2658 5017 2748 5086 qui
2773 5016 2839 5072 de
2857 5015 3134 5071 nobilitate
3161 5015 3434 5086 quondam

1845 5111 2060 5182 generis
2087 5113 2502 5180 extollebantur,
2552 5107 2866 5168 liumiles'in
2896 5113 3000 5169 ﬁde
3029 5101 3344 5180 subdidere,
3375 5121 3436 5170 et

1848 5214 1905 5261 tu
1933 5220 2226 5276 cognosces
2272 5214 2329 5261 et
2357 5207 2461 5276 ipsi
2497 5208 2709 5277 qualem
2759 5207 2854 5263 tibi
2910 5203 3252 5265 dilecﬁdnem
3284 5208 3437 5264 exhi-

1843 5297 2020 5354 beam.
2059 5298 2208 5353 Multi
2236 5299 2380 5354 enim
2404 5315 2470 5354 ex
2501 5300 2703 5356 Judaeis
2730 5301 2796 5355 ad
2830 5301 3128 5357 Ecclesiam
3173 5302 3431 5371 veniunt,

1845 5392 2108 5460 dicentes,
2138 5393 2277 5449 sicut
2304 5395 2563 5463 scriptum
2586 5405 2706 5450 est:
2740 5395 2890 5451 Jacta
2923 5413 3009 5453 me
3037 5398 3091 5452 in
3121 5415 3279 5453 unam
3309 5413 3438 5470 par-

1847 5495 1952 5541 tem
1975 5487 2264 5543 sacerdotii
2293 5491 2367 5541 titi
2395 5488 2720 5545 manducare
2765 5505 2976 5559 panem.
3008 5492 3270 5560 Quoniam
3320 5507 3437 5548 ser-

1847 5577 1987 5632 vasti
2018 5577 2241 5633 verbum
2277 5578 2576 5634 tolerantim
2605 5595 2738 5636 mere
2764 5623 2779 5648 ,
2832 5592 2878 5636 et
2919 5600 3012 5655 ego
3062 5593 3107 5638 te
3137 5585 3327 5640 tuebor
3370 5583 3436 5638 ab

1851 5675 1980 5727 hora
2012 5675 2328 5744 tentationis,
2349 5692 2464 5746 qua:
2489 5684 2702 5731 ventura
2729 5685 2803 5731 cst
2835 5679 3086 5734 universo
3115 5677 3232 5734 orbi
3265 5687 3437 5734 terra-

1850 5781 1967 5822 rum
2003 5777 2194 5824 tentare
2236 5783 2331 5824 eos
2375 5768 2466 5841 qui
2503 5769 2802 5828 inhabitant
2841 5780 3060 5828 terram.
3096 5771 3248 5827 Licet
3288 5773 3435 5827 inte-

1850 5861 1992 5922 stino
2025 5862 2386 5936 exteriorique
2412 5864 2668 5926 conﬂictu
2705 5865 3076 5927 indesinenter
3114 5871 3438 5928 exerceatur

2917 5983 2992 6046 26
