3968 6354
519 306 614 362 stt
1660 286 1958 361 PRIMA-Sil
1998 300 2453 360 ADRUMETANl
2497 304 2711 363 EPISC.
3722 306 3857 364 sta

518 419 795 488 Ecclesia,
824 419 1013 475 etsive
1042 416 1335 489 partialiter
1364 413 1580 485 singuli,
1624 414 1736 469 sive
1778 413 2104 484 generaliter
2134 415 2369 482 Annius
2409 416 2612 472 Christi
2661 412 2892 485 persona
2942 424 3195 489 suscepta
3240 433 3455 491 quoque
3499 419 3857 478 humanitas

520 514 605 570 hic
631 514 1006 582 impugnantur
1047 507 1208 563 variis
1238 506 1644 574 tentationibus,
1703 506 1865 561 etiam
1897 515 2108 575 tempus
2214 507 2389 563 fuerat
2411 508 2770 577 praedicanda,
2796 517 3193 578 consequenter
3215 509 3343 567 dicit
3372 510 3531 581 (Cap.
3560 511 3657 580 ιιι)
3687 530 3705 567 :
3734 511 3859 578 Qui

518 605 837 663 Antichristi
866 602 1195 675 signiﬁcatur
1222 600 1505 667 venturi,a
1532 615 1637 669 quo
1664 615 1891 655 omnem
1920 600 2108 656 Eccle-
2214 610 2288 657 est
2318 602 2530 657 initium
2575 611 2826 656 creatura:
2875 600 2993 655 Dei.
3046 600 3257 657 Initium
3304 603 3508 674 quippe
3547 612 3851 660 creaturae

519 700 657 756 siam
685 713 807 770 qua:
835 704 1043 753 constat
1087 696 1139 749 in
1188 694 1336 760 suis,
1371 691 1721 748 liberaturum
1763 706 1823 748 se
1862 691 2110 748 Christus
2214 694 2336 760 Dei,
2370 694 2644 752 Christum
2686 694 2974 750 Dominum
3013 703 3233 766 propter
3266 696 3675 751 incarnationis
3718 713 3848 769 my-

524 792 785 849 Dominus
814 789 1113 859 pollicetur,
1150 794 1209 841 ut
1244 784 1467 841 tentatio
1515 784 1705 852 ruinae,
1738 785 1983 854 deceptio
2012 798 2109 839 co-
2214 787 2436 842 sterium
2460 785 2847 842 convenienter
2867 786 3023 843 decet
3047 784 3289 857 intelligi,
3309 803 3375 843 ex
3397 788 3559 858 cujus
3585 804 3841 860 persona

521 892 827 956 gnoscatur.
864 881 1021 936 Venio
1048 881 1170 948 cito,
1204 888 1315 933 tene
1342 878 1480 948 quod
1511 877 1685 948 habes,
1715 892 1783 934 ne
1825 880 1945 949 quis
1973 877 2111 933 alius
2216 881 2475 950 scriptum
2500 880 2725 950 legimus
2768 878 2893 951 (Job
2928 881 2984 951 κ)
3019 896 3033 933 :
3062 880 3319 937 Dominus
3348 884 3569 938 creavit
3599 897 3699 938 me
3727 883 3833 938 ini-

522 978 745 1049 accipiat
772 990 1014 1031 coronam
1037 980 1201 1027 tuam.
1227 972 1324 1027 llic
1343 972 1639 1027 electorum
1666 986 1949 1026 numerum
1977 985 2112 1041 quos
2217 972 2352 1026 tium
2368 972 2573 1026 viarum
2591 986 2841 1036 suarum;
2861 972 3416 1043 etApostolus(Hebr.
3434 974 3499 1043 it)
3517 990 3531 1026 :
3549 972 3835 1031 Habentes

523 1070 819 1129 secundum
867 1069 1197 1139 propositum
1245 1073 1465 1121 vocatos
1503 1065 1778 1134 apostolos
1822 1072 2108 1129 memorat,

523 1164 786 1236 stupenda
830 1176 1052 1233 prorsus
1081 1157 1510 1216 consideratione
1539 1157 1937 1226 cognoscimus.
1966 1155 2112 1222 Quos

522 1254 793 1326 praascivit
831 1265 883 1310 et
920 1251 1325 1323 praedestinavit
1362 1250 1825 1317 conlormesﬁeri
1868 1248 2114 1319 imaginis

524 1349 647 1404 Filii
669 1352 807 1418 ejus,
832 1348 1128 1403 ostendens
1152 1344 1275 1399 huic
1294 1358 1518 1399 numero
1535 1356 1635 1398 nec
1656 1342 1774 1397 addi
1791 1354 2115 1412 quemquam

523 1456 708 1513 posse,
740 1455 842 1497 nec
874 1442 1063 1506 minui,
1092 1454 1213 1493 cum
1250 1437 1327 1491 sic
1357 1436 1517 1491 istum
1558 1436 1832 1505 propriam
1861 1447 2117 1489 coronam

527 1538 653 1595 dicit
699 1536 981 1599 amittere,
1028 1541 1086 1586 ut
1131 1532 1266 1585 alius
1314 1544 1434 1585 eam
1476 1538 1841 1599 percepturus
1870 1528 2113 1584 accedat.

525 1630 681 1688 Unde
708 1627 1024 1697 intelligitur
1050 1638 1151 1680 nec
1175 1624 1341 1678 alium
1368 1637 1526 1693 posse
1553 1623 1865 1693 succedere,
1900 1622 1947 1677 si
1975 1621 2119 1691 quod

529 1724 623 1779 ille
654 1722 846 1789 tenuit,
880 1717 1244 1788 perseveranti
1273 1715 1377 1771 ﬁde
1399 1716 1685 1772 custodiat.
1719 1715 1811 1772 Sic
1838 1716 1999 1771 etiam
2020 1714 2117 1769 Ju-

2220 1065 2472 1123 ﬁduciam
2500 1067 2550 1121 in
2576 1067 2799 1121 introitu
2824 1076 3159 1137 sanctorum,
3196 1068 3249 1124 in
3273 1072 3549 1140 sanguine
3576 1070 3827 1139 Christi,

2217 1157 2309 1227 qui
2340 1156 2576 1211 initiavit
2605 1157 2759 1213 nobis
2786 1157 2927 1212 viam
2954 1173 3147 1214 novam
3191 1168 3246 1215 et
3274 1159 3561 1216 viventem
3614 1178 3723 1231 per
3743 1179 3827 1220 ve-

2218 1247 2421 1315 lamen,
2472 1248 2529 1305 id
2580 1260 2665 1306 est
2709 1264 2929 1305 carnem
2977 1256 3128 1307 suam
3156 1298 3169 1320 ,
3218 1262 3272 1308 et
3314 1253 3675 1310 sacerdotem
3723 1272 3826 1311 ma-

2219 1355 2406 1411 gnum,
2435 1350 2543 1398 etc.
2573 1342 2695 1411 lpse
2736 1342 2881 1397 enim
2907 1352 2987 1398 est
3013 1345 3124 1409 via,
3168 1346 3257 1415 qui
3297 1347 3471 1417 patria
3500 1363 3517 1413 ;
3553 1347 3680 1418 ipse
3708 1350 3822 1405 fidei

2221 1440 2431 1501 auctor,
2455 1433 2548 1503 qui
2570 1434 2731 1488 etiam
2755 1444 3187 1503 consummator;
3211 1438 3326 1507 ipse
3349 1448 3388 1494 Α
3410 1451 3465 1493 et
3488 1449 3559 1504 Ω,
3587 1441 3713 1510 ipse
3734 1442 3821 1497 iai—

2223 1523 2354 1579 tium
2379 1538 2539 1593 quem
2572 1539 2732 1580 nemo
2771 1526 3057 1597 praecedit,
3091 1528 3207 1598 ipse
3255 1530 3375 1586 ﬁnis
3416 1533 3513 1587 cui
3566 1534 3748 1589 nullus
3772 1538 3813 1591 in

2222 1627 2391 1684 regno
2419 1614 2679 1673 succedit.
2716 1616 2838 1672 Scio
2881 1633 3039 1686 opera
3068 1624 3180 1685 tua,
3206 1620 3328 1690 quia
3346 1662 3361 1687 ,
3408 1638 3582 1692 neque
3608 1626 3813 1697 {rigidas

2224 1723 2301 1774 es,
2336 1724 2499 1778 neque
2520 1707 2769 1776 fervens;
2796 1712 2993 1765 utinam
3015 1711 3238 1782 {rigidus
3265 1730 3399 1769 esses
3444 1728 3546 1769 aut
3575 1718 3810 1776 fervensf

530 1815 769 1870 decorum
798 1812 960 1869 elatio
996 1820 1078 1865 est
1116 1811 1398 1876 frustrata,
1431 1808 1522 1879 qui
1569 1807 1636 1863 de
1664 1808 1835 1878 stirpe
1883 1805 2118 1862 Abrahm
2148 1816 2196 1878 Β
2227 1804 2313 1857 sed
2358 1807 2477 1872 quia
2517 1805 2719 1874 tepidus
2745 1821 2819 1874 es,
2844 1806 3091 1876 incipiam
3133 1817 3179 1862 te
3210 1826 3273 1863 ea;
3301 1826 3391 1864 ore
3422 1828 3545 1866 mea
3589 1828 3811 1871 \omere.

528 1906 916 1979 gloriabantur.
951 1905 1143 1958 Potens
1173 1901 1317 1957 enim
1362 1908 1444 1957 est
1475 1901 1636 1967 Deus,
1666 1898 1840 1971 inquit
1885 1896 2115 1972 (Matth.

529 2000 644 2067 ιιι),
690 1999 757 2055 de
785 1998 1051 2070 lapidibus
1092 1996 1207 2052 istis
1248 1996 1508 2051 suscitare
1565 1994 1704 2051 ﬁlios
1746 1993 2015 2061 Abrahae,
2060 2001 2121 2048 ut

531 2101 677 2147 certa
711 2091 1001 2162 promissio
1027 2096 1274 2145 maneret
1300 2102 1363 2144 ex
1387 2102 1633 2154 munere,
1661 2096 1716 2144 et
1739 2087 1984 2159 gloriatio
2003 2100 2123 2141 car-

534 2184 673 2240 nalis
702 2192 1024 2239 vacuaretur
1073 2182 1127 2236 in
1157 2194 1375 2252 genere.
1414 2181 1515 2249 Qui
1540 2181 1733 2251 vicerit,
1784 2181 1971 2252 faciam
2000 2192 2122 2234 eum

535 2280 827 2335 columnam
859 2279 915 2332 in
944 2276 1134 2347 templo
1164 2276 1263 2331 Dei
1304 2277 1421 2332 mei.
1455 2274 1713 2332 Columna
1737 2276 1789 2331 in
1815 2275 2029 2331 fabricis
2070 2282 2128 2331 et

535 2370 821 2426 munimini
842 2369 1094 2439 congruit
1116 2377 1170 2423 et
1187 2367 1367 2424 decori
1388 2384 1403 2433 ;
1426 2367 1505 2423 sic
1527 2376 1580 2423 et
1603 2367 1790 2422 mundi
1811 2368 2043 2423 victores
2068 2366 2125 2421 in

536 2462 780 2518 Ecclesia
818 2461 1060 2518 eminent
1098 2475 1321 2517 munere
1351 2459 1627 2532 dignitatis
1648 2503 1662 2530 ,
1693 2468 1907 2531 portant
1948 2458 2126 2515 ofﬁcio

538 2553 836 2611 charitatis.
868 2551 938 2607 Et
982 2557 1143 2623 foras,
1171 2553 1363 2624 inquit,
1400 2570 1501 2609 non
1530 2554 1672 2609 exiet
1693 2554 1933 2623 amplius.
1963 2552 2131 2617 Exie-_

538 2656 623 2703 rat
641 2646 823 2716 iunior
852 2644 991 2701 ﬁlius
1023 2644 1184 2719 (Luc.
1223 2647 1326 2717 xv)
1351 2687 1365 2713 ,
1411 2646 1463 2701 id
1490 2655 1575 2703 est
1594 2645 1832 2716 gentium
1861 2644 2089 2716 populus
2109 2684 2124 2713 ,

539 2738 635 2795 sed
660 2738 801 2795 illius
828 2738 981 2794 vituli
1016 2739 1242 2808 saginati
1284 2747 1476 2807 morte,
1519 2738 1573 2794 id
1601 2747 1685 2794 est
1711 2738 1912 2794 Christi
1936 2752 2128 2794 cruore

536 2832 917 2891 reconciliatus
945 2839 1109 2902 atque
1136 2832 1475 2902 redemptus,
1513 2830 1659 2887 foras
1684 2832 1826 2886 ultra
1855 2846 1963 2887 non
1994 2832 2128 2897 exit,

533 2928 731 2998 quippe
778 2940 939 2993 quem
986 2924 1284 2980 introduxit
1332 2939 1428 2980 rex
1493 2924 1549 2979 in
1600 2924 1908 2980 cubiculum
1970 2938 2127 2979 suum

535 3019 712 3093 (Cant.
742 3033 823 3088 ιιι,
848 3017 928 3089 8),
953 3025 1007 3074 et
1039 3019 1467 3089 quantiscunque
1504 3027 1596 3074 aut
1643 3018 1998 3074 schismatum
2040 3026 2133 3073 aut

538 3112 976 3180 persecutionum
1028 3110 1286 3166 arietibus
1334 3110 1649 3179 quatiatur,
1702 3126 1810 3166 non
1860 3114 2128 3167 movetur.

2226 1895 2411 1953 Potest
2434 1897 2523 1954 hic
2551 1901 2905 1970 quorumdam
2948 1902 3205 1959 nobilium
3234 1906 3421 1961 saeculi
3466 1922 3708 1977 persona
3734 1925 3809 1966 ω-

2225 1992 2433 2063 αιοεοὶ,
2458 2006 2595 2062 quos
2621 1993 2742 2049 ideo
2772 2008 2873 2049 nec
2894 1994 3098 2051 calidos
3118 1996 3253 2053 dicit
3271 2012 3414 2065 esse,
3440 2014 3552 2055 nec
3582 2001 3809 2072 frigidos,

2226 2085 2323 2142 sed
2352 2086 2530 2156 potius
2557 2086 2768 2158 tepidos
2795 2103 2808 2141 :
2839 2088 2963 2158 quia
2994 2103 3117 2144 cum
3157 2090 3279 2146 talis
3320 2092 3480 2161 copia
3520 2094 3810 2150 divitiarum

2226 2179 2396 2235 nulla
2426 2178 2785 2249 circumﬂuat,
2809 2181 3061 2251 operibus
3085 2192 3262 2239 tamen
3295 2184 3518 2255 pietatis
3551 2187 3812 2243 inveniun-

2227 2278 2316 2326 tur
2345 2272 2593 2340 steriles,
2632 2286 2731 2327 nec
2768 2272 2837 2327 ad
2878 2288 3043 2343 opera
3083 2275 3221 2331 bona
3258 2277 3372 2332 ullo
3414 2282 3812 2337 miserationem

2228 2363 2602 2419 accenduntur
2630 2366 2847 2421 intuitu.
2879 2366 3005 2423 Ideo
3043 2377 3097 2423 et
3135 2383 3406 2440 pauperes
3437 2383 3692 2445 tanquam
3727 2376 3811 2431 iri-

2228 2455 2339 2527 gidi
2384 2470 2505 2513 esse
2546 2466 2809 2527 negantur
2852 2469 2907 2515 et
2934 2460 3159 2530 fervidi,
3203 2464 3325 2533 qui'
3370 2474 3431 2521 et
3471 2466 3671 2523 divitiis
3706 2482 3810 2524 non

2230 2546 2538 2613 abundant,
2572 2547 2764 2616 quibus
2808 2549 2977 2620 tepidi
3015 2552 3214 2608 utendo
3259 2562 3611 2626 torpescunt,
3635 2568 3683 2615 et
3720 2574 3808 2616 eas

2233 2636 2600 2707 indigentibus
2614 2653 2722 2695 non
2748 2643 3220 2713 communicando,
3244 2646 3383 2716 juste
3406 2650 3677 2707 bonorum
3698 2667 3811 2723 ope

2232 2745 2349 2785 rum
2377 2740 2633 2788 notantur
2662 2748 2851 2791 carere
2878 2735 3111 2794 fervore.
3143 2739 3257 2814 Sed,
3280 2744 3439 2799 etiam
3484 2745 3707 2803 illorum
3741 2748 3813 2803 hic

2233 2830 2412 2894 potest
2456 2826 2761 2896 signiﬁcare
2790 2844 3110 2900 personam,
3150 2835 3286 2904 apud
3317 2851 3449 2907 quos
3485 2840 3637 2897 intra
3674 2840 3818 2897 cubic

2234 2916 2415 2971 culum
2442 2917 2732 2988 Scriptura:
2757 2929 3055 2980 tractantur
3074 2967 3089 2992 ,
3119 2925 3247 2982 foris
3265 2938 3430 2984 autem
3457 2940 3645 2985 utrum
3678 2933 3820 2989 ﬁde-

2235 3010 2315 3066 les
2335 3011 2444 3067 sint
2473 3013 2807 3085 ignorantur,
2837 3027 2892 3073 et
2917 3018 3231 3077 ﬁducialiter
3253 3036 3311 3077 ac
3335 3032 3441 3078 tute
3465 3038 3820 3093 praesumen-

2237 3113 2341 3172 tes,
2368 3106 2713 3166 inveniuntur
2741 3114 2993 3183 operibus
3014 3116 3190 3171 vacui.
3221 3115 3340 3172 Ideo
3362 3133 3541 3188 neque
3564 3118 3813 3190 (rigidos,

536 3201 778 3258 Firmum
806 3204 953 3258 enim
984 3201 1388 3260 fundamentum
1421 3203 1519 3259 Dei
1548 3212 1682 3271 stat,
1718 3203 1925 3261 habens
1950 3206 2128 3276 signa-
2154 3212 2202 3279 ο
2237 3214 2414 3269 neque
2452 3201 2722 3260 ferventes
2754 3205 2877 3261 illos
2912 3222 3033 3264 esse
3054 3209 3205 3278 dicit,
3235 3210 3286 3266 id
3316 3220 3397 3265 cst
3424 3227 3605 3283 neque
3642 3213 3811 3269 incre-

536 3296 717 3351 culum
753 3295 857 3352 hoc
897 3293 1003 3367 (II
1045 3294 1150 3348 Tit.
1178 3294 1259 3366 ιι)
1305 3315 1317 3350 :
1369 3295 1529 3351 Novit
1573 3296 1832 3352 Dominus
1872 3298 1963 3368 qui
2003 3306 2130 3354 sunt

535 3390 671 3459 ejus.
698 3389 787 3444 Sic
812 3398 870 3445 et
891 3388 979 3444 hic
1004 3398 1053 3443 et
1082 3388 1302 3442 scribam
1326 3404 1479 3459 super
1508 3389 1655 3444 illum
1681 3406 1866 3445 nomen
1890 3390 1984 3445 Dei
2006 3393 2126 3458 mei,

537 3482 679 3552 quod
725 3480 978 3537 videlicet
1029 3479 1123 3535 ﬁlii
1198 3481 1290 3535 Dei
1358 3494 1453 3549 per
1503 3480 1850 3552 adoptionem
1898 3484 2129 3541 dicimur

539 3572 719 3645 (Rom.
744 3574 882 3644 vui),
904 3582 952 3628 et
972 3588 1157 3627 nomen
1178 3572 1394 3626 civitatis
1415 3572 1509 3626 Dei
1530 3574 1627 3627 mei
1649 3590 1793 3629 nova:
1812 3569 2125 3646 Jerusalem,

543 3681 659 3736 qua:
704 3666 966 3721 descendit
998 3666 1060 3718 de
1089 3664 1215 3717 caelo
1261 3680 1293 3715 a
1322 3663 1432 3717 Deo
1463 3680 1573 3717 meo
1622 3674 1669 3718 et
1721 3682 1906 3721 nomen
1960 3685 2129 3724 meum

546 3773 753 3813 novum.
804 3756 1012 3811 Titulus
1056 3754 1290 3810 nominis
1337 3754 1721 3823 eminentiam,
1771 3756 2046 3829 dignitatis
2076 3772 2131 3819 et

545 3852 693 3923 pacis
721 3850 958 3904 insinuat
986 3848 1269 3903 visionem.
1300 3846 1598 3901 Jerusalem
1631 3849 1773 3903 enim
1805 3850 2129 3920 interpreta-

544 3952 633 3999 tur
667 3942 845 4014 (Rom.
873 3939 952 4011 γι)
978 3939 1114 3995 visio
1140 3939 1306 4008 pacis.
1339 3937 1504 3993 Nova:
1546 3948 1741 4007 autem,
1787 3954 2009 4012 propter
2032 3958 2129 3999 no-

540 4036 760 4092 vitatem
803 4034 924 4089 vitae
966 4034 1021 4089 in
1054 4046 1160 4103 qua
1202 4030 1453 4101 iubemur
1494 4031 1763 4089 incedere.
1790 4033 1901 4115 Hoc
1948 4043 2127 4091 autem

544 4130 745 4187 Christi
778 4141 998 4195 nomen,
1036 4124 1181 4197 quod
1204 4134 1286 4181 est
1309 4138 1470 4195 super
1491 4138 1648 4181 omne
1673 4140 1869 4183 nomen
1898 4127 2125 4199 (Philip.

542 4226 638 4297 ιι),
694 4237 801 4279 non
851 4237 919 4279 ex
973 4230 1218 4290 tempore
1260 4217 1397 4273 Filio
1428 4217 1525 4274 Dei
1572 4220 1832 4275 successit
1884 4229 1941 4275 ut
1987 4222 2127 4277 idem

540 4332 738 4374 novum
769 4316 875 4373 dici
915 4323 1153 4386 putetur,
1196 4327 1315 4369 cum
1356 4313 1410 4368 in
1457 4313 1645 4370 eadem
1693 4314 1933 4371 claritate
1982 4314 2126 4372 Patri

545 4423 760 4480 Semper
802 4409 1067 4464 manserit
1105 4414 1424 4473 coaeternus,
1469 4405 1535 4460 de
1576 4419 1680 4476 qua
1727 4407 1794 4462 ad
1835 4422 1960 4463 eum
2000 4408 2129 4464 dicit

546 4502 722 4572 (Joan.
752 4501 885 4571 xvtt)
930 4521 943 4558 :
980 4500 1148 4568 Quam
1194 4500 1353 4555 habui
1396 4500 1534 4569 apud
1567 4507 1618 4555 te
1641 4503 1949 4572 priusquam
1971 4518 2127 4559 mun-

2237 3293 2428 3364 dulos,
2460 3311 2633 3368 neque
2673 3298 2881 3356 ﬁdeles.
2928 3301 2994 3356 Et
3034 3304 3159 3373 quia
3191 3304 3499 3374 huiusmodi
3549 3307 3808 3377 tepiditate

2235 3388 2447 3456 utrique
2477 3390 2559 3444 sui
2600 3405 2856 3448 nauseam
2895 3392 3131 3451 faciunt:
3165 3395 3411 3464 Vomam,
3442 3399 3641 3470 inquit,
3673 3410 3722 3457 te
3753 3401 3805 3455 de

2233 3493 2329 3535 ore
2367 3496 2487 3538 meo
2516 3497 2531 3547 ;
2565 3482 2660 3539 sed
2699 3484 2822 3555 quia
2846 3493 3057 3557 tempus
3085 3496 3167 3543 est
3188 3488 3547 3558 poenitentize,
3584 3508 3692 3548 non
3722 3492 3800 3548 sibi

2233 3571 2578 3629 blandiantur
2604 3576 2741 3633 {also
2768 3580 2985 3636 nomine
3008 3578 3237 3635 divitum
3266 3595 3329 3637 ac
3356 3590 3670 3653 potentum,
3693 3600 3797 3655 quo-

2233 3680 2352 3722 rum
2392 3662 2604 3740 egestas
2640 3671 2962 3742 caecitasque
3003 3673 3309 3744 increpatur
3336 3683 3393 3730 et
3436 3677 3678 3743 nuditas,
3719 3675 3798 3731 sed

2233 3759 2452 3815 audiant
2473 3763 2845 3820 consulentem
2869 3765 2997 3833 srbi,
3022 3781 3286 3839 verasque
3314 3768 3559 3835 divitias,
3582 3768 3799 3825 videlicet

2233 3851 2536 3919 scientiam,
2567 3855 2930 3925 pollicentem.
2979 3858 3232 3930 Utrisque
3273 3861 3426 3917 enim
3457 3863 3723 3931 convenit,
3753 3870 3799 3917 ut

2235 3958 2303 3999 ne
2324 3945 2391 4001 ab
2423 3944 2544 4002 imis
2572 3948 2871 4006 visceribus
2912 3962 3251 4009 evomantur.
3282 3954 3442 4011 Nunc
3482 3956 3593 4012 sibi
3641 3964 3797 4011 aurum

2234 4047 2417 4095 emant
2444 4040 2511 4095 de
2536 4057 2641 4111 quo
2668 4044 2797 4099 dicit
2824 4043 3009 4115 (Prov.
3042 4050 3152 4117 xvi)
3184 4065 3197 4101 :
3229 4050 3478 4119 Accipite
3505 4051 3797 4120 sapientiam

2233 4131 2375 4186 sicut
2413 4146 2624 4199 aurum,
2676 4143 2729 4189 et
2775 4136 3053 4191 scientiam
3095 4137 3234 4193 sicut
3270 4149 3561 4211 argentum
3601 4140 3800 4197 Kelimet

2235 4220 2509 4295 [Kemite].
2540 4223 2597 4279 Si
2627 4222 2754 4293 quid
2794 4225 2861 4280 de
2891 4226 3289 4296 Scripturarum
3328 4231 3635 4286 divinarum
3664 4231 3801 4286 fonti-

2238 4314 2338 4371 bus
2369 4324 2621 4388 tanquam
2653 4318 2935 4389 sapientia:
2965 4321 3170 4376 lumine
3218 4321 3453 4378 radianti
3484 4324 3691 4379 haurire
3715 4336 3799 4393 po-

2244 4410 2445 4467 tuerint
2464 4452 2480 4480 ,
2528 4418 2719 4482 opere
2741 4414 2858 4483 ipso
2883 4414 3187 4485 perﬁciant,
3219 4415 3332 4471 sive
3373 4415 3453 4471 illi
3482 4416 3555 4472 de
3584 4416 3801 4488 largitate

2237 4504 2559 4571 substantia:
2584 4546 2599 4571 ,
2637 4506 2935 4563 visceribus
2968 4508 3184 4577 pietatis
3221 4508 3438 4578 ignitis,
3485 4510 3620 4567 sive
3648 4509 3726 4566 isti
3748 4508 3800 4563 dc

542 4592 645 4647 dus
693 4598 856 4647 esset.
882 4589 989 4645 Sed
1030 4604 1257 4655 novum,
1290 4605 1388 4659 pro
1431 4589 1797 4658 humanitate,
1828 4592 1883 4646 in
1924 4608 2028 4663 qua
2075 4605 2127 4649 et
2156 4597 2475 4675 Dscieutiae
2501 4597 2807 4654 litteratura
2852 4600 3171 4671 spiritaliter
3210 4601 3505 4657 informati.
3559 4604 3799 4675 Scriptum

543 4683 683 4740 mori
711 4682 880 4738 voluit
906 4688 960 4737 et
988 4690 1229 4737 mortuus
1264 4681 1587 4747 resurrexit;
1617 4681 1740 4736 hinc
1772 4698 1866 4753 per
1897 4686 2126 4755 prophe-

542 4784 652 4831 tam
700 4770 837 4844 (Isa.
901 4771 1102 4843 mn):
1148 4773 1324 4839 Nova,
1358 4773 1558 4844 inquit,
1609 4773 1747 4830 facio
1792 4778 1971 4833 omnia
2008 4794 2127 4850 quae

543 4880 687 4923 nunc
728 4868 1002 4931 orientur;
1049 4872 1104 4921 et
1142 4865 1433 4935 Apostolus
1471 4862 1584 4935 (ll
1625 4862 1744 4921 Car.
1773 4869 1847 4938 v)
1884 4886 1909 4921 εΔ
1933 4868 2126 4928 Vetera

540 4958 888 5025 transierunt,
918 4970 1044 5015 ecce
1088 4956 1220 5013 facta
1249 4967 1374 5012 sunt
1406 4959 1587 5013 omnia
1613 4974 1772 5015 nova.
1798 4960 1934 5019 Hinc
1963 4964 2123 5020 etiam

541 5054 838 5109 meruimus
877 5048 1185 5107 Christiano
1223 5051 1432 5105 censeri
1480 5050 1759 5108 vocabulo.
1793 5054 1991 5125 Angela
2014 5056 2127 5111 Ec-

540 5146 708 5202 clesiae
735 5143 1013 5199 Laodicea:
1040 5142 1202 5198 scribe
1230 5158 1248 5196 :
1278 5141 1406 5197 Iltec
1430 5143 1555 5197 dicit
1579 5144 1703 5215 quia
1731 5154 1815 5202 est
1842 5150 2003 5203 Amen
2029 5159 2128 5204 tes-

540 5241 603 5294 tis
630 5237 801 5308 [idelis
832 5246 880 5292 et
924 5251 1090 5291 verus.
1120 5234 1271 5301 Quod
1303 5233 1411 5299 hic,
1459 5244 1543 5291 est
1570 5246 1625 5292 et
1666 5237 1840 5295 Amen
1883 5240 2121 5309 ponitur,

540 5330 1075 5389 animadvertendum
1116 5330 1384 5385 existimo.
1413 5330 1586 5387 Amen
1634 5334 1832 5403 quippe
1860 5333 2123 5406 interpre-

538 5430 733 5495 tatum,
756 5424 951 5481 dicitur
970 5436 1158 5479 verum
1189 5422 1301 5478 sive
1324 5420 1571 5479 ﬁdeliter.
1608 5424 1759 5481 Unde
1788 5426 1889 5482 hoc
1911 5428 2029 5484 loco
2054 5432 2124 5486 ad

540 5517 687 5573 illam
714 5517 1005 5574 divinitatis
1032 5517 1323 5573 essentiam
1358 5517 1541 5587 procul
1583 5516 1746 5572 dubio
1769 5519 2123 5589 redigendum

541 5608 713 5665 estde
735 5624 836 5680 qua
866 5611 1091 5679 loquens
1114 5608 1281 5680 Moysi
1308 5609 1466 5675 Deus,
1493 5606 1623 5661 dicit
1653 5607 1852 5677 (Exod.
1880 5611 1960 5685 ιιι)
1989 5632 2000 5666 :
2034 5615 2123 5671 Sic

542 5699 691 5755 dices
738 5702 860 5758 ﬁliis
906 5702 1069 5759 Israel
1096 5720 1109 5759 :
1140 5704 1241 5769 Qui
1271 5712 1371 5772 est,
1411 5701 1555 5756 misit
1596 5717 1680 5757 me
1732 5705 1795 5759 ad
1838 5721 1951 5761 vos.
2008 5708 2125 5779 Ipse

544 5796 690 5854 enim
725 5810 847 5857 vere
871 5810 973 5867 est,
998 5801 1083 5873 qui
1115 5814 1326 5871 semper
1372 5801 1510 5856 idem
1544 5808 1643 5856 est.
1678 5801 1875 5861 Verum
1908 5807 2031 5877 quia
2064 5811 2116 5865 iu

2230 4698 2315 4747 est
2342 4692 2483 4748 enim
2512 4692 2697 4763 (Prov.
2730 4694 2847 4764 xm)
2881 4712 2894 4750 :
2925 4694 3245 4767 Redemptio
3274 4696 3470 4752 animae
3494 4698 3613 4753 viri
3639 4695 3801 4754 divitis

2230 4799 2363 4841 suae.
2398 4786 2472 4841 De
2500 4786 2609 4842 illis
2647 4802 2777 4844 vero
2803 4786 2859 4858 (Ι
2894 4786 2997 4844 Tit.
3046 4790 3126 4859 ιιι)
3160 4805 3175 4844 :
3213 4790 3295 4845 Ab
3334 4789 3571 4847 infantia
3619 4800 3698 4848 tua
3733 4804 3803 4845 sa-

2231 4894 2349 4935 cras
2374 4879 2579 4935 litteras
2611 4881 2787 4949 nosti,
2816 4896 2934 4950 quae
2966 4891 3017 4936 te
3058 4890 3284 4950 possunt
3332 4882 3621 4939 instruere
3651 4882 3712 4937 ad
3742 4893 3805 4935 sa-

2232 4972 2397 5027 lutem
2424 4987 2544 5043 quae
2588 4980 2670 5028 est
2701 4972 2757 5027 in
2800 4972 3014 5030 Christo
3058 4975 3208 5030 Jesu.
3243 4974 3388 5031 Bene
3417 4982 3620 5031 autem
3648 4984 3806 5030 aurum

2230 5066 2519 5122 conﬂatum
2548 5066 2720 5134 dixit,
2770 5075 2995 5137 propter
3037 5082 3345 5138 pressuram
3382 5068 3806 5138 persecutionis.

2229 5172 2389 5228 quam
2422 5157 2469 5211 si
2518 5171 2613 5213 eos
2654 5158 2937 5229 contigerit
2969 5173 3068 5229 pro
3098 5158 3315 5216 Christo
3366 5160 3562 5218 subire
3592 5205 3610 5231 ,
3650 5164 3809 5232 optent

2229 5247 2421 5304 devote
2468 5250 2766 5321 suscipere.
2816 5250 2976 5307 Tales
3016 5252 3158 5307 enim
3189 5252 3257 5308 de
3285 5267 3480 5323 magno
3530 5254 3809 5326 tepiditatis

2228 5344 2440 5400 excidio
2471 5345 2591 5400 utili
2621 5347 3037 5417 compunctione
3052 5348 3321 5415 conversi,
3355 5362 3463 5402 non
3492 5348 3683 5404 solum
3706 5345 3812 5410 sibi,

2232 5441 2325 5495 sed
2358 5449 2411 5495 et
2439 5440 2557 5497 aliis
2581 5456 2703 5499 esse
2732 5441 3005 5513 potuerint
3034 5442 3313 5513 fructuosi,
3350 5442 3571 5513 ipsique
3600 5446 3707 5500 sint
3735 5455 3812 5495 au-

2230 5550 2347 5589 rum
2383 5534 2741 5591 tribulationis
2770 5536 2891 5606 igne
2913 5543 3191 5607 purgatum
3216 5536 3416 5606 pariter
3438 5544 3491 5591 et
3514 5537 3811 5591 decoctum.

2231 5628 2301 5685 Ut
2333 5629 2428 5697 sis,
2465 5630 2653 5698 inquit,
2700 5628 2852 5687 dives
2883 5640 2929 5685 et
2962 5639 3110 5685 veste
3149 5630 3267 5685 alba
3301 5629 3560 5685 vestiaris
3586 5671 3603 5695 ,
3642 5638 3695 5684 et
3725 5644 3813 5681 non

2230 5730 2477 5793 appareat
2509 5725 2559 5776 in
2589 5732 2638 5777 te
2673 5722 2886 5779 foeditas
2910 5722 3161 5778 nuditatis
3195 5733 3328 5789 ture,
3365 5732 3411 5777 et
3439 5722 3664 5793 collyrio
3692 5730 3813 5785 uage

2236 5819 2407 5871 oculos
2442 5826 2553 5873 tuos
2597 5823 2652 5872 ut
2694 5816 2864 5873 videas
2908 5817 3178 5887 :justitiac
3229 5815 3480 5889 operibus
3538 5815 3812 5872 destitutos
