3968 6354
161 326 274 395 815

1195 326 1640 386 COMMENTAR.
1683 327 1746 382 ΙΝ
1789 325 2168 384 APUCALYP.
2214 327 2339 384 LIB.
2386 329 2423 384 l.

3357 333 3460 390 8H

161 463 425 526 tanquam
465 452 640 509 nudos
674 458 845 521 notat,
878 465 1014 524 quos
1064 448 1225 505 etiam
1259 445 1432 516 arguit
1479 443 1757 500 cmcitatis.
1791 446 1838 507 Α
1870 455 2125 499 meretur.
2162 445 2207 499 Α
2237 443 2481 500 convalle
2511 453 2685 499 autem
2716 444 3027 514 plorationis
3057 445 3365 505 ascenditur
3387 447 3456 505 ad

169 551 273 608 llle
303 555 482 604 autem
520 546 853 602 vestimentis
885 544 1026 600 albis
1053 539 1292 597 induitur
1317 538 1409 609 qui
1438 536 1762 606 baptismate

163 641 374 698 Christi
404 639 653 707 vestitur,
680 645 734 694 et
755 655 818 694 ea
842 638 945 694 ﬁde
967 636 1133 708 pollet
1154 647 1275 704 quae
1299 646 1394 702 per
1420 631 1763 687 dilectionem

163 741 426 804 cperatur
456 731 654 803 (Galat.
688 733 763 802 v).
802 730 1119 799 Quicunque
1146 729 1288 783 enim
1319 727 1373 781 in
1412 725 1628 781 Christo
1674 723 1767 780 ba-

171 831 360 896 ptizati
392 829 544 890 estis,
579 826 850 881 Christum
883 823 1131 880 induistis
1163 822 1341 896 (Rom.
1376 819 1482 890 vt);
1516 834 1637 876 cum
1671 835 1767 873 au-

174 930 285 974 tem
319 919 550 990 collyrio
583 917 768 973 oculos
795 915 926 971 dicit
958 913 1256 986 ungendus,
1289 910 1654 966 inclinandum
1677 897 1770 965 cer

170 1011 241 1064 ad
280 1009 462 1066 divina
492 1008 796 1064 testimonia
837 1014 1020 1061 monet
1055 1002 1253 1078 (Galat.
1293 1001 1399 1074 ιιι).
1434 1001 1772 1071 Praeceptum

171 1102 322 1158 enim
376 1098 590 1156 Domini
637 1096 917 1163 lucidum,
973 1093 1285 1150 illuminans
1337 1091 1528 1147 oculos
1581 1089 1770 1162 (Psat.

181 1190 363 1262 xvtn).
400 1191 514 1264 Ego
535 1205 664 1260 quos
690 1203 834 1256 amo,
876 1185 1163 1255 redarguo,
1199 1196 1244 1239 et
1267 1185 1480 1257 castigo.
1517 1181 1776 1252 Flagellat

172 1284 322 1339 enim
368 1295 584 1336 omnem
618 1279 783 1335 tilium
815 1293 974 1348 quem
1003 1277 1192 1346 recipit
1246 1274 1403 1347 (Heb.
1452 1273 1572 1344 xu).
1604 1272 1775 1327 Crede

175 1390 300 1447 ergo
341 1382 390 1429 et
418 1389 511 1445 age
536 1372 908 1445 ptenitentiam.
938 1366 1187 1424 Ostendit
1227 1381 1347 1421 esse
1374 1363 1656 1419 Laodiceae
1685 1361 1776 1431 qui

177 1464 410 1520 fuissent
459 1462 802 1518 laudabiliter
847 1459 1121 1522 imitandi,
1173 1458 1258 1512 vel
1308 1456 1396 1510 alii
1445 1452 1772 1524 corrigendi.

182 1555 322 1610 Ecce
350 1569 451 1626 ego
479 1563 558 1610 sto
584 1561 704 1608 ante
727 1554 918 1608 ostium
949 1558 997 1604 et
1019 1551 1189 1621 pulso,
1224 1549 1268 1602 si
1301 1548 1436 1602 forte
1461 1547 1569 1616 quis
1597 1545 1777 1598 audie-

178 1651 251 1705 rit
291 1665 463 1704 vocem
495 1663 696 1713 meam,
743 1654 793 1701 et
835 1644 1093 1714 aperuerit
1126 1641 1254 1696 mihi
1294 1643 1538 1711 januam.
1570 1637 1776 1693 Ostium

180 1742 368 1813 utique
393 1740 577 1797 cordis
603 1739 670 1794 ad
701 1737 1072 1808 recipiendum
1104 1735 1377 1791 Christum
1405 1748 1502 1803 per
1531 1732 1691 1787 tidem
1722 1740 1779 1787 et

1871 536 2030 605 hujus
2060 538 2267 606 apicem
2295 537 2604 609 dignitatis;
2639 538 2762 592 hinc
2806 538 3030 608 legimus
3054 535 3191 612 (Isa.
3223 539 3325 612 tt):
3357 541 3463 599 γε.

1871 627 2004 693 nite,
2036 630 2390 686 ascendamus
2420 631 2473 685 in
2505 640 2742 685 montem
2775 629 2984 686 Domini
3033 639 3088 687 et
3126 631 3194 688 ad
3238 631 3459 692 domum

1874 721 1969 777 Dei
1999 721 2185 792 Jaeoh,
2215 735 2270 780 et
2297 724 2508 779 docebit
2536 737 2633 778 nos
2661 724 2776 779 vias
2803 739 2949 779 suas.
2994 723 3101 782 Sed
3131 727 3290 782 etiam
3320 727 3459 784 ﬁde-

1872 815 1952 874 les
1983 818 2048 873 ad
2066 819 2263 874 ecelum
2294 818 2592 873 invitantur
2615 819 2940 888 ascendere,
2971 819 3183 894 quando
3207 836 3314 877 non
3345 837 3465 895 qua:

1873 925 2036 982 super
2065 921 2286 978 terram,
2316 912 2411 968 scd
2442 911 2684 969 cmlestia
2716 922 2971 984 appetere
2999 911 3258 985 jubentur
3285 923 3342 974 et
3377 930 3466 972 sa-

1876 1015 2021 1074 pere.
2050 1003 2182 1059 Nam
2211 1013 2264 1059 et
2285 1004 2498 1074 quando
2538 995 2686 1061 rudis
2705 1008 2935 1077 quisque
2960 1008 3012 1062 in
3047 1006 3287 1064 Ecclesia
3307 1007 3466 1066 Chri-

1875 1104 2016 1150 stum
2048 1109 2282 1165 passum,
2317 1099 2681 1154 resurrexlsse
2722 1105 2776 1155 et
2804 1079 3113 1154 ascendisse
3143 1100 3368 1157 docetur
3395 1101 3463 1158 ad

1879 1187 2112 1254 Patrem,
2147 1199 2198 1244 et
2230 1204 2394 1260 super
2421 1189 2503 1244 his
2530 1191 2758 1262 quisque
2799 1193 3113 1261 spiritaliter
3143 1194 3382 1251 eruditus
3411 1205 3467 1252 et

1879 1284 2087 1353 doctor,
2134 1285 2380 1341 eumdem
2413 1285 2707 1341 secundum
2750 1285 2975 1342 formam
3007 1289 3099 1343 Dei
3127 1291 3466 1362 contempla-

1881 1384 2000 1442 tur,
2033 1378 2084 1432 in
2113 1388 2266 1448 parte
2290 1378 2421 1448 justi
2453 1379 2748 1435 ascendere
2777 1379 2994 1450 dicitur,
3030 1382 3235 1437 credita
3266 1392 3466 1454 myste-

1881 1470 2087 1524 riorum
2135 1481 2345 1526 secreta
2382 1473 2618 1527 visurus.
2653 1471 2789 1528 Hinc
2827 1473 3083 1528 Dominus
3113 1474 3294 1543 (Joan.
3324 1483 3414 1546 xx)
3453 1491 3468 1530 :

1882 1560 2001 1618 Noli
2040 1578 2127 1618 me
2173 1574 2393 1636 tangere
2415 1604 2430 1629 ,
2466 1565 2701 1620 nondum
2735 1567 2877 1620 enim
2912 1566 3125 1624 escendi
3158 1567 3223 1621 ad
3257 1567 3467 1624 Patrem

1884 1669 2088 1722 meum,
2122 1664 2343 1724 tactum,
2377 1659 2563 1713 volens
2593 1658 2970 1716 credulitatem
3002 1659 3251 1732 intelligi.
3281 1659 3470 1716 Statim

1884 1749 1961 1820 fui
1991 1751 2042 1805 in
2069 1753 2276 1819 spiritu,
2307 1760 2352 1806 et
2383 1769 2495 1807 ecce
2521 1753 2627 1807 vidi
2670 1753 2921 1810 thronum
2972 1757 3199 1825 positum
3231 1757 3283 1809 in
3313 1755 3473 1822 caelo,

180 1835 501 1905 obsequium
530 1840 943 1904 praeceptorum.
972 1830 1257 1900 Sequitur:
1285 1828 1520 1882 lntroibo
1543 1827 1609 1880 ad
1629 1841 1773 1892 eum,

1892 1852 1932 1899 et
1961 1858 2126 1916 super
2157 1845 2409 1900 thronum
2442 1846 2740 1901 sedentem.
2783 1846 2844 1900 Et
2869 1848 2913 1901 is
2940 1850 3023 1918 qui
3048 1848 3269 1914 sedebat,
3292 1848 3475 1903 similis

184 1937 238 1984 et
265 1926 471 1983 ctenabo
497 1927 615 1979 eum
644 1938 730 1989 eo,
760 1933 804 1976 et
829 1921 918 1977 ille
939 1935 1139 1974 mecum
1166 1920 1220 1974 in
1255 1918 1447 1973 throno
1472 1932 1592 1973 meo
1619 1917 1776 1972 :liinc

184 2028 242 2074 et
279 2019 539 2074 Dominus
565 2014 747 2086 (Joan.
783 2013 894 2083 xw)
927 2029 941 2067 :
975 2013 1030 2070 Si
1063 2012 1204 2081 quis,
1237 2012 1432 2081 inquit,
1464 2011 1636 2080 diligit
1669 2024 1776 2076 me,

189 2123 496 2166 sermonem
520 2122 697 2162 meum
722 2104 978 2171 servabit,
1004 2111 1060 2158 et
1085 2103 1245 2158 Pater
1265 2116 1415 2157 meus
1427 2100 1611 2172 diliget
1633 2115 1776 2165 eum,

189 2211 246 2259 et
268 2201 334 2257 ad
361 2216 483 2258 eum
511 2199 812 2266 veniemus,
839 2205 895 2252 et
922 2195 1262 2250 mansionem
1288 2193 1429 2264 apud
1461 2207 1583 2248 eum
1616 2191 1778 2246 faeie-

183 2309 328 2350 mus.
363 2292 609 2348 Vincenti
638 2290 772 2344 dabo
813 2288 987 2342 sedere
1008 2302 1204 2340 mecum
1231 2287 1286 2339 in
1310 2286 1490 2338 throno
1519 2301 1648 2350 meo,
1682 2285 1783 2337 sic-

185 2392 242 2439 ut
283 2393 334 2439 et
371 2400 464 2455 ego
488 2383 600 2448 vici,
637 2391 684 2436 et
711 2381 858 2434 sedeo
888 2394 1004 2432 cum
1032 2375 1194 2431 Putre
1214 2392 1322 2429 meo
1351 2377 1404 2428 in
1431 2374 1617 2427 throno
1646 2378 1778 2444 ejus.

185 2475 579 2532 Consessorem
621 2470 934 2543 participem
978 2467 1259 2539 potestatis
1290 2467 1422 2520 dicit
1451 2474 1610 2534 atque
1636 2464 1781 2535 judi-

186 2570 292 2638 cii,
314 2568 383 2624 de
427 2580 534 2639 qua
561 2566 796 2622 Joannes
828 2562 1010 2636 (Joan.
1042 2566 1080 2632 ι)
1109 2581 1120 2616 :
1149 2562 1306 2617 Dedit
1333 2562 1412 2616 eis
1457 2568 1781 2630 potestatem

190 2662 330 2718 ﬁlios
363 2661 455 2716 Dei
489 2659 636 2725 fieri,
669 2658 756 2712 his
784 2657 878 2728 qui
907 2655 1135 2712 credunt
1169 2657 1221 2710 ln
1253 2655 1471 2709 nomine
1503 2654 1623 2723 ejus
1650 2670 1662 2704 :
1695 2651 1785 2722 qui

192 2771 297 2812 non
329 2770 397 2811 ex
422 2752 806 2825 sanguinibus,
837 2765 1013 2821 neque
1044 2765 1109 2806 ex
1141 2749 1417 2804 voluntate
1445 2747 1661 2812 carnis,
1692 2759 1786 2799 ne-

191 2863 297 2919 que
350 2863 416 2904 ex
457 2846 733 2902 voluntate
782 2845 924 2908 viri,
980 2841 1076 2898 sed
1105 2857 1175 2898 ex
1221 2841 1335 2896 Deo
1379 2841 1489 2895 nati
1524 2850 1666 2895 sunt.
1723 2839 1787 2894 Et

194 2944 376 3018 (Matt.
408 2941 526 3012 xu)
553 2959 567 2998 :
603 2939 872 2996 Sedebitis
896 2952 1105 2993 mecum
1145 2938 1198 2991 in
1229 2934 1513 3003 duodecim
1546 2933 1783 2999 thronis,

193 3037 497 3109 iudicantes
526 3033 812 3089 duodecim
843 3032 1014 3087 tribus
1055 3030 1235 3086 Israel.
1274 3028 1376 3095 Qui
1407 3027 1557 3082 habet
1601 3040 1785 3089 aures,

199 3131 376 3184 audiat
411 3127 538 3200 quid
567 3126 797 3200 Spiritus
826 3125 963 3179 dicat
997 3123 1266 3178 Eeclesiis.
1292 3124 1464 3176 Aures
1493 3121 1580 3175 hic
1609 3119 1789 3174 cordis

199 3222 265 3278 ad
294 3221 669 3277 mandatorum
716 3218 1074 3274 obedientiam
1110 3215 1335 3285 intelligi
1366 3212 1637 3269 convenit.
1682 3212 1785 3289 0s-

203 3314 374 3370 tendit
404 3323 583 3368 autem
618 3312 760 3382 quod
804 3312 892 3365 illa
927 3325 1046 3381 qua:
1088 3307 1397 3378 singulatim
1428 3304 1788 3360 denominans

201 3407 524 3464 admonebat
553 3401 872 3469 Eeclesiam,
900 3417 1042 3458 nunc
1067 3402 1394 3472 generaliter
1420 3395 1676 3452 Eeelesiis
1707 3395 1786 3448 al-

202 3500 344 3571 legat
388 3497 753 3569 przedicanda,
787 3495 1184 3565 deseriptisque
1216 3492 1469 3547 Ecclesiae
1501 3488 1786 3559 operibus,

202 3609 322 3664 qua:
360 3603 506 3650 esset
534 3600 590 3648 et
637 3590 811 3660 qualis
849 3589 1029 3643 futura
1060 3585 1277 3659 przedici
1307 3591 1604 3654 oporteret,
1638 3596 1790 3636 reca-

203 3687 427 3758 pitulata
451 3684 652 3741 Christi
679 3683 954 3738 nativitate
971 3723 986 3748 ,
1012 3681 1204 3738 eadem
1233 3679 1390 3733 aliter
1414 3679 1671 3733 dicturus.

274 3776 404 3834 Car.
456 3793 528 3833 tv.
563 3777 787 3847 Postea,
823 3776 1033 3843 inquit,
1081 3776 1208 3829 ridi.
1255 3773 1385 3829 Post
1413 3772 1580 3841 ipsam
1610 3769 1791 3837 utique

203 3871 466 3927 visionem
498 3884 558 3924 se
587 3869 809 3924 alteram
835 3876 1096 3924 memorat
1126 3866 1344 3920 vidisse.
1376 3864 1490 3918 Non
1516 3869 1789 3933 gestorum

205 3973 288 4020 est
307 3965 582 4020 diversum
612 3971 842 4032 tempus,
872 3962 965 4016 sed
989 3961 1291 4026 visionum;
1319 3971 1382 4013 ac
1408 3958 1453 4013 si
1485 3958 1602 4026 quis
1631 3968 1791 4010 uuam

204 4071 319 4114 rem
361 4055 594 4110 diversis
621 4054 793 4108 modis
823 4061 1062 4116 enarret,
1107 4049 1478 4104 enarrationes
1521 4047 1795 4100 halieliunt

204 4143 479 4205 diversum
514 4155 757 4215 tempus,
792 4159 896 4200 non
930 4143 1060 4197 illud
1091 4141 1234 4211 quod
1266 4154 1370 4194 uno
1400 4149 1643 4206 tempore
1674 4153 1796 4206 ges-

209 4251 319 4295 tum
362 4249 482 4306 est;
515 4238 593 4295 sic
622 4245 792 4292 totum
817 4245 1032 4306 tempus
1063 4231 1326 4288 Ecclesiae
1355 4228 1583 4285 diversis
1613 4227 1797 4296 ﬁguris

207 4333 403 4403 repetit
425 4329 812 4388 enarrandum.
847 4327 1002 4393 Ecce,
1037 4325 1232 4395 inquit,
1275 4324 1458 4376 ostium
1482 4328 1718 4388 apertum
1743 4317 1799 4370 in

207 4425 353 4478 (telo.
383 4423 591 4478 Ostium
623 4429 896 4488 apertum.
927 4416 1200 4471 Christum
1231 4414 1364 4468 dicit
1391 4420 1573 4465 natum
1597 4417 1651 4463 et
1675 4423 1797 4478 pas-

215 4531 332 4570 sum
362 4527 426 4567 ac
451 4512 793 4574 suscitatum,
823 4509 911 4578 qui
939 4516 1022 4562 est
1045 4507 1228 4576 ianua,
1255 4506 1373 4573 ipso
1401 4504 1619 4558 dicente
1646 4519 1658 4553 :
1687 4501 1799 4570 Ego

213 4622 332 4664 sum
362 4607 579 4660 ostium.
621 4602 829 4657 Ccelum
873 4599 1171 4656 Eeelesiam
1218 4596 1383 4662 dicit,
1424 4610 1490 4652 eo
1537 4592 1680 4665 quod
1728 4593 1800 4648 sit

210 4697 575 4756 habitaculum
602 4696 719 4762 Dei,
744 4696 834 4751 ubi
855 4694 1094 4751 cmlestia
1118 4698 1396 4762 geruntur.
1417 4688 1531 4744 Hoc
1551 4696 1635 4743 est
1655 4687 1796 4757 quod

209 4795 347 4852 sicut
395 4795 447 4848 in
492 4793 633 4848 caelo
664 4790 991 4845 voluntatem
1025 4787 1156 4853 Dei,
1195 4785 1270 4840 ita
1302 4784 1418 4840 tieri
1464 4779 1800 4853 postulamus

208 4886 261 4941 in
290 4894 432 4940 terra
470 4882 687 4956 (Matth.
719 4881 816 4952 vt).
848 4878 1150 4951 Aliquando
1178 4887 1355 4934 autem
1387 4875 1585 4933 caelum
1611 4883 1666 4929 et
1689 4881 1800 4928 ter-

204 4993 323 5034 ram
355 4983 412 5033 et
459 4975 760 5031 Ecelesiam
803 4972 940 5026 dicit
989 4970 1152 5041 (Luc.
1183 4970 1296 5040 ιιι),
1335 4975 1554 5039 propter
1594 4974 1795 5022 terram

209 5087 329 5142 qua:
362 5077 416 5127 et
444 5069 640 5126 caelum
666 5064 934 5130 consistit,
967 5065 1083 5118 sive
1112 5077 1231 5118 cum
1260 5060 1511 5115 inﬁdeles
1543 5056 1708 5112 rectis
1735 5055 1798 5109 ti-

211 5166 407 5220 delium
439 5159 909 5234 praedicationibus
953 5158 1302 5227 acquiruntur
1323 5197 1337 5220 ,
1371 5155 1485 5210 sive
1515 5167 1635 5208 eum
1670 5165 1797 5210 caro

213 5258 422 5328 spiritui
453 5255 720 5321 subditur,
745 5254 857 5307 sive
884 5267 1003 5306 cum
1033 5259 1242 5305 terrena
1275 5247 1580 5303 coelestibus
1609 5257 1800 5299 recon-

211 5352 389 5407 ciliata
414 5349 735 5421 junguntur.
769 5344 899 5399 Ecce
920 5360 1016 5399 vos:
1048 5344 1139 5398 illa
1173 5345 1338 5414 prima
1365 5355 1515 5411 quam
1541 5338 1713 5393 audivi
1742 5343 1799 5390 ut

211 5445 337 5500 tuba
376 5445 683 5513 loquentem
714 5454 909 5494 mecum
938 5455 955 5493 :
983 5438 1209 5491 Ascende
1246 5437 1363 5501 huc,
1406 5433 1596 5503 inquit,
1627 5441 1673 5484 et
1711 5445 1797 5483 os-

215 5538 416 5593 tendam
441 5537 533 5590 tibi
556 5551 667 5606 qua!
688 5536 801 5604 ﬁeri
816 5541 926 5606 post
949 5533 1051 5587 lucc
1078 5540 1293 5604 oportet.
1315 5528 1430 5582 Vox
1456 5525 1796 5598 prmdieatio;

214 5629 334 5685 ideo
364 5630 556 5684 dicitur
603 5626 754 5698 (Isti.
784 5626 951 5694 Lvm)
983 5642 996 5680 :
1031 5625 1192 5692 Quasr
1237 5624 1360 5679 tuba
1402 5620 1571 5675 exalta
1609 5630 1796 5671 vocem

214 5733 382 5780 tuam.
435 5724 704 5778 Ascensus
753 5729 870 5785 e‘st,
915 5720 1126 5789 quando
1160 5733 1275 5772 cum
1330 5717 1579 5783 dii-specta
1614 5709 1797 5763 n'iunili

212 5819 398 5874 venire
430 5816 492 5873 ad
545 5815 838 5871 Ecclesium
891 5815 1110 5884 quisque
1161 5813 1240 5866 vel
1299 5809 1666 5881 compellitur,
1718 5804 1801 5861 vel

1883 1939 2023 1994 visui
2054 1940 2426 2011 eratjaspidis,
2458 1949 2566 1996 etc.
2601 1939 2721 2020 Istae
2752 1943 3182 2010 comparationes
3213 1942 3468 2020 Ecclesia;

1884 1943 2023 1994 visui
2054 1943 2426 2011 eratjaspidis,
2458 1949 2566 1996 etc.
2601 1943 2721 2020 Istae
2752 1943 3182 2010 comparationes
3257 1943 3466 1998 eclesis:

1884 2037 2228 2120 conveniunt,
2274 2051 2432 2107 quam
2459 2035 2577 2108 (sic)
2609 2017 2865 2116 Dominus
2909 2019 3122 2091 llltllllllS
3142 1943 3466 2122 esthaspidis

1885 2117 2362 2210 colorem-,Jaquam
2387 2121 2637 2195 sardinis,
2655 2117 2836 2210 ignem
2854 2129 3160 2199 significare
3183 2117 3331 2198 pitto,
3355 2118 3474 2198 qui-
3567 2149 3574 2194 ε

1885 2222 1985 2277 bus
2016 2205 2238 2278 duobus
2263 2220 2526 2293 judicium
2560 2201 2808 2277 nevim‘u's
2836 2211 3095 2278 celebrari
3126 2238 3138 2274 :
3174 2222 3345 2291 primo
3381 2237 3476 2291 per

1886 2313 2163 2379 diluvium,
2200 2315 2253 2368 in
2274 2315 2457 2370 saeculi
2484 2325 2660 2370 autem
2693 2314 2797 2370 line
2839 2330 2932 2384 per
2962 2317 3161 2386 ignem.
3197 2313 3267 2368 Et
3293 2330 3474 2384 arcus,

1887 2406 2076 2478 inquit,
2107 2416 2212 2459 erat
2238 2408 2292 2461 in
2319 2407 2534 2460 circuitu
2559 2407 2758 2473 throni,
2790 2407 2973 2460 similis
3005 2408 3145 2461 visui
3175 2409 3474 2477 smaragdi-

1888 2513 1978 2552 no.
2014 2499 2498 2582 Arcu-sntquouiam
2545 2506 2667 2579 post
2703 2498 2961 2576 diluvium
3004 2499 3304 2554 securitatis
3335 2515 3476 2570 prce.

1888 2577 2301 2678 cessit'indicio,
2334 2608 2478 2648 nunc
2505 2577 2762 2648 Ece’leSize
2791 2593 2857 2647 ad
2882 2593 3275 2663 propitiandum
3305 2592 3473 2649 Deum

1888 2673 2275 2742 convenienter
2327 2694 2561 2756 aptatur.
2608 2685 2744 2740 Nam
2798 2700 2922 2740 cum
2974 2685 3144 2741 nubes
3188 2682 3478 2742 imbrifera:

1889 2777 2175 2847 splendore
2203 2778 2332 2834 solis
2364 2779 2561 2833 fuerint
2599 2779 2851 2847 radiata},
2887 2793 3048 2834 arcus
3079 2779 3312 2847 speciem
3351 2777 3478 2834 red-

1890 2873 2043 2939 dunt,
2076 2872 2148 2954 ad
2172 2873 2323 2944 cujus
2352 2870 2811 2948 comparationem
2846 2887 2986 2950 cum
3007 2880 3319 2946 sanctorum
3361 2874 3478 2928 ani-

1856 2981 1992 3044 ruta;
2013 2964 2131 3040 (sole
2151 2955 2398 3036 justitiae,
2429 2964 2572 3036 quod
2601 2975 2681 3020 est
2710 2957 2978 3032 Christus,
3011 2965 3211 3020 fuerint
3240 2967 3476 3022 illustra-

1894 3069 1993 3127 ιω,
2027 3063 2556 3134 eo_ru_m__i_riterc_e§su
2603 3061 2864 3117 Divinitas
2897 3062 3174 3132 propitiari
3205 3062 3479 3134 dignatur.

2125 3128 2190 3136 μή
2199 3129 2256 3137 -δη-
2265 3131 2308 3137 --.
2329 3133 2356 3136 ..-

1893 3151 1962 3205 Et
1993 3133 2289 3209 in‘ci'rcuitu
2325 3133 2534 3220 throni,
2567 3155 2750 3208 sedilia
2776 3156 2954 3223 viginti
2978 3166 3214 3224 quatuor,
3264 3133 3316 3212 in
3365 3159 3483 3226 qui-

1814 3243 1862 3309 C
1895 3246 1992 3299 bus
2014 3249 2237 3300 seniores
2287 3248 2520 3301 sedentes
2569 3256 2720 3301 erant
2759 3249 2936 3320 viginti
2966 3258 3204 3318 quatuor,
3258 3249 3478 3304 circum-

1894 3341 2069 3396 amicti
2099 3350 2250 3396 veste
2279 3341 2420 3407 alba,
2452 3351 2505 3396 et
2531 3356 2694 3410 super
2717 3345 2892 3411 capita
2917 3358 3103 3398 eorum
3147 3358 3361 3399 corona:
3389 3360 3483 3399 au-

1896 3452 2021 3493 reae.
2052 3437 2302 3492 Seniores
2323 3444 2487 3490 totam
2515 3435 2810 3490 Ecclesium
2841 3437 3146 3502 dicit,sicut
3179 3452 3272 3506 per
3294 3437 3482 3494 lsaiam

1897 3530 2029 3601 (lsa.
2046 3529 2193 3600 xxrv)
2218 3527 2510 3598 :llegnavit
2530 3530 2788 3583 Dominus
2805 3529 2850 3581 in
2871 3527 3000 3584 Sion
3025 3537 3075 3610 et
3092 3529 3142 3582 in
3159 3528 3479 3600 Jerusalem,

1897 3632 1950 3678 et
1979 3624 2031 3678 in
2078 3632 2372 3693 Conspectu
2401 3623 2672 3677 seniorum
2703 3623 2820 3694 ejus
2855 3622 3254 3678 elaritieabitur.
3281 3623 3485 3694 Viginti

1897 3725 2125 3788 quatuor
2147 3727 2322 3771 autem
2351 3717 2670 3786 praepositos
2697 3717 3016 3784 complexus
3037 3728 3118 3771 est
3143 3717 3369 3772 simulet
3388 3731 3489 3786 po-

1898 3812 2083 3881 pulos,
2123 3819 2374 3881 tanquam
2427 3809 2707 3864 duodecim
2754 3809 2921 3864 trilms
2976 3809 3137 3864 Israel
3172 3809 3483 3878 tluplicans,

1899 3913 2117 3977 propter
2137 3905 2409 3976 geminum
2433 3903 2860 3969 Testamentum,
2880 3903 3003 3972 quia
3026 3904 3146 3958 etin
3171 3903 3347 3960 Veteri
3363 3904 3488 3960 etin

1897 4001 2050 4056 Novo
2094 4000 2282 4054 eadem
2316 3999 2577 4054 formatur
2627 3997 2903 4063 Ecclesia,
2957 3997 3006 4052 id
3060 4005 3175 4063 est,
3227 3997 3482 4068 quoniam

1899 4091 2194 4148 Ecclesiam
2227 4093 2279 4146 in
2311 4092 2593 4148 duodecim
2625 4090 3160 4160 ostenditapostolis,
3189 4105 3348 4147 omne
3377 4092 3486 4147 sci-

1905 4186 2028 4240 licet
2050 4200 2248 4255 eorpus
2270 4186 2700 4256 praepositorum,
2743 4185 2882 4239 sicut
2911 4191 2966 4238 et
2995 4183 3294 4238 invenimus
3323 4182 3379 4237 in
3399 4183 3494 4238 de-

1900 4282 2197 4350 scriptione
2244 4281 2473 4335 civitatis
2499 4279 2567 4334 de
2607 4277 2745 4334 creto
2789 4275 3169 4332 descendentis
3193 4275 3492 4330 Jerusalem

1901 4375 2090 4446 (Apoc.
2117 4375 2254 4443 xxt).
2289 4372 2381 4426 Isti
2412 4370 2598 4442 viginti
2625 4379 2853 4439 quatuor
2898 4368 3100 4435 throni,
3127 4376 3349 4440 excepta
3373 4367 3496 4424 otii-

1903 4469 2108 4525 ciorum
2136 4468 2530 4531 distributione,
2556 4461 2841 4519 duodecim
2881 4467 3028 4529 sunt,
3061 4460 3184 4532 quia
3209 4470 3266 4518 et
3285 4473 3497 4532 prapo-

1902 4573 1991 4630 siti
2013 4588 2079 4629 ex
2097 4572 2377 4629 duodecim
2399 4570 2640 4626 tribubus
2658 4576 3063 4638 promoventur.
3085 4565 3191 4624 Sed
3207 4566 3496 4625 duodecim

1904 4677 2104 4745 throni,
2133 4684 2360 4746 excepto
2391 4672 2618 4746 mystico
2649 4685 2896 4740 numero,
2930 4685 3068 4728 unus
3101 4679 3185 4728 est
3228 4671 3488 4740 thronus,

1905 4771 1956 4827 id
1987 4779 2068 4827 est
2091 4770 2352 4826 Ecclesia.
2388 4768 2547 4824 Solus
2576 4764 2722 4823 enim
2767 4765 3022 4820 Dominus
3046 4763 3292 4819 Christus
3320 4761 3387 4818 ad
3407 4760 3496 4833 ju-

1903 4863 2186 4919 dicandum
2218 4875 2466 4918 sessurus
2489 4869 2599 4925 est;
2628 4857 2837 4914 sedebit
2858 4864 3036 4913 autem
3069 4857 3123 4910 in
3154 4854 3304 4922 sede,
3336 4853 3390 4910 id
3410 4858 3497 4910 est

1907 4957 2164 5023 Ecclesia,
2198 4953 2446 5024 judicans
2491 4951 2776 5007 duodecim
2809 4950 3016 5006 tribus:
3047 4949 3141 5004 sed
3167 4950 3219 5004 in
3246 4948 3492 5013 Christo,

1906 5053 1957 5106 in
1986 5066 2093 5120 quo
2123 5050 2236 5118 ipsa
2261 5057 2342 5103 est
2367 5057 2498 5116 tota,
2523 5046 2786 5103 sedebunt
2814 5053 2869 5099 et
2891 5042 3207 5115 iudicabunt
3230 5040 3492 5108 membra,

1907 5142 2000 5198 sed
2033 5143 2086 5197 in
2117 5157 2281 5196 unum
2328 5151 2380 5196 et
2410 5155 2505 5208 per
2530 5155 2692 5194 unum
2724 5143 2935 5208 caput.‘
2964 5133 3136 5190 Aliter
3166 5124 3390 5203 possunt
3418 5130 3497 5185 vi-

1909 5237 2040 5307 ginti
2070 5244 2297 5304 quatuor
2325 5233 2569 5288 seniores
2599 5231 2653 5286 in
2682 5231 2789 5286 illis
2820 5227 3061 5298 intelligi,
3095 5227 3184 5296 qui
3214 5223 3496 5294 perfectio-

1909 5345 2052 5399 nem,
2080 5341 2195 5397 quac
2215 5327 2429 5381 senario
2457 5338 2682 5380 numero
2704 5321 3128 5386 commendatur,
3151 5317 3297 5373 clara
3320 5313 3498 5372 Eval-

1907 5422 2030 5493 gelii
2063 5419 2445 5492 praedicatione
2490 5423 2898 5482 consummant;
2943 5428 3066 5470 nam
3104 5418 3293 5483 quater
3335 5407 3453 5464 seni
3479 5448 3496 5473 ,

1907 5515 2092 5587 viginti
2123 5524 2350 5586 quatuor
2381 5514 2604 5570 faciunt.
2637 5512 2703 5567 Et
2741 5527 2808 5569 ex
2837 5512 3051 5568 illorum
3090 5509 3274 5564 throno
3299 5502 3510 5562 exeunt‘

1909 5610 2309 5667 coruscationes
2352 5617 2399 5662 et
2428 5623 2570 5662 voces
2599 5615 2648 5661 et
2676 5608 2922 5660 tonitrua.
2954 5600 3226 5658 'l‘onitruis
3267 5607 3321 5657 et
3349 5596 3520 5695 voci«1

1909 5707 2029 5772 bus,
2067 5703 2378 5774 praedicatio
2408 5699 2687 5765 veritatis;
2715 5697 3180 5754 coruscationibus
3202 5691 3493 5750 miraculo-

1912 5815 2027 5856 rum
2058 5800 2353 5871 ﬁgurantur
2385 5796 2633 5866 insignia,
2681 5794 2820 5852 sicut
2871 5795 2920 5850 in
2973 5787 3264 5862 Evangelio
3301 5783 3502 5859 (Marc;
