3968 6354
500 293 608 353 816
1600 277 1901 341 PRIMASII
1937 271 2395 336 ADRUMETANI
2436 269 2654 329 EPlSC.
3592 326 3605 333 ,
3757 260 3887 331 816,

500 406 623 481 xvr)
651 405 770 465 :llli
796 412 998 474 autem,
1028 400 1219 473 inquit,
1250 397 1476 472 profecti
1506 394 1936 465 prmdicaverunt
1970 390 2087 445 ubi—
2113 389 2166 451 Α
2192 399 2321 441 sane
2352 394 2477 481 ante
2516 398 2577 438 se
2606 389 2659 481 et
2688 385 2835 481 retro
2862 377 2938 481 ob
2969 374 3347 481 hoc-animalia
3378 374 3723 478 dicuntur
3772 374 3865 481 ba:

500 467 631 574 que',
658 500 883 555 Domino
927 467 1332 566 cooperantevet
1374 501 1679 545 sermonem
1712 484 2088 547 confirmante,
2192 477 2343 541 bere,
2372 475 2487 531 sive
2514 473 2655 544 quod
2688 472 2979 527 luminibus
3008 470 3247 524 scientiae
3278 470 3467 538 plena,
3518 467 3680 521 sive
3716 468 3863 536 quod

502 560 853 664 sequentibus
872 560 1059 658 signis.
1092 587 1328 652 Itemque
1359 580 1534 649 (Psal.
1570 578 1748 646 uxvr)
1773 592 1788 629 :
1817 576 1929 629 Vox
1953 571 2092 627 toni-
2193 569 2432 640 perfecte
2459 568 2593 622 Novi
2622 574 2677 621 et
2712 565 2917 619 Veteris
2960 563 3286 616 Testamenti
3320 560 3636 614 unitersa
3672 560 3853 611 contio

506 652 613 742 triti
640 684 713 738 tui
745 683 797 737 in
842 652 990 745 rota;
1016 683 1379 746 apparuerunt
1411 670 1617 741 fulgura
1649 680 1734 723 tua
1766 667 1883 722 orbi
1910 676 2087 720 terra.
2194 668 2356 716 neant
2372 666 2723 712 sacramenta.
2746 655 2905 710 Fides
2926 654 3067 709 enim
3092 668 3210 723 qua:
3230 653 3453 722 gemino
3474 652 3853 706 Testamee-

503 776 600 836 llis
630 775 773 831 enim
802 742 1312 841 tanquam'nubibus
1340 764 1625 835 praeceptis
1658 760 1964 817 tonantibus
1990 758 2095 811 rni-
2196 757 2251 805 ιο
2283 748 2573 820 profertur,
2607 748 2753 803 omni
2795 755 3095 815 temporum
3144 747 3455 813 completur
3495 744 3688 797 visu.
3721 742 3843 797 Cum

506 868 814 937 raculisque
835 838 1161 933 fulgentibus
1186 857 1419 913 mundus
1444 854 1794 911 tremefactus
1838 850 2092 906 formida-
2194 857 2324 913 ergo
2350 842 2474 913 quid
2493 851 2619 896 ante
2636 841 2689 895 ὶιι
2714 838 2889 894 Veteri
2917 848 3122 893 tantum
3151 838 3531 937 Τεδιεῐιιθξλιο
3553 850 3845 904 congrue-

506 961 588 1017 vit
651 928 1007 1015 ct'credidit.
1044 950 1113 1006 Et
1167 962 1357 1021 septem
1413 947 1605 1017 phiala:
1665 946 1802 1016 ignis
1858 943 2093 997 ardentes
2196 934 2308 1002 bat,
2330 933 2454 1004 quid
2482 934 2632 989 Novo
2657 931 2977 987 succedente
2998 931 3255 986 claruerit
3273 928 3663 992 revelatum,
3693 930 3837 997 quid-

506 1058 662 1111 erant
728 1049 786 1104 in
861 1053 1154 1117 conspectu
1215 1041 1417 1097 throni.
1477 1040 1583 1094 Illas
1640 1049 1845 1108 septem
1902 1034 2095 1105 phialae
2196 1044 2262 1085 ve
2290 1028 2374 1083 his
2401 1026 2724 1084 docentibus
2751 1023 3076 1094 sperandum
3128 1022 3244 1079 fore
3269 1020 3702 1094 cognoscitur,
3736 1021 3835 1075 istis

506 1151 633 1199 sunt
654 1150 861 1211 septem
894 1112 1125 1208 Spiritus
1161 1135 1275 1190 Dei.
1318 1134 1372 1191 Si
1405 1147 1464 1188 se
1485 1132 1602 1202 ipse
1631 1147 1736 1185 non
1767 1134 2097 1200 exponeret,
2198 1119 2482 1176 omnifaric
2510 1114 2909 1189 quodammodo
2944 1114 3197 1170 animalia
3226 1115 3564 1211 probantur
3600 1112 3823 1183 fulgtue,

506 1234 565 1293 in
612 1233 697 1288 his
721 1209 932 1303 septem
963 1228 1279 1285 ardentibus
1310 1224 1504 1296 phialis
1548 1222 1807 1292 Spiritum
1848 1230 2096 1277 sanctum
2199 1214 2511 1271 luminibus.
2540 1210 2820 1267 Praeterito
2867 1224 3097 1281 namque
3137 1209 3364 1303 tempori
3418 1217 3727 1303 tanquam
3750 1223 3826 1262 aa-

508 1341 608 1383 nos
626 1323 923 1393 intelligere
944 1320 1285 1383 conveniret,
1313 1319 1427 1374 sive
1452 1315 1594 1387 quod
1624 1316 1898 1388 iguearum
1922 1314 2097 1369 forma

507 1417 809 1487 linguarum
839 1414 1098 1485 apostolis
1119 1412 1324 1469 infusus
1341 1423 1445 1475 est,
1468 1410 1582 1465 sive
1609 1417 1825 1479 propter
1847 1407 1963 1475 ejus
1986 1421 2099 1461 me-

508 1508 828 1566 morabilem
867 1504 1227 1576 septenariam
1250 1500 1622 1571 Operationem
1662 1507 1899 1567 :quanto
1931 1497 2100 1569 magis

509 1615 675 1667 nunc,
687 1600 899 1671 quando
914 1600 1026 1666 ipse
1042 1594 1314 1664 subjunxit
1330 1610 1342 1646 :
1361 1593 1462 1661 Qui
1473 1602 1614 1655 sunt,
1630 1590 1898 1660 inquiens,
1911 1598 2101 1661 septem

510 1692 724 1762 spiritus
753 1689 885 1744 Dei!
916 1688 1015 1744 Ubi
1058 1698 1235 1742 autem
1281 1684 1689 1741 convenientius
1718 1682 1948 1753 Spiritus
1977 1695 2104 1736 san-

2199 1311 2397 1365 teriora
2431 1306 2693 1377 promissa
2723 1304 3055 1373 dispensatio
3084 1302 3281 1359 Christi
3321 1302 3571 1357 Domini
3606 1301 3815 1371 deputa-

2203 1410 2311 1468 tur,
2341 1415 2461 1471 qute
2488 1398 2626 1455 sicut
2650 1396 2906 1468 praedicta
2935 1410 2969 1450 a
3008 1395 3283 1465 prophetis
3326 1396 3580 1462 legitur,
3621 1408 3815 1462 peracta

2202 1494 2365 1553 etiam
2396 1493 2766 1564 perdocetur;
2804 1489 3077 1560 praesenti,
3120 1487 3473 1544 credulitatis
3530 1498 3805 1556 augmenti

2204 1595 2261 1644 et
2282 1584 2641 1643 Ecclesiarum
2683 1579 3014 1637 conveniunt
3056 1579 3431 1645 incrementa;
3471 1576 3701 1643 futuro,
3732 1580 3804 1632 bc-

2206 1695 2399 1738 norum
2453 1679 2827 1748 malorumque
2880 1674 3213 1745 diremptio,
3254 1675 3381 1744 quia
3420 1671 3632 1743 justas
3666 1670 3719 1727 iu
3746 1671 3799 1725 ri-

511 1793 631 1842 ctus
653 1784 922 1840 diceretur
944 1782 1163 1848 adesse,
1194 1795 1352 1851 quam
1378 1778 1434 1835 in
1469 1778 1806 1849 baptismatis
1836 1785 2095 1845 tempore,
2129 1772 2180 1834 B
2207 1782 2347 1841 tam,
2381 1772 2572 1840 impios
2601 1770 2657 1826 in
2691 1785 2902 1839 pmnam
2950 1768 3156 1824 futuros
3210 1765 3504 1823 credimus
3552 1766 3800 1835 deputan-

513 1877 733 1949 quando
762 1888 1197 1945 unumquemque
1246 1872 1485 1928 ﬁdelium
1537 1885 1661 1926 eum
1685 1867 1954 1927 credimus
2000 1868 2102 1924 rite

517 1970 822 2041 percipere,
850 1966 993 2037 quod
1025 1980 1168 2021 nunc
1194 1979 1453 2035 aquarum
1484 1962 1693 2017 videtur
1732 1962 1934 2016 mentio
1965 1959 2105 2015 facta

514 2061 777 2133 ignare?
808 2060 921 2115 lloc
947 2059 1089 2115 enim
1116 2058 1382 2129 sequitur,
1410 2055 1596 2112 dicens
1621 2054 1731 2133 :_Et
1752 2054 1805 2108 in
1836 2060 2107 2124 conspectu

517 2128 689 2209 throni
714 2168 852 2207 mare
877 2128 1291 2211 vitreum.sintile
1310 2150 1571 2220 crystallo.
1595 2128 1656 2202 lii
1676 2146 1806 2201 mari
1829 2147 1997 2200 vitreo
2025 2144 2109 2199 in-

518 2246 777 2317 telligitur
800 2244 1150 2315 baptismum,
1171 2242 1261 2296 ubi
1290 2241 1453 2298 corde
1473 2240 1710 2297 creditur
1729 2239 1796 2293 ad
1820 2236 2105 2309 justitiam,

520 2355 616 2397 ore
644 2348 822 2393 autem
852 2336 1124 2391 confessio
1155 2335 1215 2389 lit
1243 2335 1308 2388 ad
1339 2338 1567 2389 salutem
1605 2332 1796 2404 (Rom.
1828 2346 1860 2385 x
1888 2330 1908 2402 )
1933 2345 1949 2396 ;
1980 2344 2107 2400 pro-

523 2443 641 2505 pter
659 2434 816 2488 lldem
831 2431 1025 2501 quippe
1041 2432 1266 2485 refertur
1277 2428 1345 2483 ad
1367 2428 1585 2493 vitrum;
1606 2442 1710 2481 non
1731 2425 1874 2481 enim
1897 2424 2038 2478 aliud
2056 2424 2108 2480 iu

523 2528 667 2583 vitro
693 2527 902 2582 videtur
929 2524 1362 2593 exterius,quam
1386 2521 1527 2591 quod
1548 2528 1721 2591 geStat
1742 2518 1983 2574 interius.
2005 2518 2114 2574 Nec

528 2621 760 2676 inaniter
785 2619 837 2672 in
860 2625 1152 2685 conspectu
1183 2614 1364 2670 throni
1396 2615 1497 2669 hoc
1528 2612 1788 2682 baptisma
1819 2626 1941 2666 esse
1969 2624 2117 2665 com-

530 2713 766 2781 mendat,
800 2711 904 2765 nisi
930 2711 1049 2780 quia
1082 2722 1305 2779 possunt
1339 2709 1437 2761 hoc
1463 2707 1700 2761 lia-retici
1733 2720 1947 2775 quoque
1974 2705 2118 2759 foras

532 2801 735 2857 habere
777 2802 860 2857 vol
907 2802 1054 2856 dare.
1088 2800 1180 2856 Sic
1208 2816 1335 2871 ergo
1365 2799 1494 2853 dicit
1539 2797 1733 2870 (Exod.
1773 2797 1968 2868 χχχιιι)
2013 2814 2027 2851 :
2061 2798 2118 2853 ln

535 2904 827 2963 conspectu
882 2893 1079 2957 throni,
1111 2894 1251 2946 sit'ut
1281 2891 1448 2962 Moysi
1497 2891 1697 2945 dictum
1727 2892 1954 2958 legimus
1982 2906 1995 2943 :
2029 2890 2122 2943 Est

536 2986 688 3042 locus
713 2999 875 3054 penes
896 2999 999 3038 me.
1029 2982 1124 3036 Vel
1149 2988 1260 3050 ipse
1283 2981 1337 3035 in
1365 2980 1780 3035 Deuteronomio
1807 2987 2118 3049 praemonet,

538 3076 725 3131 dicens
750 3077 926 3146 (Deut.
957 3091 1055 3142 χιι,
1088 3090 1196 3142 χιν,
1230 3090 1340 3140 xvi,
1373 3074 1520 3145 χχιιι)
1549 3092 1561 3126 :
1598 3074 1657 3127 In
1686 3073 1805 3127 loco
1831 3089 1990 3143 quem
2014 3074 2126 3128 ele-

2207 1865 2305 1921 dos
2344 1861 2562 1933 (Matth.
2598 1862 2753 1932 xxv).
2795 1861 2890 1917 llis
2916 1874 3127 1931 quoque
3149 1858 3433 1929 utriusque
3459 1856 3791 1913 concordiam

2205 1956 2540 2014 Testamenti
2565 1955 2814 2010 novimus
2837 1954 3173 2025 praesignari,
3190 1968 3312 2008 cum
3337 1954 3657 2022 posteriora
3679 1956 3788 2022 prio-

2209 2049 2380 2116 ribus,
2406 2049 2458 2103 id
2479 2057 2565 2104 est
2591 2063 2728 2104 nova
2750 2048 3041 2115 veteribus,
3067 2048 3254 2103 iisdem
3282 2047 3603 2117 probantur
3624 2048 3783 2114 oculis,

2209 2159 2332 2217 qua:
2364 2144 2568 2213 pariter
2596 2142 2865 2212 refulgere
2903 2151 2958 2197 et
2986 2140 3125 2197 inter
3152 2156 3209 2196 se
3238 2142 3398 2211 plena
3431 2141 3562 2196 ﬁdei
3587 2142 3786 2197 veritate

2211 2238 2534 2303 concinere,
2562 2252 2705 2304 cum,
2735 2236 2882 2291 verbi
2922 2235 3115 2307 gratia,
3149 2236 3200 2290 in
3229 2235 3416 2291 Veteri
3458 2236 3782 2293 Tesumazto

2214 2345 2353 2402 agno
2378 2329 2581 2395 occiso,
2614 2329 2998 2399 quinquaginta
3046 2327 3236 2383 diebus
3267 2327 3492 2395 exactis,
3524 2329 3669 2381 datur
3692 2328 3773 2382 lex

2213 2424 2278 2479 ad
2307 2422 2592 2488 timorem,
2624 2422 2824 2491 scripta
2868 2419 3034 2490 digito
3076 2420 3170 2475 Dei
3218 2421 3274 2474 in
3327 2420 3533 2489 lapideis
3576 2420 3753 2474 tabulis

2217 2516 2415 2589 (Exod.
2450 2532 2561 2586 χχι,
2596 2531 2709 2582 χιχ,
2737 2514 2852 2583 xx).
2896 2512 3047 2569 Nunc
3084 2512 3300 2583 quando
3327 2513 3515 2581 pascha
3547 2522 3763 2566 nostrum

2219 2609 2525 2664 immolatus
2553 2618 2635 2663 est
2663 2606 2911 2661 Christus
2934 2604 2985 2675 (1
3018 2605 3136 2661 Cor.
3162 2604 3249 2675 v),
3276 2603 3328 2657 id
3360 2614 3444 2658 est
3464 2602 3609 2672 juxta
3632 2603 3770 2657 luan-

2219 2718 2344 2759 nem
2376 2701 2558 2771 (Joatt.
2589 2701 2662 2771 ι),
2688 2700 2872 2766 Agnus
2904 2698 2996 2753 Dei
3026 2697 3115 2768 qui
3158 2699 3295 2753 tollit
3343 2708 3561 2766 peccata
3582 2698 3760 2761 mundi,

2223 2799 2456 2869 peractis
2484 2796 2869 2865 quinquaginta
2897 2792 3104 2858 diebus,
3139 2791 3405 2860 Spiritum
3461 2802 3677 2845 sanctum
3702 2791 3765 2842 di-

2225 2892 2447 2960 scipulis
2477 2890 2641 2944 mittit
2663 2888 2732 2943 de
2760 2890 2899 2943 caelo
2932 2886 3253 2954 promissum
3285 2885 3434 2956 (Act.
3471 2886 3531 2953 ι),
3558 2901 3677 2953 quem
3709 2883 3751 2937 in

2227 2984 2400 3039 sacris
2430 2997 2575 3051 serpe
2628 2982 2836 3051 paginis
2863 2981 3027 3048 digito
3058 2978 3148 3033 Dei
3190 2978 3422 3047 legimus
3456 2987 3751 3045 nuncupatum

2228 3074 2421 3146 (Exod.
2456 3091 2567 3141 vni,
2596 3076 2707 3145 i5),
2734 3090 2827 3144 per
2868 3089 3025 3143 quem
3056 3082 3261 3127 vetusta
3288 3072 3496 3139 lapidei
3525 3072 3669 3127 cordis
3690 3086 3751 3124 ιε-

539 3169 677 3238 gerit
710 3168 965 3221 Dominus
994 3168 1131 3221 Deus
1160 3174 1302 3229 tuus,
1333 3176 1389 3218 ut
1421 3165 1625 3219 habitet
1656 3179 1850 3219 nomen
1875 3164 1991 3233 ejus
2021 3163 2118 3229 ibi,

2227 3180 2367 3224 mota
2390 3169 2583 3223 duritia
2607 3168 2761 3241 (Luc.
2789 3168 2890 3235 χι),
2922 3168 3152 3222 Charitas
3166 3167 3341 3232 datur,
3372 3182 3482 3236 qua
3513 3166 3755 3221 timorforis

540 3260 733 3329 quibus
754 3260 1003 3315 omnibus
1031 3260 1358 3329 singularem
1387 3258 1638 3313 Ecclesia:
1668 3258 1992 3313 declaratam
2024 3273 2122 3311 no-

539 3355 717 3407 vimus
744 3362 1023 3418 ttutatem,
1053 3354 1139 3407 ubi
1171 3353 1434 3419 baptisma
1462 3351 1740 3406 Trinitatis
1763 3352 1950 3406 haberi
1976 3332 2129 3419 pote-

544 3446 612 3500 rit
640 3444 707 3499 ad
737 3446 985 3508 salutem,
1024 3445 1163 3514 quod
1196 3447 1324 3499 foris
1353 3455 1639 3513 generatus
1666 3443 1826 3497 habet
1854 3443 1919 3495 ad
1953 3442 2130 3509 perni-

542 3538 681 3592 ciem
705 3555 717 3590 :
748 3553 853 3591 non
878 3536 1005 3605 quia
1028 3537 1227 3590 malum
1252 3546 1336 3591 est
1362 3536 1501 3606 quod
1529 3536 1706 3602 datur,
1730 3534 1822 3600 sed
1845 3535 1970 3604 quia
1993 3532 2130 3588 male

547 3629 716 3682 utitur
743 3628 828 3681 cui
857 3629 1043 3695 datur,
1077 3631 1217 3684 sit-ut
1265 3628 1501 3681 buccella
1546 3642 1706 3681 manu
1737 3625 1951 3680 Domini
1980 3625 2131 3680 Juda:

542 3732 792 3789 porrecta
842 3721 1024 3790 (Joan.
1077 3718 1214 3790 xm).
1248 3719 1398 3785 Quod
1439 3731 1616 3773 autem
1667 3720 1771 3773 alia
1803 3718 1967 3772 editio
2008 3729 2131 3773 ante

544 3811 737 3865 solium
769 3812 1041 3865 transtulit
1080 3827 1227 3866 mare
1266 3812 1492 3865 vitreum
1525 3826 1667 3879 esse,
1701 3811 1755 3865 in
1792 3812 1927 3864 solio
1959 3819 2132 3880 potest

544 3901 701 3955 sedes
728 3900 889 3954 futuri
914 3900 1097 3968 judicii
1127 3901 1440 3970 prtesignari
1462 3903 1765 3956 salubriter.
1790 3902 1970 3970 Itaque
1998 3901 2132 3955 vidi-

547 4006 671 4045 mus
701 3999 824 4045 ante
862 3991 1050 4062 judicii
1085 4005 1297 4062 tempus
1347 3995 1596 4049 salutaris
1626 3995 1875 4064 baptismi
1906 3994 2131 4050 concedi

544 4083 865 4149 remedium,
885 4093 942 4137 ut
964 4098 1068 4137 non
1092 4098 1212 4139 reos
1233 4093 1282 4138 et
1308 4084 1501 4150 nudos,
1523 4086 1614 4140 sed
1632 4084 1950 4156 justificatos
1973 4098 2136 4154 atque

544 4177 782 4230 munitos
811 4176 1048 4231 futurum
1075 4181 1238 4246 possit
1258 4177 1794 4247 invenirejudicium.
1826 4179 1955 4246 Quis
1983 4180 2132 4234 enim

542 4266 861 4333 salvaretur,
897 4267 942 4320 si
972 4268 1227 4322 mundum
1258 4269 1419 4333 Deus,
1451 4270 1713 4338 baptismo
1740 4271 1971 4324 necdum
1998 4285 2132 4324 con-

540 4374 721 4426 cesso,
751 4360 915 4416 vellet
944 4362 1238 4430 praevenire
1260 4360 1492 4430 judicio?
1517 4360 1784 4432 Crystallo
1809 4377 1943 4430 aqua
1977 4378 2131 4416 mun-

540 4452 610 4506 da
640 4461 693 4506 et
722 4452 925 4507 stabilis
961 4453 1248 4508 credulitas
1299 4453 1575 4522 figuratur,
1612 4466 1731 4523 quae
1763 4469 1869 4507 non
1896 4458 2132 4512 circum-

2234 3264 2473 3334 protinus
2496 3264 2712 3333 pellitur
2736 3261 2783 3334 (I
2804 3261 2963 3316 Joau.
2982 3264 3079 3330 IV),
3108 3269 3164 3314 ut
3189 3261 3271 3313 lex
3296 3276 3424 3330 qua:
3447 3271 3567 3314 ante
3590 3259 3749 3313 infirmis

2233 3355 2468 3410 difﬁcilis
2498 3356 2685 3418 fuerat,
2718 3354 3047 3423 impleretur.
3076 3352 3320 3408 Charitas
3368 3354 3521 3408 enim
3543 3352 3623 3408 Dei
3644 3352 3750 3406 ditiu-

2233 3462 2291 3502 sa
2320 3460 2401 3501 est
2428 3448 2480 3500 in
2509 3446 2758 3500 cordibus
2788 3446 2999 3519 nostris
3023 3460 3116 3515 per
3142 3446 3404 3514 Spiritum
3435 3456 3668 3507 sanctum,
3688 3444 3743 3510 qui

2234 3540 2389 3593 datus
2416 3549 2498 3593 est
2526 3538 2680 3593 nobis
2711 3537 2887 3608 (Rom.
2919 3537 3006 3607 v),
3043 3550 3149 3605 quo
3178 3545 3473 3605 operante,
3496 3537 3614 3591 Deus
3633 3536 3747 3605 gratis

2236 3632 2452 3699 colitur,
2485 3646 2591 3687 non
2620 3633 2729 3698 jam
2761 3631 2956 3684 timore
2982 3645 3177 3700 pinnat,
3209 3629 3303 3684 sed
3334 3630 3608 3685 dilectione
3630 3627 3739 3696 jesul

2236 3725 2344 3779 tite.
2372 3724 2502 3779 Nam
2532 3733 2585 3778 et
2629 3727 2803 3794 ipsum
2849 3732 3009 3790 caput
3055 3732 3323 3785 nostrum,
3373 3730 3731 3784 cumetpassttm

2236 3817 2622 3880 resurrexisse,
2646 3825 2700 3870 et
2732 3828 2874 3869 nunc
2911 3813 2978 3867 ad
3020 3813 3192 3868 Patris
3220 3815 3506 3867 dexteram
3528 3812 3683 3871 sedere,
3703 3810 3741 3859 ei

2235 3924 2517 3967 venturum
2546 3910 2782 3980 judicent
2813 3906 3124 3962 solemniter
3156 3906 3543 3974 praedicamus,
3567 3905 3627 3957 bis
3660 3910 3745 3953 tan-

2236 4020 2392 4075 quam
2420 4004 2713 4058 luminibus
2740 4012 2969 4069 quatuor
2988 3999 3293 4055 animalium
3324 4000 3605 4054 irradiatur
3623 3991 3748 4048 Eide-

2236 4098 2336 4154 sia.
2368 4099 2468 4166 Qui
2509 4096 2853 4167 evangelistis
2902 4094 3333 4163 praedicantibus,
3382 4094 3644 4163 cognoscit
3671 4087 3746 4138 hac

2236 4191 2447 4251 omnia,
2484 4189 2742 4241 intentum
2788 4187 2947 4241 etiam
2976 4184 3134 4240 docet
3185 4192 3484 4253 monetque
3540 4185 3743 4240 lectorem,

2236 4281 2376 4351 quod
2420 4290 2472 4335 et
2500 4280 2550 4335 in
2599 4279 2776 4333 medio
2806 4278 3000 4332 throno
3055 4275 3300 4329 animalia
3334 4286 3625 4338 memoret,
3645 4279 3680 4323 et
3707 4266 3740 4319 in

2236 4374 2456 4430 circuitu
2503 4371 2678 4425 throni
2729 4372 2914 4425 eadem
2942 4378 3168 4439 quatuor
3193 4366 3488 4433 animalia;
3519 4381 3575 4420 ac
3598 4364 3633 4418 si
3657 4358 3749 4413 diae

2237 4475 2350 4523 ret:
2387 4466 2441 4519 ιιι
2469 4466 2644 4518 modio
2672 4463 2923 4517 Ecclesice
2947 4459 3315 4529 Evangelium,
3337 4466 3391 4513 et
3427 4474 3530 4522 per
3548 4453 3745 4511 circuitum

542 4542 746 4598 feratur
776 4545 923 4599 omni
954 4557 1111 4600 vento
1142 4548 1398 4603 doctrinae
1429 4548 1647 4620 (Ephes.
1676 4549 1783 4619 tv),
1831 4552 2027 4622 quippe
2074 4552 2125 4605 in
2160 4560 2209 4621 ι)
2234 4560 2378 4613 orbis
2410 4557 2812 4612 fructiﬁcantem
2846 4554 3162 4618 Ecclesium,
3205 4552 3257 4606 id
3287 4561 3397 4616 est,
3450 4548 3750 4619 Evangelium,

543 4630 758 4690 Christo
786 4634 990 4690 habens
1036 4636 1381 4711 fundamenta
1434 4642 1695 4704 subnexa,
1747 4644 1837 4711 qui
1894 4644 2131 4699 fundavit

544 4734 744 4781 terram
769 4740 931 4794 super
951 4741 1117 4796 aquas
1141 4727 1314 4801 (Psal.
1337 4731 1511 4800 χχιιι).
1535 4732 1710 4786 Medio
1734 4744 1908 4787 autem
1936 4735 2128 4791 throno

541 4828 591 4873 et
613 4821 663 4872 in
692 4820 909 4873 circuitu
932 4821 1105 4874 throni
1130 4834 1348 4888 quatuor
1373 4822 1621 4877 animalia
1653 4827 1803 4892 plena
1830 4827 1987 4880 oculis
2013 4840 2128 4884 ante

541 4918 588 4964 et
617 4918 773 4964 retro.
803 4910 1042 4978 Quatuor
1066 4914 1320 4967 animalia
1353 4925 1478 4968 sunt
1500 4915 1844 4985 evangelzsta-
1864 4928 2125 4988 quatuor,

540 5005 736 5077 quibus
760 5015 981 5074 pr0pter
1010 5008 1421 5074 congruentiam
1456 5008 1777 5063 narrationis
1815 5010 1869 5065 in
1900 5013 2127 5082 singulis

542 5101 894 5165 eminentem,
917 5100 1171 5169 specialis
1191 5099 1402 5154 videtur
1422 5103 1658 5170 coaptari
1683 5105 1998 5173 proprietas,
2024 5106 2129 5160 sic-

541 5198 598 5249 ut
623 5193 838 5261 quidam
867 5194 1153 5246 voluerunt
1180 5208 1192 5245 :
1231 5192 1480 5247 Matthren
1512 5194 1775 5264 hominis,
1809 5197 1984 5252 Marco
2016 5197 2128 5253 leo-

541 5284 648 5346 nis,
670 5284 829 5337 Lucae
859 5284 1029 5349 vituli,
1058 5286 1252 5355 aquilae
1281 5283 1497 5338 Joanni.
1520 5285 1651 5338 (lum
1681 5298 1858 5343 autem
1888 5304 2011 5343 onm
2034 5306 2125 5345 um

543 5391 707 5431 unum
749 5377 820 5431 sit
867 5377 1251 5448 Evangeliutn,
1302 5377 1425 5431 ideo
1479 5387 1707 5446 quatuor
1764 5380 2130 5448 principaliter

546 5472 1011 5540 demonstrantur,
1044 5481 1262 5541 ptopter
1306 5482 1535 5542 quatuor
1592 5471 1823 5540 paradisi
1878 5464 2126 5543 ﬂumina,

544 5563 739 5633 quibus
771 5566 918 5620 orbis
940 5567 1149 5637 irrigari
1177 5566 1408 5620 traditur
1437 5564 1739 5631 universus,
1772 5564 1909 5619 sicut
1939 5566 2128 5622 horum

545 5656 931 5724 praedicatione
955 5660 1303 5717 instruendus
1325 5669 1468 5716 totus
1496 5660 1736 5715 creditur
1756 5658 2008 5714 mundus.
2041 5660 2129 5715 Si-

547 5746 765 5822 quidem
792 5749 1032 5816 Ecclesia
1055 5767 1201 5824 ωερε
1231 5753 1511 5825 paradisus
1539 5751 1711 5821 accipi
1742 5752 1897 5811 solet.
1932 5752 2128 5825 Oculos

2233 4649 2356 4718 quia
2402 4646 2504 4702 etsi
2547 4660 2801 4701 numerus
2828 4643 3236 4716 pradicatorum
3264 4651 3527 4714 augetur,
3558 4641 3674 4697 unius
3694 4644 3749 4685 ωε

2232 4756 2354 4797 men
2400 4741 2669 4806 Evangelii
2711 4740 2925 4801 veritas,
2957 4739 3153 4793 nullius
3184 4752 3415 4808 unquam
3471 4730 3683 4793 novitatis
3699 4724 3750 4779 dic

2231 4827 2487 4883 versitate
2516 4836 2772 4881 mutatur.
2802 4826 2945 4881 ldem
2966 4824 3164 4895 quippe
3192 4823 3490 4879 crescendo
3518 4818 3747 4895 ponerem

2234 4922 2287 4978 in
2315 4922 2469 4991 orbe,
2492 4922 2632 4992 quod
2668 4923 3040 4989 intemeratum
3071 4934 3246 4977 manet
3276 4922 3325 4976 in
3350 4922 3578 4991 origine,
3604 4919 3681 4973 hoc
3698 4916 3752 4965 εει

2236 5018 2290 5074 in
2318 5019 2495 5074 medio
2526 5019 2742 5086 throno,
2774 5026 2826 5072 et
2851 5018 2905 5072 in
2935 5016 3157 5072 circuitu
3187 5017 3383 5071 throni.
3416 5016 3550 5073 Item
3575 5026 3669 5069 cum
3687 5019 3748 5060 su-

2239 5112 2417 5179 perius
2440 5111 2634 5166 dixerit
2663 5110 2860 5164 vidisse
2883 5123 2941 5164 se
2968 5124 3132 5179 super
3161 5108 3411 5163 thronum
3440 5102 3752 5164 sedenttem.¢i

2237 5202 2291 5256 in
2335 5203 2558 5256 circuitu
2608 5201 2787 5256 throni
2818 5202 3006 5257 sedilia
3047 5202 3233 5273 viginti
3258 5212 3507 5271 quatuor,
3544 5193 3751 5266 inquibus

2235 5293 2479 5348 seniores
2501 5302 2656 5348 erant
2680 5293 2930 5348 sedentes
2954 5293 3139 5365 viginti
3163 5303 3409 5364 quatuor,
3434 5278 3755 5348 circumamiﬂ'l

2236 5396 2383 5441 veste
2406 5385 2547 5449 alba,
2581 5385 2971 5454 subsequenter
2999 5388 3053 5441 in
3095 5387 3291 5448 medio,
3321 5386 3508 5453 inquit,
3542 5387 3697 5438 throno
3716 5378 3754 5422 θλ

2240 5479 2293 5533 in
2334 5479 2556 5533 circuitu
2590 5477 2766 5551 throni
2807 5489 3035 5549 quatuor
3059 5478 3326 5533 animalia.
3376 5475 3507 5531 Cum
3550 5474 3755 5531 enimnOS

2237 5571 2364 5625 velit
2394 5570 2535 5625 aliud
2566 5570 2873 5638 sedentem,
2922 5569 3066 5625 aliud
3111 5572 3381 5637 seniores,
3410 5569 3557 5641 aliud
3584 5566 3756 5636 quatuor

2237 5663 2485 5718 animalia
2516 5662 2899 5718 vocabulorum
2930 5663 3242 5719 diversitate
3286 5673 3619 5749 cognoscere,
3642 5647 3753 5706 ιιηῖιίσ

2240 5765 2415 5813 tamen
2446 5756 2622 5813 throni
2661 5757 2915 5830 nomine,
2962 5772 3067 5816 uno
3094 5767 3285 5815 cuncta
3330 5740 3554 5849 videtur)
3577 5756 3665 5813 loco
3681 5740 3752 5798 Μ’

3546 5874 3559 5935 ι
