3974 6514
214 430 313 487 817

1210 414 1658 484 COMMENTAR.
1700 421 1769 482 IN
1807 419 2192 482 APOCALYP.
2236 420 2364 481 LlB.
2403 420 2451 479 l.’

3385 414 3494 477 818

214 559 383 612 scere,
407 544 500 602 ubi
528 542 861 618 intelligitur,
889 543 1032 617 quod
1064 543 1352 618 Evangelia
1384 548 1436 602 in
1459 544 1793 613 senioribus,
1820 545 1873 606 Α
1904 554 2135 615 quatuor
2156 546 2423 612 seniores,
2455 556 2580 601 nam
2611 554 2757 601 senm
2784 540 2885 600 alat
2909 548 3144 617 quatuor
3162 540 3491 601 animalibus

213 647 264 695 et
288 637 530 694 seniores
556 638 610 693 in
643 638 964 709 Evangeliis,
994 654 1169 710 neque
1190 640 1332 694 enim
1356 646 1582 709 possunt
1623 638 1691 693 ab
1719 638 1799 693 al-

212 740 413 787 terutro
439 731 708 800 senarari;
734 732 813 787 sic
834 732 977 787 enim
1000 741 1290 803 potuerunt
1316 745 1435 787 esse
1462 729 1711 785 animalia
1742 728 1797 784 in

210 824 433 881 circuitu
454 824 619 890 sedis,
642 826 732 880 ubi
756 825 996 880 seniores
1018 840 1141 880 esse
1157 824 1266 893 jam
1290 823 1518 889 dixerat,
1543 824 1595 879 in
1620 823 1798 879 medio

210 931 421 987 quoque
450 918 666 984 throno,
695 919 746 972 in
771 917 971 973 Christi
998 917 1243 973 videlicet
1270 932 1517 987 corpore,
1550 917 1691 987 quod
1715 925 1798 974 est

209 1008 449 1064 Ecclesia
477 1027 490 1064 :
517 1010 602 1064 ubi
629 1025 728 1064 nec
753 1011 998 1065 seniores
1022 1014 1138 1065 sine
1170 1010 1477 1079 Evangelio,
1504 1024 1602 1064 nec
1620 1009 1797 1064 Evan-

207 1101 402 1173 gelium
434 1103 635 1172 abSque
664 1103 970 1159 senioribus
998 1118 1120 1159 esse
1166 1118 1326 1156 sanus
1351 1102 1628 1172 permittit.
1664 1101 1795 1155 Ani-

207 1198 310 1250 mal
340 1198 558 1266 primum
604 1198 773 1251 simile
822 1198 978 1252 leoni.
1024 1196 1173 1252 Licet
1215 1196 1460 1265 superius
1502 1195 1794 1250 multorum

206 1289 422 1344 Patrum
456 1292 843 1360 expositionem
876 1291 944 1345 de
980 1290 1300 1344 animalibus
1330 1289 1609 1342 maluerim
1659 1301 1798 1357 prae-

206 1380 413 1448 locare,
439 1385 681 1439 ordinem
720 1393 896 1438 tamen
928 1383 1013 1437 hic
1039 1382 1286 1437 relationi
1318 1380 1623 1443 intendens,
1653 1377 1798 1449 quod

203 1475 435 1544 primum
466 1477 660 1530 animal
692 1477 865 1530 simile
894 1475 1025 1529 dicit
1047 1488 1167 1528 esse
1204 1473 1369 1536 leoni,
1404 1469 1656 1525 Matthzeo
1684 1485 1798 1524 ma-

202 1566 283 1634 gis
303 1566 505 1620 vultum
532 1581 715 1620 assero
737 1566 1026 1620 convenire
1051 1563 1239 1629 leonis,
1258 1564 1346 1631 qui
1371 1572 1422 1616 et
1448 1561 1797 1629 Evangelium

200 1655 256 1710 in
300 1656 484 1711 .ludaea
516 1658 721 1726 primus
750 1657 983 1724 scripsit,
1017 1664 1071 1709 et
1099 1656 1151 1709 in
1182 1648 1399 1708 Christo
1428 1653 1591 1722 regia:
1619 1653 1797 1721 digni-

203 1750 334 1804 tatis
382 1761 438 1805 et
488 1751 791 1820 prosapiam
840 1757 1042 1816 narrat,
1092 1758 1147 1804 et
1190 1748 1415 1819 gloriam
1465 1746 1798 1817 insignanter

200 1843 481 1912 prredieat.
529 1843 685 1899 Hune
726 1844 957 1914 denique
983 1841 1227 1897 ordinem
1274 1842 1463 1897 beatus
1487 1842 1649 1897 etiam
1682 1846 1794 1894 Au-

1902 628 2091 708 viginti
2123 646 2353 709 quatuor
2376 637 2475 691 alte
2503 645 2651 705 sunt,
2675 637 2875 692 etenim
2907 651 3003 707 per
3025 635 3311 693 circuitum
3342 637 3494 693 thro-

1902 730 1959 784 ni
2004 728 2135 784 vidit
2183 729 2469 796 animalia,
2499 729 2589 784 ubi
2640 743 2700 785 se
2727 728 2936 784 dixerat
2984 730 3228 786 seniores
3268 727 3489 784 vidisse.

1901 819 2183 887 Quomodo
2211 834 2388 877 autem
2420 821 2618 877 animal
2650 837 2769 877 cum
2818 835 2909 877 sex
2942 821 3043 877 alis
3097 831 3271 892 potest
3313 820 3494 877 simile

1903 928 2027 969 esse
2054 914 2268 981 aquilas,
2293 931 2412 982 quae
2443 914 2605 971 habet
2624 918 2757 970 duas
2779 914 2892 970 alas
2916 959 2932 985 ,
2974 914 3076 969 nisi
3119 925 3347 984 quatuor
3372 912 3494 969 aui-

1904 1005 2064 1060 malia
2100 1021 2260 1059 unum
2290 1006 2452 1059 sunt?
2479 1022 2596 1075 quae
2628 1005 2829 1061 habent
2875 1003 3063 1075 viginti
3093 1014 3321 1074 quatuor
3354 1004 3490 1071 alas,

1902 1096 1956 1153 in
1985 1096 2180 1167 quibus
2221 1097 2568 1167 intelligimus
2611 1098 2795 1169 viginti
2824 1109 3053 1168 quatuor
3091 1096 3367 1161 seniores,
3400 1092 3497 1165 qui

1903 1197 2029 1243 sunt
2084 1189 2319 1243 Ecclesia
2348 1233 2363 1259 ,
2410 1204 2569 1258 quam
2613 1189 2866 1244 similavit
2912 1188 3140 1258 aquila),
3198 1203 3317 1258 qua:
3370 1192 3497 1241 sunt

1903 1276 2023 1332 duae
2050 1278 2148 1332 ala:
2170 1320 2185 1343 ,
2216 1279 2265 1333 id
2295 1288 2379 1335 est
2423 1280 2530 1333 duo
2560 1280 2935 1345 Testamenta,
2970 1279 3167 1349 quibus
3192 1281 3446 1333 subvecta
3474 1320 3493 1345 ,

1905 1383 2117 1424 sursum
2143 1372 2425 1437 attollitur,
2457 1387 2526 1426 ne
2544 1372 2799 1442 implicita
2822 1371 3048 1427 terrenis
3088 1370 3493 1438 affectionibus,

1902 1463 2221 1519 detardetur
2247 1483 2259 1519 :
2288 1466 2445 1520 aliter
2477 1479 2637 1519 senas
2666 1465 2785 1519 alas
2813 1473 3033 1533 propter
3062 1463 3257 1518 senarii
3284 1461 3497 1518 numeri

1904 1556 2297 1626 perfectionem
2329 1558 2562 1625 positum
2594 1556 2856 1619 arbitror,
2887 1555 3010 1626 quia
3042 1553 3097 1609 in
3136 1564 3285 1611 sexta
3313 1561 3495 1621 aetate,

1902 1646 1957 1703 id
1986 1657 2093 1715 est,
2118 1645 2438 1702 adveniente
2483 1647 2813 1716 plenitudine
2843 1654 3164 1715 temporum,
3209 1646 3324 1699 haec
3352 1644 3497 1712 Apo-

1904 1739 2077 1793 stolus
2105 1748 2321 1807 peracta
2348 1748 2738 1793 commemorat
2779 1736 2979 1808 (Galat.
3030 1737 3131 1807 tv).
3164 1738 3223 1792 ln
3265 1735 3498 1792 novissi-

1904 1847 1994 1887 mo
2017 1833 2159 1887 enim
2183 1834 2403 1888 animali
2429 1834 2907 1899 conclusitomnia,
2929 1844 3161 1904 quatuor
3181 1832 3323 1890 enim
3347 1840 3496 1902 sunt,

199 1932 447 2002 gustinus
464 1933 653 1988 suadet
673 1933 739 1988 ad
758 1932 1113 2004 sequendum,
1134 1932 1383 1986 Matthaao
1404 1932 1599 1998 leonis,
1620 1931 1800 1987 Marco
1833 1932 1882 1994 B
1908 1923 2046 1979 Sicut
2078 1933 2133 1980 et
2157 1926 2525 1994 eVangelislw.
2568 1924 2996 1996 Ultumquodqne
3026 1925 3223 1981 animal
3266 1932 3322 1979 et
3346 1938 3500 1980 suam

200 2020 436 2078 hominis
484 2039 772 2094 personam
826 2025 1143 2096 assignans,
1174 2025 1265 2096 qui
1299 2025 1513 2096 proprie
1560 2024 1800 2080 humana

198 2113 413 2170 videtur
433 2115 485 2169 in
504 2115 719 2172 Christo
741 2127 890 2188 gesta
919 2133 1187 2173 narrasse.
1213 2117 1451 2172 Tertium
1479 2119 1654 2183 vituli,
1677 2133 1799 2189 quat

200 2204 363 2260 Luca:
388 2208 637 2277 congruit
668 2216 891 2277 propter
919 2208 1072 2263 vituli
1099 2210 1330 2277 saginati
1358 2208 1591 2265 hostiam
1617 2210 1800 2280 singu-

197 2294 391 2350 larem.
418 2295 586 2353 Porro
608 2307 786 2354 autem
808 2298 999 2369 Joantﬁ
1024 2303 1221 2355 rectius
1251 2301 1449 2369 aquila:
1477 2300 1801 2370 signiﬁcatio

198 2392 509 2462 deputatur,
534 2394 622 2464 qui
643 2394 801 2450 Verbi
828 2394 918 2450 Dei
937 2394 1308 2450 celsitudinem
1333 2403 1388 2449 et
1410 2393 1802 2463 perSpieaciter

197 2481 408 2551 videfe,
439 2494 494 2541 et
519 2486 784 2542 veraciter
814 2487 1013 2542 meruit
1038 2488 1349 2555 praedicare.
1376 2484 1640 2553 Quocirca
1671 2483 1799 2541 hinc

199 2572 441 2631 Ecclesia
492 2578 654 2648 regiae
714 2576 1011 2648 majestatis
1066 2578 1383 2634 fortitudine
1445 2577 1691 2647 fungitur
1743 2585 1801 2634 et

197 2663 398 2720 decore
422 2706 437 2730 ,
466 2666 591 2735 quia
645 2667 774 2721 vicit
822 2668 906 2722 leo
933 2668 1000 2723 de
1030 2668 1174 2722 tribu
1220 2667 1377 2725 Juda.
1401 2666 1628 2723 Catulus
1653 2669 1798 2722 enim

198 2754 374 2810 leonis
402 2755 537 2811 Juda
571 2754 725 2828 (Gen.
755 2758 936 2830 ms),
961 2774 1025 2813 ex
1070 2759 1226 2829 cuius
1256 2759 1397 2813 tribu
1420 2773 1578 2829 reges
1600 2758 1801 2827 populo

199 2862 441 2917 praeesse
470 2848 736 2905 solebant.
765 2848 830 2903 Et
858 2851 1138 2904 secundum
1182 2849 1381 2903 animal
1407 2850 1576 2905 simile
1613 2849 1798 2904 vitulo.

200 2938 378 3008 Hujus
407 2939 666 2996 Ecclesiae
700 2942 873 2997 virtus
896 2942 951 2998 in
986 2942 1160 2998 vitulo
1186 2942 1370 3008 etiam,
1395 2941 1567 3013 prima
1590 2942 1801 2998 scilicet

200 3032 419 3087 victima
448 3033 537 3088 illa
562 3036 771 3091 ratione
792 3035 1056 3106 signatur,
1073 3050 1176 3107 qua
1198 3035 1374 3090 adhuc
1401 3034 1632 3106 quisque
1662 3034 1799 3090 lide-

197 3122 331 3181 lium
359 3126 548 3193 vincit,
581 3126 796 3197 quando
825 3141 920 3196 pro
946 3126 1157 3182 Christo
1198 3137 1483 3183 mactatur.
1512 3126 1799 3193 Exhibete,

197 3216 410 3285 inquit,
445 3232 672 3287 corpora
695 3229 871 3273 vestra
900 3220 1129 3275 hostium
1152 3220 1357 3288 vivam,
1383 3229 1657 3286 sanetam,
1688 3219 1800 3274 Deo

1908 2029 1961 2074 et
1984 2020 2145 2073 trium
2180 2019 2420 2088 possidet
2463 2017 2690 2073 formam
2711 2059 2728 2085 ,
2761 2018 2895 2073 sicut
2924 2033 3020 2088 per
3045 2018 3381 2073 Ezechielem
3414 2017 3502 2072 hat

1907 2112 2066 2169 sedes
2090 2122 2144 2168 et
2166 2113 2354 2169 eadem
2379 2112 2627 2167 animalia
2651 2112 3045 2168 describuntur.
3069 2109 3502 2181 Unumquodque

1908 2214 2139 2275 quatuor
2183 2205 2386 2261 formas
2416 2205 2553 2261 dixit
2600 2205 2873 2271 habuisse,
2906 2212 2961 2260 et
2990 2204 3105 2259 illas
3142 2203 3341 2259 formas
3366 2215 3503 2273 quas

1909 2297 1999 2352 hic
2020 2296 2073 2351 in
2100 2297 2420 2368 Apocalypsi
2453 2296 2646 2364 leonis,
2680 2296 2854 2361 vituli,
2882 2296 3134 2362 hominis,
3164 2295 3379 2366 aquilae,
3403 2294 3505 2349 has

1907 2400 2138 2459 quatuor
2188 2389 2607 2457 unumquodque
2659 2389 2858 2444 animal
2908 2388 3171 2456 habebat,
3215 2397 3272 2443 ut
3324 2389 3369 2444 si
3408 2386 3502 2458 qui

1906 2496 2071 2537 unum
2104 2482 2295 2536 horum
2325 2479 2569 2544 vidisset,
2589 2490 2820 2551 quatuor
2846 2478 3087 2535 vidisset.
3124 2478 3275 2535 Unde
3304 2478 3504 2534 inteliia

1904 2575 2052 2643 gitur
2074 2573 2289 2645 singula
2312 2573 2363 2627 in
2393 2572 2623 2628 solidum
2648 2587 2793 2641 esse,
2815 2579 2872 2628 et
2893 2581 3038 2629 rotas
3056 2571 3295 2643 ejusdem
3320 2570 3503 2628 throni

1906 2664 1981 2720 ita
2023 2663 2302 2731 describit,
2335 2674 2394 2719 ut
2422 2680 2527 2721 una
2561 2675 2677 2720 rota
2725 2674 2954 2737 quatuor
2983 2672 3164 2736 partes
3203 2663 3389 2720 mundi
3417 2678 3506 2721 re-

1909 2755 2162 2824 spiceret,
2196 2755 2339 2823 quod
2366 2764 2450 2812 est
2491 2766 2547 2813 et
2574 2756 2741 2813 veluti
2768 2766 2905 2824 rota,
2938 2767 2990 2812 et
3019 2757 3259 2827 ejusdem
3284 2756 3505 2814 factum

1909 2862 2101 2903 omnes
2128 2856 2380 2918 quatuor,
2411 2857 2471 2903 ut
2498 2848 2550 2903 id
2589 2861 2707 2914 est,
2737 2857 2793 2905 et
2830 2864 2937 2905 una
2968 2836 3398 2925 quod‘quatuor,
3430 2863 3505 2907 ne

1909 2946 2059 2996 esset
2104 2939 2255 2997 locus
2285 2940 2374 2996 ubi
2404 2957 2511 2997 non
2543 2941 2768 2998 thronus
2810 2943 3077 3010 perfectus
3105 2952 3269 3006 esset,
3305 2958 3405 3000 nec
3430 2939 3505 2999 ab

1909 3030 2089 3102 aliqua
2138 3041 2291 3103 parte
2333 3032 2517 3089 mundi
2563 3047 2859 3091 conversus
2900 3033 3205 3102 secederet,
3237 3034 3362 3090 inde
3405 3047 3512 3105 per

1911 3124 2194 3179 circuitum
2252 3126 2568 3181 universum
2633 3127 2888 3182 videlicet
2934 3128 3119 3182 orbem
3189 3139 3510 3195 possessum

1910 3224 2200 3271 terrarum.
2245 3216 2413 3271 Erant
2443 3218 2597 3288 plena
2637 3217 2797 3273 oculis
2838 3229 2964 3273 ante
3008 3232 3068 3273 se
3105 3227 3160 3273 et
3183 3228 3350 3274 retro.
3380 3216 3507 3285 νει,

196 3309 526 3376 placentem,
550 3311 869 3366 rationabile
886 3310 1203 3383 obsequium
1219 3320 1456 3367 vestrum
1476 3312 1651 3384 (Rom.
1674 3310 1797 3383 stt),
1822 3309 1878 3387 ,α
1908 3305 2052 3361 sicut
2090 3305 2194 3361 alia
2242 3307 2523 3363 translatio
2551 3307 2716 3375 dicit,
2747 3309 2886 3363 intus
2933 3318 2990 3365 et
3030 3309 3180 3364 foris.
3213 3308 3362 3365 lutus
3383 3350 3403 3377 ,
3435 3323 3513 3367 eo

195 3408 254 3456 ut
291 3402 443 3472 quod
488 3411 651 3471 caput
689 3418 787 3472 pro
824 3418 1081 3471 corpore,
1124 3418 1320 3474 corpus
1368 3412 1641 3459 mereatur
1697 3404 1801 3459 im-

195 3493 352 3564 plere
388 3509 485 3561 pro
513 3494 708 3564 capite.
757 3495 1051 3565 Pr0pterea
1091 3507 1145 3552 et
1174 3511 1204 3551 a
1235 3495 1492 3552 Zacharia
1532 3508 1690 3551 orsus
1717 3502 1803 3553 est

192 3586 490 3643 sacerdote
541 3588 694 3657 (Luc.
745 3588 811 3660 t).
859 3589 1086 3644 Ttrtium
1138 3590 1335 3645 animal
1382 3590 1572 3644 habens
1616 3589 1803 3661 [aciem

192 3680 353 3751 quasi
416 3678 730 3736 humanam.
780 3680 930 3737 illam
987 3682 1076 3737 hic
1131 3682 1487 3739 humilitatem
1540 3682 1801 3740 Ecclesia

194 3773 579 3829 commendari
608 3782 759 3842 puto,
787 3790 888 3845 qua
912 3788 1034 3830 cum
1059 3775 1308 3845 spiritum
1336 3775 1641 3846 adoptionis
1665 3773 1802 3830 lilio-

193 3881 317 3921 rum
354 3866 452 3920 Dei
478 3867 786 3936 perceperit
814 3866 994 3933 (Rom.
1024 3870 1167 3937 vm),
1195 3867 1496 3937 habeatque
1519 3872 1661 3922 hunc
1683 3865 1803 3923 the-

190 3972 426 4015 saurum
450 3956 503 4013 in
528 3961 673 4014 vasis
698 3959 950 4015 fictilibus
975 3958 1057 4032 (Il
1084 3961 1203 4015 Cor.
1229 3960 1333 4032 tv),
1368 3961 1598 4016 libenter
1620 3970 1799 4016 tamen

194 4051 432 4109 humilis
455 4052 672 4119 gloriari
702 4052 889 4107 maluit
918 4054 971 4107 in
1004 4052 1404 4109 inﬁrmitatibus
1427 4054 1538 4109 suis
1562 4051 1652 4123 (11
1674 4052 1798 4108 Cor.

195 4146 304 4216 xu)
328 4192 343 4215 ,
364 4158 536 4214 'quam
565 4144 749 4198 extolli
791 4144 1089 4199 virtutibus
1118 4145 1421 4214 acquisitis,
1454 4147 1539 4213 pie
1568 4158 1802 4214 sequens

195 4237 450 4307 magistri
484 4236 729 4306 vesdgia,
762 4236 851 4306 qui
884 4238 1055 4291 factus
1082 4236 1342 4291 Obt‘dlells
1364 4252 1536 4308 usque
1564 4237 1631 4291 ad
1657 4252 1803 4292 mor-

198 4342 316 4387 tem
371 4328 599 4400 (Philip.
633 4332 729 4399 ιι),
763 4330 976 4386 tlieebat
1008 4349 1019 4383 :
1054 4330 1253 4387 Discite
1279 4345 1311 4385 a
1352 4347 1439 4387 me
1483 4339 1609 4401 quia
1658 4332 1803 4389 mitis

196 4437 326 4478 sum
358 4432 411 4476 et
444 4420 663 4475 humilis
693 4422 855 4476 corde
898 4422 1114 4492 (Matth.
1152 4426 1250 4489 XI).
1302 4422 1557 4487 Quartum
1608 4424 1804 4477 animal

195 4513 377 4568 simile
404 4513 590 4579 aquila:
610 4511 824 4565 volanti.
864 4512 1105 4567 Ecclesia
1148 4513 1517 4580 spiritualibus
1545 4512 1803 4569 membris

195 4603 452 4658 caelestia
484 4603 866 4657 meditantibus
892 4603 1076 4659 volare
1107 4594 1456 4673 describitur,
1499 4619 1621 4675 qum
1654 4605 1803 4661 nullo

1909 3398 2054 3470 quod
2086 3399 2305 3469 dignum
2334 3400 2405 3455 sit
2437 3401 2711 3470 Evangelii
2736 3401 2916 3458 lumen
2943 3402 3239 3459 occultum.
3268 3404 3326 3461 Si
3355 3404 3510 3461 enim

1908 3501 2156 3563 epertum
2186 3500 2291 3559 est,
2319 3493 2516 3563 inquit,
2549 3493 2897 3564 Evangelium
2921 3505 3188 3561 nostrum,
3216 3496 3269 3552 in
3297 3495 3385 3551 his
3405 3494 3507 3568 qui

1908 3594 2141 3658 pereunt
2177 3594 2264 3643 est
2317 3586 2625 3643 obvelatum
2656 3585 2745 3657 (II
2776 3588 2898 3643 Cor.
2931 3588 3031 3660 tv).
3064 3588 3256 3655 Aliter,
3296 3600 3422 3647 ante
3446 3595 3511 3648 cI

1908 3693 2091 3753 retro,
2115 3683 2259 3752 quod
2305 3682 2608 3753 ubicunque
2656 3685 2990 3745 fructificans
3015 3688 3271 3746 dilatetur
3310 3690 3509 3747 Eccle-v

1907 3773 2012 3838 sia,
2038 3773 2094 3829 in
2126 3774 2331 3831 lumine
2356 3777 2537 3833 vultus
2568 3777 2661 3833 Dei
2692 3778 2953 3846 ambulat,
2983 3788 3039 3837 et
3073 3782 3311 3839 revelata
3363 3780 3515 3841 facie

1906 3866 2135 3937 gloriam
2179 3867 2276 3923 Dei
2302 3870 2633 3940 speculatur.
2669 3870 2875 3941 Aliter,
2922 3883 3048 3930 ante
3087 3882 3143 3929 et
3189 3885 3340 3930 retro
3387 3875 3520 3935 ala‘ss

1907 3974 2104 4029 senas,
2150 3978 2274 4032 quae
2322 3964 2512 4035 viginti
2558 3957 2796 4036 quatuor
2843 3967 3259 4040 subsuntantur,
3292 3968 3518 4028 Veteris

1905 4051 2237 4109 Testamenti
2284 4054 2453 4111 libros
2499 4055 2763 4125 insinuat,
2812 4075 2947 4130 quos
2995 4060 3237 4132 ejusdem
3288 4063 3515 4119 numeri;t

1906 4147 2167 4200 canonica
2219 4150 2540 4203 auctoritate
2592 4141 2947 4220 suscipimus,
2999 4163 3251 4223 tanquam
3313 4154 3518 4224 viginti!

1907 4247 2139 4307 quatuor
2165 4239 2408 4296 seniores
2430 4242 2712 4297 tribunalia
2744 4245 3094 4312 pmsidentes
3124 4245 3213 4313 (11
3240 4245 3362 4301 Cor.
3394 4244 3515 4317 ut)“.

1907 4331 2033 4387 ldeo
2060 4342 2238 4388 autem
2258 4344 2342 4388 est
2366 4334 2499 4389 Novi
2523 4335 2851 4391 TeStamcnti
2881 4338 3187 4404 praedicatio
3203 4340 3513 4407 fructuosa,

1899 4423 2030 4490 quia
2062 4421 2381 4477 testimoniis
2413 4423 2621 4478 Veteris
2642 4426 2769 4478 fulta
2795 4425 3055 4480 firmatur.
3082 4426 3193 4481 Hoc
3219 4435 3362 4482 tenet
3396 4428 3510 4481 Ec-

1909 4513 2071 4568 clesia
2104 4523 2229 4570 ante
2255 4524 2309 4570 et
2338 4527 2503 4583 retro,
2532 4516 2582 4570 id
2613 4527 2717 4583 est,
2746 4528 2800 4573 et
2829 4518 2955 4574 tunc
2980 4519 3079 4576 sub
3107 4520 3242 4592 lege,
3278 4529 3331 4576 et
3358 4533 3511 4579 nunc

1908 4607 2010 4661 sub
2038 4608 2229 4677 gratia.
2254 4610 2383 4677 Quae
2425 4626 2528 4664 non
2574 4610 2824 4666 habebant
2855 4615 3104 4686 requiem,
3150 4626 3297 4672 nocte
3325 4633 3387 4670 ac
3417 4612 3511 4673 die

195 4693 327 4749 visu
360 4701 591 4749 terrena:
619 4695 923 4764 cupiditatis
948 4696 1145 4762 illecta,
1175 4698 1411 4753 duorum
1429 4698 1803 4754 Testamento-
1828 4693 1884 4755 D
1909 4700 2148 4755 dicentes
2184 4717 2199 4754 :
2233 4701 2479 4768 Sanctus,
2509 4702 2755 4770 Sanctus,
2798 4705 3041 4773 Sanctus,
3074 4707 3330 4764 Dominus
3362 4707 3511 4764 Deus

195 4802 329 4845 rum
398 4788 778 4859 gubernaculis
834 4789 1035 4857 regitur
1094 4790 1375 4846 sublimius
1431 4792 1798 4865 provehenda.

196 4881 345 4938 Nam
392 4881 509 4937 istis
558 4880 991 4938 similitudinibus
1042 4885 1321 4950 vultuum,
1352 4883 1549 4940 Christi
1592 4899 1806 4956 quoque

198 4987 449 5046 persona
514 4973 903 5028 convenienter
952 4985 1200 5045 aptatur,
1259 4976 1463 5031 homini
1512 4977 1803 5047 videlicet,

201 5082 381 5139 quem
409 5081 515 5120 non
550 5064 885 5134 imaginarie,
918 5067 1012 5121 sed
1046 5067 1260 5137 proprie
1291 5070 1659 5140 veraciterque
1688 5084 1809 5125 sus-

202 5161 379 5230 cepit.
415 5158 607 5213 Tribus
636 5172 766 5212 vero
803 5158 1067 5224 residuis,
1118 5173 1251 5227 quas
1282 5160 1489 5229 figurali
1520 5175 1805 5231 compara-

206 5250 383 5307 tionis
429 5249 598 5317 gratia
652 5248 850 5317 gessit,
884 5250 1000 5317 ipse
1028 5248 1172 5303 enim
1207 5251 1291 5303 leo
1341 5250 1407 5305 de
1448 5251 1589 5305 tribu
1629 5250 1804 5320 Juda,

204 5343 392 5398 victor
421 5342 608 5395 mortis
638 5341 817 5405 illatae,
847 5342 967 5409 quia
1016 5340 1101 5396 leo
1148 5340 1470 5396 fortissimus
1513 5344 1804 5399 bestiarum

206 5435 280 5489 ad
312 5432 517 5487 nullius
547 5433 758 5502 pavebit
786 5448 1093 5488 occursum.
1125 5433 1352 5501 Vitulus,
1379 5435 1468 5504 qui
1498 5450 1597 5504 pro
1624 5435 1807 5491 mundi

205 5526 395 5583 salute
441 5536 721 5588 mactatus,
773 5526 1066 5595 insrgniore
1113 5526 1327 5580 victima
1374 5528 1804 5583 commendatur.

210 5619 416 5690 Aquila
440 5661 453 5682 ,
479 5620 619 5687 quod
649 5628 702 5673 et
731 5618 1015 5673 desursum
1068 5619 1172 5674 ima
1221 5620 1561 5674 mortalitatis
1611 5629 1809 5675 nostrae

101 5701 110 5707 ’
210 5710 478 5783 petierit,
515 5722 672 5779 atque
723 5712 923 5768 isthinc
971 5729 1157 5767 rursus
1188 5714 1253 5767 ad
1299 5714 1480 5768 st'dem
1532 5714 1806 5768 co'lestcm

210 5804 553 5861 ascenderit.
581 5804 647 5857 Et
669 5817 890 5875 quatuor
916 5810 1162 5861 animalia
1192 5809 1445 5861 habebant
1474 5807 1677 5880 singula
1699 5806 1811 5861 alas

210 5914 380 5961 senas
404 5914 496 5971 per
520 5899 824 5958 circuitum.
857 5901 921 5961 Et
939 5902 995 5960 in
1018 5903 1337 5961 animalibus
1363 5903 1595 5964 ostendit
1617 5904 1807 5975 viginti

1910 4795 2253 4867 omnipotens,
2276 4798 2367 4868 qui
2397 4796 2524 4864 fuit,
2546 4806 2594 4852 et
2625 4806 2728 4865 est,
2761 4808 2810 4854 et
2840 4812 3079 4864 venturus
3115 4815 3188 4858 est
3231 4802 3365 4875 (Isa.
3399 4803 3507 4875 Vt)‘.

1910 4885 2041 4942 Cum
2077 4888 2315 4945 Ecclesia
2344 4893 2762 4964 circumquaque
2782 4894 2975 4950 dimtsa
3006 4897 3058 4951 in
3088 4897 3312 4967 singulis
3334 4911 3516 4954 mem-

1913 4979 2044 5045 bris,
2064 4980 2594 5053 prochsionibusque
2615 4986 2869 5055 diversis,
2895 4987 3139 5060 urbibus,
3168 4991 3520 5064 regionibus;

1912 5071 2240 5140 provinciis,
2290 5074 2486 5142 linguis
2530 5085 2584 5131 et
2606 5078 2859 5147 gentibus
2883 5081 3082 5149 variis,
3134 5083 3510 5143 indesinenter

1917 5162 2084 5217 Deum
2117 5178 2213 5218 ore
2242 5172 2297 5219 et
2323 5179 2488 5234 opere
2537 5167 2588 5221 in
2616 5170 2856 5225 adversis
2885 5180 2941 5227 et
2984 5176 3258 5243 prosperis
3288 5176 3508 5253 laudat,

1916 5252 2007 5309 die
2036 5269 2099 5309 ac
2129 5265 2285 5311 nocte
2316 5256 2850 5335 Dominumdaudare
2888 5277 2994 5318 non
3025 5276 3222 5334 cessat,
3252 5252 3511 5329 manente

1916 5346 2291 5403 intellectualis
2319 5359 2580 5407 creaturae
2609 5362 2863 5422 perpetua
2892 5355 2945 5411 in
2975 5357 3288 5416 coelestibus
3324 5362 3503 5431 laude,

1917 5451 2083 5506 super
2110 5438 2431 5508 Jerusalem,
2465 5441 2531 5497 ad
2558 5443 2711 5514 cujus
2740 5460 2800 5501 se
2829 5446 3000 5502 instar
3026 5449 3299 5508 informari
3346 5470 3505 5523 pere-

1917 5529 2069 5599 grina
2092 5529 2305 5584 laetatur
2334 5531 2593 5589 Ecclesia.
2627 5534 2829 5590 Etcum
2855 5537 3114 5595 dederant
3137 5542 3231 5598 illa
3255 5545 3507 5604 animalﬁ

1922 5620 2219 5676 claritatem
2251 5634 2298 5678 et
2324 5626 2567 5681 honorem
2593 5638 2639 5682 et
2667 5630 2891 5698 gratiam
2932 5634 3128 5689 sedenti
3174 5638 3224 5692 in
3264 5639 3503 5715 thronoi,

1918 5716 2101 5769 viventi
2131 5717 2183 5769 in
2210 5718 2397 5771 swcula
2443 5720 2768 5789 saeculorum,
2804 5724 2984 5779 statim
3035 5726 3298 5784 cadebant
3342 5734 3395 5787 in
3426 5734 3502 5789 ta.

1920 5809 2056 5861 eietn
2100 5807 2278 5878 viginti
2305 5818 2524 5877 quatuor
2551 5812 2773 5867 seniores
2811 5814 2862 5868 in
2893 5827 3180 5887 conspectu
3207 5823 3382 5876 throni
3408 5866 3421 5888 ,
3452 5831 3522 5877 el:

1912 5902 2193 5958 adorabunt
2221 5900 2464 5957 viventem
2486 5903 2538 5961 in
2563 5906 2754 5977 saecula
2767 5908 3097 5983 “sculorum,
3121 5911 3391 5972 mittentes
3411 5927 3513 5968 eo»
