3968 6354
527 360 630 415 819

1642 340 1939 400 PRIMASII
1981 337 2217 397 ADRUM
2230 336 2433 393 ETANI
2492 334 2709 395 EPISC.

3755 331 3875 387 Si"!

527 491 679 539 ranas
718 490 834 529 suas
865 481 981 527 ante
1026 472 1286 526 thronum.
1320 462 1624 521 Secundum
1671 460 2002 532 przcmissam
2036 458 2118 511 in-
2144 460 2199 520 Α
2226 455 2530 526 adiuvatur.
2582 451 2749 523 Cujus
2778 449 2831 505 in
2868 447 3160 519 Evangelio
3207 448 3433 505 actionis
3476 446 3673 517 ﬁgura
3706 461 3865 517 pre-

528 566 843 641 telligentia:
885 565 1143 629 formam,
1176 577 1240 618 ex
1290 558 1521 614 diversis
1566 552 1822 611 membris
1872 550 2119 606 universa

528 660 787 718 mdilicari
829 660 1036 716 videtur
1064 656 1347 719 Ecclesia;
1391 666 1513 707 nam
1540 647 1751 721 quando
1801 644 2120 700 animalibus

528 752 943 825 personantibus
972 748 1208 814 laudem,
1242 745 1297 800 id
1330 752 1431 811 est,
1457 738 1802 811 evangelistis
1826 735 2121 809 praedican-

532 846 676 903 tibus
698 842 894 901 Christi
917 838 1397 910 dispensationem,
1422 850 1536 905 qum
1562 834 1614 887 in
1640 832 1799 887 trium
1822 838 2120 899 temporum

533 952 740 993 summa
788 931 1061 997 consistit,
1104 930 1292 1001 viginti
1346 935 1574 997 quatuor
1623 923 1897 986 seniores,
1933 921 1984 974 id
2040 925 2123 974 est

532 1042 721 1084 omnes
751 1024 1024 1090 Ecclesim,
1050 1038 1168 1095 quae
1198 1023 1249 1076 in
1277 1018 1576 1090 pra‘positis
1600 1024 1846 1071 constant
1874 1020 1929 1067 et
1953 1025 2123 1081 popu-

529 1120 620 1185 lis,
650 1119 829 1175 statim
861 1116 1062 1173 cadens
1095 1112 1389 1187 [cadentesi
1422 1112 1475 1164 iu
1524 1108 1713 1164 faciem
1734 1147 1748 1173 ,
1779 1104 2002 1159 adorant
2046 1101 2121 1157 vi-

530 1221 747 1268 ventem
774 1213 828 1267 in
861 1211 1060 1267 saecula
1106 1208 1449 1264 saeculorum.
1502 1204 1631 1258 lluie
1678 1202 1909 1270 denique
1944 1196 2125 1253 sensui

531 1304 735 1363 Paulus
763 1305 1039 1376 apostolus
1072 1311 1401 1374 protestatur
1422 1308 1475 1353 et
1501 1298 1625 1351 Δίιςὶι
1650 1295 1701 1367 (1
1734 1296 1851 1349 Cor.
1880 1292 1989 1363 xrv)
2021 1309 2033 1343 :
2067 1288 2125 1345 Si

535 1398 821 1454 conveniat
853 1399 1101 1453 universa
1136 1394 1372 1449 Lcelesia
1399 1393 1451 1447 in
1485 1405 1665 1454 unum,
1702 1398 1753 1442 et
1783 1398 1969 1441 omnes
2002 1398 2125 1453 pro-

533 1489 778 1560 pbetent,
806 1490 972 1546 intret
1000 1497 1182 1544 autem
1227 1486 1344 1555 quis
1396 1483 1627 1538 inﬁdelis
1657 1480 1741 1535 vel
1772 1478 1970 1544 idiota,
1998 1489 2125 1531 con-

530 1582 765 1639 vincitur
787 1584 854 1637 ab
880 1582 1153 1647 omnibus,
1179 1577 1501 1649 dijudieatur
1523 1574 1590 1630 ab
1612 1571 1880 1638 erunibus,
1913 1568 2125 1625 occulta

531 1690 745 1745 quoque
788 1675 966 1730 cordis
1009 1675 1125 1744 ejus
1168 1672 1447 1728 manifesta
1474 1670 1646 1725 fiunt:
1680 1676 1733 1723 et
1762 1676 1888 1722 tunc
1924 1662 2124 1720 cadens

530 1769 588 1827 in
635 1772 826 1826 faciem
854 1812 868 1837 ,
900 1771 1145 1827 adorabit
1192 1770 1394 1837 Deum,
1431 1765 1783 1838 pronuntians
1828 1762 1971 1833 quod
2002 1775 2125 1815 vere

2226 549 2416 614 cessit,
2447 545 2659 617 quando
2692 542 3008 613 praecedens
3060 542 3287 613 populus
3346 540 3659 597 Dominum
3710 551 3863 597 ster-

2226 642 2427 696 nebant
2457 638 2775 694 vestimenta
2801 650 2896 690 sua
2926 635 2979 689 in
3008 635 3112 699 via,
3158 634 3611 703 accipientesque
3662 648 3862 689 ramos

2228 733 2546 803 palmarum,
2580 727 2941 798 procedebant
2976 725 3189 780 obviam
3232 724 3280 780 ei
3311 732 3367 780 et
3395 725 3714 780 dicebant:
3750 726 3853 781 8e~

2228 828 2473 882 nedictus
2520 826 2607 895 qui
2657 822 2805 876 venit
2852 821 2906 875 in
2948 819 3168 875 nomine
3218 818 3452 883 Domini,
3492 818 3617 873 Hex
3678 817 3849 873 Isne!

2227 919 2444 992 (Matt/1.
2480 934 2597 983 xxx;
2630 916 2798 971 Marc.
2831 932 2922 981 xt;
2956 914 3085 969 Luc.
3135 930 3261 979 nx;
3296 912 3457 967 Joan.
3501 912 3632 979 nt).
3668 910 3849 966 Victo—

2228 1016 2307 1068 ria
2341 1026 2659 1067 coronarum
2706 1010 3003 1079 palmarum
3059 1008 3212 1077 signo
3243 1006 3420 1075 aptius
3448 1012 3833 1073 comparatur.

2229 1108 2479 1163 Dicentus
2519 1124 2532 1158 :
2559 1094 2760 1174 'Dignus
2810 1120 2859 1157 es
2881 1144 2895 1169 ,
2926 1102 3147 1157 Domine
3178 1101 3315 1155 Deus
3352 1108 3534 1155 noster
3554 1140 3572 1165 ,
3607 1100 3837 1169 accipe?

2230 1202 2529 1257 claritatem
2581 1210 2628 1253 et
2668 1199 2909 1254 honorem
2955 1208 2999 1253 et
3054 1205 3408 1267 potestatem,
3460 1194 3730 1264 quoniam
3786 1208 3833 1248 τι

2232 1296 2417 1349 creasti
2448 1293 2627 1349 omnia
2651 1334 2665 1359 ,
2698 1300 2752 1346 et
2781 1306 2844 1347 ex
2875 1300 2965 1346 tua
2995 1298 3260 1359 potestate
3310 1289 3425 1345 haec
3478 1296 3619 1342 sunt
3646 1287 3831 1341 consti-

2232 1395 2367 1443 tuta.
2401 1386 2521 1454 Vel,
2554 1385 2693 1441 sicut
2724 1384 2826 1437 alia
2875 1383 3111 1439 editione
3150 1384 3470 1438 translatum
3496 1382 3824 1443 invenimus,

2228 1479 2348 1548 quia
2365 1488 2418 1532 tu
2438 1476 2623 1533 creasti
2645 1476 2837 1543 omnia,
2862 1484 2909 1528 et
2932 1485 3138 1545 propter
3157 1476 3477 1529 voluntatem
3503 1483 3653 1529 tuam
3674 1486 3821 1535 aaut,

2230 1580 2275 1626 et
2306 1580 2479 1627 creata
2525 1578 2661 1626 sunt.
2698 1568 2865 1624 Erant
2895 1568 3102 1623 scilicet
3135 1579 3189 1623 et
3234 1570 3287 1624 in
3316 1578 3457 1635 arte,
3511 1568 3809 1638 priusquam

2231 1665 2593 1720 formarentur
2614 1663 2668 1719 in
2710 1676 2893 1733 opere.
2930 1661 3121 1718 Creata
3165 1672 3289 1717 sunt
3310 1671 3524 1728 autem,
3557 1672 3617 1716 ut
3646 1663 3696 1714 i
3720 1664 3812 1715 suis

2231 1772 2446 1826 quoque
2478 1756 2680 1811 naturis
2709 1754 3004 1810 secundum
3034 1754 3381 1825 praescriptos
3413 1754 3468 1808 in
3496 1753 3599 1809 Dei
3630 1756 3797 1824 sapies

515 1864 676 1919 'Deus
705 1867 757 1918 in
790 1863 940 1919 vobis
971 1872 1072 1918 est.
1109 1862 1377 1917 Mittentes
1417 1873 1646 1915 coronas
1676 1870 1802 1913 suas
1824 1862 1948 1910 ante
1970 1852 2122 1907 thro-
2158 1874 2204 1933 Β
2232 1849 2304 1905 tia
2333 1848 2591 1904 terminos
2624 1847 2785 1903 etiam
2819 1845 3102 1904 visibiliter
3145 1846 3509 1902 exstitissent.
3566 1846 3696 1913 Qua:
3736 1861 3809 1899 as

533 1972 696 2024 num,
731 1957 837 2013 Deo
894 1957 1149 2012 videlicet
1201 1956 1533 2025 assignantes
1572 1950 1829 2022 quidquid
1878 1947 2120 2011 virtutis,

534 2048 793 2121 quidquid
844 2049 1076 2105 habeant
1104 2048 1400 2119 dignitatis.
1426 2045 1502 2101 Illi
1533 2043 1677 2099 enim
1702 2039 1957 2112 quidquid
1988 2036 2116 2093 boni

536 2141 915 2213 conquiritur,
942 2141 1069 2213 jure
1116 2142 1403 2208 tribuetur,
1441 2154 1469 2193 a
1507 2152 1614 2208 quo
1644 2135 1732 2191 ille
1775 2133 1865 2204 qui
1895 2131 2120 2198 vicerit,

2234 1950 2345 1997 tem
2396 1947 2731 2010 sequuntur,
2778 1938 3000 1996 alterius
3048 1936 3172 1994 libri
3223 1938 3509 1995 tractanda
3561 1947 3808 1993 sumantur

2233 2033 2475 2091 exordio.

530 2309 3809 2355 Μ

1688 2492 2016 2570 LIBER
2096 2485 2671 2566 SECUNDUS.

878 2767 1219 2826 CAPITULA
1258 2766 1437 2824 LIBRI
1477 2766 1792 2826 SECUNDI.

539 2861 582 2918 l.
616 2858 758 2918 Libri
792 2862 977 2933 signati
1005 2863 1164 2933 signis
1197 2871 1388 2931 septem
1429 2861 1674 2933 dignitas,
1720 2859 1948 2931 acceptio
1977 2864 2124 2929 pate-

609 2934 734 3002 facti
762 2942 1071 2988 memoratur
1102 2943 1148 2986 et
1177 2935 1325 2988 visio.

538 3001 616 3075 ll.
650 3001 828 3075 Primo
857 3006 1035 3075 signo,
1058 3006 1171 3073 equi
1201 3005 1305 3058 albi
1332 3012 1574 3059 narratur
1607 3003 1875 3072 inspectio.

535 3073 624 3146 lli.
666 3072 1285 3146 §ecundo'equusrufus,
1316 3083 1362 3127 et
1378 3076 1521 3146 niger
1544 3075 1692 3129 tertio
1717 3081 2051 3129 memoratur.

654 3142 861 3229 Equum
890 3142 1074 3229 quarto
1102 3142 1246 3229 signo
1275 3142 1564 3229 pallentem,

518 3213 604 3288 ΥΣ
648 3215 839 3288 Quinto
869 3213 1014 3288 signo
1042 3217 1133 3272 sub
1148 3213 1326 3271 'altare
1356 3215 1453 3271 Dei
1482 3217 1680 3272 animus
1710 3215 2017 3288 occisorum.

534 3283 625 3341 Vl.
670 3283 1042 3357 Terrazmotus,
1084 3289 1209 3345 solis
1233 3287 1514 3345 obscuritas
1553 3290 1607 3346 in
1655 3287 1904 3361 sanguine
1941 3286 2131 3343 lumine

582 3522 587 3529 δ
614 3460 643 3494 ⁸
663 3451 1006 3528 Sanguinem.
1040 3455 1203 3512 Lunte
1229 3440 1510 3514 conversio.

2306 2799 2549 2841 converso
2578 2791 2629 2851 ι,
2662 2778 2937 2849 stellasque
2960 2793 3187 2835 casuras.

2234 2848 2623 2939 Vll.._Quatuor
2652 2852 2821 2923 angeli
2850 2848 3018 2907 tenere
3046 2858 3265 2922 quatuor
3294 2857 3441 2905 terra:
3462 2848 3679 2919 angulos
3704 2862 3814 2918 per-

2234 2929 2678 3055 Vlilllfwlriltblr’nerus
2725 2995 3047 3066 signatorum
3084 2994 3149 3048 de
3184 2992 3383 3064 singulis
3429 2989 3657 3044 tribubus
3699 3005 3816 3044 me-

2234 3078 2608 3225 nimiam;
2666 3154 2731 3193 ea:
2782 3137 3015 3211 gentibus
3079 3133 3382 3207 medicatur
3429 3130 3811 3187 innumerabilis

2302 3213 2601 3266 multitudo.

2232 3282 2303 3340 X.
2341 3283 2516 3354 Agnus
2543 3281 2633 3353 qui
2656 3280 2712 3337 in
2743 3279 2908 3337 medio
2935 3277 3107 3336 throni
3144 3284 3242 3347 est,
3269 3284 3409 3348 reget
3436 3292 3543 3333 eos.

523 3688 527 3692 ἢ
609 3722 809 3793 Legem
835 3722 932 3779 Dei
959 3698 1120 3793 posse
1148 3720 1321 3778 tribus
1347 3719 1525 3775 modis
1546 3717 1772 3789 intelligi
1798 3717 1961 3773 etiam
1990 3714 2127 3773 mul—
2159 3715 2206 3781 C
2233 3711 2478 3771 canimus
2514 3706 2693 3781 (Psal.
2726 3703 2879 3777 xxxi)
2910 3722 2925 3763 :
2957 3702 3107 3761 Beati
3134 3714 3362 3775 quorum
3419 3696 3654 3754 remisse

521 3809 817 3883 ,tipliciter,
846 3820 993 3867 recta
1023 3811 1285 3868 duntaxat
1312 3808 1650 3878 expositione
1679 3806 1955 3879 cognosci,
1986 3806 2131 3877 ejus-

539 3903 665 3960 dem
691 3902 1011 3959 testimoniis
1039 3903 1393 3973 perdoeetur;
1424 3900 1565 3958 sicut
1584 3900 1729 3956 enim
1759 3899 1813 3954 in
1844 3898 2132 3955 Salomone

538 3994 770 4067 legimus
800 3994 984 4068 (Prov.
1017 3995 1111 4067 vn)
1140 4014 1152 4050 :
1186 3995 1377 4052 Scribe
1404 4009 1467 4051 ea
1498 3994 1593 4050 tibi
1616 3992 1933 4064 tripliciter;
1972 3991 2044 4047 ita
2075 3992 2130 4047 in

532 4088 679 4169 libro
703 4089 805 4147 Job
838 4086 992 4161 (Cap.
1015 4089 1094 4159 xi)
1119 4090 1381 4161 scriptum
1410 4087 1754 4146 meminimus
1782 4106 1794 4143 :
1822 4090 2000 4159 Atque
2026 4087 2131 4143 uti-

532 4196 668 4257 qnam
720 4182 862 4239 Deus
903 4182 1215 4253 loqueretur
1240 4190 1443 4249 tecum,
1479 4192 1535 4239 et
1570 4180 1883 4239 ostenderet
1912 4180 2007 4236 tibi
2044 4193 2131 4235 se-

539 4283 689 4331 creta
735 4274 1037 4345 sapientiae,
1083 4285 1138 4331 et
1164 4275 1308 4347 quod
1356 4275 1638 4345 multiplex
1669 4282 1817 4331 esset
1844 4274 1931 4329 lex
1969 4271 2127 4343 ejus!

539 4363 743 4423 Verum
767 4367 895 4439 quia
948 4381 1057 4423 uno
1085 4367 1280 4438 spiritu
1310 4368 1534 4437 probata
1580 4367 1682 4424 sibi
1712 4365 1985 4422 adversari
2010 4364 2131 4420 nul-

536 4456 750 4517 latenus
795 4469 1040 4529 possunt,
1089 4458 1358 4531 probabili
1410 4460 1619 4517 ratione
1664 4466 1950 4529 utrumque
2000 4471 2131 4512 con-

539 4556 691 4606 stare
711 4549 866 4607 facile
903 4550 1327 4610 demonstratur.
1359 4552 1473 4611 Hoe
1501 4561 1707 4611 tantum
1734 4562 1817 4608 est
1846 4550 2129 4621 principali

540 4639 904 4704 sollicitudine
948 4647 1407 4719 conservandum,
1458 4656 1517 4704 ut
1556 4647 1727 4703 sacris
1768 4644 2130 4701 voluminibus

542 4734 876 4808 exponendis
916 4736 1041 4794 illos
1066 4752 1261 4798 sensus
1289 4740 1547 4798 adhibere
1592 4753 1861 4803 curemus,
1896 4737 1988 4808 qui
2029 4751 2130 4794 nee

541 4828 611 4885 ab
658 4829 898 4903 ipsorum
928 4830 1175 4890 locorum
1209 4834 1440 4890 veritate
1483 4832 1763 4888 resilient:
1789 4831 1920 4901 quin
1949 4831 2129 4900 potius

540 4920 777 4978 auctoris
820 4923 1059 4980 animum
1105 4924 1403 4981 intentione
1445 4921 1622 4979 sobria
1650 4930 2017 4993 penetrantes,
2051 4935 2133 4977 sa-

531 5010 772 5070 lubriter
800 5014 1097 5085 proferant,
1131 5025 1188 5075 et
1215 5015 1307 5087 qui
1333 5014 1458 5073 fidei
1488 5016 1686 5093 regulis
1712 5002 1968 5085 coaptati,
1997 5017 2129 5071 con;

2234 3804 2562 3877 iniquitates,
2595 3812 2650 3860 et
2667 3815 2896 3873 quorum
2919 3807 3058 3855 tecta
3086 3804 3209 3853 sunt
3232 3801 3494 3865 peccata;
3529 3792 3696 3848 beatus
3720 3786 3789 3840 vir

2230 3899 2319 3958 cui
2352 3914 2458 3955 non
2503 3895 2787 3968 imputavit
2818 3892 3076 3949 Dominus
3103 3897 3409 3961 peccatum,
3462 3893 3524 3940 ut
3567 3883 3792 3953 baptismo

2232 3991 2478 4060 remitti,
2531 3986 2849 4061 pcenitentia
2905 3984 3053 4055 tegi,
3112 3979 3373 4051 martyrio
3427 3991 3538 4033 non
3584 3968 3792 4044 imputari

2230 4084 2540 4142 credantur.
2593 4081 2699 4138 Alii
2739 4088 2917 4136 tamen
2966 4077 3150 4132 Patres
3193 4080 3403 4143 septem
3446 4066 3635 4125 modis
3682 4064 3793 4120 dixe-

2231 4189 2361 4236 runt
2389 4177 2644 4241 relaxari,
2678 4173 2939 4231 addentes
2980 4169 3353 4238 eleemosynas
3393 4162 3606 4219 debitae
3647 4154 3793 4214 remis-

2230 4270 2404 4327 sionis
2448 4266 2822 4339 acquisitioni,
2871 4262 3104 4335 proximi
3147 4260 3215 4315 ab
3242 4271 3431 4315 errore
3462 4250 3711 4339 cohibiti,
3756 4251 3797 4299 et

2232 4338 2621 4419 abundantiam
2664 4356 2968 4422 charitatis,
3017 4368 3113 4424 per
3148 4363 3307 4422 quam
3355 4342 3634 4415 coaperiri
3663 4338 3794 4393 abun-

2231 4456 2473 4514 dantiam
2506 4454 2732 4525 legimus
2762 4455 3104 4523 peccatorum
3136 4441 3317 4515 (Prov.
3350 4438 3437 4511 ι).
3471 4436 3705 4525 Possunt
3730 4442 3798 4524 ως

2234 4558 2340 4605 tem
2372 4548 2515 4604 intra
2544 4523 2661 4600 illos
2693 4553 2803 4597 tres
2841 4536 3032 4593 modos
3070 4533 3159 4589 isti
3190 4543 3405 4603 quoque
3453 4523 3798 4594 comprehensi

2234 4654 2477 4699 manere,
2512 4636 2603 4708 qui
2630 4634 2790 4689 latius
2821 4631 3061 4687 clareant
3106 4621 3365 4693 expediti.
3407 4618 3690 4687 Quorsum
3724 4612 3797 4664 ista

2236 4729 2616 4803 praemiserim,
2646 4722 2923 4795 sequentis
2953 4735 3085 4776 mox
3108 4714 3358 4774 lectionis
3379 4710 3619 4767 docebit
3648 4716 3800 4761 exem-

2233 4800 2371 4889 sus;
2420 4816 2756 4890 exponendis
2787 4826 3017 4882 namque
3069 4808 3203 4865 locis
3247 4804 3431 4861 arduis
3478 4800 3802 4872 properantes

2234 4919 2488 4974 nolumus
2518 4921 2609 4970 aut
2656 4906 2973 4967 temeritatis
3015 4915 3309 4976 progressu
3356 4898 3576 4965 notari,
3623 4902 3705 4951 aut
3733 4899 3801 4960 pl-

2236 5016 2407 5066 ternae
2436 5004 2741 5063 traditionis
2765 4998 3011 5058 obliviosi
3036 4997 3106 5053 ab
3135 4994 3322 5064 aliquo
3345 4989 3619 5063 iudicari.

542 5126 678 5169 sona
724 5126 940 5184 semper
986 5114 1205 5172 veritati
1246 5111 1629 5183 respondeant.
1663 5112 1849 5183 Neque
1893 5111 2037 5169 enim
2074 5118 2122 5169 et

2312 5123 2441 5179 CAP.
2470 5138 2522 5179 v.
2556 5119 2626 5175 Et
2643 5116 2749 5174 vidi
2772 5113 2961 5171 librum
2980 5112 3033 5166 in
3064 5110 3273 5165 dextera
3303 5105 3402 5162 Dei
3433 5101 3668 5159 sedentis
3685 5104 3802 5161 ηρσ

534 5206 673 5287 illud
703 5205 809 5265 sibi
831 5210 1165 5267 contrarium
1186 5208 1360 5266 videri
1387 5210 1681 5280 putandum
1706 5218 1811 5276 est,
1839 5209 1983 5280 quod
2009 5224 2131 5265 cum

541 5300 774 5389 Spiritus
818 5302 918 5362 Dei
966 5303 1210 5377 legaliter
1255 5306 1557 5363 insinuetur
1601 5306 1759 5380 (Sap.
1796 5306 1899 5380 vn)
1944 5308 2131 5363 unicus

540 5401 625 5457 vel
657 5400 912 5472 simplex,
942 5415 1072 5460 mox
1101 5399 1415 5472 perhibetur
1452 5398 1616 5457 etiam
1643 5399 1999 5455 multimodus
2042 5400 2130 5455 vel

538 5495 845 5573 multiplex,
880 5497 1023 5555 sicut
1050 5497 1125 5565 {se
1168 5494 1582 5552 translationum
1634 5492 1918 5549 diversitas
1946 5491 2124 5547 habet.

539 5586 783 5673 Simplex
807 5589 995 5663 utique
1020 5587 1274 5662 singulari
1300 5588 1630 5660 proprietate
1677 5594 1901 5650 naturae,
1945 5585 2128 5639 multi-

541 5680 665 5749 plex
695 5679 1162 5740 distributionibus
1190 5682 1423 5753 gratias;
1467 5680 1553 5738 vel
1596 5688 1705 5734 tum
1740 5677 1911 5733 tribus
1958 5676 2133 5734 modis

542 5776 751 5846 legatur
778 5783 1119 5846 peccatorum
1159 5777 1407 5834 remissio
1452 5772 1740 5839 celebrari,
1784 5770 2129 5840 baptismate,

540 5865 880 5941 paenitudine
928 5876 1091 5942 atque
1137 5870 1419 5941 martyrio,
1466 5867 1618 5938 juxta
1660 5862 1948 5935 psalmum,
1986 5860 2128 5936 quod

2242 5218 2506 5283 thronum,
2556 5211 2801 5282 scriptum
2830 5208 2967 5260 intus
2996 5211 3043 5258 et
3085 5201 3234 5273 foris,
3264 5200 3529 5270 signatum
3577 5193 3723 5262 signis
3753 5195 3807 5235 ιε’·

2238 5320 2397 5382 ptem.
2436 5281 2498 5363 In
2525 5281 2735 5371 dextra,
2766 5302 2824 5358 in
2849 5298 3066 5357 Christo
3095 5294 3247 5361 dicit,
3287 5292 3403 5363 ipse
3434 5296 3524 5345 est
3554 5286 3692 5343 enim
3708 5281 3805 5382 bra-

2240 5372 2423 5459 chium
2451 5400 2570 5466 Dei,
2601 5400 2717 5467 ipse
2746 5394 2970 5451 dextera
2993 5389 3199 5455 Patris;
3231 5387 3344 5442 sive
3373 5385 3425 5438 in
3466 5392 3682 5437 summa
3708 5372 3809 5428 bea-

2240 5493 2488 5553 titudine.
2522 5492 2741 5547 Librum
2770 5487 3031 5557 scriptum
3078 5482 3223 5537 intus
3262 5488 3317 5535 et
3358 5475 3515 5541 foris,
3554 5473 3806 5555 utrumqus

2240 5585 2666 5640 Testamentum.
2701 5582 2747 5636 A
2774 5579 2926 5645 foris,
2953 5576 3119 5633 Vetus
3141 5571 3282 5643 quod
3310 5568 3600 5626 videbatur
3624 5581 3637 5629 ;
3661 5560 3721 5615 ab
3741 5557 3807 5610 in-

2242 5688 2348 5745 tus,
2378 5679 2583 5733 Novum
2615 5675 2759 5745 quod
2791 5674 2932 5728 intra
2961 5671 3129 5726 Vetus
3158 5665 3380 5723 latebat.
3415 5664 3555 5718 llinc
3600 5661 3806 5745 Aposto-

2240 5743 2602 5829 lus-Hebraeos
2632 5743 2943 5837 alloquitur,
2978 5764 3163 5819 dicens
3197 5760 3358 5833 (Ifeb.
3396 5754 3660 5827 xtt):Non
3684 5743 3806 5843 enim

2240 5862 2546 5922 accessistis
2576 5860 2643 5917 ad
2675 5834 3016 5919 tractabilem
3042 5857 3217 5928 ignem
3247 5861 3300 5911 et
3327 5849 3599 5909 turbinem
3624 5851 3678 5901 st
3696 5834 3806 5897 cali-
