3968 6354
176 282 299 339 821

1199 277 1647 338 COMMENTAR.
1689 278 1754 335 IN
1796 278 2181 339 APOCALYP.
2227 278 2357 337 LIB.
2401 280 2465 339 II.

3377 286 3477 340 89.2

172 398 397 469 ginem,
426 402 483 452 et
511 394 821 466 procellam,
850 399 904 451 et
931 393 1072 452 tuba
1093 407 1308 462 sonum,
1339 404 1393 451 et
1432 409 1619 451 vocem
1662 408 1781 450 ver-
1810 396 1866 458 Α
1888 411 2004 455 cem
2036 396 2172 470 (Isa.
2198 398 2363 469 cvm).
2410 399 2709 471 Optativus,
2734 398 2948 458 Utinam
2980 399 3301 457 attendisscs
3324 416 3477 457 mau-

173 490 616 560 Dorum:quam
657 490 745 559 qui
796 488 1107 560 audierunt,
1164 497 1557 546 excusaverunt
1604 500 1685 556 se,
1718 501 1787 544 ne

173 584 274 640 eis
307 584 461 639 ﬁeret
489 583 741 650 verbum;
771 598 877 640 non
916 583 1058 639 enim
1083 583 1371 654 portabant
1397 582 1539 654 quod
1567 580 1787 638 diceba-

173 688 305 746 tur,
344 688 449 735 etc.
480 678 632 735 Nunc
676 688 858 736 autem
899 679 1233 751 spiritalibus
1270 678 1533 750 spiritalia
1562 692 1785 748 compa-

173 784 400 841 rantes,
436 788 543 829 non
587 776 1014 846 contemplamur
1054 790 1173 847 qua
1225 774 1494 843 videntur,
1540 773 1635 829 sed
1666 787 1785 843 quae

172 883 303 923 non
338 868 588 924 videntur
620 884 633 922 :
665 884 782 939 qua
814 872 956 925 enim
981 871 1249 935 videntur,
1284 868 1599 939 temporalia
1629 876 1781 933 sunt;

174 977 314 1033 qua
346 972 523 1019 autem
564 977 670 1018 non
705 965 976 1034 videntur,
1013 972 1235 1019 aeterna.
1281 962 1573 1031 Propterea
1603 970 1783 1015 autem

177 1069 334 1110 unus
365 1055 501 1110 liber
522 1055 738 1121 dicitur,
765 1057 887 1125 quia
918 1071 1017 1111 nec
1048 1055 1253 1111 Novum
1288 1055 1406 1109 sine
1434 1052 1648 1131 Vetere,
1684 1067 1785 1108 nec

176 1145 361 1201 Vetus
389 1146 507 1202 sine
540 1146 706 1201 Novo.
742 1147 873 1202 Nam
906 1147 1073 1203 Vetus
1114 1147 1332 1201 nuntius
1356 1153 1438 1199 est
1463 1152 1517 1199 et
1539 1143 1780 1199 velamen

178 1238 352 1304 Novi,
380 1248 435 1295 et
460 1238 669 1295 Novum
693 1240 1010 1311 adimpletio
1032 1250 1087 1296 et
1114 1240 1371 1295 revelatio
1394 1238 1635 1303 Veteris;
1659 1239 1781 1308 quia

177 1338 243 1386 et
274 1330 445 1387 Vetus
467 1332 710 1402 quamvis
738 1346 765 1387 a
790 1332 922 1389 foris
951 1341 1113 1397 esset,
1137 1346 1243 1387 non
1268 1339 1434 1385 totum
1463 1330 1779 1400 apparebat,

182 1436 303 1479 non
347 1433 518 1480 totum
547 1424 765 1481 latebat.
802 1424 918 1492 Vel,
950 1433 1009 1479 ut
1037 1424 1236 1479 clarius
1267 1422 1621 1493 exprimatur,
1655 1437 1774 1475 om-

180 1516 276 1571 nis
306 1515 639 1587 dispensatio
663 1516 979 1584 Salvatoris,
1014 1516 1137 1572 libri
1167 1516 1251 1570 hic
1279 1515 1499 1571 nomine
1530 1516 1781 1585 frequen-

176 1614 355 1675 tatur,
387 1622 507 1678 qua
532 1607 587 1662 in
614 1614 845 1676 utroque
872 1606 1223 1663 Testamento
1261 1606 1343 1659 vel
1366 1606 1628 1675 promissa
1658 1605 1783 1675 legi-

180 1707 298 1765 tur,
326 1697 410 1754 vel
443 1705 676 1767 peracta.
713 1697 990 1763 Signatum
1023 1698 1189 1768 signis
1224 1705 1455 1766 septem,
1488 1697 1778 1753 multifaria

1892 488 2014 545 data
2042 505 2181 558 mea,
2232 501 2285 548 et
2312 492 2448 548 facta
2489 492 2677 549 fuisset
2726 492 2863 549 sicut
2908 493 3086 549 lumen
3140 508 3237 563 pax
3270 502 3381 557 tua,
3423 500 3478 548 et

1886 579 2092 650 justitia
2126 591 2214 639 tua
2244 584 2382 641 sicut
2401 585 2637 657 gurgites
2664 586 2827 641 maris
2849 584 2984 658 (Ira.
3015 585 3225 655 mm);
3258 592 3333 653 et,
3363 585 3473 641 Uti-

1888 686 2011 727 nam
2042 673 2335 744 dirigantur
2376 678 2479 733 via
2527 693 2663 735 mea
2703 678 2769 735 ad
2802 678 3181 736 custodiendas
3217 679 3479 751 juStitica-

1889 764 2064 821 tiones
2092 774 2206 822 tuas
2250 768 2423 839 (Psat.
2455 771 2675 842 cxvnt);
2708 779 2761 829 et
2792 788 2806 827 :
2847 772 2976 839 Quis
3006 772 3153 828 dabit
3177 772 3307 827 mihi
3340 786 3475 841 pen-

1890 874 1986 915 nas
2026 861 2167 917 sicut
2208 862 2496 931 columba,
2526 874 2580 921 et
2610 865 2800 922 volabo
2834 876 2889 923 et
2916 868 3253 937 requiescam
3299 866 3472 936 (Psal.

1888 952 2073 1023 Lvru)?
2120 952 2528 1027 Conjunctivus,
2558 958 2618 1014 Si
2660 959 2935 1017 audieritis
2965 975 3151 1015 vocem
3195 974 3392 1021 meam,
3423 969 3475 1013 ct

1886 1044 2250 1100 custodieritis
2278 1055 2488 1116 pactum
2522 1064 2720 1118 meum,
2757 1053 2908 1107 eritis
2953 1052 3081 1107 mihi
3114 1053 3164 1106 in
3202 1052 3469 1121 peculium

1888 1137 1954 1192 de
1982 1139 2188 1194 cunctis
2216 1142 2457 1210 populis;
2487 1158 2602 1199 mea
2626 1152 2710 1199 est
2740 1146 2881 1199 enim
2904 1148 3079 1200 omnis
3113 1152 3276 1210 terra,
3303 1154 3358 1199 et
3380 1158 3475 1197 vos

1888 1229 2035 1284 eritis
2066 1231 2194 1285 mihi
2219 1247 2443 1302 regnum
2473 1236 2808 1290 sacerdotale
2830 1246 2883 1291 et
2911 1251 3040 1306 gens
3062 1246 3244 1291 sancta
3272 1235 3471 1300 (Exod.

1887 1323 2022 1392 xIx).
2056 1323 2195 1378 Alibi
2241 1340 2451 1395 quoque
2479 1344 2490 1379 :
2517 1327 2783 1384 Habitabo
2808 1329 2860 1383 in
2891 1330 2995 1383 illis
3024 1338 3078 1383 et
3106 1328 3469 1394 inambulaho,

1888 1425 1943 1471 et
1970 1432 2064 1472 ero
2088 1417 2301 1473 illorum
2337 1419 2494 1487 Deus,
2523 1430 2575 1476 et
2596 1420 2697 1491 ipsi
2726 1430 2885 1476 erunt
2914 1421 3044 1476 mihi
3072 1422 3296 1492 populus
3320 1421 3465 1491 (Leu.

1891 1509 2063 1581 xxvr).
2104 1510 2223 1576 V’el,
2274 1511 2331 1567 Si
2377 1512 2652 1569 stetissent
2677 1516 2729 1569 in
2770 1514 3065 1569 substantia
3110 1528 3248 1585 mea,
3290 1513 3471 1582 utique

1885 1600 2200 1657 avertissem
2230 1616 2325 1658 eos
2346 1616 2377 1656 a
2402 1605 2647 1673 pessimis
2677 1606 3088 1675 cogitatimiibus
3113 1606 3222 1661 suis
3253 1602 3467 1674 (Jerem.

1884 1692 2061 1763 χχιιι).
2091 1693 2389 1752 Inlinitivus
2416 1712 2577 1767 porro
2599 1698 2809 1766 modus,
2844 1699 2930 1769 qui
2961 1708 3015 1756 et
3046 1700 3099 1755 in
3130 1698 3316 1753 ordine
3345 1714 3471 1753 sex-

179 1793 569 1861 mysteriorum
598 1792 925 1848 latitantium
954 1792 1290 1862 plenitudine
1324 1801 1545 1858 tectum,
1578 1792 1703 1848 inde
1724 1800 1779 1847 et
1808 1790 1858 1852 B
1886 1795 1967 1841 lUS
1999 1795 2081 1843 est
2101 1806 2113 1839 ε
2137 1788 2286 1844 SCiI‘e
2308 1796 2364 1844 et
2391 1789 2693 1859 intelligere
2718 1790 3022 1857 Dominum,
3050 1801 3103 1847 et
3132 1790 3309 1847 facere
3326 1790 3473 1861 judi-

180 1896 212 1936 a
244 1890 430 1939 monte
459 1882 713 1939 umbroso
751 1892 804 1939 et
846 1885 1138 1939 condenso.
1176 1884 1240 1939 Et
1273 1884 1401 1939 licet
1443 1885 1780 1954 septenarius

180 1993 440 2033 numerus
470 1979 876 2035 universitatem
920 1980 1151 2036 sollicite
1180 1980 1596 2050 complectatur,
1629 1979 1775 2034 arbi-

188 2077 308 2122 tror
337 2076 513 2124 tamen
544 2077 751 2140 septem
782 2070 969 2126 modos
1003 2082 1253 2141 tanquam
1292 2080 1498 2141 septem
1534 2072 1685 2142 signa
1720 2072 1773 2126 in

182 2156 487 2229 Scripturis
513 2160 709 2217 divinis
753 2162 1023 2219 exercitiis
1047 2162 1221 2232 palam
1264 2162 1462 2219 debere
1503 2165 1690 2233 quari,
1725 2172 1779 2221 et

184 2263 290 2319 pro
334 2265 392 2306 se
438 2252 743 2308 necessario
795 2255 1021 2323 reperiri
1065 2270 1173 2309 non
1213 2262 1417 2311 tantum
1462 2255 1777 2326 proloquio-

180 2354 326 2406 rum,
356 2355 492 2410 quos
520 2342 684 2397 etiam
714 2344 974 2399 mundani
1014 2354 1268 2401 auctores
1298 2347 1352 2401 in
1383 2346 1496 2404 suis
1525 2348 1778 2403 dictioni-

180 2430 285 2487 bus
319 2433 640 2503 regularitu-
670 2434 781 2490 Deo
810 2434 1088 2493 revelante
1116 2436 1547 2494 animadvertere
1588 2449 1777 2509 potue-

178 2533 332 2593 runt,
371 2525 467 2579 sed
498 2528 663 2582 etiam
700 2528 1072 2598 intelligentia
1096 2531 1371 2599 salutaris,
1405 2531 1495 2600 qui
1523 2532 1625 2587 soli
1654 2546 1776 2602 spe-

80 2670 105 2695 .
174 2614 387 2671 cialiter
415 2615 633 2673 Christo
675 2620 982 2675 reseranda
1023 2620 1276 2679 dicuntur
1306 2628 1573 2681 mansisse
1617 2639 1776 2695 repo-

174 2709 293 2765 siti.
324 2710 567 2778 Quandiu
613 2712 756 2768 enim
788 2727 979 2784 aquam
1024 2714 1079 2770 in
1119 2716 1226 2771 illis
1278 2732 1373 2773 sex
1414 2718 1617 2789 hydriis
1656 2728 1775 2776 tan-

173 2818 339 2875 quam
389 2818 487 2860 sex
542 2806 789 2861 aetatibus
822 2806 965 2861 idem
1008 2806 1268 2863 Dominus
1312 2812 1671 2868 convertisset
1718 2814 1773 2869 in

173 2897 385 2965 viuum,
437 2897 490 2954 id
538 2908 642 2966 est,
698 2900 865 2955 Vetus
912 2900 1316 2957 Testamentum
1368 2904 1772 2975 intelligendum

176 2988 496 3059 Spiritaliter
540 2991 883 3061 perduceret,
924 3007 1022 3048 nec
1053 2993 1264 3050 cbriare
1295 2995 1509 3053 fervore
1549 2998 1772 3068 spiritus

177 3078 267 3135 lex
295 3096 620 3152 quemquam
651 3093 883 3153 poterat.
914 3085 979 3139 Et
1006 3085 1093 3139 illa
1125 3086 1276 3157 signa
1306 3087 1484 3143 clausa
1509 3088 1773 3147 hactenus

1885 1880 2024 1934 cium
2054 1880 2387 1950 etjustitiam
2436 1881 2490 1935 in
2538 1882 2714 1937 medio
2741 1892 2895 1937 terra
2926 1884 3139 1953 (Jerem.
3174 1886 3271 1953 rx).
3304 1884 3469 1939 Item~

1885 1987 2009 2040 quc,
2042 1970 2333 2027 Continere
2362 1988 2389 2026 a
2432 1973 2595 2041 malo,
2635 1974 2984 2044 intelligentia
3015 1975 3199 2045 (.llich.
3228 1976 3322 2046 v1).
3360 1976 3467 2031 lm-

1884 2064 2208 2133 personalis,
2247 2064 2376 2131 Quis
2408 2065 2610 2135 adjuvit
2640 2065 2888 2135 spiritum
2921 2067 3169 2122 Domini?
3199 2082 3319 2122 cum
3362 2080 3469 2136 quo

1883 2156 2003 2212 iniit
2054 2159 2374 2227 consilium,
2418 2166 2472 2215 et
2516 2160 2769 2215 instruxit
2817 2174 2938 2215 eum
2964 2202 2978 2225 ,
3022 2167 3075 2214 et
3112 2159 3293 2215 docuit
3344 2174 3467 2214 eum

1882 2250 2126 2305 semitam
2175 2252 2421 2320 justitia,
2477 2264 2531 2309 et
2578 2253 2715 2308 viam
2766 2254 3060 2323 prudentia
3116 2252 3348 2310 ostendit
3390 2251 3469 2307 illi

1886 2341 2007 2411 (Job
2028 2344 2252 2414 xxvm)?
2278 2344 2373 2399 Vel
2398 2346 2449 2398 in
2474 2347 2579 2400 hoc
2608 2346 2748 2414 quod
2779 2354 2861 2400 est
2890 2348 3143 2415 scriptum
3178 2362 3192 2398 :
3227 2346 3358 2412 Quis
3384 2353 3469 2401 est

1880 2432 1935 2487 in
1959 2433 2109 2488 vobis
2137 2434 2226 2504 qui
2250 2434 2431 2490 audiat
2472 2436 2594 2503 hoc,
2630 2436 2871 2491 attendat
2905 2446 2957 2491 et
2986 2435 3253 2491 auscultet
3292 2435 3468 2491 futura

1883 2525 2018 2598 (lsa.
2068 2526 2197 2597 xc)?
2230 2526 2318 2595 Et,
2358 2528 2489 2596 Quis
2528 2536 2612 2584 est
2656 2529 2817 2584 homo
2848 2530 2936 2599 qui
2968 2530 3117 2584 timet
3157 2528 3464 2599 Dominum,

1881 2620 2051 2690 legem
2074 2623 2259 2676 statuit
2285 2623 2335 2677 ei
2368 2623 2418 2678 in
2444 2625 2526 2678 via
2555 2638 2714 2694 quam
2744 2624 2904 2694 elegit
2928 2622 3098 2695 (Psal.
3133 2624 3314 2693 xxrv)?
3342 2623 3462 2690 Vel,

1881 2713 2185 2781 Intelligere
2218 2716 2413 2785 legem,
2453 2730 2644 2772 sensus
2672 2727 2751 2772 est
2775 2717 2991 2785 Optimi;
3022 2726 3095 2781 et,
3138 2717 3267 2781 Quis
3294 2716 3468 2785 loqui-

1880 2812 1966 2859 tur
1996 2807 2257 2875 potentias
2294 2807 2500 2862 Domini
2538 2806 2709 2877 (Psal.
2746 2808 2866 2878 cv)?
2896 2816 2947 2863 et
2978 2816 3173 2863 catera
3204 2808 3285 2863 his
3311 2808 3467 2863 simi-

1878 2894 1971 2963 lia,
2009 2911 2131 2967 qua
2158 2898 2382 2967 singulis
2414 2906 2663 2967 poterunt
2700 2900 2875 2955 modis
2904 2909 3262 2969 congruenter
3288 2900 3469 2969 copio-

1877 2985 1989 3043 sius
2015 2989 2294 3057 applicari.
2320 2989 2466 3059 Hac,
2492 2992 2729 3061 inquam,
2756 2994 2934 3049 verbis
2960 2993 3111 3049 facile
3135 2993 3464 3063 reperimus;

1878 3078 1982 3133 hoc
2025 3087 2203 3133 autem
2258 3096 2397 3136 nunc
2423 3068 2621 3149 justus’
2648 3083 2780 3137 ordo
2826 3083 3089 3151 deposcit,
3138 3092 3196 3137 ut
3232 3084 3283 3137 in
3333 3084 3463 3153 ipsis

175 3174 569 3244 permanebant
617 3194 631 3231 :
674 3178 923 3245 quocirca
980 3179 1147 3233 sacris
1216 3178 1500 3249 diligenter
1558 3182 1767 3252 paginis
1796 3175 1844 3240 C
1876 3170 2094 3241 Proprie
2129 3170 2294 3227 rebus
2329 3182 2581 3240 ιθηίιυθηι
2621 3182 2828 3241 δορίεηι
2874 3173 3039 3242 Signis
3078 3172 3352 3242 regulares
3381 3172 3467 3227 in'

175 3268 549 3337 perscrutatis,
603 3278 808 3340 septem
836 3271 1067 3339 primum
1104 3270 1277 3327 modis
1305 3272 1589 3329 locutionis
1626 3274 1773 3331 vide-

178 3372 304 3413 mus
342 3359 502 3417 facile
554 3362 963 3432 comprehendi,
1017 3363 1069 3418 id
1116 3373 1197 3419 est
1245 3365 1611 3435 indicativum,
1645 3383 1771 3439 pro-

176 3452 534 3508 nuntiativum
563 3494 578 3521 ,
630 3455 1032 3526 imperativum,
1086 3457 1421 3529 Optativum,
1471 3462 1771 3531 conjuncti-

175 3557 325 3611 vum,
356 3545 678 3602 inﬁnitivum
708 3557 762 3604 et
807 3548 1246 3620 impersonalem,
1281 3561 1359 3621 ut,
1386 3555 1540 3611 verbi
1570 3558 1766 3627 gratia,

176 3636 519 3697 indicativum
549 3642 619 3698 sit
647 3643 702 3699 in
732 3658 798 3701 eo
828 3646 970 3713 quod
996 3645 1222 3717 legimus
1255 3648 1444 3718 (Mich.
1480 3653 1557 3721 vr)
1584 3668 1597 3704 :
1621 3652 1767 3707 Indi-

176 3731 310 3789 cabo
350 3733 467 3803 tibi,
519 3734 705 3803 homo,
736 3738 864 3808 quid
893 3737 965 3794 sit
996 3739 1217 3807 bonum,
1253 3748 1307 3796 et
1335 3741 1465 3812 quid
1507 3741 1767 3799 Dominus

177 3836 380 3897 quarat
407 3843 437 3883 a
486 3837 556 3895 te,
590 3830 775 3901 utique
804 3832 1031 3903 diligere
1058 3834 1318 3904 judicium
1357 3844 1412 3891 et
1452 3833 1633 3891 facere
1664 3837 1766 3892 mi—

177 3920 545 3988 sericordiam,
575 3932 629 3977 et
652 3924 938 3979 sollicitum
960 3928 1237 3982 ambulare
1256 3942 1374 3982 cum
1400 3928 1508 3984 Deo
1535 3938 1646 3985 tuo.
1677 3930 1763 3997 Et,

178 4012 290 4085 Ego
318 4014 577 4070 Dominus
606 4014 750 4070 Deus
782 4025 905 4070 tuus
939 4016 1138 4071 docens
1174 4028 1224 4071 te
1259 4019 1430 4084 utilia,
1460 4021 1768 4087 gubernans

179 4115 231 4165 te
268 4110 436 4164 invia
480 4124 583 4181 qua
631 4110 873 4166 ambulas
922 4108 1058 4182 (Isa.
1106 4114 1313 4181 xum).
1366 4111 1604 4182 Itemque
1644 4127 1765 4169 cum

183 4202 438 4271 quaritur
472 4220 483 4256 :
517 4202 645 4271 Quis
675 4209 759 4257 est
786 4201 889 4258 iste
921 4203 1068 4258 venit
1094 4202 1159 4257 de
1189 4203 1362 4269 Edon,
1396 4204 1575 4259 tinctis
1605 4204 1767 4260 vesti-

179 4293 275 4348 bus
310 4293 377 4348 de
423 4294 588 4348 Bosra
632 4293 767 4366 (Ira.
798 4296 983 4365 Lxm)?
1028 4295 1311 4351 indicando
1357 4294 1712 4364 respondetur
1748 4314 1760 4349 :

178 4387 285 4456 Ego
333 4386 425 4455 qui
468 4388 658 4456 loquor
697 4389 982 4458 justitiam,
1033 4397 1087 4445 et
1132 4397 1497 4458 propugnator
1538 4401 1654 4442 sum
1697 4387 1763 4444 ad

178 4478 487 4535 salvandum
507 4477 775 4552 (Ibidem).
804 4480 1417 4545 Pronuntiativus,Audi
1440 4493 1549 4548 me,
1572 4480 1759 4544 Jacob,

1879 3262 2187 3332 telligentia
2228 3261 2426 3317 formas
2468 3265 2718 3331 congruis
2766 3263 3087 3319 testimoniis
3127 3273 3460 3333 coaptemus,

1876 3357 1962 3412 vel
1989 3356 2103 3426 ipsa
2126 3356 2304 3427 potius
2327 3356 2635 3411 testimonia
2665 3356 2870 3412 eisdem
2898 3357 3097 3426 regulis
3119 3355 3321 3411 servire
3345 3370 3468 3426 pro-

1875 3448 2125 3506 babiliter
2155 3448 2466 3504 doceamus.
2500 3448 2816 3504 Pramissos
2861 3448 3005 3505 enim
3036 3446 3320 3503 locutionis
3354 3461 3463 3503 mo-

1874 3542 1997 3611 dos,
2022 3543 2123 3598 etsi
2154 3556 2448 3610 congruum
2476 3549 2753 3612 utcunque
2774 3541 3005 3609 videtur,
3031 3541 3097 3596 ad
3121 3540 3251 3595 illud
3282 3548 3461 3596 tamen

1874 3636 2019 3707 quod
2050 3635 2360 3706 quarimus,
2386 3636 2637 3705 exiguum
2660 3635 2949 3705 judicatur.
2981 3634 3104 3689 Ideo
3132 3648 3365 3704 namque
3394 3633 3460 3691 li-

1874 3729 2029 3787 brum
2063 3731 2329 3799 signatum
2362 3728 2527 3799 signis
2555 3737 2760 3799 septem
2793 3726 2940 3795 dicit,
2974 3726 3095 3807 quia
3119 3732 3359 3782 secretus
3379 3724 3461 3779 al-

1875 3821 1981 3876 tius
2008 3820 2189 3893 [alius]
2223 3820 2438 3888 modus,
2482 3821 2571 3891 qui
2600 3820 2800 3876 ibidem
2837 3827 2962 3875 ante
3003 3818 3249 3884 latuisse,
3292 3817 3463 3888 ipsius

1873 3925 2053 3972 autem
2083 3916 2283 3972 Christi
2326 3915 2727 3987 dispensatione
2760 3914 2952 3971 asserit
2979 3913 3239 3985 patuisse,
3276 3911 3464 3969 admo-

1872 4015 1966 4063 net
2005 4008 2343 4063 indicandus.
2377 4007 2777 4078 Inquirentibus
2805 4008 2984 4078 itaque
3024 4006 3182 4063 nobis
3221 4005 3463 4076 Scriptu-

1872 4111 1987 4152 ram
2014 4096 2219 4166 primus
2262 4096 2503 4153 historiae
2527 4098 2753 4153 actionis
2784 4106 2960 4153 textus
2981 4099 3243 4163 occurrit,
3267 4110 3461 4153 secun-

1870 4188 1973 4246 dus
1996 4189 2269 4260 allegoria
2291 4200 2505 4261 gestus;
2534 4192 2747 4256 tertius,
2773 4192 3050 4259 utriusque
3073 4189 3262 4245 modus
3289 4203 3461 4259 agno-

1868 4286 2070 4353 scitur;
2120 4296 2345 4357 quartus
2380 4286 2448 4341 de
2491 4284 2913 4340 incommutabili
2943 4283 3141 4338 divinae
3182 4281 3460 4338 Trinitatis

1868 4378 2127 4442 essentia,
2167 4378 2381 4446 quando
2426 4376 2663 4447 proprie,
2701 4375 2912 4444 quando
2950 4375 3153 4443 tropice
3181 4372 3351 4429 sacris
3376 4372 3462 4429 in-

1869 4471 2114 4527 sinuetur
2156 4470 2420 4531 oraculis;
2476 4469 2693 4540 quintus
2748 4468 3145 4540 parabolarum,
3184 4467 3310 4539 quia
3348 4476 3460 4526 tam

179 4579 231 4625 et
250 4570 432 4635 Israel,
465 4585 623 4640 quem
653 4586 753 4642 ego
774 4587 930 4639 voco,
954 4589 1055 4644 ego
1083 4574 1286 4643 primus
1315 4580 1369 4628 et
1397 4587 1498 4643 ego
1527 4574 1761 4629 novissi-
1789 4558 1846 4622 D
1870 4564 2047 4622 relatu
2067 4578 2229 4635 quam
2259 4568 2380 4619 actu
2406 4562 2709 4629 coniicitur,
2741 4570 2800 4617 ut
2828 4559 3041 4632 quando
3072 4560 3217 4618 aliud
3238 4560 3457 4631 dicitur,

176 4680 311 4731 mus,
343 4677 393 4720 et
426 4666 629 4737 absque
652 4683 741 4724 me
765 4683 873 4724 non
895 4677 977 4726 est
1008 4670 1147 4725 Deus
1178 4668 1314 4741 (Ira.
1348 4670 1555 4740 mm).
1604 4668 1761 4725 Item-

175 4773 303 4829 que:
324 4757 500 4825 Quare
526 4758 681 4828 dicis,
705 4759 891 4827 Jacob,
918 4768 974 4818 et
1005 4762 1260 4833 loqueris,
1288 4760 1488 4818 Israel:
1516 4763 1761 4820 Abscon-

175 4847 280 4906 dita
319 4849 404 4903 via
452 4862 573 4905 mea
621 4864 651 4905 a
698 4851 947 4918 Domino,
993 4860 1049 4909 et
1101 4867 1130 4907 a
1162 4852 1274 4910 Deo
1327 4866 1451 4909 meo
1498 4852 1759 4925 judicium

175 4957 345 4999 meum
392 4942 647 4998 transiit?
697 4942 949 5013 Nunquid
1000 4945 1177 5002 nescis
1232 4953 1325 5001 aut
1360 4961 1465 5002 non
1516 4947 1754 5003 audisti:

176 5036 311 5093 Deus
362 5037 719 5108 sempiternus
777 5037 1057 5106 Dominus,
1117 5039 1207 5110 qui
1249 5040 1454 5096 creavit
1495 5042 1757 5097 terminos

176 5140 348 5201 terra,
394 5148 504 5189 non
542 5133 755 5191 deﬁciet
797 5148 969 5206 neque
999 5136 1284 5207 laborabit,
1316 5152 1416 5194 nec
1446 5140 1759 5196 eStinvesti-

176 5227 310 5295 gatio
333 5226 607 5296 sapientia
630 5228 769 5299 ejus.
792 5231 880 5301 qui
914 5229 1005 5286 dat
1030 5232 1169 5287 lasso
1190 5231 1440 5289 virtutem
1470 5231 1606 5308 (Isa.
1639 5234 1754 5307 XL).

177 5315 290 5383 Vel,
331 5318 465 5375 Ecce
507 5319 622 5375 dies
650 5320 887 5388 venient,
933 5322 1061 5378 dicit
1092 5324 1375 5394 Dominus,
1401 5334 1456 5382 et
1501 5342 1753 5385 consum-

178 5410 331 5468 mabo
360 5426 520 5482 super
535 5412 751 5469 domum
782 5415 942 5471 Israel
971 5425 1024 5472 et
1045 5430 1207 5488 super
1242 5419 1459 5475 domum
1487 5420 1621 5478 Juda
1652 5422 1757 5479 Te-

180 5510 497 5562 stamentum
542 5505 744 5562 Novum
795 5507 1008 5580 (Jerem.
1050 5510 1189 5581 xxi).
1222 5511 1595 5583 Imperativus,
1636 5515 1754 5571 Non

181 5601 403 5671 accipies
421 5616 613 5658 nomen
636 5601 847 5659 Domini
870 5604 964 5660 Dei
994 5605 1066 5661 tui
1092 5606 1143 5681 in
1168 5621 1393 5674 vanum;
1418 5616 1491 5675 et,
1518 5607 1635 5665 Non
1662 5611 1755 5666 ha-

182 5691 326 5751 bebis
349 5697 478 5753 deos
503 5697 707 5753 alienos
737 5706 931 5768 prater
956 5715 1043 5755 me
1066 5684 1263 5771 (Exod.
1312 5704 1429 5774 xx),
1458 5704 1545 5761 vel
1572 5706 1654 5763 his
1683 5706 1757 5763 si-

370 5789 461 5862 Et,
505 5790 708 5863 Clama,
757 5805 825 5849 ne
850 5805 1054 5862 cesses,
1082 5794 1233 5865 quasi
1264 5796 1391 5854 tuba
1431 5799 1611 5857 exalia
1656 5815 1756 5860 vo-

1867 4665 1923 4714 et
1950 4657 2153 4729 scripto
2180 4654 2324 4711 aliud
2354 4653 2648 4721 invenitur,
2678 4654 2743 4709 ad
2768 4664 2981 4724 pastum
3011 4652 3270 4724 spiritalis
3298 4652 3459 4708 intel-

1865 4748 2099 4821 ligentiae
2122 4748 2333 4815 animus
2347 4748 2611 4819 erigatur;
2634 4754 2820 4803 sextus
2841 4746 2909 4804 de
2929 4746 3143 4817 gemino
3160 4744 3456 4801 Salvatoris

1866 4843 2122 4911 adventu,
2154 4841 2242 4899 vel
2270 4841 2339 4898 ad
2373 4856 2467 4899 eos
2503 4841 2821 4911 pertinentia
2858 4838 2999 4912 (sic),
3028 4851 3099 4894 ne
3128 4844 3220 4893 aut
3247 4836 3454 4906 primus

1864 4952 1965 5010 pro
1985 4938 2245 5004 secundo,
2270 4947 2361 4993 aut
2382 4935 2651 4993 secundus
2674 4933 3000 5005 intelligatur
3018 4945 3119 5003 pro
3138 4932 3334 5001 primo,
3358 4930 3453 4986 ubi

1867 5041 2058 5114 grandi
2090 5041 2391 5098 intentione
2428 5040 2609 5111 regula
2639 5036 2983 5096 discretionis
3012 5042 3095 5091 est
3121 5032 3450 5089 adhibenda.

1866 5143 2004 5202 Hinc
2043 5144 2185 5201 enim
2218 5150 2274 5199 et
2291 5131 2601 5199 Iudaeorum
2640 5147 2847 5198 mentes
2876 5137 3197 5194 adveniente
3225 5133 3453 5189 Domino

1864 5234 2191 5308 caligabant,
2225 5244 2277 5291 et
2309 5247 2454 5289 nunc
2484 5249 2655 5305 usque
2700 5232 2886 5288 eadem
2934 5227 3249 5300 ignorantia
3289 5222 3451 5281 caci-

1865 5341 1975 5390 tate
1997 5330 2268 5399 laborant,
2295 5328 2557 5384 intantum
2585 5338 2642 5384 ut
2666 5339 3045 5395 nonnunquam
3073 5322 3140 5379 de
3160 5321 3291 5391 ipsis
3318 5332 3453 5390 quo-

1864 5440 1970 5497 que
2011 5424 2246 5497 peccatis
2273 5422 2551 5479 hominum
2592 5430 2647 5478 et
2688 5415 3208 5490 transgressiouibus
3248 5414 3455 5484 aliquo-

1865 5534 1986 5575 rum
2021 5518 2301 5590 prophetia
2334 5514 2699 5587 prateudatur
2732 5525 2954 5584 operum
2993 5509 3319 5573 futurorum,
3363 5512 3455 5560 aut

1867 5620 2076 5670 secreta
2126 5610 2445 5682 spiritalium
2500 5622 2777 5667 sensuum.
2812 5605 2907 5662 ille
2936 5617 3097 5675 porro
3146 5599 3355 5665 modus,
3397 5598 3451 5654 id

1866 5716 1971 5775 est,
2000 5707 2281 5777 septimus,
2325 5721 2430 5777 quo
2474 5704 2552 5761 sic
2579 5704 2773 5761 divinis
2801 5700 3086 5774 praeceptis
3114 5697 3449 5761 instruimur,

1866 5809 1929 5861 ut
1962 5810 2107 5861 certa
2138 5800 2262 5857 vita
2304 5798 2526 5871 agendae
2556 5797 2748 5869 forma,
2781 5796 2909 5873 aliis
2928 5808 3058 5853 vero
3097 5793 3221 5849 vita
3247 5789 3452 5862 signiti-
