3968 6354
537 208 644 269 825

1642 210 1939 273 PRIMASII
1978 211 2433 273 ADRUMETANI
2470 212 2686 273 EPISC.

3743 217 3872 275 824

535 328 722 386 eandtc
749 326 917 400 ﬁgura
960 326 1282 403 regulariter
1310 329 1635 400 innotescat,
1666 330 1897 386 sollicita
1939 330 2120 385 inten-
2149 334 2201 393 Α
2230 328 2387 383 tionis
2433 327 2669 383 vindicat
2711 322 2849 393 loca,
2899 323 3055 382 sicuti
3104 332 3187 384 est
3230 326 3379 410 quod
3419 326 3653 401 Moyses
3708 328 3867 387 dicit

536 422 684 477 tione
714 422 1028 479 tractandus
1056 432 1163 489 est,
1190 423 1243 476 in
1266 421 1351 478 his
1373 429 1427 476 et
1454 420 1581 492 quid
1608 421 1736 476 foris
1757 422 2037 489 scriptum,
2069 427 2123 475 et

536 514 665 585 quid
693 514 836 569 intus
880 513 948 569 sit
987 513 1217 569 discretc
1255 512 1612 581 cognoscitur.
1653 511 1757 567 Sed
1784 511 1896 581 jam
1936 525 2122 566 exem-

534 606 920 675 plisprtcfatos
949 605 1137 660 modos
1164 619 1260 659 nos
1295 605 1547 658 convenit
1570 603 1785 658 docere.
1825 602 2121 657 IIistoricus

536 695 683 751 idem
708 698 798 767 qui
828 698 1031 767 primus
1059 705 1161 760 est,
1189 695 1387 749 indicat
1418 695 1571 750 nobis
1596 710 1761 749 unum
1794 694 1964 749 Deum
1999 707 2121 748 esse

534 786 640 843 hoc
684 787 1068 853 modu:Audi,
1112 787 1295 851 Israel,
1330 787 1588 841 Dominus
1632 787 1772 842 Deus
1819 797 1941 840 tuus
1977 784 2121 840 Deus

534 896 675 936 unus
704 892 785 937 est
810 882 988 952 (Deut.
1014 884 1115 950 ιιι),
1144 890 1196 936 et
1225 882 1367 951 quod
1392 882 1457 935 ab
1486 882 1603 951 ipso
1630 881 1764 936 facta
1788 882 1894 936 sint
1917 881 2117 946 omnia,

534 972 620 1027 vel
661 972 742 1025 his
791 973 1007 1026 similia.
1062 973 1342 1028 Secundus
1391 974 1685 1045 allegoriae,
1742 984 1800 1028 ut
1840 983 1922 1029 est
1965 972 2118 1039 illud,

534 1062 674 1131 quod
698 1062 966 1116 Abraham
997 1078 1209 1119 servum
1241 1081 1394 1119 suum
1431 1076 1681 1136 tanquam
1712 1082 1850 1121 novo
1882 1076 1936 1122 et
1973 1067 2122 1120 inso-

532 1154 626 1209 lito
665 1155 866 1210 obtinet
895 1157 1219 1227 juramcnto,
1273 1160 1459 1214 dicens
1487 1177 1499 1214 :
1526 1160 1675 1214 Mitte
1712 1175 1926 1213 manum
1977 1168 2121 1214 tuam

472 1308 493 1322 .
536 1247 725 1302 subter
766 1248 940 1303 Iemttr
1001 1267 1203 1317 meum,
1256 1261 1309 1305 et
1354 1252 1471 1321 jura
1513 1253 1647 1306 mihi
1699 1269 1794 1323 per
1836 1254 2122 1309 Dominum

534 1340 705 1395 Deum
743 1344 865 1396 cteli
910 1342 1063 1412 (Gen.
1100 1346 1267 1415 xxiv).
1306 1346 1459 1411 Quod
1488 1346 1609 1402 ideo
1638 1348 1921 1416 ﬁguratum
1954 1364 2122 1418 agno-

533 1432 722 1501 scitur,
756 1436 898 1501 quod
943 1451 1048 1491 non
1097 1452 1196 1491 usu
1240 1440 1477 1493 omnium
1524 1441 1845 1508 generaliter
1876 1440 2125 1511 frequen-

533 1535 697 1597 tatur,
728 1528 829 1583 nisi
872 1528 1141 1585 Abraham
1171 1544 1222 1587 et
1250 1532 1414 1587 Jacob
1446 1534 1773 1603 propheticis
1818 1537 2126 1605 specialiter

534 1624 879 1691 patriarchis,
925 1626 992 1680 de
1021 1642 1247 1695 quorum
1292 1628 1496 1683 femore
1533 1630 1780 1684 Christus
1813 1642 2124 1700 speraretur

2228 420 2411 493 (Deut.
2455 421 2611 489 xvm)
2636 436 2650 474 :
2680 416 3005 489 Prophetam
3047 421 3200 476 vobis
3247 422 3535 477 suscitabit
3579 422 3755 478 Dens
3790 438 3862 479 ex

2227 516 2483 572 fratribus
2514 517 2749 583 vestris;
2781 517 2920 574 sicut
2944 532 3032 573 me
3060 518 3211 575 illum
3255 520 3526 582 audietis;
3560 521 3853 592 itemque,

2226 608 2471 665 Posthaac
2514 611 2569 666 in
2598 611 2756 667 terris
2800 610 2950 665 visus
2978 626 3058 679 es,
3091 622 3145 667 et
3172 628 3292 668 cum
3334 613 3669 669 hominibus
3718 631 3844 670 con-

2226 712 2471 755 versatus
2505 717 2563 757 cs
2589 701 2856 774 (Earum).
2905 703 2972 757 Et
3013 703 3229 771 iterum,
3274 704 3390 759 Non
3420 718 3509 761 est
3535 709 3774 777 Species
3803 708 3852 762 ei

2228 810 2401 866 neque
2439 796 2621 862 decor,
2649 808 2703 851 et
2738 798 2973 853 vidimus
3018 814 3163 864 eum,
3196 809 3251 852 et
3294 814 3400 853 non
3430 809 3559 855 erat
3587 801 3648 853 ei
3685 815 3849 869 διερε-

2226 894 2366 953 ctus,
2399 886 2710 955 despectum
2753 896 2808 942 et
2831 887 3179 944 novi~simum
3206 891 3477 957 virorum,
3514 893 3711 946 virum
3744 892 3844 946 do-

2227 977 2397 1032 lorum
2441 976 2575 1049 (lca.
2610 979 2743 1047 un).
2781 979 2847 1032 Et
2892 988 3013 1047 post
3048 982 3344 1049 paululum,
3379 983 3724 1051 Languores
3756 998 3840 1036 no-

2227 1080 2368 1124 stros
2399 1070 2511 1139 ipse
2539 1072 2657 1125 tulit
2685 1069 2958 1141 (Ibidem),
2994 1082 3097 1127 etc.
3128 1075 3193 1127 Et
3225 1075 3441 1139 iterum,
3477 1075 3647 1130 Sicut
3675 1090 3837 1143 agnus

2227 1163 2293 1218 ad
2317 1165 2642 1217 occisionem
2671 1164 2917 1228 ducetur,
2953 1173 3005 1219 et
3035 1167 3173 1219 sicut
3198 1169 3313 1221 ovis
3340 1182 3535 1220 coram
3568 1170 3830 1221 tondente

2225 1256 2342 1309 sine
2365 1269 2512 1317 voce,
2543 1256 2622 1307 sic
2655 1268 2762 1306 non
2794 1254 3004 1320 aperuit
3030 1271 3091 1308 os
3120 1270 3275 1307 suum
3300 1254 3587 1325 (Ibidem).
3637 1256 3717 1307 De
3746 1272 3823 1309 se-

2227 1348 2404 1400 cundo
2435 1356 2614 1400 autem
2641 1346 2870 1399 adventu
2903 1348 3125 1417 legimus
3160 1366 3175 1402 :
3210 1349 3345 1402 Deus
3380 1350 3720 1403 manifestus
3748 1366 3823 1405 re-

2228 1437 2361 1501 niet,
2385 1437 2525 1491 Deus
2548 1446 2750 1503 noster,
2770 1447 2943 1491 etnon
2958 1439 3332 1507 silebit;(Psal.
3354 1440 3537 1509 χιιι).
3562 1441 3657 1505 Et,
3678 1444 3823 1508 Aspi-

2229 1530 2372 1584 cient
2400 1530 2465 1583 ad
2500 1539 2551 1584 te
2583 1546 2741 1600 quem
2771 1532 3110 1585 conﬁxerunt
3141 1532 3323 1603 (Zaeh.
3353 1534 3481 1603 xit).
3540 1534 3816 1589 Malacth

2229 1636 2442 1691 quoque
2472 1623 2602 1676 dicit
2638 1641 2649 1674 :
2676 1625 2942 1678 Accedam
2973 1625 3039 1679 ad
3068 1641 3164 1679 vos
3192 1627 3244 1679 in
3278 1628 3515 1695 judicio,
3551 1640 3609 1682 et
3641 1646 3737 1683 ero
3760 1642 3819 1684 te-

535 1716 892 1783 corporaliter
927 1720 1249 1774 nasciturus.
1282 1719 1411 1773 Nam
1436 1721 1585 1790 'quod
1614 1737 1680 1775 ex
1706 1722 1956 1777 omnibus
1986 1724 2120 1779 lide-

2230 1712 2327 1766 stis
2356 1712 2509 1767 velox
2540 1729 2701 1783 super
2744 1714 3016 1769 maleﬁcos
3058 1727 3111 1770 et
3154 1717 3435 1772 adulteros
3464 1726 3527 1773 et
3563 1721 3812 1788 periuros,

534 1806 673 1862 libus
703 1808 864 1865 Israel
897 1812 1065 1880 puella
1108 1815 1217 1881 regi
1252 1813 1415 1867 David
1448 1814 1727 1883 quaeritur,
1765 1827 1819 1869 et
1851 1816 2124 1872 invenitur

534 1906 646 1954 tam
680 1902 911 1967 fervens,
950 1915 1004 1957 ut
1033 1905 1259 1973 algentis
1302 1906 1543 1960 membra
1587 1908 1732 1961 senis
1772 1924 2010 1978 congruo
2046 1910 2126 1964 fo-

533 2006 667 2047 vens
697 1994 875 2049 calore
902 1998 1160 2053 mulceret
1190 1996 1310 2068 (III
1339 2000 1467 2067 Reg.
1500 1997 1541 2069 ι)
1567 2040 1582 2066 ,
1620 2010 1726 2054 tam
1752 2010 1918 2068 casta,
1952 2013 2009 2055 ut
2038 2017 2126 2057 ca-

533 2083 784 2139 lefactum
816 2088 879 2140 ad
911 2089 1183 2144 libidinem
1215 2105 1319 2143 non
1353 2100 1704 2158 provocarat;
1738 2093 1822 2146 vel
1850 2093 1991 2160 quod
2024 2108 2123 2162 po-

534 2177 693 2257 pulus
721 2178 772 2232 in
815 2195 997 2235 eremo
1028 2182 1205 2251 ignitis
1236 2184 1578 2252 serpentibus
1622 2184 1947 2254 ﬂagellalus,
1989 2186 2126 2242 :enei

535 2274 920 2343 conSpectionc
949 2278 1218 2347 serpentis
1246 2293 1273 2331 a
1302 2280 1634 2348 serpentium
1661 2296 1845 2335 morsu
1875 2282 2127 2367 liberavit

537 2361 728 2432 (Num.
764 2364 913 2434 xxi);
949 2366 1124 2435 typice
1160 2370 1386 2423 mutavit
1417 2369 1582 2423 David
1625 2370 1826 2425 vultum
1850 2361 2125 2429 suumrco-

532 2464 651 2508 'ram
686 2455 1027 2524 Abimelech,
1066 2469 1119 2512 et
1146 2459 1350 2515 dimisit
1380 2477 1501 2517 eum
1526 2471 1580 2516 et
1601 2462 1735 2519 abiit
1764 2481 1777 2530 ;
1808 2479 1929 2520 cum
1968 2466 2022 2521 in
2054 2466 2124 2522 li-

534 2544 635 2600 bro
656 2546 858 2617 Regum
885 2548 960 2622 (1,
981 2567 1095 2621 cap.
1123 2555 1237 2624 ιιι)
1259 2569 1439 2611 coram
1470 2558 1633 2614 Achis
1657 2575 1781 2630 rege
1810 2560 1985 2615 David
2008 2561 2127 2618 vul-

534 2648 651 2695 tum
682 2656 836 2698 suum
864 2654 1103 2703 mutasse
1132 2647 1357 2718 legatur,
1398 2652 1614 2721 quando
1643 2654 2013 2724 tympanizans
2053 2656 2124 2712 ad

531 2735 675 2790 ostia
718 2736 989 2806 civitatis,
1043 2744 1427 2814 propriumque
1475 2762 1669 2818 corpus
1709 2752 1820 2804 suis
1874 2751 2123 2807 manibus

532 2838 781 2897 portans,
813 2842 865 2888 et
911 2834 1135 2890 salivam
1186 2851 1346 2906 super
1376 2838 1596 2894 barbam
1642 2857 1793 2896 suam
1836 2842 2125 2899 decurrere

532 2919 760 2991 faciens,
806 2925 890 2980 vel
936 2938 1134 2982 caetera
1178 2945 1329 2985 more
1368 2931 1685 2987 insanientis
1726 2948 2011 3000 exercens,
2050 2945 2126 3007 ty-

533 3026 661 3083 pum
688 3014 970 3074 dominica:
1005 3022 1273 3089 passionis
1301 3025 1587 3093 expressit.
1624 3024 1757 3080 Cum
1788 3042 1921 3096 ergo
1945 3035 2122 3082 muta-

2230 1814 2283 1860 et
2321 1805 2411 1875 qui
2453 1805 2850 1859 calumniantur
2884 1808 3186 1862 mercedem
3228 1811 3565 1864 mercenarii
3616 1812 3813 1881 (Malae,

2230 1899 2334 1969 ιιι),
2382 1912 2485 1953 etc.
2520 1900 2674 1966 Quod
2713 1909 2890 1953 autem
2920 1900 3154 1955 diximus
3197 1902 3263 1956 de
3294 1906 3538 1972 peccatis
3581 1921 3812 1970 quorum-

2229 1990 2351 2045 dam
2394 1990 2692 2054 hominum,
2739 1991 2940 2059 aliquid
2972 2007 3114 2060 saepe
3158 1992 3387 2062 ﬁgurare
3418 1995 3809 2064 propheticum,

2230 2084 2301 2139 ibi
2335 2086 2569 2139 maxime
2611 2085 2757 2137 intus
2801 2094 2855 2138 et
2899 2084 3031 2139 foris
3062 2086 3255 2141 indicia
3287 2088 3553 2143 videntur
3598 2090 3810 2144 emicare

2228 2176 2522 2247 signorum.
2545 2177 2822 2231 Publieum
2847 2193 3074 2248 namque
3088 2190 3367 2247 peccatum
3397 2182 3576 2234 David
3598 2181 3687 2252 (ll
3703 2184 3807 2252 Reg.

2228 2283 2302 2334 ιι,
2329 2274 2425 2338 xu)
2454 2268 2522 2322 de
2553 2283 2720 2322 uxore
2753 2267 2890 2323 Urite
2923 2269 3127 2327 Hethzei
3160 2272 3404 2340 patebat,
3439 2273 3543 2327 sed
3574 2274 3643 2328 de
3666 2276 3809 2343 ipsius

2229 2374 2392 2427 opere
2424 2359 2567 2413 malo
2613 2360 2893 2429 prophetia
2928 2360 3082 2415 nobis
3124 2362 3250 2416 boni
3298 2364 3511 2434 aliquid
3558 2367 3804 2436 ﬁguravit.

2228 2450 2531 2507 Bethsabee
2553 2451 2748 2521 quippe
2770 2453 3154 2523 interpretatur
3177 2460 3679 2539 pnteusgatietatis,
3698 2462 3805 2515 sive

2230 2559 2426 2617 puteus
2454 2548 2736 2616 septimus,
2782 2562 2888 2617 quo
2927 2548 3141 2617 proprie
3187 2549 3531 2620 signiﬁcatur
3562 2554 3799 2608 Ecclesia.

2229 2642 2399 2710 Quam
2434 2642 2684 2698 Christus
2727 2652 2978 2713 separato
3006 2644 3074 2700 ab
3117 2660 3201 2708 ea,
3235 2650 3531 2719 occisoque
3572 2650 3797 2717 diabolo,
3840 2714 3861 2739 δ

2229 2734 2382 2804 cujus
2406 2750 2511 2791 non
2545 2736 2782 2805 legitimo
2802 2738 3077 2791 consortio
3107 2741 3409 2807 tenebatur,
3437 2745 3543 2798 sibi
3589 2761 3655 2799 ex
3686 2761 3802 2815 gen-

2230 2827 2370 2882 tibus
2408 2828 2651 2883 sociavit.
2691 2828 2763 2884 De
2791 2828 2891 2884 hac
2923 2831 3082 2885 etiam
3128 2833 3178 2886 in
3207 2832 3425 2891 Cantica
3472 2840 3809 2894 canticorum

2229 2922 2457 2992 legimus
2495 2923 2670 2994 (Cant.
2704 2925 2776 2995 tv)
2805 2941 2818 2977 :
2847 2925 3046 2980 Puteus
3089 2942 3238 2997 aqua:
3259 2928 3408 2991 vim;
3438 2929 3525 2983 cui
3562 2946 3805 2987 numero

2230 3014 2333 3069 iste
2371 3013 2737 3086 coniungitur.
2785 3028 3005 3085 propter
3045 3022 3375 3088 scptenariam
3417 3021 3811 3088 operationem

533 3112 625 3161 tur
652 3110 869 3164 nomine
899 3126 994 3179 pro
1039 3114 1205 3168 Achis
1249 3114 1585 3184 Abimelech,
1630 3119 1895 3187 legentem
1936 3119 2120 3175 admo-

2228 3106 2459 3176 Sptritus
2487 3108 2682 3163 sancti.
2708 3107 2837 3162 Nam
2868 3120 2922 3163 et
2946 3110 2997 3164 in
3030 3112 3244 3165 nomine
3262 3111 3398 3166 Uria:
3418 3112 3665 3178 “aluei,
3690 3114 3801 3168 evio

532 3199 652 3257 nuit
696 3217 763 3258 ex
814 3202 947 3273 ipsis
1005 3207 1512 3277 interpretationum
1563 3213 1898 3280 nominibus,
1951 3215 2126 3272 latens

533 3292 695 3353 altius
724 3306 1009 3364 penetrare
1054 3302 1393 3370 mysterium.
1443 3304 1757 3359 Abimeleeh
1787 3306 1929 3361 enim
1960 3307 2127 3363 inter-

531 3394 828 3457 pretatum,
858 3390 1055 3446 dicitur
1083 3394 1250 3463 patris
1280 3396 1386 3451 mei
1418 3412 1663 3467 regnum.
1693 3398 1843 3453 Tunc
1874 3415 2003 3471 ergo
2030 3401 2123 3455 Dei

532 3473 704 3532 Filius
737 3478 895 3535 Jesus
935 3480 1178 3537 Christus
1218 3500 1399 3540 coram
1432 3502 1597 3557 regno
1625 3488 1796 3543 Patris
1823 3491 1926 3556 sui,
1962 3491 2012 3545 id
2041 3500 2125 3547 est

530 3580 715 3624 coram
738 3569 964 3640 Judzeis,
997 3574 1199 3629 vultum
1233 3590 1389 3632 suum
1419 3582 1791 3643 commutavit.
1821 3583 2037 3651 quando
2068 3585 2121 3640 in

533 3660 709 3716 forma
737 3666 878 3719 servi
906 3665 1122 3722 humilis
1149 3670 1392 3737 veniens,
1426 3670 1705 3743 factusque
1737 3674 1996 3731 obediens
2030 3692 2121 3734 us-

532 3766 639 3821 que
672 3754 740 3809 ad
783 3765 1013 3825 morum
1053 3760 1235 3843 crucis
1257 3760 1481 3833 (Philip.
1514 3762 1594 3835 ιι),
1630 3766 1771 3835 quod
1805 3769 2021 3838 proprie
2065 3772 2122 3827 in

532 3851 791 3914 tympano
814 3848 1072 3917 ﬁguratur
1090 3892 1106 3917 ,
1137 3852 1445 3911 Judaeorum
1472 3859 1846 3918 incredulitate
1869 3864 2120 3935 despecta

530 3938 784 4006 gentibus
826 3943 996 4000 voluit
1036 3946 1381 4017 Evangelium
1434 3952 1749 4022 przedicare,
1808 3972 1875 4012 ex
1924 3959 2119 4028 quibus

531 4028 638 4085 sibi
669 4031 965 4091 Ecclesiam
1008 4041 1351 4109 conquisivit.
1401 4044 1512 4100 Iloc
1560 4048 1703 4102 enim
1742 4058 1865 4104 est:
1909 4050 2123 4109 Dimisit

531 4134 655 4178 eum
706 4134 761 4180 et
806 4127 955 4196 abiit,
1003 4130 1144 4199 quod
1188 4144 1371 4203 aperte
1429 4137 1624 4193 Paulus
1672 4142 1949 4210 apostolus
1989 4145 2120 4201 dicit

530 4213 671 4284 (Act.
699 4217 816 4290 xm)
845 4237 857 4273 ε
890 4221 1051 4305 vobis
1100 4225 1314 4294 quidem
1357 4229 1578 4286 missum
1610 4241 1693 4288 est
1730 4234 1951 4290 verbum
1992 4238 2117 4305 hoc,

527 4306 624 4362 sed
639 4311 887 4378 quoniam
911 4304 1188 4384 repulistis
1208 4318 1357 4387 illud,
1383 4332 1436 4377 et
1457 4322 1707 4393 indignos
1731 4304 2119 4396 vosjudicastis

527 4407 747 4459 :eternte
779 4406 922 4473 vitm,
962 4422 1089 4463 ecce
1117 4414 1485 4469 convertimur
1515 4416 1580 4470 ad
1612 4428 1825 4487 gentes;
1866 4421 1949 4476 vel
1982 4421 2114 4477 illud

2234 3198 2430 3253 denter
2471 3200 2776 3254 ostenditur
2816 3198 3016 3256 diaboli
3050 3202 3338 3271 signiﬁcari
3370 3218 3630 3271 persona.
3664 3206 3803 3261 Uria:

2230 3306 2484 3361 namque,
2518 3291 2660 3360 quod
2704 3293 3114 3361 interpretatum
3146 3295 3363 3355 dicitur,
3395 3295 3508 3349 Lux
3543 3312 3665 3350 mea
3690 3297 3793 3361 Dei;

2230 3382 2485 3436 IIethwus
2513 3392 2716 3448 autem,
2747 3384 3041 3451 abscissus,
3066 3387 3180 3441 sive
3209 3392 3335 3456 quia
3375 3387 3430 3441 in
3461 3389 3685 3443 veritate
3710 3404 3791 3445 non

2229 3476 2400 3541 stetit,
2425 3474 2519 3529 sed
2543 3490 2570 3528 a
2594 3474 2712 3529 luce
2734 3489 2828 3530 sua
2858 3490 3113 3545 superna,
3139 3493 3299 3547 quam
3323 3478 3390 3533 de
3424 3479 3541 3535 Deo
3571 3481 3785 3549 habebat,

2228 3569 2494 3639 superbiat
2540 3568 2735 3624 merito
2779 3569 3049 3626 abscissus
3088 3580 3205 3637 est;
3248 3572 3365 3627 sive
3398 3572 3649 3629 cadendo
3675 3573 3785 3627 veris

2228 3661 2435 3715 viribus
2466 3661 2713 3731 perditis,
2745 3664 3088 3734 transﬁgurat
3116 3679 3175 3719 se
3215 3665 3361 3720 velut
3404 3667 3651 3735 angelum
3675 3667 3785 3722 lueis

2226 3753 2315 3827 (II
2343 3754 2463 3812 Cor.
2493 3755 2598 3826 χι),
2628 3756 2833 3812 audens
2861 3757 3040 3813 adhuc
3064 3759 3276 3815 dicere:
3301 3759 3418 3815 Lux
3450 3776 3575 3817 mea
3601 3761 3777 3815 Deiest.

2223 3845 2398 3917 Super
2427 3854 2586 3913 ,tccta
2617 3848 2797 3918 itaque
2817 3849 3008 3904 domus
3036 3840 3375 3906 delava'ntem
3420 3867 3484 3908 se
3544 3854 3782 3907 mulierem

2225 3940 2399 3996 David
2440 3957 2533 3998 rex
2580 3957 2740 3998 manu
2772 3944 2947 4011 fortis,
2983 3947 3240 4014 petulanti
3283 3932 3447 4001 oculo
3502 3949 3653 4017 vidit,
3679 3963 3783 4003 con-

2225 4033 2429 4101 cupivit
2470 4043 2527 4090 et
2578 4036 2798 4090 abstulit
2827 4035 2915 4107 (Il
2951 4037 3076 4108 Reg.
3105 4038 3206 4108 ιι).
3238 4037 3495 4094 Christus
3538 4056 3663 4095 sane
3701 4041 3785 4094 Itex

2224 4142 2435 4196 regum,
2456 4128 2755 4184 Ecclesiam
2782 4130 2997 4185 lavacro
3020 4141 3180 4203 atque
3204 4134 3254 4187 in
3286 4136 3460 4188 verbo
3482 4135 3784 4201 mandatam,

2224 4228 2436 4275 terrena
2477 4221 2797 4287 calcantem,
2851 4224 3163 4279 cmlestibus
3202 4224 3509 4281 inhiantem
3560 4223 3793 4297 praedesti-

2223 4326 2361 4367 nans
2388 4312 2541 4378 vidit,
2568 4312 2823 4382 providus
2854 4324 3098 4370 vocatam
3127 4315 3319 4370 dilexit
3344 4332 3609 4387 sponsus,
3638 4328 3687 4371 ut
3706 4316 3790 4383 ju-

2225 4407 2510 4462 Stiﬁcatam
2541 4409 2646 4462 sibi
2686 4408 3045 4480 conjungeret
3065 4411 3341 4481 legitimus
3372 4413 3635 4483 conjugio
3660 4407 3793 4480 spiri-

525 4494 583 4549 in
612 4499 861 4564 parabola
892 4504 1063 4559 vincte
1094 4505 1311 4577 (Matth.
1347 4508 1460 4579 χιιι)
1490 4526 1504 4563 :
1532 4510 1696 4565 Malos
1725 4513 1867 4568 male
1906 4515 2114 4585 perdet,

2227 4500 2315 4554 tali
2354 4501 2600 4568 maritus,
2645 4502 2785 4556 sicut
2828 4503 2990 4556 etiam
3036 4504 3246 4574 Moyses
3270 4503 3471 4574 (Exod.
3508 4506 3580 4575 ιι)
3618 4506 3663 4557 in
3691 4517 3791 4572 per-

529 4595 585 4641 ct
614 4587 825 4644 vineam
864 4606 1014 4647 suam
1045 4596 1244 4653 Iocabit
1273 4600 1393 4655 aliis
1422 4602 1695 4671 agricolis.
1733 4602 1810 4657 Ex
1852 4605 1951 4660 hac
1981 4622 2119 4675 pene

528 4680 736 4750 regula,
774 4682 922 4738 illius
952 4701 1164 4757 quoque
1215 4691 1502 4747 locutionis
1545 4694 1817 4761 specimen
1860 4708 1988 4764 puto
2025 4698 2120 4753 de-

528 4777 811 4847 scendere,
837 4793 942 4849 quo
974 4780 1199 4849 legimus
1227 4799 1244 4837 :
1272 4785 1479 4839 Montes
1511 4787 1922 4843 exsultaverunt
1970 4790 2118 4847 velut

528 4866 746 4932 arietes,
781 4879 836 4923 et
865 4871 1032 4927 colles
1062 4876 1210 4929 velut
1247 4877 1367 4944 agni
1393 4878 1577 4931 ovium
1604 4877 1778 4950 (Psal.
1810 4880 1997 4951 cxm);
2038 4890 2113 4950 et,

524 4957 774 5017 Flumina
808 4963 1065 5033 plaudent
1096 4968 1342 5023 manibus
1388 4969 1563 5041 (Psal.
1604 4974 1807 5044 xcvn);
1856 4975 2112 5046 itemque,

522 5050 949 5110 Ambulaverunt
989 5056 1130 5127 ligna
1171 5073 1371 5128 ungere
1419 5074 1580 5131 super
1622 5077 1803 5131 regem
1862 5064 2108 5137 (ludia).

520 5139 619 5197 His
642 5153 819 5200 autem
851 5146 1022 5203 modis
1045 5164 1155 5204 non
1181 5150 1320 5219 quod
1351 5160 1525 5207 actum
1559 5155 1782 5225 contigit
1810 5156 2109 5227 intimatur,

520 5244 643 5287 cum
672 5235 857 5306 utique
885 5236 1117 5309 deneget
1159 5240 1557 5310 impossibilitas
1589 5246 1667 5299 eis
1690 5248 1983 5316 naturalis,
2014 5250 2112 5307 sed

518 5322 723 5394 aliquid
766 5342 864 5398 per
905 5343 1197 5400 congruam
1246 5332 1691 5400 signiﬁcationem
1723 5338 1986 5395 translate
2017 5339 2111 5395 de-

516 5416 794 5471 scribitur.
826 5418 919 5474 Ilis
946 5435 1159 5491 quoque
1191 5423 1365 5478 modis
1409 5426 1695 5494 parabolas
1725 5445 1902 5485 rerum
1939 5446 1969 5485 a
2018 5446 2113 5501 pa-

516 5506 723 5563 rabolis
750 5520 879 5580 puto
906 5510 1136 5567 discerni
1173 5514 1481 5572 verborum.
1512 5518 1709 5574 Sextus
1738 5535 1868 5576 sane
1891 5524 2109 5594 modus,

519 5611 625 5667 quo
655 5601 835 5670 utique
862 5603 1059 5659 Christi
1091 5604 1422 5676 dignoscitur
1453 5610 1740 5677 adventus,
1776 5612 1827 5666 id
1858 5623 1961 5680 est,
1992 5630 2111 5685 quae

521 5690 589 5744 ad
622 5691 871 5761 primum,
909 5712 1028 5767 qum
1066 5697 1309 5756 localiter
1332 5701 1611 5756 referenda
1651 5701 1760 5757 sint
1803 5704 1867 5757 ad
1915 5720 2112 5762 srcun-

521 5782 672 5855 dum,
705 5786 851 5847 aliud
878 5800 961 5849 eat
982 5804 1227 5864 cernere,
1267 5793 1322 5852 id
1351 5802 1454 5864 est,
1483 5795 1688 5867 primus
1718 5795 1824 5856 sibi
1854 5794 2109 5860 humilia-

2223 4606 2354 4648 sona
2379 4592 2578 4647 Christi
2611 4595 2680 4649 de
2715 4609 2852 4664 aqua
2878 4607 3180 4665 susceptus,
3212 4595 3534 4665 ASgyptium
3568 4596 3790 4651 insidian-

2226 4695 2330 4741 tem
2384 4687 2633 4755 Ilebraeo,
2667 4688 2721 4742 id
2768 4696 2851 4742 est
2891 4688 3162 4743 diabolum
3214 4688 3473 4744 Israelitis
3532 4689 3794 4750 infensum,

2220 4779 2381 4834 calcis
2429 4781 2537 4835 ictu
2587 4790 2955 4850 prosternens,
3007 4782 3108 4835 sub
3152 4797 3315 4836 arena
3363 4784 3503 4835 texit
3562 4784 3794 4838 occisum.

2222 4872 2421 4929 Omnes
2449 4874 2615 4940 enim,
2642 4876 2773 4931 dicit
2798 4876 3085 4945 Apostolus
3121 4875 3318 4949 (Galat.
3362 4875 3467 4945 ιιι),
3526 4879 3626 4948 qui
3651 4874 3797 4945 bapti-

2220 4968 2324 5019 zati
2354 4966 2506 5032 estis,
2532 4967 2807 5022 Christum
2857 4968 3133 5023 induistis.
3177 4970 3233 5024 In
3263 4983 3371 5039 quo
3412 4969 3687 5025 faciemus
3707 4966 3797 5022 vir-

2219 5067 2410 5129 tutem,
2444 5070 2504 5115 ut
2531 5062 2865 5117 conﬁdenter
2894 5063 3136 5118 dicamus
3166 5082 3178 5117 :
3203 5063 3259 5118 In
3297 5064 3609 5120 ldumzeam
3637 5072 3801 5120 exten-

2217 5152 2339 5206 dam
2373 5155 2797 5210 calceamentutn
2836 5171 3042 5220 meum,
3076 5156 3206 5211 mihi
3249 5148 3586 5227 alienigenae
3628 5153 3800 5212 subditi

2217 5254 2342 5300 sunt
2369 5245 2540 5317 (Psal.
2567 5249 2698 5320 us).
2732 5248 2833 5316 Qui
2855 5260 3146 5305 conterens
3178 5249 3435 5305 Satanam
3462 5252 3577 5306 sub
3601 5249 3803 5320 pedibus

2216 5341 2442 5407 nostris,
2476 5341 2594 5413 ejus
2636 5344 2978 5399 morticinam
3027 5344 3082 5400 in
3109 5345 3189 5399 eis
3233 5353 3441 5399 tantum
3474 5346 3657 5401 latere
3690 5357 3805 5413 per-

2218 5433 2403 5498 mittit,
2448 5449 2584 5503 quos
2614 5435 2837 5491 stabiles
2876 5451 2985 5491 non
3018 5451 3142 5492 esse
3189 5451 3557 5507 cognoscens,
3606 5433 3802 5491 mobili-

2217 5532 2326 5579 tate
2356 5540 2537 5581 arente
2564 5530 2829 5583 veraciter
2857 5529 3213 5599 comparavit.
3250 5529 3362 5583 Hoc
3391 5530 3561 5585 etiam
3596 5531 3649 5584 in
3680 5528 3804 5581 Tha.

2215 5631 2333 5672 mar
2364 5634 2503 5673 nuru
2529 5620 2679 5675 Juda:
2712 5619 2865 5691 (Gen.
2895 5623 3157 5688 xxxvttt),
3183 5622 3411 5691 aliisque
3442 5620 3802 5690 compluribus

2216 5709 2463 5765 novimus
2492 5712 2656 5767 fuisse
2690 5725 2988 5783 peractum,
3032 5723 3091 5768 ut
3121 5714 3226 5768 illis
3254 5714 3411 5784 culpa
3437 5714 3753 5769 cadentibus
3775 5722 3804 5763 ι

2216 5799 2352 5875 Deo,
2382 5805 2473 5877 qui
2500 5807 2649 5865 novit
2668 5806 2809 5867 bene
2834 5808 2912 5866 ttti
2942 5808 3105 5867 etiam
3128 5808 3285 5866 malis
3315 5807 3542 5881 nostris,
3572 5803 3805 5883 aliudde
