3974 6450
182 304 298 366 ωε

1188 297 1642 361 COMMENTAR.
1684 295 1754 358 lN
1790 294 2181 361 APOCALYP.
2223 298 2356 360 LIB.
2396 298 2462 359 ῐῐ.

3352 305 3459 367 826

188 427 296 485 illis
324 400 585 498 mvsterio
613 424 913 494 gereretur.
946 416 1136 476 Omnia
1160 420 1303 477 enim
1330 408 1768 489 illius'temporis
1795 419 1847 479 Α
1877 420 2093 488 requies
2133 420 2450 492 intelligitur
2477 418 2798 490 animarum,
2822 420 2891 478 de
2927 434 3032 493 qua
3063 421 3261 481 dicitur
3286 424 3458 498 (Psal.

194 522 249 577 in
292 518 480 575 eodem
524 516 725 588 populo
753 522 901 586 gesta
930 512 1267 583 prophetiam
1312 525 1435 568 esse
1465 511 1769 565 futurorum

76 669 98 677 κ
189 614 346 671 docet
373 612 664 682 Apostolus
692 611 877 666 dicens
907 608 960 680 (I
989 607 1110 664 Cor.
1130 608 1189 677 x)
1218 623 1232 661 :
1263 607 1453 661 Omnia
1484 606 1631 661 enim
1660 604 1775 659 haec

190 712 244 764 in
276 709 442 778 ﬁgura
468 705 854 775 contingebant
882 705 1011 759 illis.
1042 703 1106 757 Et
1126 701 1262 781 licet
1298 700 1371 754 illi
1403 708 1495 753 aut
1523 705 1777 781 purgato-

190 801 298 856 rias
330 816 425 869 pro
450 798 742 854 commisso
766 812 952 867 pmnas
979 780 1209 860 luerent,
1241 802 1331 849 aut
1359 792 1568 847 veniam
1598 776 1774 859 paeni-

193 888 372 944 tentim
421 888 676 943 remediis
726 886 1096 956 impetrarent,
1160 884 1315 938 nobis
1369 891 1549 937 tamen
1599 881 1775 935 divina

190 981 473 1038 clementia
497 980 917 1047 diSpensationis
939 976 1139 1034 Christi
1162 977 1482 1047 praeparavit
1502 974 1774 1029 ellectum.

196 1073 350 1128 Foris
387 1088 516 1144 ergo
542 1081 759 1141 peccata
795 1072 1074 1142 parebant,
1124 1069 1269 1123 intus
1311 1077 1486 1121 autem
1521 1065 1778 1138 mysteria

190 1165 490 1220 latitabant.
525 1167 654 1232 Quas
682 1165 803 1220 ideo
834 1165 903 1219 de
934 1178 1071 1218 nuru
1099 1161 1248 1217 Iudae
1279 1160 1441 1213 malui
1473 1158 1775 1227 praeterire,

193 1272 261 1311 ne
285 1258 385 1312 hoc
408 1272 542 1327 opus
566 1260 734 1311 multo
773 1256 1033 1325 ampliore
1069 1253 1280 1322 longius
1302 1267 1551 1307 sermone
1583 1252 1782 1304 disten-

192 1346 335 1402 dam.
372 1349 444 1404 De
485 1350 643 1403 nuius
672 1348 899 1417 denique
929 1346 1103 1411 facto,
1128 1346 1179 1398 id
1211 1352 1293 1398 est
1325 1343 1458 1396 Loth
1488 1338 1779 1410 uxorisque

190 1439 305 1509 ejus
338 1440 488 1509 (Gen.
516 1442 652 1510 xtx),
684 1440 809 1509 quid
843 1440 902 1496 Β.
934 1438 1267 1507 Augustinus
1300 1445 1486 1491 contra
1522 1435 1776 1488 Faustum

188 1531 538 1587 Manicheum
572 1547 829 1602 perorans
859 1531 1075 1593 dixerit,
1112 1545 1211 1599 pro
1249 1529 1486 1598 generali
1519 1527 1775 1581 similium

189 1625 464 1680 intellectu
495 1628 756 1693 locorum,
791 1627 915 1681 huic
958 1625 1108 1695 operi
1147 1624 1541 1679 conserendum
1572 1621 1776 1691 putavi.

189 1716 330 1771 Dicit
373 1719 517 1771 enim
551 1736 563 1771 :
602 1720 750 1773 Sicut
799 1730 977 1772 autem
1022 1717 1165 1771 aliud
1218 1732 1384 1787 genus
1416 1715 1693 1793 hominum
1724 1714 1776 1768 in

1877 510 2002 582 va)
2028 531 2042 567 :
2064 513 2262 571 Vacate
2299 522 2355 570 et
2394 514 2573 569 videte
2601 514 2853 586 quoniam
2882 529 2983 587 ego
3012 530 3130 571 sum
3160 516 3415 573 Dominus
3443 536 3458 586 ;

1878 606 2110 664 victimis
2160 620 2358 675 autem,
2400 616 2458 663 ut
2497 606 2845 663 exhibeamus
2890 623 3115 680 corpora
3145 618 3331 666 nostra
3360 610 3464 665 ho-

1878 700 2034 755 stiam
2078 702 2275 770 vivam,
2324 712 2588 768 sanctam,
2624 702 2734 757 Deo
2780 703 3076 771 placentem
3112 705 3287 773 (Rom.
3332 702 3455 774 ιιι).

1880 794 2099 864 Aliaque
2129 810 2190 848 ea
2220 810 2338 865 qua:
2384 794 2603 851 fuerunt
2635 796 2687 849 in
2718 794 2900 851 Veteri
2950 796 3298 851 Testamento
3328 810 3466 867 prte-

1879 895 2055 955 cepta,
2084 886 2208 940 vitae
2258 887 2463 941 aetibus
2504 887 2866 957 adimplenda,
2898 888 2998 942 alia
3026 890 3150 943 vitae
3196 883 3468 959 signiﬁca-

1882 980 2114 1033 tionilms
2160 980 2493 1035 adumbrata.
2532 981 2641 1035 Illis
2692 982 2977 1051 implendis
3029 997 3181 1037 suam
3223 984 3468 1039 Christus

1880 1072 2105 1139 gratiam
2151 1073 2372 1142 porrigi,
2420 1073 2532 1127 Estis
2585 1076 2928 1129 removendis
2960 1091 3019 1130 se
3067 1078 3466 1143 pronuntiatum

1880 1179 1976 1219 suo
2009 1173 2248 1233 tempore
2272 1165 2437 1219 voluit
2462 1167 2792 1232 praesentari.
2817 1167 2925 1221 Lex
2951 1168 3093 1221 enim
3124 1182 3218 1236 per
3245 1169 3463 1237 Moysen

1881 1257 1999 1311 data
2031 1268 2111 1312 est
2145 1257 2322 1322 (Joan.
2356 1258 2418 1328 I),
2446 1267 2695 1328 tauquam
2726 1262 2961 1316 exterior
2986 1263 3036 1314 iu
3062 1268 3210 1331 parte
3245 1262 3393 1325 fatis,
3417 1261 3468 1316 id

1882 1360 1983 1415 est,
2028 1350 2141 1404 Non
2187 1354 2531 1419 concupisces
2579 1351 2769 1421 (Exod.
2819 1358 2931 1418 xx),
2967 1355 3049 1408 Vel
3098 1354 3271 1423 potius
3305 1354 3466 1409 illud:

1883 1444 2013 1497 Post
2042 1445 2503 1513 concupiscentias
2532 1454 2649 1499 tuas
2676 1462 2779 1498 non
2807 1462 2897 1500 eas
2922 1445 3111 1513 (Eccli.
3141 1447 3310 1514 xvttt).
3339 1446 3471 1501 Gra«

1882 1535 1951 1590 tia
2001 1546 2176 1591 autem
2218 1549 2270 1592 et
2313 1538 2508 1591 veritas
2540 1555 2633 1606 per
2662 1538 2844 1593 Jcsum
2888 1539 3158 1594 Christum
3209 1537 3347 1596 Facta
3388 1548 3472 1595 est

1885 1626 2067 1699 (Joan.
2094 1627 2156 1699 ι),
2189 1640 2435 1698 tanquam
2466 1630 2516 1683 in
2549 1640 2697 1700 parte
2721 1633 2863 1685 intus
2886 1632 3117 1701 occulta,
3152 1632 3473 1688 adveniente

1883 1718 2211 1787 plenitudine
2240 1728 2541 1789 temporum
2572 1722 2826 1776 revelata.
2873 1723 2927 1777 In
2960 1723 3041 1777 his
3087 1738 3317 1792 namque
3348 1737 3469 1791 quae

189 1808 305 1875 cjus
336 1824 506 1863 uxore
531 1809 813 1878 ﬁguratum
842 1819 945 1873 est,
971 1824 1159 1863 eorum
1183 1808 1388 1862 scilicet
1414 1808 1502 1875 qui
1538 1821 1630 1875 per
1657 1819 1779 1877 gra-
1807 1808 1855 1869 B
1885 1827 1980 1879 pro
2011 1812 2294 1865 dilectione
2326 1812 2416 1867 Dei
2463 1822 2515 1867 et
2561 1815 2791 1881 proximi
2838 1815 3077 1878 apertius
3120 1813 3465 1884 jubebantur,

187 1898 314 1952 tiam
346 1900 441 1954 Dci
473 1902 669 1970 vocati,
705 1912 851 1956 retro
886 1901 1199 1970 respiciunt,
1234 1916 1341 1955 non
1385 1901 1525 1953 sicut
1554 1899 1773 1965 P.tt|ltlS,

188 1993 276 2060 qui
306 2006 365 2045 ea
400 2008 519 2060 qua:
547 2002 693 2048 retro
724 2002 849 2047 Sttnt
874 1993 1227 2055 obliviscitur,
1256 2002 1310 2047 et
1334 1993 1384 2046 in
1409 2006 1472 2046 ea
1504 1988 1625 2060 quae
1651 2000 1777 2045 ante

185 2095 310 2139 sunt
334 2087 641 2141 extenditur
671 2086 895 2158 (Philip.
925 2088 1030 2160 ιιι).
1069 2087 1218 2143 Unde
1251 2098 1302 2142 et
1333 2088 1445 2155 ipse
1473 2086 1730 2139 Dominus
1756 2102 1773 2140 :

184 2174 373 2243 Nemo,
422 2178 619 2247 inquit,
655 2180 935 2245 imponens
964 2188 1180 2234 manum
1220 2194 1385 2248 super
1411 2188 1671 2244 aratrum,
1721 2186 1778 2233 et

183 2271 481 2339 respiciens
510 2284 677 2340 retro,
715 2282 871 2343 aptus
894 2282 979 2329 est
1001 2256 1169 2346 regno
1200 2274 1460 2329 cmlorum
1494 2273 1646 2342 (Luc.
1672 2273 1772 2344 lx).

184 2361 295 2417 Nec
325 2364 450 2418 illud
485 2364 788 2434 exemplum
839 2366 1023 2430 tacuit,
1060 2380 1166 2435 quo
1214 2381 1311 2420 nos
1360 2374 1612 2434 tanquam
1660 2361 1775 2418 sale

184 2456 451 2527 condiret,
510 2467 566 2513 ut
615 2475 718 2513 non
762 2458 890 2514 fatui
923 2460 1341 2530 neglig‘eremus,
1392 2457 1488 2513 sed
1537 2457 1777 2528 pruden-

185 2555 267 2602 tes
289 2554 600 2604 caveremu§
626 2551 727 2606 hoc
754 2554 948 2606 malum
978 2551 1134 2620 (Luc.
1162 2552 1323 2621 xvtt).
1350 2551 1503 2606 Unde
1532 2562 1583 2605 et
1607 2551 1693 2604 illa
1716 2556 1777 2606 ut

1881 1906 2003 1961 licet
2046 1919 2234 1976 patens
2261 1907 2386 1961 inde
2434 1907 2703 1961 mutabilis
2735 1910 2986 1976 praecepti
3020 1907 3185 1962 forma
3219 1920 3469 1975 perman-

1880 2008 2039 2071 serit,
2087 2008 2254 2076 gratia
2305 2016 2483 2063 tamen
2535 2008 2761 2077 populus
2816 2007 3058 2062 inﬁrmus
3107 2010 3333 2078 egebat,
3379 2006 3471 2077 qui

1879 2114 2101 2167 gemens
2133 2100 2231 2153 sub
2271 2100 2403 2169 legis
2456 2099 2694 2168 pondere
2735 2099 3034 2164 laborabat,
3084 2100 3135 2153 in
3182 2100 3291 2153 illis
3340 2112 3472 2152 vero

1881 2190 2120 2259 ﬁguratis
2169 2207 2423 2261 pecorum
2483 2191 2715 2244 victimis
2768 2190 3084 2255 oll‘erendis,
3138 2194 3322 2261 Agnus
3380 2189 3471 2245 ille

1878 2291 2140 2336 venturus
2171 2282 2603 2350 exSpcctabatur,
2631 2284 2714 2336 cui
2744 2284 2975 2351 reposita
3008 2281 3172 2336 fuisse
3202 2280 3467 2336 veraciter

1880 2374 2397 2442 przeuuntiabantur,
2422 2382 2481 2428 ut
2508 2376 2622 2443 ipso
2646 2376 2894 2429 veniente
2917 2376 2966 2428 in
2989 2390 3094 2444 quo
3116 2385 3239 2428 sunt
3266 2387 3456 2428 omnes

1881 2472 2113 2527 thesauri
2146 2473 2425 2541 sapientiae
2452 2479 2508 2527 et
2538 2472 2782 2528 scientia:
2810 2471 3112 2527 absconditi
3154 2470 3346 2541 (Calas.
3376 2468 3462 2541 tt),

1880 2570 2008 2622 vitae
2048 2567 2271 2636 agendae
2320 2575 2588 2637 praecepta
2635 2565 2757 2620 data
2800 2566 2970 2635 gratia
3023 2570 3465 2634 complerentur,

182 2639 288 2695 hoc
315 2641 652 2709 admoneret,
691 2643 744 2696 in
773 2651 1005 2697 statuam
1052 2643 1180 2696 salis
1210 2656 1472 2697 conversa
1502 2652 1583 2697 est
1614 2641 1793 2749 (Gem!
1820 2660 2064 2730 .ﬁﬁgum
2093 2670 2273 2715 autem
2322 2669 2571 2728 umquam
2605 2658 2807 2713 umbra,
2840 2658 3025 2727 (θεὸν,
3068 2659 3209 2724 Vm),
3239 2656 3466 2715 manife-

183 2744 321 2810 xxx).
363 2743 452 2797 Sic
493 2744 653 2797 etiam
685 2742 737 2796 in
770 2744 884 2810 ipso
926 2742 1088 2807 Loth,
1115 2742 1327 2810 quando
1362 2756 1483 2795 cum
1533 2742 1624 2795 illo
1652 2741 1775 2796 tiliae

184 2833 751 2913 concubuerunt,‘non
778 2816 1218 2913 i'l'l‘ud‘qttod'cui'n
1249 2816 1277 2885 Ξ
1309 2822 1556 2887 Sodomis
1580 2827 1774 2901 libera-

184 2928 272 3009 Ἓξ
295 2903 1221 3009 ςεικεεὶύξιξῖιό’ἢιίξιίιίῖῦέιίηιωηι
1245 2933 1357 2989 est;
1388 2940 1508 2977 nam
1534 2935 1660 2980 tunc
1687 2924 1775 2979 ille

106 3010 121 3041 ν’
150 2994 711 3093 ”ἱ’ῥξε⁶ἰλοῖὴ¹ί”ὖιῖινευ
754 3017 884 3086 legis
912 2998 1124 3071 videtur
1161 3025 1402 3087 gestasse
1445 3033 1768 3088 personam:

181 3124 340 3179 quam
366 3096 579 3177 quidam
608 3125 670 3163 ex
695 3110 783 3164 illa
817 3112 1083 3180 procreati
1108 3120 1162 3166 et
1192 3112 1293 3165 sub
1316 3113 1431 3182 lege
1455 3115 1607 3180 positi
1632 3112 1771 3168 male

1838 2734 2014 2807 z'stata
2047 2752 2293 2819 veritate,
2330 2753 2574 2816 protinus
2602 2753 2928 2821 lugarentur.
2959 2750 3117 2805 Aliud
3149 2750 3344 2818 quippe
3370 2748 3469 2806 fuit

1878 2845 1930 2901 in
1966 2844 2146 2899 Veteri
2189 2844 2559 2908 TeSIamento,
2582 2843 2724 2911 quod
2765 2844 2843 2897 sic
2869 2844 3149 2897 occidente
3179 2842 3354 2897 littera
3381 2840 3467 2911 ju-

1878 2934 2124 2997 bebatur,
2151 2942 2210 2989 ut
2241 2931 2546 2988 viviﬁcante
2575 2932 2797 3001 Spiritu,
2827 2944 3009 3001 posset
3035 2933 3282 3002 implere,
3307 2932 3466 2989 sicuti

1878 3037 1960 3085 est
1986 3046 1999 3083 :
2034 3027 2161 3082 Post
2182 3028 2647 3096 concupiscentias
2675 3036 2792 3082 tuas
2821 3043 2925 3083 non
2956 3025 3255 3097 eas(Eccli.
3287 3026 3462 3097 xvttt).

1878 3121 2033 3177 Unde
2063 3120 2260 3174 Paulus
2285 3121 2413 3174 dicit
2441 3121 2617 3192 (Rom.
2649 3121 2722 3189 tv)
2753 3138 2768 3176 :
2800 3121 2910 3175 Lex
2937 3122 3078 3177 enim
3110 3122 3244 3176 iram
3275 3135 3467 3190 opera-

184 3188 553 3270 itttelligendo,
580 3203 1290 3280 quodammodoinebriante
1314 3219 1449 3273 aqua
1473 3204 1771 3275 nonlegiti-
1798 3189 1843 3252 Ο
1880 3221 1985 3268 tur,
2020 3212 2118 3268 Ubi
2145 3222 2322 3267 autem
2355 3188 2460 3267 non
2491 3220 2576 3266 est
2605 3188 2717 3277 lex,
2751 3227 2850 3267 nec
2885 3212 3278 3279 praevaricatio.
3312 3188 3464 3279 Quod

182 3310 270 3349 me
294 3297 514 3362 utendo,
545 3297 877 3352 inﬁdelitatis
899 3282 1061 3367 opera
1087 3298 1298 3366 pariunt
1317 3315 1331 3354 :
1351 3299 1488 3354 bona
1520 3308 1601 3354 est
1624 3300 1769 3354 enim

181 3389 290 3451 lex,
323 3390 400 3443 ait
424 3392 710 3459 Apostolus
742 3389 795 3462 (Ι
826 3391 961 3445 Tim.
992 3390 1054 3462 ι),
1081 3391 1127 3445 si
1154 3393 1275 3461 quis
1304 3409 1365 3447 ea
1400 3392 1634 3461 legitime
1662 3400 1774 3447 uta-

185 3488 290 3536 tur.
325 3480 432 3535 Nec
460 3481 580 3535 ideo
608 3490 783 3536 tamen
832 3484 933 3538 hoc
964 3484 1157 3538 factum
1190 3486 1271 3540 vel
1306 3484 1471 3555 ipsius
1502 3486 1661 3551 Loth,
1684 3485 1771 3541 vel

183 3568 299 3638 ejus
329 3570 556 3625 ﬁliarum
579 3572 951 3641 justiﬁcamus,
972 3576 1093 3645 quia
1116 3575 1435 3646 signiﬁcavit
1460 3577 1604 3631 aliud
1628 3576 1771 3648 quod

183 3661 415 3717 futuram
474 3666 825 3735 quorumdam
886 3668 1292 3737 perversitatem
1358 3672 1767 3738 pronuntiaret:

181 3754 324 3810 aliud
356 3757 499 3812 enim
532 3758 658 3829 illae,
692 3767 750 3813 ut
777 3760 879 3815 hoc
923 3760 1182 3827 facerent,
1217 3762 1599 3828 intenderunt;
1624 3761 1770 3817 aliud

182 3844 344 3912 Deus,
375 3849 464 3917 qui
511 3848 614 3905 hoc
655 3850 770 3906 ﬁeri
816 3852 1079 3922 permisit,
1108 3861 1165 3906 ut
1212 3856 1373 3909 etiam
1416 3852 1542 3909 inde
1569 3854 1771 3924 aliquid

182 3935 607 4006 demonstraret,
637 3954 886 3997 manente
932 3951 1080 3997 recto
1105 3943 1309 4013 judicio
1339 3959 1504 4014 super
1548 3953 1769 4015 peccata

182 4025 457 4083 hominum
493 4038 616 4084 tunc
659 4034 1023 4099 prmsentium,
1055 4044 1108 4087 et
1134 4036 1390 4105 vigilante
1433 4038 1769 4106 providentia

179 4134 276 4174 sua
309 4136 404 4190 pro
433 4122 820 4193 signiﬁcatione
850 4126 1173 4180 futurorum.
1219 4128 1453 4183 Proinde
1494 4131 1638 4185 aliud
1685 4133 1769 4186 l'a-

179 4224 356 4279 etum,
385 4231 504 4271 cum
539 4219 589 4271 in
623 4228 803 4273 sancta
852 4219 1128 4289 Scriptura
1180 4230 1454 4290 narratur,
1491 4225 1768 4293 prOphetia

179 4315 299 4360 est:
326 4323 445 4362 cum
482 4326 609 4365 vero
642 4312 692 4365 in
725 4312 936 4367 illorum
968 4314 1078 4367 vita
1106 4314 1197 4383 qui
1230 4315 1331 4369 hoc
1360 4318 1766 4388 commiserunt,

183 4400 574 4467 consideratur,
607 4403 863 4472 ﬂagitium
917 4416 1020 4459 est.
1054 4406 1117 4457 Et
1169 4406 1285 4461 haec
1330 4407 1545 4475 quidem
1575 4412 1632 4464 S.
1658 4410 1771 4464 Att-

178 4491 427 4559 gustinus
453 4494 531 4546 sic
561 4493 901 4563 intelligenda
950 4497 1232 4564 prmmisit,
1259 4507 1316 4549 ut
1344 4498 1421 4551 de
1443 4514 1575 4552 nuru
1621 4499 1770 4554 Juda:

1876 3306 2003 3361 licet
2045 3306 2175 3360 foris
2219 3308 2335 3360 sine
2388 3305 2621 3373 tegmine
2664 3304 2903 3359 audienti
2948 3306 3199 3369 clareret,
3239 3303 3467 3372 implere

1874 3407 2056 3454 tamen
2098 3397 2210 3452 suis
2244 3382 2449 3452 viribus
2483 3386 2714 3451 humana
2760 3396 3039 3450 inﬁrmitas
3079 3411 3185 3470 non
3227 3396 3460 3451 valebat.

1874 3491 2031 3547 Aliud
2076 3491 2217 3561 quod
2270 3490 2414 3545 intus
2443 3490 2672 3560 mystico
2704 3488 2971 3545 velamine
3013 3498 3234 3562 tectum,
3265 3488 3466 3545 adven-

1876 3590 1985 3637 tum
2012 3582 2221 3637 Domini
2250 3568 2543 3652 ﬁagitabat,
2567 3582 2653 3637 cui
2680 3583 2962 3651 exemplar
2978 3591 3033 3638 et
3056 3581 3259 3636 umbrae
3283 3581 3466 3636 deser-

1873 3675 2022 3729 viunt
2052 3674 2239 3745 (Hebr.
2268 3676 2407 3741 vm).
2443 3674 2498 3728 ln
2544 3673 2639 3728 illo
2685 3674 2826 3728 enim
2875 3674 3031 3728 nobis
3078 3673 3200 3727 vitae
3230 3672 3465 3728 ccelesﬁs

1876 3764 2340 3833 forma'consistit,
2371 3782 2435 3822 ex
2452 3767 2621 3835 'cujus
2667 3765 2771 3821 ﬁde
2793 3765 2968 3835 justus
2997 3765 3129 3835 vim
3158 3763 3348 3835 (Hebr.
3378 3763 3462 3834 tt).

1874 3861 1984 3916 lllis
2014 3848 2219 3931 apertis
2244 3860 2328 3916 lex
2358 3844 2713 3916 convincebst
2756 3872 2879 3913 reos
2907 3844 3177 3930 (Rom'E't),
3203 3855 3466 3927 prodebat

1874 3954 2138 4021 inﬁrmos,
2173 3961 2231 4008 ut
2279 3954 2504 4008 salvatio
2553 3941 2904 4022 quaereretur.
2946 3950 3069 4007 Istis
3098 3965 3227 4006 vero
3256 3949 3464 4021 signiﬁ-

1874 4050 2142 4115 cantibus,
2172 4056 2425 4115 tanquam
2473 4047 2547 4101 in‘
2572 4046 2823 4103 interiora
2853 4045 3138 4102 velaminis
3186 4041 3463 4101 Christum

1873 4140 2246 4208 parturiebant
2295 4138 2411 4192 fore
2459 4128 2768 4203 venturum,
2817 4152 2925 4206 quo
2954 4139 3227 4203 veniente,
3260 4146 3465 4192 remota

1873 4233 2165 4288 celebratio
2188 4231 2393 4285 destitit
2424 4230 2739 4299 ﬁgurarum,
2771 4224 2890 4299 qua:
2913 4230 3100 4283 umbra
3131 4230 3303 4283 fuerat
3329 4230 3467 4283 lutu-

1872 4341 2080 4382 rorum.
2130 4324 2242 4379 Nec
2289 4332 2374 4379 est
2421 4323 2645 4376 ulterius
2693 4322 3004 4390 qurerenda,
3031 4335 3095 4373 ex
3142 4334 3249 4386 quo
3296 4319 3465 4387 ipsius

1871 4416 1978 4470 vivi
2030 4415 2271 4483 corporis
2305 4412 2507 4468 veritas
2547 4411 2737 4465 claruit
2789 4406 3073 4464 manifesta
3107 4408 3289 4481 (Hebr.
3326 4406 3462 4477 rm).

1875 4508 2022 4561 Finis
2049 4508 2190 4562 enim
2224 4507 2356 4576 legis
2383 4506 2627 4559 Christus
2655 4504 2722 4558 ad
2751 4495 3011 4573 justitiam
3039 4504 3183 4558 omni
3223 4500 3465 4558 credenti

180 4580 268 4673 vel
297 4581 559 4637 similibus
593 4584 694 4638 hoc
722 4587 913 4639 doceat
942 4588 1297 4642 sentiendum.
1335 4589 1605 4658 Septimus
1638 4608 1766 4661 pro-
1794 4577 1845 4638 Ῐ)
1872 4601 2050 4673 (Hom.
2097 4600 2177 4672 χ).
2211 4600 2291 4654 Ad
2326 4600 2426 4652 hoc
2459 4598 2727 4668 pertinere
2756 4605 2883 4669 puto
2912 4598 3126 4653 illorum
3156 4596 3463 4666 bipertitam

181 4671 319 4747 inde.
339 4676 545 4739 modus,
576 4678 665 4747 qui
693 4680 958 4749 geminam
992 4696 1380 4754 praceptorum
1407 4685 1600 4741 retinet
1631 4703 1781 4757 qua-

178 4765 408 4835 litatem,
438 4769 525 4826 ille
564 4779 648 4824 est
698 4776 820 4827 vita:
868 4776 1107 4844 agendae,
1160 4786 1237 4845 ut,
1280 4780 1513 4849 exempli
1556 4782 1763 4850 gratia:

178 4856 379 4928 Diliges
428 4864 730 4930 proximum
785 4874 932 4921 tuum
1000 4878 1253 4938 tauquam
1307 4872 1538 4940 teipsum
1608 4874 1763 4945 (Lev.

181 4950 333 5019 xtx);
364 4957 453 5024 qui
486 4958 628 5011 enim
658 4958 829 5029 diligit
872 4963 1193 5032 proximum,
1220 4966 1389 5033 legem
1421 4966 1762 5039 adimplevit,

178 5043 317 5099 sicut
360 5047 649 5115 Apostolus
696 5053 905 5119 plenius
935 5054 1171 5126 disputat
1201 5058 1380 5127 (Rom.
1415 5063 1535 5133 xv);
1570 5072 1626 5119 et
1656 5066 1761 5122 vita

177 5136 471 5208 ﬁgurandm
521 5143 949 5203 circumcisionis
978 5160 1031 5205 et
1059 5151 1301 5219 sabbati,
1344 5154 1424 5209 vel
1472 5158 1781 5213 carnalium

175 5228 537 5290 victimarum.
571 5237 671 5304 Qui
728 5238 920 5294 modus
959 5257 1079 5297 cum
1124 5244 1365 5299 secundo
1412 5247 1603 5303 similis
1646 5265 1767 5307 esse

176 5320 451 5390 videatur;
483 5327 569 5381 illa
604 5338 779 5384 tamen
810 5333 1019 5389 ratione
1046 5335 1392 5402 discernitur,
1424 5341 1565 5408 quod
1590 5341 1676 5395 hic
1697 5341 1763 5395 ad

176 5429 354 5470 mores
403 5427 629 5487 tantum,
660 5423 747 5476 ille
788 5425 948 5478 etiam
995 5429 1314 5498 redigendas
1363 5431 1544 5505 sitvad
1580 5431 1760 5488 ﬁdem.

178 5506 470 5577 Propterea
511 5522 564 5566 et
611 5513 842 5572 Jacobus
885 5522 1163 5586 apostolus
1208 5524 1435 5578 invicem
1477 5534 1763 5596 utrumque

181 5597 459 5669 discernit,
497 5605 682 5662 dicens
711 5608 849 5681 (Jac.
879 5610 937 5683 ιι)
971 5632 983 5667 :
1012 5613 1190 5681 Fides,
1229 5616 1275 5671 si
1316 5632 1477 5677 onera
1530 5633 1636 5672 non
1668 5620 1764 5674 ha-

174 5690 320 5760 beat,
365 5690 573 5752 mOrtua
604 5710 687 5755 est
731 5703 785 5756 in
827 5707 1149 5776 semetipsa;
1186 5723 1304 5764 nam
1353 5711 1763 5767 circumcisione

174 5788 473 5849 carnalium
497 5790 836 5855 dotruncatio
865 5796 1142 5871 vitiorum,
1182 5802 1405 5862 sabbato
1457 5813 1639 5865 autem
1670 5805 1761 5865 illa

1871 4704 2260 4763 praecepturum
2283 4692 2735 4759 distributionem,
2761 4692 2827 4747 de
2849 4691 3040 4763 quibus
3063 4701 3298 4747 tractans
3319 4690 3467 4759 Apo-

1869 4788 2039 4841 stolus
2081 4789 2229 4853 dicit,
2261 4801 2689 4857 enumeransque
2738 4801 2869 4840 sane
2924 4785 3057 4839 dicit
3104 4783 3156 4853 (ι
3208 4783 3342 4836 Tim.
3378 4782 3459 4853 t):

1874 4878 2018 4934 Bona
2047 4890 2129 4934 est
2156 4882 2260 4945 lex,
2286 4881 2330 4935 si
2356 4881 2474 4950 quis
2495 4895 2556 4934 ea
2581 4880 2817 4948 legitime
2847 4886 3044 4932 utatur.
3072 4876 3291 4931 Dixerat
3315 4876 3461 4930 enim

1874 4972 2062 5043 (lbid.)
2090 4991 2101 5025 :
2130 4975 2277 5028 Finis
2306 4974 2556 5043 praecepti
2577 4982 2659 5027 est
2679 4972 2911 5027 charitas
2941 4972 3008 5026 de
3032 4969 3198 5025 corde
3230 4983 3383 5039 puro,
3409 4975 3466 5023 et

1875 5067 2201 5122 conscientia
2232 5066 2390 5131 bona,
2422 5074 2476 5120 et
2505 5064 2608 5119 ﬁde
2646 5081 2752 5121 non
2797 5064 2938 5119 ﬁcta.
2972 5062 3089 5129 Quo
3115 5061 3262 5115 dicto
3290 5061 3463 5128 legem

1876 5145 2001 5215 ﬁdei
2050 5158 2325 5214 evidenter
2362 5150 2666 5226 insinuans,
2719 5159 2891 5227 legem
2940 5169 3152 5226 quoque
3198 5153 3461 5209 factorum

1866 5246 1997 5305 mox
2033 5244 2255 5325 secutus
2293 5249 2577 5318 expressit,
2603 5249 2788 5304 dicens
2828 5266 2839 5300 :
2875 5246 3043 5303 Justis
3091 5247 3178 5300 lex
3227 5258 3332 5298 non
3380 5248 3466 5298 est

1874 5345 2067 5413 posita,
2096 5326 2189 5397 Sed
2216 5341 2448 5411 injustis,
2480 5342 2655 5411 impiis
2681 5349 2753 5396 et-
2765 5336 3157 5411 peccatoribus,
3182 5346 3240 5393 et
3262 5344 3460 5391 caetera

1873 5436 2179 5492 adversaria
2229 5432 2533 5491 doctrinae.’
2566 5427 2721 5491 [inde
2766 5430 2935 5507 quaeri
2988 5444 3182 5504 potest,
3214 5446 3335 5486 cum
3365 5432 3457 5486 lex

1864 5531 2012 5601 justo
2056 5548 2163 5587 non
2195 5532 2431 5602 ponitur,
2464 5518 2733 5601 quomodo
2780 5530 2844 5585 ea'
2891 5528 3132 5600 legitime
3172 5528 3349 5597 justus
3377 5525 3458 5580 uti

1868 5623 2095 5691 dicatur,
2138 5626 2259 5694 quia
2292 5626 2390 5679 nos
2423 5635 2631 5680 terrere
2671 5638 2777 5679 non
2811 5623 3009 5694 indiget
3037 5638 3193 5695 pcena
3225 5635 3455 5693 pmnan-

1869 5721 1997 5774 tium
2029 5727 2453 5788 praeceptorum,
2473 5719 2564 5788 qui
2594 5734 2687 5790 per
2716 5719 2943 5789 gratiam
2988 5719 3158 5775 libere
3185 5720 3295 5790 jam
3326 5715 3461 5773 frui-

1865 5829 1988 5871 mur
2032 5814 2362 5886 perlectlone
2408 5813 2686 5871 virtutum.
2737 5813 2852 5871 Jam
2882 5817 3079 5890 quippe
3106 5818 3154 5878 ei
3187 5818 3319 5877 ﬁdes
3347 5816 3457 5875 im-
