3974 6470
473 286 575 341 827

1575 268 1876 330 PRIMASH
1915 264 2372 326 ADRUMETANI
2411 263 2623 323 EPISC.

3664 253 3781 319 δῖε,

471 401 734 475 petravit,
760 399 907 474 quod
938 411 1005 456 ne
1038 395 1150 455 suis
1179 394 1459 468 quisquam
1502 389 1709 446 viribus
1739 388 2064 459 assignaret,
2095 382 2150 446 Α
2174 388 2368 444 liorem
2395 394 2450 443 et
2474 384 2745 441 carnalem
2772 378 3069 453 appetitum
3095 373 3323 434 rationis
3364 375 3565 431 robore
3592 372 3775 427 mari-

474 499 763 570 Apostolus
792 498 924 555 dicit
944 496 1122 568 (Rom.
1145 492 1227 563 ιιι)
1254 509 1268 544 :
1292 489 1490 546 Omnes
1511 487 1653 546 enim
1685 492 2061 558 peccaverunt,

473 604 531 651 et
577 603 739 667 egent
785 593 956 666 gloria
1006 590 1123 647 Dei.
1194 586 1509 644 Ostenditur
1557 582 1755 654 quippe
1804 582 1858 638 in
1908 579 2066 637 nobis

476 694 715 766 primum
757 694 1009 750 voluntas
1056 690 1208 744 ﬁrma
1252 701 1350 757 per
1386 684 1582 757 legem,
1610 682 1705 739 sed
1735 681 2064 737 voluntatem

476 786 648 858 gratia
697 786 925 851 sanavit,
958 792 1009 839 et
1040 782 1212 852 legem
1242 780 1491 836 voluntas
1522 776 1781 848 implevit.
1830 775 1956 831 ldeo
1993 774 2067 828 ti-

479 893 631 933 mere
660 876 963 932 nolentibus
992 872 1173 944 impiis
1199 873 1284 928 lex
1318 870 1631 940 imponitur,
1658 876 1718 924 ut
1740 867 1822 924 eis
1849 866 2069 937 impune

481 985 708 1042 peccare
728 986 835 1025 non
861 970 1038 1025 liceat.
1075 968 1200 1024 Ideo
1230 976 1410 1023 autem
1428 965 1591 1036 justis
1620 978 1723 1043 non
1751 961 2068 1032 imponitur,

480 1079 549 1118 eo
579 1062 717 1134 quod
746 1063 917 1118 sancti
943 1062 1177 1132 Spiritus
1198 1060 1459 1116 charitate
1490 1065 1781 1128 praecepta,
1806 1070 1900 1111 eos
1932 1054 2071 1109 ultra

481 1169 705 1225 peccare
733 1171 840 1210 non
868 1155 1047 1210 liceat.
1071 1154 1308 1210 Utuntur
1335 1162 1511 1207 autem
1542 1149 1660 1220 lege
1680 1148 1810 1218 justi
1841 1145 1906 1202 ad
1937 1144 2072 1201 alios

480 1248 564 1302 vel
592 1247 917 1304 erudiendos
951 1246 1170 1303 monitis
1212 1257 1626 1316 praeceptorum,
1662 1242 1747 1296 vel
1780 1238 2075 1294 informan-

479 1341 580 1396 dos
605 1340 940 1396 imitabilium
964 1339 1135 1394 forma
1156 1335 1545 1393 virtutum.Sic
1562 1332 1853 1403 Apostolus
1878 1340 2075 1386 utrum-

483 1448 587 1504 que
630 1433 911 1501 discernit,
941 1447 1063 1488 cum
1110 1431 1241 1486 dicit
1270 1429 1451 1503 (Rom.
1493 1426 1608 1497 vttt)
1641 1443 1655 1481 :
1681 1425 1787 1479 Vos
1815 1423 1956 1479 enim
1987 1437 2076 1477 ac-

480 1526 703 1595 cepistis
729 1526 976 1596 spiritum
1009 1523 1315 1594 adoptionis
1349 1522 1580 1577 ﬁliorum
1603 1561 1618 1588 ,
1650 1520 1703 1575 in
1732 1534 1840 1589 quo
1870 1519 2075 1573 clama-

482 1634 625 1687 mus,
681 1617 834 1674 Abba
888 1618 1069 1673 Pater.
1145 1616 1258 1672 lloc
1311 1623 1502 1670 orante
1554 1610 1798 1683 Apostoli
1852 1609 2080 1666 consilio

484 1712 756 1777 delectati,
778 1712 945 1767 etiam
964 1710 1112 1777 dicit,
1144 1724 1205 1767 ea
1234 1715 1633 1780 postponentes,
1656 1704 1866 1777 potiora
1890 1704 2080 1761 dilexi-

2174 490 2403 547 tantem,
2449 478 2879 551 gaudentemque
2927 474 3248 529 intrinsecus
3289 472 3343 527 in
3383 466 3617 540 quadam
3652 468 3783 522 dul-

2168 576 2358 633 cedine
2402 573 2705 645 conjugali,
2751 586 2874 628 cum
2920 570 3100 625 anima
3148 566 3318 624 menti
3370 565 3669 633 copulatur
3728 572 3789 619 et

2169 670 2472 726 velamento
2510 667 2728 739 pudoris
2768 664 3136 730 ohuubilatnr,
3167 671 3225 718 ut
3265 660 3373 731 iam
3403 668 3555 716 recte
3583 658 3783 713 vivere

2171 776 2279 816 non
2307 770 2525 831 cogatur
2545 778 2558 815 :
2578 758 2623 816 si
2646 772 2834 816 omnes
2856 757 3172 823 concedant,
3196 768 3423 825 peccare
3446 768 3555 808 non
3577 751 3782 808 libeat.

2172 856 2428 922 Quartam
2472 854 2583 925 jam
2636 854 2688 909 id
2738 854 2855 923 ipso
2900 852 3070 907 multo
3117 849 3322 904 ﬁrmius
3359 846 3783 913 ordinatiusque

2174 947 2458 1005 facientem
2484 956 2541 1003 et
2575 946 2894 1002 emicantem
2942 945 2995 998 in
3037 941 3213 999 virum
3253 939 3581 1011 perfectum,
3610 948 3783 1007 atque

2174 1053 2352 1115 aptam
2400 1051 2456 1099 et
2495 1041 2742 1098 idoneam
2797 1040 3049 1095 omnibus
3095 1048 3148 1095 et
3198 1034 3685 1109 persecutionibus
3728 1042 3782 1089 et

2177 1136 2365 1195 mundi
2410 1134 2824 1206 tempestatibus
2851 1148 2913 1189 ac
2939 1131 3188 1188 ﬁuctihus
3231 1127 3568 1186 sustinendis
3614 1135 3781 1196 atque

2176 1226 2505 1298 frangendis.
2561 1226 2813 1293 Quintam
2856 1235 3097 1295 pacatam
3141 1232 3302 1293 atque
3330 1219 3481 1275 omni
3513 1234 3586 1274 ex
3622 1229 3778 1288 parte

2178 1322 2519 1391 tranquillam
2562 1319 2855 1384 viventem,
2886 1327 2943 1372 et
2984 1314 3365 1371 abundantiam
3416 1312 3777 1367 incommuta-

2179 1413 2307 1469 bilis
2342 1412 2496 1482 regni
2533 1424 2759 1466 summa:
2788 1418 2842 1465 et
2870 1406 3156 1465 ineffabilia
3194 1404 3503 1475 sapientiae.
3558 1398 3775 1458 Sextatn

2180 1504 2330 1561 omni
2369 1503 2530 1559 modo
2558 1501 2870 1558 mutationis
2915 1500 2968 1554 in
3009 1508 3267 1555 :eternam
3296 1498 3490 1560 vitam,
3514 1503 3576 1551 et
3610 1509 3775 1564 usque

2183 1597 2251 1653 ad
2281 1605 2447 1653 totam
2471 1595 2795 1652 oblivionem
2821 1592 2944 1648 vitae
2969 1591 3279 1661 temporalis,
3308 1598 3635 1645 transeunte
3663 1602 3774 1657 per-

2184 1689 2379 1746 fectam
2408 1688 2654 1754 formam,
2685 1702 2804 1759 quae
2833 1687 2968 1741 facta
3016 1693 3100 1741 est
3125 1683 3189 1737 ad
3222 1682 3515 1753 imaginem
3544 1690 3603 1735 et
3630 1680 3771 1734 sitni-

486 1822 626 1863 mus.
660 1770 815 1861 naue
843 1805 986 1861 idem
1025 1803 1078 1877 (ι
1098 1770 1395 1873 Con-vni:
1426 1802 1504 1858 De
1529 1770 1854 1869 virginibus,
1887 1798 2079 1869 inquit,
2113 1780 2162 1842 B
2188 1782 2469 1877 “tudinem
2497 1782 2620 1877 Pet.
2651 1779 3065 1877 Septimasnim
3092 1775 3249 1877 quies
3280 1784 3489 1831 aeterna
3528 1782 3600 1877 ξι
3622 1770 3771 1875 ιλιιιῴ

489 1907 817 1970 praeceptum
862 1897 1074 1953 Domini
1105 1913 1211 1953 non
1236 1896 1432 1962 habeo,
1461 1892 1746 1951 consilium
1774 1898 1955 1948 autem
1985 1890 2078 1957 do,

486 1992 864 2048 exhortatione
908 1990 963 2047 id
1014 2004 1217 2060 agens,
1270 2004 1378 2043 non
1426 1993 1696 2059 praecepto
1751 1982 2082 2054 compellens

488 2086 759 2141 monentis
798 2085 1014 2140 Domini
1063 2082 1428 2155 magisterium
1476 2094 1745 2151 sequens,
1788 2092 1897 2148 quo
1947 2074 2083 2131 dixit

487 2177 707 2250 (Matth.
737 2179 858 2248 xix)
884 2195 899 2234 ι
923 2178 1027 2247 Qui
1073 2184 1251 2248 potest
1290 2189 1505 2245 capere,
1534 2174 1734 2245 capiat.
1775 2170 1931 2229 Unde
1959 2170 2084 2241 quia

488 2285 631 2326 nunc
650 2271 929 2341 operarius
956 2278 1062 2339 est,
1084 2277 1316 2324 tractare
1338 2266 1577 2337 suscepti
1604 2264 1786 2335 operis
1814 2278 1923 2319 non
1955 2261 2089 2318 sinit

489 2364 735 2420 intentio.
770 2363 921 2419 Hane
962 2362 1179 2418 interim
1221 2360 1454 2429 speciem
1502 2358 1642 2413 intra
1691 2358 1833 2411 hunc
1861 2353 2084 2409 modum

494 2461 751 2523 tanquam
780 2466 979 2523 genere
1007 2464 1105 2505 suo
1134 2448 1405 2514 concludi,
1437 2462 1534 2502 nos
1582 2444 1784 2501 dixisse
1827 2442 2082 2511 sufﬁciat,

491 2546 740 2614 scriptum
782 2545 925 2599 intus
955 2552 999 2598 et
1030 2544 1178 2614 foris.
1226 2540 1355 2599 iure
1380 2556 1541 2611 porro
1586 2540 1844 2611 quaeritur
1874 2537 1943 2593 de
1971 2537 2086 2593 istis

494 2648 726 2710 septem,
753 2653 889 2710 quos
919 2636 1280 2709 praemisimus
1319 2635 1515 2705 modis,
1541 2636 1630 2706 qui
1661 2634 1890 2691 debeat
1916 2633 2081 2700 intus,

492 2733 585 2804 qui
618 2731 914 2789 forinsecus
941 2731 1197 2802 reputari.
1231 2730 1327 2785 Est
1348 2738 1527 2786 autem
1561 2729 1767 2801 primus
1793 2727 2084 2783 historicus

492 2829 644 2885 foris.
699 2828 981 2887 Secundus
1025 2826 1385 2897 allegoricus,
1446 2834 1587 2881 totus
1638 2826 1799 2879 intus.
1873 2822 2087 2878 Tertius

497 2920 775 2990 utriusque
801 2919 1071 2992 geminam
1105 2918 1157 2974 in
1189 2933 1249 2974 se
1275 2916 1473 2973 retinet
1498 2916 1747 2984 formam,
1779 2923 1835 2970 ut
1865 2923 1919 2969 et
1946 2928 2087 2984 prai-

493 3012 666 3067 sentis
700 3020 827 3066 tunc
856 3008 1117 3080 temporis
1161 3022 1457 3078 congruum
1503 3008 1776 3077 suppleret
1823 3004 2085 3074 ofﬁcium,

493 3113 551 3161 et
595 3104 797 3175 aliquid
847 3104 1070 3176 ﬁgurate
1114 3112 1329 3175 gereret
1374 3103 1692 3158 futurorum.
1742 3101 1976 3168 Quartus
2017 3100 2086 3154 de

2183 1876 2433 1933 aetatibus
2480 1872 2858 1945 distinguenda
2895 1869 3172 1926 beatitudo
3198 1875 3487 1939 perpetua.
3528 1864 3603 1922 Ut
3642 1865 3770 1920 enim

2184 1968 2309 2026 ﬁnis
2336 1970 2535 2026 veteris
2560 1966 2798 2022 hominis
2826 1977 2974 2020 mors
3000 1970 3106 2031 est,
3139 1963 3218 2017 sic
3246 1960 3370 2016 ﬁnis
3399 1959 3533 2016 novi
3556 1958 3770 2013 hominis

2183 2066 2292 2122 vita
2322 2069 2544 2117 aeterna.
2571 2058 2667 2115 Ille
2686 2072 2920 2128 namque
2946 2056 3109 2111 homo
3137 2054 3341 2125 peccati
3368 2061 3478 2119 est,
3504 2052 3613 2107 iste
3635 2050 3771 2121 justi-

2186 2155 2297 2211 tiaa.
2325 2154 2436 2209 llos
2458 2158 2668 2222 septem
2691 2148 2985 2221 quinetiam
3013 2144 3233 2216 gradus,
3266 2143 3468 2215 quibus
3495 2141 3769 2211 profectus,

2186 2246 2437 2318 prmliare
2466 2242 2845 2320 perhibemur,
2875 2240 3022 2296 idem
3048 2238 3236 2295 doctor
3266 2234 3645 2305 amplissimus
3674 2236 3770 2289 Au-

2186 2339 2431 2410 gustinus
2500 2334 2684 2392 multis
2736 2341 3039 2397 memorat,
3082 2330 3148 2384 ad
3199 2327 3499 2384 Maximum
3561 2325 3769 2394 denique

2188 2432 2451 2497 scribens,
2483 2429 2617 2485 dicit
2660 2444 2676 2485 :
2722 2426 2815 2484 Sic
2870 2422 3155 2497 praeceptis
3208 2421 3325 2488 Dei,
3355 2418 3509 2490 quod
3558 2429 3616 2475 ut
3656 2421 3769 2489 bene

2190 2538 2429 2596 agamus,
2453 2520 2778 2592 accepimus,
2800 2517 2967 2573 vitam
2987 2526 3131 2571 tuam
3158 2526 3449 2578 moresque
3473 2511 3765 2575 conﬁrmas,

2190 2633 2221 2674 a
2249 2617 2499 2687 religioso
2529 2615 2722 2670 timore
2744 2611 3039 2682 incipiens.
3088 2607 3302 2663 Initium
3332 2606 3484 2662 enim
3514 2602 3769 2675 sapientia

2191 2709 2351 2764 timor
2399 2706 2609 2762 Domini
2640 2703 2758 2775 (Ps.
2790 2701 2905 2774 cx),
2935 2701 3026 2757 ubi
3074 2700 3335 2770 frangitur
3376 2705 3434 2754 et
3472 2696 3769 2754 debilitatur

2193 2802 2428 2857 humana
2478 2798 2753 2869 superbia,
2783 2794 2986 2852 deinde
3035 2802 3092 2849 ut
3140 2793 3344 2863 pietate
3390 2799 3703 2846 mansuetus
3731 2797 3774 2841 et

2190 2894 2362 2961 mitis,
2394 2892 2559 2948 etiam
2602 2905 2723 2962 quae
2755 2888 2994 2945 nondum
3026 2885 3306 2955 intelligis,
3332 2894 3388 2941 et
3412 2899 3531 2954 qua:
3562 2880 3777 2952 imperi-

2193 2988 2263 3043 tis
2290 2985 2543 3041 videntur
2576 2982 2831 3051 absurda,
2862 2981 3072 3050 sibique
3111 2978 3378 3035 contraria
3407 2975 3581 3045 (Prov.
3616 2974 3684 3043 ι),
3718 2973 3771 3027 in

2191 3078 2488 3151 Scripturis
2519 3077 2724 3133 sanctis
2770 3088 2877 3130 non
2924 3072 3217 3128 ohlucterls
3258 3071 3423 3125 animo
3454 3082 3520 3123 ac
3544 3075 3774 3123 conten—

496 3196 628 3261 Deo,
658 3196 799 3267 apud
822 3212 982 3268 quem
1007 3213 1113 3252 non
1145 3205 1230 3253 est
1256 3196 1627 3263 commutatio,
1654 3209 1753 3251 nec
1785 3192 2085 3267 [momenti]

2194 3175 2372 3240 tione,
2434 3187 2536 3231 nec
2585 3170 2996 3241 superimponas
3071 3181 3290 3222 sensum
3337 3174 3490 3219 tuum
3536 3161 3777 3219 sensibus

493 3290 876 3348 vicissitudinis
903 3291 1266 3358 obumbratio,
1293 3290 1399 3345 ﬁde
1426 3298 1587 3359 atque
1610 3289 1828 3360 pietate.
1856 3288 2091 3359 Uterque

494 3398 687 3440 sensus
716 3385 863 3441 intus
892 3384 1055 3442 debet
1081 3384 1275 3454 accipi,
1305 3397 1428 3439 nam
1470 3382 1747 3439 intellectu
1776 3397 1881 3438 non
1913 3389 2092 3452 potest

494 3476 897 3546 comprehendi.
940 3476 1051 3532 Pax
1095 3477 1241 3534 enim
1286 3474 1413 3542 Dei,
1442 3475 1517 3531 ait
1542 3473 1834 3545 Apostolus
1861 3472 2086 3546 (Philip.

495 3567 591 3637 tv),
621 3577 842 3639 superat
885 3583 1104 3625 omnem
1151 3581 1393 3634 sensum,
1425 3567 1558 3639 quia,
1595 3576 1649 3623 et
1692 3566 1812 3637 ejus
1856 3565 2090 3623 essentia

498 3670 698 3717 nostra:
719 3660 1034 3732 capacitatis
1060 3670 1232 3735 metas
1261 3658 1496 3726 excedit,
1514 3669 1567 3715 et
1588 3658 1707 3729 ejus
1725 3658 2089 3728 clementiam,

497 3767 603 3823 qua
629 3752 698 3807 de
724 3767 783 3808 se
808 3752 1016 3899 trmce
1044 3753 1209 3808 multa
1238 3753 1497 3818 narravit,
1520 3751 1696 3808 nullus
1719 3760 2094 3822 competenter

499 3843 729 3899 attingit.
760 3844 861 3899 Οιιί
962 3861 988 3899 s
1014 3859 1166 3899 sane.
1189 3844 1283 3899 ubi
1308 3844 1455 3899 aliud
1482 3858 1642 3899 uuam
1670 3844 1866 3899 legitur
1892 3843 2094 3899 inveni-

499 3843 729 3913 attingit.
760 3843 988 3912 Quifﬂlts
1014 3859 1166 3911 sane,
1189 3844 1283 3900 ubi
1308 3844 1455 3900 aliud
1482 3858 1642 3914 quam
1670 3844 1866 3916 legitur
1892 3843 2094 3899 inveni-

502 3944 609 4003 tur,
639 3938 723 3992 vel
750 3937 803 3992 in
834 3936 1104 4007 parabolis
1144 3952 1289 4007 saepe
1316 3936 1564 4004 diffusus,
1596 3937 1668 3994 ita
1712 3946 1796 3993 est
1844 3937 2092 3994 abstrusa

502 4030 733 4102 quadam
780 4032 1128 4104 ambiguitate
1175 4044 1479 4105 suspectus,
1532 4043 1588 4090 ut
1616 4036 1759 4093 intus
1802 4037 1873 4091 sit
1917 4035 2093 4094 modis

501 4126 751 4182 omnibus
778 4128 1123 4197 reputandus.
1173 4128 1372 4186 Sextus
1398 4129 1467 4185 de
1493 4131 1713 4200 gemino
1758 4129 1956 4187 Christi
1993 4132 2092 4187 ad-

503 4227 664 4276 ventu
690 4220 853 4277 certis
880 4221 1049 4278 claret
1090 4222 1444 4290 testimoniis,
1473 4222 1605 4280 foris
1634 4226 1689 4279 in
1718 4208 1969 4295 promptu
1993 4240 2093 4295 po-

498 4313 655 4380 situs,
682 4314 847 4371 certis
875 4315 1018 4372 intus
1046 4316 1179 4373 latet
1203 4317 1451 4384 occultis,
1485 4326 1545 4373 ut
1572 4318 1774 4388 apertis
1800 4319 2094 4375 dubitatio-

499 4421 623 4462 nem
671 4407 918 4477 auferat,
966 4409 1145 4465 abdita
1205 4409 1378 4466 ﬁdelis
1429 4418 1722 4478 exerceat,
1771 4410 2094 4482 fastidiaque

501 4499 767 4570 detergat.
817 4502 1091 4572 Septimus
1116 4502 1170 4559 in
1203 4504 1487 4574 praeceptis
1525 4504 1653 4560 vitae
1680 4504 1919 4575 agendae,
1952 4505 2093 4561 sicut

2194 3266 2509 3323 divinorum
2542 3264 2800 3319 librorum
2819 3303 2834 3328 ,
2864 3260 2962 3316 sed
2992 3259 3151 3316 cedas
3180 3257 3360 3329 potius
3386 3265 3552 3327 atque
3584 3254 3776 3311 intelle-

2194 3369 2338 3416 ctum
2367 3357 2513 3413 mitis
2548 3356 2779 3420 deferas,
2810 3367 2967 3424 quam
2997 3359 3261 3408 secretum
3288 3348 3517 3405 immitis
3549 3361 3770 3405 accuses.

2194 3452 2431 3516 Tertius,
2461 3464 2585 3505 cum
2617 3448 2711 3503 tibi
2750 3445 2817 3501 ad
2859 3445 3217 3517 cognitionem
3247 3441 3321 3498 tui
3350 3442 3571 3512 aperire
3602 3455 3665 3497 se
3688 3454 3774 3495 cce.

2195 3548 2334 3619 perit
2376 3544 2656 3601 inﬁrmitas
2700 3544 2953 3604 humana,
2996 3547 3052 3594 et
3093 3537 3199 3594 scis
3246 3536 3335 3592 ubi
3376 3536 3601 3605 jaceas,
3642 3547 3772 3603 quam

2195 3640 2426 3714 pmnalia
2470 3637 2681 3694 vincula
2740 3633 3085 3704 mortalitatis
3130 3632 3197 3687 de
3244 3628 3413 3685 Adam
3470 3634 3772 3700 propagatus

2196 3753 2374 3801 tecum
2405 3740 2611 3809 trahas,
2641 3747 2697 3796 et
2721 3752 2878 3810 quam
2913 3736 3069 3806 longe
3097 3731 3466 3806 peregrineris
3490 3745 3522 3785 a
3548 3730 3770 3793 Domino,

2197 3847 2356 3908 atque
2397 3833 2697 3906 pervideris
2743 3831 2899 3887 aliam
2934 3830 3107 3900 legem
3163 3828 3218 3882 in
3267 3825 3534 3881 membris
3577 3824 3681 3879 tuis
3705 3837 3773 3878 re-

2197 3937 2521 4000 pugnantem
2544 3925 2646 3996 legi
2672 3925 2869 3981 mentis
2890 3932 3019 3987 tuae,
3044 3929 3098 3977 et
3125 3919 3396 3989 captivum
3422 3924 3484 3974 te
3514 3918 3773 3974 ducentem

2195 4024 2251 4081 in
2282 4024 2399 4093 lege
2430 4021 2654 4093 peccati,
2683 4017 2827 4089 quod
2873 4024 2957 4073 est
2996 4016 3049 4072 in
3100 4013 3355 4071 membris
3386 4012 3500 4069 tuis
3528 4013 3773 4068 exclamas

2201 4120 2378 4191 (Rom.
2411 4117 2504 4187 vn)
2534 4136 2547 4170 :
2576 4116 2732 4172 Miser
2787 4128 2889 4185 ego
2928 4113 3106 4178 homo,
3144 4110 3265 4180 quis
3304 4123 3394 4164 me
3433 4107 3688 4164 liberabit
3722 4106 3776 4160 de

2197 4228 2426 4284 corpore
2452 4213 2643 4268 mortis
2674 4194 2866 4281 hujus?
2898 4218 2957 4265 ιιι
2992 4218 3045 4264 ιε
3067 4208 3340 4277 lugentem
3371 4206 3701 4269 consoletur,
3723 4202 3775 4258 li-

2199 4307 2532 4363 berationem
2585 4306 2753 4373 ipsam
2802 4302 3063 4373 pollicens
3111 4301 3283 4372 gratia
3333 4300 3432 4355 Dei
3480 4315 3575 4370 per
3608 4298 3773 4352 Iesum

2197 4402 2477 4459 Christum
2506 4400 2791 4457 Dominum
2830 4407 3092 4454 nostrum.
3125 4396 3328 4464 Quarto
3346 4394 3461 4465 jam
3488 4392 3779 4449 desiderem

2199 4497 2425 4568 implere
2448 4497 2714 4567 justitiam
2763 4495 2935 4550 multo
2982 4494 3357 4549 vehementius
3388 4500 3552 4561 atque
3581 4489 3776 4545 ferven-

496 4588 607 4659 iam
638 4593 993 4659 Dmmisimus
1036 4595 1166 4651 foris
1203 4607 1461 4667 apparet,
1494 4598 1548 4653 in
1580 4600 1863 4670 praceptis
1912 4608 2091 4656 autem
2121 4580 2177 4643 D
2201 4589 2326 4655 tius,
2351 4605 2509 4660 quam
2532 4604 2562 4644 a
2586 4587 2930 4659 nequissimls
2954 4584 3259 4642 hominibus
3288 4584 3595 4653 voluptates
3618 4580 3775 4637 carnis

504 4680 629 4736 vita:
664 4682 959 4753 ﬁgurando:
998 4684 1140 4741 intus
1176 4687 1326 4746 latet.
1373 4689 1507 4743 Hinc
1539 4689 1742 4745 Danieli
1770 4704 1985 4761 quoque
2010 4690 2091 4746 di-

503 4784 649 4830 ctum
679 4774 908 4845 legimus
939 4775 1111 4847 (Dan.
1148 4778 1259 4847 xu)
1291 4798 1303 4833 :
1329 4779 1528 4836 Claude
1556 4795 1834 4837 sermones
1862 4791 1916 4837 et
1941 4784 2093 4853 signa

502 4869 699 4926 librum
752 4885 924 4942 usque
969 4871 1038 4927 ad
1091 4880 1301 4943 tempus
1353 4880 1630 4929 statutum.
1688 4874 2096 4932 Pertransibunt

500 4962 741 5034 plurimi,
775 4971 830 5019 et
855 4964 1135 5035 multiplex
1180 4966 1284 5021 erit
1329 4966 1895 5039 scientia:Signatum
1934 4970 2096 5041 signia

501 5067 712 5126 septem.
757 5057 979 5129 Septem
1020 5074 1231 5131 quoque
1280 5059 1514 5116 hominis
1559 5061 1833 5118 interioris
1879 5071 2087 5135 aetates,

502 5149 696 5220 quibus
724 5166 820 5222 per
845 5152 1070 5223 gratiam
1102 5152 1193 5209 Dei
1221 5152 1425 5224 Spiritu
1462 5155 1656 5211 mentis
1685 5156 1976 5213 salubriter
2004 5158 2092 5213 in-

505 5259 787 5313 novamur,
819 5255 998 5318 patres
1024 5248 1196 5304 nostri
1225 5247 1672 5308 animadvertere.
1720 5251 1798 5309 De
1826 5250 1908 5308 bis
1941 5253 1995 5308 itt
2026 5253 2092 5308 li-

503 5333 600 5391 bro
626 5335 694 5392 de
726 5336 865 5393 Vera
894 5337 1173 5410 Religione
1198 5340 1387 5397 beatus
1432 5342 1763 5413 Augustinus
1802 5345 1881 5400 sic
1916 5345 2087 5402 dicit:

504 5426 682 5484 Prima
730 5438 813 5487 est
858 5430 915 5486 in
962 5432 1215 5490 uberibus
1257 5434 1406 5491 utilis
1448 5434 1720 5503 historiae,
1768 5453 1871 5508 qua
1922 5439 2095 5495 nutrit

502 5520 781 5590 exemplis,
805 5523 1097 5581 secundum
1124 5524 1290 5582 Jacob
1320 5526 1733 5585 obliviscentem
1759 5529 2015 5600 humana,
2039 5540 2095 5588 et

492 5607 569 5663 ad
599 5612 775 5670 divina
796 5617 1126 5685 tendentem,
1151 5621 1202 5672 in
1230 5633 1334 5689 qua
1357 5633 1462 5675 non
1484 5621 1820 5677 auctoritatis
1842 5621 2094 5681 humana:

506 5707 806 5763 continetur
835 5712 964 5781 ﬁne,
995 5710 1091 5768 sed
1119 5711 1185 5768 ad
1212 5727 1475 5768 summam
1506 5724 1562 5770 et
1589 5714 2108 5772 incommutabilem.

507 5801 676 5873 legem
704 5804 946 5873 passibus
973 5806 1197 5865 rationis
1226 5806 1489 5864 innititur.
1515 5807 1751 5866 Tertiam
1776 5808 1887 5881 jam
1911 5810 2087 5870 ﬁden-

2197 4681 2491 4739 desiderari
2524 4681 2718 4747 solent,
2750 4678 2855 4736 nisi
2901 4678 3043 4750 quod
3085 4679 3139 4734 in
3179 4693 3276 4749 spe
3321 4674 3581 4747 adjutorii
3630 4671 3777 4729 divini

2198 4784 2301 4833 est.
2344 4776 2400 4831 In
2432 4776 2536 4831 isto
2564 4774 2803 4845 appetitu
2839 4772 3164 4843 tranquillus
3193 4772 3433 4829 ardoret
3462 4770 3681 4826 ﬁamma
3704 4783 3779 4824 se-

2197 4870 2397 4926 curior.
2428 4868 2486 4925 In
2520 4871 2622 4925 isto
2650 4877 2825 4924 autem
2856 4878 3045 4939 quarto
3086 4868 3209 4924 vitae
3258 4865 3425 4938 gradu
3456 4864 3781 4921 orationibus

2199 4962 2462 5020 instanter
2504 4962 2851 5029 incumbitur,
2877 4970 2938 5017 ut
2981 4961 3344 5018 esurientibus
3385 4968 3445 5017 et
3482 4959 3782 5017 sitientibus

2199 5055 2451 5111 saturitas
2474 5054 2699 5126 justitiac
2720 5055 3063 5124 concedatur,
3086 5065 3143 5112 ut
3172 5071 3277 5112 non
3300 5057 3475 5111 solum
3498 5067 3783 5111 onerosum

2199 5162 2306 5205 non
2335 5150 2420 5219 sit,
2447 5164 2634 5207 verum
2682 5150 2843 5207 etiam
2892 5148 3124 5205 delectet
3161 5148 3435 5207 abstinere
3457 5163 3487 5201 a
3514 5147 3789 5219 voluptate

2198 5245 2374 5300 omnis
2420 5245 2798 5315 corruptionis,
2827 5246 2943 5301 sive
2985 5259 3119 5313 sum,
3149 5244 3263 5301 sive
3308 5244 3553 5310 alterius,
3584 5243 3669 5299 vel
3700 5242 3790 5296 ob-

2198 5345 2469 5412 luctando,
2501 5347 2644 5419 quod
2673 5355 2729 5402 ut
2758 5347 2915 5403 facile
2961 5346 3216 5403 divinitus
3258 5347 3558 5414 tribuatur,
3607 5346 3789 5415 quinto

2201 5440 2506 5511 adjungitur
2531 5440 2815 5497 consilium
2863 5440 3182 5498 exhibendae
3224 5439 3637 5505 misericordia,
3658 5439 3793 5493 utin

2202 5547 2268 5589 eo
2296 5533 2436 5603 quod
2462 5543 2614 5604 potes
2641 5533 2864 5605 adiuves
2892 5534 3134 5605 inopem,
3168 5534 3292 5605 quia
3315 5533 3367 5589 in
3394 5548 3463 5590 eo
3489 5532 3634 5602 quod
3658 5547 3794 5587 non—

2200 5624 2325 5680 dum
2368 5635 2563 5696 potest,
2598 5626 2666 5682 ab
2706 5628 3085 5698 Omnipotente
3136 5627 3379 5699 adjuvari
3405 5627 3570 5697 cupit.
3604 5627 3796 5682 Munus

2201 5727 2377 5775 autem
2410 5719 2790 5776 misericordiae
2833 5722 3105 5791 geminum
3137 5731 3237 5788 est,
3254 5736 3386 5777 tcum
3416 5720 3659 5776 vindicta
3702 5720 3795 5774 do-

2201 5820 2384 5881 natur,
2401 5820 2595 5869 etcum
2617 5811 2921 5872 humanitas
2944 5814 3248 5873 exhibetur.
3266 5816 3403 5883 Quae
3423 5813 3534 5872 duo
3553 5812 3797 5872 breviter
