3968 6354
173 302 298 358 829

1200 286 1655 359 COMMENTAR,
1698 284 1765 343 ΙΝ
1805 284 2187 345 APOCALYP.
2228 288 2357 346 LIB.
2400 289 2466 347 ll.

3360 293 3465 350 830

182 415 468 476 Dominus
514 415 586 472 ita
626 412 933 484 complexus
978 415 1060 466 est
1102 407 1253 479 (Luc.
1282 407 1361 479 vi)
1389 424 1402 460 :
1430 404 1709 471 Dimittite,
1734 409 1790 459 et
1814 406 1863 464 Α
1895 403 1998 459 alia
2022 406 2162 460 enim
2188 407 2264 461 sic
2286 406 2415 463 dicit
2438 408 2727 478 Apostolus
2744 407 2882 481 (Coi.
2907 407 2945 479 ι)
2966 426 2979 462 :
2999 408 3306 480 Mysterium
3328 410 3472 478 quod

172 512 502 570 dimittetur
529 509 711 575 vobis;
743 507 887 573 date,
918 515 971 561 ct
1016 504 1224 559 dabitur
1254 501 1438 568 vobis;
1463 501 1565 556 hoc
1606 508 1785 553 autem

173 621 335 677 Opus
358 605 519 661 etiam
546 604 614 659 ad
636 602 1032 658 mundalionein
1057 597 1234 653 cordis
1256 596 1417 663 valet,
1443 604 1498 649 ut
1525 601 1784 663 quantum

175 701 250 757 in
284 704 390 756 hac
421 698 533 754 vita
560 698 717 764 licet,
744 694 1234 753 incommutabilem
1284 690 1379 747 Dei
1432 687 1785 745 substantiam

178 807 336 864 pura
360 789 713 862 intelligentia
748 803 971 846 cernere
1006 787 1300 843 valeamus.
1356 782 1595 837 Tenetur
1641 779 1783 834 enim

178 885 402 954 aliquid
443 884 700 940 adversus
739 898 859 951 nos,
882 882 1020 953 quod
1047 878 1394 937 relaxandum
1434 884 1539 940 est,
1567 884 1621 927 ut
1643 866 1785 927 acies

180 987 387 1033 nostra
408 986 655 1046 erumpat
680 976 733 1029 in
764 976 956 1038 lucem,
977 975 1117 1027 unde
1140 972 1255 1041 ipse
1280 968 1533 1022 Dominus
1553 982 1568 1019 :
1591 965 1785 1019 Verum

182 1069 349 1138 date,
381 1068 549 1137 inquit
574 1064 727 1139 (Luc.
754 1066 858 1135 χι),
890 1064 1304 1133 eleemosynam,
1335 1067 1391 1113 et
1436 1069 1561 1111 ecce
1608 1052 1787 1107 omnia

184 1160 399 1216 munda
453 1168 577 1214 sunt
622 1159 793 1214 vobis.
849 1156 1183 1225 Quapmpter
1236 1162 1388 1209 sexta
1444 1146 1788 1215 consequitur

184 1252 381 1308 cordis
412 1252 525 1321 ipsa
558 1252 853 1306 mundatio.
893 1249 963 1307 Ut
1001 1258 1177 1305 autem
1210 1248 1263 1301 in
1294 1246 1466 1300 lucem
1494 1256 1674 1297 veram
1704 1254 1788 1294 re-

187 1358 321 1402 crus
369 1359 421 1401 et
474 1362 633 1416 purus
682 1345 941 1415 dirigatur
988 1350 1255 1412 aspectus,
1311 1354 1484 1406 neque
1530 1334 1621 1389 illa
1669 1346 1789 1402 qua:

187 1439 341 1497 bene
363 1451 519 1509 atque
544 1440 883 1495 laudabiliter
905 1437 1149 1502 facimus,
1176 1450 1347 1501 neque
1378 1432 1463 1485 illa
1494 1445 1611 1501 quzc
1636 1436 1789 1482 caute

194 1534 577 1604 sagaciterque
606 1532 955 1600 despicimus,
986 1528 1049 1582 ad
1082 1530 1242 1581 finem
1275 1522 1517 1595 placendi
1557 1519 1788 1576 homini-

190 1626 305 1681 bus
328 1626 415 1681 vel
440 1625 789 1680 subveniendi
812 1622 1218 1679 necessitatibus
1240 1619 1481 1689 corporis
1509 1616 1788 1673 referenda

193 1727 348 1774 sunt.
403 1717 579 1773 Gratis
607 1718 750 1771 enim
796 1732 855 1773 se
885 1717 998 1770 vult
1026 1715 1167 1770 Deus
1210 1713 1334 1779 coli,
1360 1711 1481 1781 quia
1508 1724 1607 1765 nec
1635 1707 1789 1779 quid-

1895 493 2268 551 absconditum
2313 507 2394 553 est
2423 513 2451 552 a
2482 498 2693 555 saeculis
2735 509 2791 555 ct
2834 499 3292 570 generationibus,
3326 514 3469 555 nunc

1893 596 2069 643 autem
2117 592 2511 667 manifestatum
2541 604 2625 651 est
2654 595 2853 650 sanctis
2882 596 3027 666 ejus,
3056 596 3109 651 in
3139 595 3333 666 quibus
3375 608 3470 651 vo-

1892 678 1992 735 luit
2039 681 2181 738 Deus
2225 694 2379 741 notas
2423 686 2599 743 facere
2644 687 2860 744 divitias
2914 689 3097 760 glorite
3144 686 3472 743 sacramenti

1890 772 2071 843 hujus,
2096 774 2149 830 in
2200 779 2469 847 gentibus,
2500 781 2643 849 quod
2674 789 2758 837 est
2786 780 3033 837 Christus
3062 783 3113 836 in
3163 780 3312 837 vobis
3343 792 3469 850 spes

1892 865 2189 933 cliaritatis,
2223 885 2381 938 quem
2407 886 2507 927 nos
2534 873 2935 939 annuntiamns,
2966 873 3319 941 corripientes
3351 885 3471 926 om-

1892 971 2013 1010 nem
2061 957 2333 1014 hominem
2376 972 2428 1015 et
2473 962 2728 1018 docentes
2778 964 2829 1017 iu
2881 965 3026 1018 omni
3076 964 3367 1033 sapientia,
3414 968 3473 1016 ut

1894 1045 2245 1103 exhibeamus
2274 1066 2487 1106 omnem
2516 1052 2786 1110 heminam
2816 1055 3111 1124 perfectum
3139 1054 3193 1109 in
3235 1054 3469 1120 Christo,

1893 1144 2036 1211 quod
2062 1150 2115 1197 et
2147 1144 2350 1213 laboro,
2384 1149 2716 1204 contendens
2764 1150 3055 1205 secundum
3102 1150 3472 1221 operationem

1894 1233 2034 1305 ejus,
2052 1252 2207 1307 quam
2230 1250 2482 1309 operatur
2504 1242 2556 1296 in
2582 1258 2668 1297 me
2690 1243 2741 1298 in
2763 1243 2978 1299 virtute.
3005 1246 3061 1299 ln
3085 1243 3267 1300 Veteri
3290 1253 3471 1298 autem

1894 1327 2060 1383 dicit:
2092 1331 2346 1389 Dominus
2393 1336 2596 1391 creavit
2638 1350 2724 1393 me
2768 1337 2976 1392 initium
3017 1339 3222 1391 viarum
3252 1349 3469 1391 suarm

1896 1420 2075 1492 (Prov.
2107 1426 2246 1496 vni).
2282 1426 2416 1482 Cum
2448 1428 2627 1498 itaque
2669 1430 2783 1499 ipse
2812 1431 2883 1484 sit
2915 1429 3277 1500 principaliter
3303 1430 3387 1483 via
3419 1427 3472 1483 in

1895 1529 1996 1583 qua
2028 1517 2180 1573 nobis
2211 1526 2295 1575 est
2322 1519 2603 1576 salubriter
2625 1521 3110 1591 ambulandum,ab
3136 1522 3253 1591 ipso
3277 1520 3473 1576 nihilo-

1894 1608 2075 1663 minus
2125 1610 2260 1681 vite,
2308 1611 2362 1665 id
2409 1622 2491 1667 est
2537 1612 2836 1682 profectum
2881 1615 3081 1686 gradus
3126 1622 3180 1669 et
3235 1614 3475 1669 instituta

1897 1700 2107 1756 vivendi
2142 1712 2196 1758 et
2225 1702 2476 1774 legalium
2521 1707 2903 1775 mysteriorum
2930 1722 3126 1763 arcana
3153 1705 3353 1778 aperiri
3380 1720 3478 1761 no-

195 1823 367 1878 quam
394 1816 497 1874 est,
529 1821 724 1878 prazter
753 1806 894 1877 quod
944 1807 1055 1874 ipse
1083 1802 1413 1873 appetendos
1441 1801 1529 1868 sit,
1558 1812 1679 1854 cum
1720 1796 1789 1853 ad
1818 1791 1866 1853 B
1894 1793 2065 1849 vimus
2094 1804 2255 1866 atque
2281 1795 2536 1853 conferri.
2564 1796 2633 1851 Et
2663 1799 2769 1853 vidi
2797 1800 3039 1871 angelum
3066 1804 3267 1871 fortem,
3287 1797 3477 1869 praedi-

198 1901 367 1955 istam
413 1898 778 1969 intelligentiae
828 1897 1111 1967 puritatem
1168 1894 1323 1949 bona:
1371 1892 1491 1946 vita:
1540 1888 1790 1962 gradibus

199 1990 538 2057 venerimus,
574 1991 691 2046 sive
736 1990 960 2054 tardius,
993 1986 1108 2042 sive
1153 1984 1403 2050 celerius,
1440 1991 1565 2038 tunc
1612 1980 1791 2037 dicere

202 2081 524 2149 audeamus,
555 2082 734 2138 valere
771 2095 871 2137 nos
912 2078 1242 2149 aliquantum
1270 2082 1449 2130 mente
1479 2072 1790 2142 contingere

202 2191 438 2232 summa:
491 2186 652 2246 atque
704 2174 988 2230 ineil‘abilis
1032 2171 1310 2246 Trinitatis
1357 2169 1654 2233 unitatem,
1700 2164 1790 2221 ubi

202 2279 418 2321 summa
442 2281 543 2334 pax
564 2242 694 2333 erit,
726 2265 817 2334 qui
845 2264 980 2318 ultra
1004 2261 1144 2331 quod
1167 2242 1528 2330 exspectetur,
1553 2273 1660 2313 non
1683 2265 1786 2323 est,

201 2369 330 2415 cum
359 2354 632 2409 reformati
661 2354 727 2408 ad
756 2354 839 2409 sui
882 2351 1095 2423 generis
1137 2351 1424 2420 imaginem
1455 2349 1550 2404 filii
1597 2350 1689 2405 Dei
1719 2362 1789 2403 ex

201 2446 513 2502 hominibus
549 2433 676 2501 facti
704 2454 925 2516 paterna
953 2441 1486 2500 incommutabilitate
1512 2440 1788 2511 perfruun-

203 2546 316 2595 tur.
348 2536 532 2593 Primo
566 2537 733 2606 enim,
762 2536 911 2591 Beati
942 2549 1200 2605 pauperes
1230 2532 1419 2603 spiritu
1453 2530 1668 2603 (Matth.
1701 2530 1786 2602 v),

204 2633 296 2690 ubi
318 2634 479 2691 timor
498 2634 591 2689 Dei
611 2642 722 2700 est;
742 2631 954 2698 deinde,
974 2631 1120 2686 Beati
1143 2631 1321 2695 mites,
1339 2629 1427 2685 ubi
1450 2630 1622 2698 pietas
1642 2628 1789 2683 doci-

202 2727 309 2795 lis;
340 2728 521 2796 tertio,
551 2726 699 2782 Beati
728 2727 994 2797 lugentes,
1033 2726 1123 2780 ubi
1170 2724 1397 2779 scientia
1437 2724 1669 2793 promite
1707 2724 1789 2778 iii-

204 2817 504 2884 ﬂrmitatis;
537 2824 753 2888 quarto,
780 2816 928 2871 Beati
958 2815 1045 2885 qui
1068 2814 1311 2871 esuriunt
1337 2821 1392 2869 et
1418 2814 1603 2869 sitiunt
1629 2814 1789 2883 justi-

204 2910 357 2975 tiam,
382 2907 473 2964 ubi
496 2906 753 2963 fortitudo
777 2906 1004 2962 conandi
1028 2904 1259 2960 domitas
1286 2904 1487 2961 habere
1511 2904 1787 2973 libidines;

206 3000 416 3071 quinto,
439 2999 588 3055 Beati
618 2997 1015 3062 misericordes,
1049 2996 1302 3068 quoniam
1349 2997 1581 3066 ipsorum
1620 2999 1789 3053 mise-

206 3089 414 3147 rebitur
440 3089 605 3157 Deus,
620 3088 713 3143 ubi
734 3086 1014 3143 consilium
1037 3094 1120 3142 est
1141 3086 1450 3155 adjuvandi,
1470 3095 1528 3141 ut
1548 3080 1787 3157 adjuvari

1893 1900 2094 1944 cautem
2126 1907 2243 1946 voce
2283 1908 2469 1963 magna
2496 1908 2513 1945 :
2538 1892 2663 1958 Quis
2693 1901 2767 1947 est
2806 1893 2992 1965 dignus
3034 1895 3236 1963 aperire
3265 1892 3474 1961 librum,

1893 1991 1941 2039 et
1966 1985 2159 2040 solvere
2198 1994 2402 2056 septem
2448 1987 2711 2058 signacula
2754 1988 2906 2057 ejus?
2948 1987 3211 2057 Angelum
3258 1986 3477 2051 fortem,

1892 2076 2027 2149 legis
2060 2078 2383 2146 praeconium
2412 2077 2560 2145 dicit,
2594 2077 2859 2147 siquidem
2907 2077 3155 2133 eamdem
3201 2077 3375 2148 legem
3421 2075 3479 2132 in

1894 2166 2052 2222 dictis
2081 2169 2393 2239 angelorum
2428 2171 2627 2234 datam,
2654 2168 2712 2225 S.
2747 2167 3021 2238 Stephano
3049 2175 3333 2231 tractante,
3364 2180 3478 2222 me-

1893 2257 2145 2313 minimus
2197 2269 2250 2315 et
2299 2270 2609 2329 acceptam,
2643 2274 2743 2316 nec
2776 2270 2954 2315 tamen
2985 2260 3054 2314 ab
3084 2251 3232 2315 omni
3278 2258 3477 2330 populo

1891 2349 2234 2404 custoditam.
2266 2351 2434 2420 Cujus
2472 2366 2615 2406 nunc
2643 2365 2822 2420 praeco
2851 2352 3101 2421 flagitans
3140 2350 3265 2421 jure
3290 2358 3476 2407 custo-

1890 2438 2059 2507 diam,
2092 2441 2297 2498 nullum
2343 2442 2462 2514 ejus
2510 2442 2789 2513 apertione
2837 2442 3057 2513 dignum
3102 2456 3163 2497 se
3208 2442 3481 2499 invenisse

1892 2541 2135 2591 testatur.
2166 2534 2299 2591 Cum
2350 2546 2530 2591 autem
2561 2537 2735 2616 primo
2778 2536 2927 2604 signa
2956 2534 3257 2601 solvantur,
3283 2533 3480 2589 deinde

1891 2625 2027 2683 liber
2058 2628 2350 2697 aperiatur,
2381 2634 2529 2683 certa
2555 2626 2761 2681 ratione
2782 2622 3192 2696 praeposteravit
3218 2625 3475 2679 usitatum

1891 2720 2159 2786 ordinem,
2206 2722 2330 2791 quia
2379 2728 2508 2776 tunc
2547 2719 2797 2775 Christus
2843 2718 3051 2789 aperuit
3096 2716 3323 2787 librum,
3354 2730 3479 2773 cum

1890 2826 2026 2882 opus
2055 2811 2373 2867 voluntariae
2406 2811 2673 2882 passionis
2703 2810 2967 2881 implevit,
2999 2809 3219 2865 solvens
3244 2809 3478 2865 inimici-

1892 2908 1994 2962 tias
2041 2908 2096 2963 in
2143 2922 2308 2964 carne
2356 2922 2484 2974 sua,
2520 2906 2690 2977 legem
2732 2904 3111 2961 mandatorum
3148 2904 3203 2959 in
3240 2902 3477 2959 decretis

1892 3016 2163 3058 evacuans
2197 2998 2357 3072 (Eph.
2406 3001 2492 3072 ιι),
2522 3001 2803 3071 utriusque
2832 2996 3164 3055 Testamenti
3210 2995 3479 3067 praeconia

1893 3093 1947 3146 in
1978 3092 2158 3161 seipse
2187 3089 2371 3161 perfici
2418 3090 2822 3159 comprobavit,
2853 3090 3144 3160 templique
3172 3089 3350 3145 velum
3380 3102 3477 3143 sua

208 3184 500 3252 merearis;
529 3191 656 3240 tunc
676 3183 741 3239 ad
766 3192 975 3240 sextum
1000 3182 1308 3253 pervenitur
1334 3181 1577 3252 gradum,
1606 3182 1659 3236 in
1684 3196 1790 3253 quo
1818 3174 1865 3240 C
1895 3184 2143 3256 passione
2172 3183 2417 3249 recessit,
2457 3192 2707 3252 tanquam
2740 3183 2787 3238 si
2822 3189 3029 3238 remoto
3060 3180 3311 3251 legalium
3342 3180 3478 3249 figu-

209 3274 403 3330 dicitur
435 3292 450 3329 :
488 3273 638 3329 Beati
687 3273 887 3329 mundo
936 3273 1120 3337 corde,
1168 3271 1420 3343 quoniam
1473 3272 1573 3341 ipsi
1619 3272 1787 3329 Deum

207 3365 590 3432 videbunt,ubi
617 3381 779 3436 purus
800 3364 1099 3421 intellectus
1113 3364 1368 3420 ethabilis
1390 3364 1456 3419 ad
1488 3364 1791 3437 intelligen-

210 3457 355 3514 dum.
390 3457 872 3526 Quantulacunque
913 3470 977 3512 ex
1023 3464 1171 3525 parte
1213 3453 1527 3511 Trinitatem
1574 3470 1791 3514 servare

208 3566 314 3607 non
354 3566 664 3623 possumus,
694 3551 796 3607 nisi
821 3559 872 3607 et
903 3549 1113 3607 laudem
1152 3550 1436 3605 humanam
1480 3564 1585 3606 non
1623 3564 1788 3620 appe-

211 3650 425 3712 tamus,
473 3642 715 3714 quamvis
766 3640 1032 3697 laudanda
1094 3640 1352 3697 faciamus
1402 3641 1594 3710 (Joan.
1646 3639 1787 3714 xiv).

212 3732 441 3791 Proinde
469 3734 697 3805 septimo
740 3732 910 3805 gradu
958 3733 1297 3803 pervenimus
1338 3731 1404 3788 ad
1453 3733 1600 3803 pacis
1646 3732 1790 3789 illius

213 3826 643 3894 tranquillitatem
674 3840 830 3896 quam
862 3825 991 3880 dare
1021 3840 1125 3880 non
1165 3832 1344 3896 potest
1372 3827 1631 3896 mundus,
1665 3840 1790 3882 nam

213 3919 370 3973 etiam
417 3918 522 3972 illis
563 3918 846 3974 virtutibus
887 3927 1140 3987 quatuor,
1178 3931 1312 3985 quas
1354 3916 1651 3972 memoravi
1683 3917 1791 3987 pri-

214 4010 354 4077 dem,
374 4009 633 4064 industria
656 4007 955 4077 philosophi
980 4022 1190 4078 quoque
1212 4007 1458 4077 judicare
1478 4017 1787 4079 potuerunt,

215 4105 263 4160 id
313 4112 397 4161 est
448 4102 780 4174 prudentiae,
832 4099 1167 4165 fortitudini,
1214 4103 1585 4169 temperantiae
1632 4110 1791 4172 atque

211 4195 448 4268 justitize.
500 4195 555 4252 Si
584 4194 651 4251 ad
680 4194 977 4267 perfectum
1008 4193 1281 4264 religionis
1312 4193 1512 4249 cultum
1545 4194 1645 4250 tria
1674 4193 1790 4251 btcc

211 4288 489 4360 jungcntes
512 4287 789 4351 addamus,
814 4286 866 4343 id
894 4294 977 4341 est
998 4284 1179 4355 fidem,
1198 4299 1347 4356 spem
1375 4293 1429 4342 et
1450 4284 1787 4354 charitatem,

215 4378 573 4449 septenarium
618 4378 860 4448 profecto
910 4392 1191 4434 numerum
1250 4378 1571 4435 invenimus.
1626 4379 1791 4436 Recte

216 4472 349 4526 enim
375 4470 493 4526 haec
514 4470 612 4525 tria
636 4487 744 4526 non
764 4470 1106 4541 omittuntur,
1127 4471 1243 4528 sine
1274 4470 1464 4543 quibus
1490 4486 1588 4528 nec
1617 4472 1787 4530 Deum

1894 3291 2076 3333 rarum
2106 3275 2433 3343 velamento,
2452 3273 2600 3345 signa
2633 3281 2863 3345 septem,
2883 3272 2936 3327 id
2963 3278 3048 3329 est
3073 3272 3251 3329 omnia
3277 3271 3476 3327 divinae

1896 3368 2032 3439 legis
2080 3367 2339 3438 profunda
2395 3370 2651 3442 mysteria
2710 3368 2987 3427 revelasse
3030 3367 3226 3425 affectu
3272 3368 3479 3440 patitur

1892 3469 2121 3531 actaque
2174 3460 2454 3531 probatur.
2519 3461 2705 3519 Nullus
2760 3461 2989 3533 proinde
3044 3462 3234 3533 dignus
3280 3460 3479 3517 dicitur

1892 3551 2059 3608 fuisse
2111 3561 2379 3622 repertus,
2408 3570 2571 3625 neque
2614 3556 2671 3609 in
2714 3556 2859 3621 etate,
2902 3555 3005 3612 hoc
3050 3562 3133 3611 est
3178 3553 3476 3627 angelicam

1893 3644 2097 3701 scilicet
2145 3645 2457 3717 signiﬁcans
2506 3649 2770 3705 excedere
2820 3646 3153 3716 facultatem,
3181 3662 3289 3703 non
3332 3644 3475 3717 quod

1890 3736 2127 3793 futurum
2178 3737 2460 3796 dominica:
2510 3739 2897 3796 incarnationis
2952 3749 3010 3796 et
3040 3737 3478 3809 .dispensationis

1891 3832 2205 3902 mysterium
2231 3833 2405 3905 angeli
2427 3834 2756 3904 ignorarent,
2785 3834 2880 3890 sed
2898 3833 3038 3905 quod
3059 3847 3156 3904 per
3177 3830 3474 3903 angelicam

1891 3934 2193 3981 creaturam
2223 3926 2557 3997 implendum
2585 3943 2694 3984 non
2735 3936 2902 3985 esset.
2935 3926 3191 3983 Homines
3217 3924 3359 3982 enim
3390 3938 3477 3981 re-

1892 4017 2205 4088 dempturus
2229 4020 2397 4075 Filius
2420 4020 2538 4088 Dei,
2559 4036 2686 4077 vera
2709 4021 3037 4077 humanitate
3056 4029 3327 4091 suscepta,
3346 4034 3479 4075 cun-

1892 4116 1974 4162 cta
2010 4123 2105 4179 per
2134 4124 2193 4163 se
2220 4111 2389 4165 voluit
2416 4111 2716 4182 adimpleri.
2760 4112 2897 4168 Hinc
2947 4112 3113 4168 Isaias
3157 4112 3287 4168 dicit
3326 4110 3472 4181 (Isa.

1892 4213 2046 4266 um,
2070 4199 2227 4269 juxta
2255 4198 2430 4270 LXX)
2454 4218 2467 4255 :
2489 4201 2603 4256 Non
2625 4202 2866 4272 angelus,
2889 4201 3082 4271 inquit,
3113 4216 3221 4257 non
3246 4202 3474 4271 legatus,

1889 4290 1985 4347 sed
2028 4290 2142 4359 ipse
2184 4291 2440 4347 Dominus
2483 4291 2667 4347 salvos
2697 4291 2821 4348 fecit
2848 4306 2962 4361 eos,
2998 4308 3158 4361 neque
3183 4307 3336 4362 super
3375 4300 3477 4346 ter-

1891 4398 2029 4449 ram,
2065 4382 2243 4438 nullus
2287 4383 2472 4453 utique
2514 4384 2674 4440 etiam
2720 4382 2956 4454 perfecte
2996 4383 3262 4453 justorum
3292 4382 3345 4439 in
3377 4382 3478 4438 hac

1895 4474 1999 4529 vita
2030 4476 2377 4533 merentium.
2406 4474 2748 4532 Reficiendus
2768 4474 2913 4530 enim
2938 4474 3120 4541 homo,
3139 4475 3305 4531 solius
3332 4488 3479 4531 crea-

216 4563 409 4629 colere,
438 4577 539 4618 nec
577 4562 627 4617 ei
678 4578 1003 4634 quemquam
1054 4564 1303 4619 novimus
1347 4577 1505 4634 posse
1550 4564 1781 4634 placere.
1812 4552 1865 4617 D
1891 4566 2020 4623 toris
2050 4568 2241 4638 egebat
2280 4565 2509 4636 auxilio,
2539 4584 2698 4639 neque
2724 4567 2817 4624 sub
2861 4576 3017 4622 terra.
3048 4567 3237 4624 Nullus
3262 4575 3475 4623 sancto-

216 4653 338 4721 Quce
367 4669 487 4711 cum
518 4656 591 4710 ita
616 4658 741 4723 sint,
771 4656 885 4713 sive
906 4657 1145 4713 scientiae
1174 4658 1455 4725 salutares,
1484 4673 1783 4730 arcanaque

218 4746 573 4803 voluminibus
603 4750 769 4804 sacris
799 4749 991 4816 indita,
1015 4750 1068 4805 in
1096 4750 1201 4805 illis
1226 4760 1430 4821 septem
1464 4750 1637 4807 modis
1670 4760 1787 4808 tan-

216 4852 363 4909 quam
394 4848 602 4909 septem
640 4840 806 4909 signis
838 4840 1076 4908 latentia,
1122 4842 1426 4899 umbrosius
1465 4854 1780 4915 opacentur,

214 4932 319 4988 sive
364 4933 537 4988 omnis
584 4947 791 4988 summa
846 4934 1207 5004 perfectioque
1250 4938 1541 5009 virtutum,
1587 4941 1784 5011 quibus

217 5026 367 5083 homo
385 5026 731 5083 interioribus
754 5024 961 5097 proficit
984 5032 1350 5101 incrementis,
1367 5049 1470 5089 non
1494 5034 1785 5092 indiscrete

218 5117 475 5187 confusis,
526 5118 622 5176 sed
667 5118 933 5191 gradatim
980 5122 1285 5192 specialiter
1336 5124 1621 5192 ordinatis,
1671 5127 1785 5183 sive

218 5214 525 5282 promissum
574 5214 762 5271 salutis
806 5223 1022 5271 aeterna:
1070 5217 1390 5286 subsidium,
1432 5217 1647 5277 Christo
1674 5220 1784 5277 Do-

218 5306 352 5361 mino
395 5306 815 5363 misericorditer
846 5307 1103 5377 patiente,
1136 5311 1403 5367 veraciter
1444 5320 1779 5383 resurgente,

219 5395 522 5453 mirabiliter
564 5398 912 5467 ascendente,
941 5410 995 5456 et
1038 5414 1251 5471 semper
1292 5403 1347 5458 in
1387 5403 1610 5474 singulis
1653 5420 1780 5476 ope-

218 5497 379 5557 rante,
411 5496 466 5545 et
493 5489 752 5561 revelare,
782 5498 837 5546 et
861 5493 1135 5562 cognosci,
1167 5501 1222 5549 et
1251 5494 1480 5565 acquiri,
1510 5504 1563 5551 et
1593 5498 1778 5566 perlici

220 5579 449 5651 potuisse
476 5580 558 5637 vel
602 5596 758 5652 posse
788 5585 1150 5652 cognoscitur.
1198 5585 1293 5641 Illa
1318 5589 1467 5659 signa
1498 5589 1550 5643 in
1582 5589 1698 5659 ipso
1725 5601 1781 5647 et

218 5689 303 5747 per
346 5672 520 5745 ipsum
565 5677 797 5732 revelata
836 5687 998 5749 atque
1029 5680 1263 5750 perfecta
1294 5683 1555 5739 veraciter
1585 5684 1780 5754 praedi—

220 5774 412 5827 cantur.
443 5765 595 5839 Quod
622 5768 940 5829 testimonils
962 5771 1165 5834 aestimo
1193 5774 1615 5850 perdoceudum,
1637 5777 1779 5837 inter

1887 4676 2003 4716 rum
2031 4661 2191 4716 etiam
2220 4659 2599 4717 defunctorum
2627 4661 2817 4717 librum
2845 4661 3046 4733 aperire
3073 4662 3264 4731 dignus
3291 4662 3478 4717 inven-

1888 4761 1973 4811 tus
1995 4762 2096 4821 eat,
2132 4754 2228 4811 sed
2254 4771 2415 4827 neque
2464 4756 2751 4827 perspicere
2797 4756 2965 4811 illum.
3010 4754 3322 4823 Perspieere
3345 4753 3477 4809 dicit

1889 4846 2371 4916 comprehendere.
2438 4846 2591 4903 Unde
2651 4846 2850 4903 Paulus
2898 4844 3477 4915 incomprehensibiles

1886 4937 2016 4993 dicit
2044 4937 2206 5008 (Eph.
2229 4940 2309 5003 in)
2339 4938 2553 4994 divitias
2575 4938 2775 4995 Christi
2797 4953 2856 4995 se
2882 4937 3133 5009 gentibus
3155 4936 3471 5008 prazdicare,

1893 5028 1960 5085 de
2001 5028 2192 5099 quibus
2238 5031 2496 5086 Dominus
2538 5031 2703 5102 dicit,
2754 5032 2807 5087 id
2852 5040 2934 5088 est
2979 5028 3295 5087 cbaritatem
3339 5029 3475 5087 Novi

1892 5120 2241 5188 Testamenti,
2276 5122 2398 5192 quia
2424 5123 2478 5179 in
2506 5124 2623 5196 lege
2650 5123 2871 5191 latebat,
2900 5132 2956 5179 et
2980 5138 3141 5194 quam
3178 5138 3290 5178 sua:
3320 5120 3476 5180 Chri-

1890 5223 2006 5272 stus
2038 5216 2338 5285 prmsentiae
2364 5218 2742 5285 reservaverit,
2774 5217 2952 5274 nullus
2974 5217 3055 5273 sic
3077 5216 3273 5273 idoneo
3303 5216 3477 5286 potuit

1890 5309 2008 5365 visu
2056 5308 2391 5379 conspicere,
2424 5318 2481 5366 ut
2523 5310 2726 5367 valeret
2772 5319 2894 5366 actu
2936 5323 3151 5381 quoque
3196 5322 3471 5379 peragere,

1891 5416 1955 5458 eo
2006 5402 2148 5472 quod
2206 5417 2326 5459 eam
2377 5418 2477 5459 sua
2532 5402 2785 5459 Christus
2842 5402 3247 5473 dispensatione
3300 5400 3476 5471 potuit

1889 5495 2226 5565 adimplere;
2275 5495 2343 5552 ab
2401 5495 2510 5551 illis
2564 5495 2712 5551 enim
2763 5496 3049 5565 praevideri
3113 5503 3317 5550 tantum
3379 5506 3475 5564 po-

1888 5590 2008 5655 tuit,
2035 5604 2139 5645 non
2170 5590 2329 5645 etiam
2372 5590 2576 5660 perﬁci.
2610 5589 2681 5646 Et
2705 5606 2796 5664 ego
2830 5590 3017 5661 ﬂebam
3058 5589 3296 5655 "uultum,
3329 5586 3473 5656 quod

1889 5700 2036 5740 nemo
2092 5686 2273 5757 dignus
2338 5688 2569 5743 inventus
2618 5695 2796 5757 esset,
2855 5687 2944 5754 qui
3000 5685 3235 5755 aperiret
3285 5682 3473 5737 librum

1888 5788 1981 5837 aut
2030 5780 2263 5839 solveret
2319 5780 2595 5855 signacula
2650 5781 2787 5854 ejus.
2857 5778 3101 5839 Ecclesia
3154 5779 3213 5840 in
3265 5776 3474 5839 Joanne
