3974 6466
492 376 591 439 εει

1624 371 1923 436 PRIMASH
1959 374 2412 436 ADRUMETANI
2454 369 2670 431 EPISC.

3682 366 3789 427 832

489 492 681 560 nebat,
713 498 930 564 gravata
965 487 1217 561 operibus
1254 468 1633 563 peccatorum,
1670 491 1963 561 implorans
1991 492 2070 546 sui
2103 495 2155 557 Α
2179 491 2400 546 rabilem
2444 489 2559 560 ejus
2588 485 2960 559 operationem
3008 481 3373 555 septenariam
3396 523 3413 554 ,
3454 497 3630 557 quam
3697 485 3787 541 hie

490 585 916 654 redemptionem
943 600 1102 655 quam
1132 583 1533 656 [Redemptoris
1559 584 1840 649 auxilium,
1884 582 2072 655 quod],

493 675 547 730 in
587 677 735 731 illius
762 680 1041 746 apertione
1072 676 1190 730 libri
1221 675 1520 729 consistere
1551 675 1963 731 demonstravit.
2010 674 2077 727 Et

495 786 628 824 unus
662 786 725 824 ea:
760 770 1040 824 senioribus
1071 768 1201 821 dixit
1231 770 1357 821 mihi
1389 784 1407 823 :
1440 767 1523 822 Ne
1557 771 1789 837 fleveris;
1821 784 1932 822 ecce
1962 768 2080 821 vicit

495 862 577 917 leo
620 862 683 915 de
719 862 851 915 tribu
879 861 1051 926 Iuda,
1104 860 1259 913 radix
1312 858 1520 928 David,
1562 863 1761 930 aperire
1812 861 1999 915 librum
2034 869 2082 915 et

498 953 689 1006 solvere
713 961 903 1022 septem
923 953 1188 1021 signacula
1219 953 1353 1021 ejus.
1387 952 1535 1007 Unus
1558 969 1622 1007 ex
1646 954 1969 1017 senioribus,
1997 962 2082 1006 to-

504 1054 613 1099 tum
638 1060 833 1114 Corpus
865 1048 1249 1115 prophetarum
1275 1048 1638 1115 agnoscimus,
1671 1063 1896 1116 quorum
1920 1050 2082 1103 certis

503 1137 739 1191 Ecclesia
780 1140 1162 1195 consolabatur
1200 1142 1463 1209 oraculis,
1510 1142 1789 1197 Christum
1835 1142 1902 1196 de
1943 1144 2086 1197 tribu

500 1230 667 1296 Juda,
714 1234 967 1286 mundum
1001 1250 1099 1288 suo
1132 1236 1391 1306 sanguine
1422 1237 1844 1303 redetnpturum.
1878 1236 1951 1289 De
1980 1250 2087 1301 quo

501 1324 815 1391 praedictum
848 1326 1077 1394 legimus
1102 1324 1254 1394 (Gen.
1282 1329 1425 1397 XLIX)
1452 1346 1466 1383 :
1495 1329 1713 1381 Catulus
1736 1329 1904 1382 leonis
1926 1328 2084 1395 Juda,

499 1413 565 1466 ad
594 1414 853 1481 praedam,
873 1415 943 1467 ﬁli
965 1417 1059 1478 mi,
1080 1418 1365 1471 ascendisti
1388 1434 1401 1483 ;
1427 1419 1770 1486 requiescens
1794 1418 2089 1472 ﬁCCllblllSli

501 1513 560 1557 ut
602 1506 685 1557 leo
727 1512 783 1558 et
822 1507 972 1573 quasi
1016 1506 1217 1571 lamna,
1263 1523 1381 1576 quis
1418 1508 1699 1560 suscitahit
1742 1508 1899 1560 eum?
1944 1507 2088 1561 Idem

504 1595 703 1665 quippe
741 1610 910 1665 agnus
944 1596 1140 1650 dicitur
1180 1608 1233 1651 et
1278 1600 1389 1662 leo,
1436 1597 1525 1665 qui
1560 1596 1820 1650 innm-ens
1862 1607 2091 1651 mortem

506 1685 758 1741 devotam
788 1688 1055 1756 suscepit,
1100 1695 1155 1741 ct
1202 1688 1491 1756 potentiam
1522 1697 1824 1756 susceptam
1866 1687 2090 1755 occidit,

506 1780 593 1833 cui
632 1779 805 1849 justas
834 1780 1037 1849 pridem
1078 1781 1249 1834 minas
1271 1782 1533 1836 veraciter
1558 1783 1871 1847 intentavit,
1908 1782 2093 1837 dicens

2182 595 2403 657 propter
2425 583 2872 640 illuminationem
2890 580 3171 636 oculorum
3187 586 3475 644 memorat,
3494 578 3565 635 de
3584 579 3786 647 quibus

2181 678 2494 733 Zachariam
2519 676 2723 731 dixisse
2746 685 2874 745 puto
2898 672 3082 743 (Zach.
3115 673 3190 741 tv)
3225 688 3238 724 :
3264 672 3486 741 Septem
3514 670 3611 725 isti
3642 671 3781 725 oculi

2181 770 2418 835 Domini,
2449 770 2539 839 qui
2569 771 2877 823 discurrunt
2908 767 2959 820 in
2995 750 3298 820 universam
3326 776 3552 819 terram.
3594 761 3709 817 Sed
3739 770 3783 817 et

2182 862 2352 932 ipsius
2382 862 2719 917 excellentim
2744 860 3059 929 dignitatem
3085 873 3189 911 non
3210 858 3506 925 incongrue
3525 855 3784 909 cornibus

2183 957 2396 1011 videtur
2425 957 2750 1025 exprimere.
2783 953 2997 1007 Cornua
3027 950 3168 1005 enim
3216 950 3483 1003 naturalia
3540 949 3780 1002 locorum

2180 1049 2299 1119 jura
2326 1058 2576 1116 tanquam
2594 1046 2893 1115 rumpendo
2912 1054 3223 1108 nascuntur,
3246 1056 3341 1096 nec
3359 1040 3546 1095 carnis
3566 1039 3783 1109 mquali-

2186 1152 2295 1197 tate
2311 1151 2560 1196 contenta
2575 1142 2839 1205 residunt,
2862 1139 2954 1194 sed
2982 1138 3280 1194 crescendo
3302 1138 3497 1192 altiora
3533 1138 3712 1205 magis
3728 1150 3779 1192 ac

2189 1237 2355 1306 magis
2380 1234 2909 1305 petunt.Spiritualis
2923 1232 3063 1285 enim
3084 1236 3260 1285 omnia
3285 1231 3519 1299 judicat,
3556 1230 3776 1298 ἰρςσιθιιο

2192 1338 2296 1383 tcni
2322 1345 2348 1381 a
2375 1327 2872 1395 neminejudicatur
2893 1325 2941 1397 (1
2965 1325 3083 1379 Cor.
3111 1323 3187 1395 ιι).
3212 1324 3586 1393 NecjndiCare
3606 1338 3779 1391 queru-

2192 1437 2351 1491 quam
2374 1433 2575 1488 posset,
2596 1420 2699 1474 nisi
2719 1434 2819 1474 ιιοιι
2835 1419 2943 1488 jam
2964 1418 3196 1471 carnalis
3221 1420 3270 1471 in
3289 1432 3547 1485 corpore,
3565 1416 3776 1485 quadam

2195 1514 2571 1583 prmstuntiure
2594 1512 2811 1581 specula
2843 1512 3183 1573 sublimatus,
3216 1511 3428 1563 caeteris
3451 1508 3776 1579 pra-sideret.

2197 1604 2332 1659 llinc
2359 1614 2413 1659 et
2446 1606 2735 1673 Apostolus
2762 1602 2945 1670 (liam.
2977 1603 3090 1670 vni)
3112 1617 3126 1654 :
3149 1600 3277 1667 Vos,
3309 1601 3512 1669 inquit,
3549 1601 3603 1653 in
3635 1615 3774 1655 carm

2197 1711 2304 1751 non
2347 1697 2498 1761 estis,
2528 1696 2621 1749 sed
2650 1696 2701 1749 in
2726 1695 2941 1762 spiritu.
2975 1692 3044 1747 Et
3092 1695 3259 1757 venit,
3298 1702 3345 1747 et
3374 1692 3580 1759 accepit
3613 1693 3776 1744 librant

2200 1790 2263 1843 de
2298 1789 2480 1841 dextra
2516 1784 2611 1840 Dei
2653 1786 2875 1840 sedentis
2908 1787 2961 1839 in
3005 1788 3211 1838 throno.
3238 1782 3461 1838 Librum
3494 1783 3568 1837 de
3611 1782 3778 1837 dextra

510 1885 607 1941 per
650 1874 842 1926 Useam
877 1872 1025 1941 (Ose.
1060 1880 1177 1939 xm)
1214 1890 1225 1925 :
1254 1873 1361 1927 Ero
1390 1890 1535 1929 mors
1564 1883 1682 1939 tua,
1711 1889 1745 1928 ο
1776 1890 1948 1940 mors,
1999 1889 2094 1927 ero
2127 1870 2175 1931 Β
2206 1880 2320 1945 Dei,
2345 1879 2514 1946 ipsam
2539 1878 2995 1947 dispensntionem
3023 1892 3050 1928 a
3082 1876 3241 1931 Patre.
3268 1886 3322 1929 et
3343 1890 3373 1927 a
3408 1877 3600 1942 seipso
3624 1875 3781 1942 dispo-

510 1979 723 2018 morsus
747 1976 886 2031 tuus,
920 1965 1147 2021 inferne.
1175 1967 1237 2020 Et
1262 1967 1422 2020 Isaias
1447 1966 1581 2037 (Isa.
1627 1968 1742 2037 x1):
1776 1968 1913 2022 Ecce
1946 1967 2098 2021 radix

508 2059 663 2116 Jesse
692 2059 944 2115 ascendet
976 2063 1026 2114 in
1070 2060 1295 2115 salu=em
1329 2062 1681 2129 populorum;
1712 2061 1887 2130 ipsum
1912 2071 2100 2130 gentes

504 2152 974 2220 deprecabuntur,
1036 2164 1090 2208 et
1133 2156 1235 2209 erit
1275 2157 1578 2222 sepulcrum
1620 2154 1739 2224 ejus
1781 2156 2099 2225 gloriosum.

510 2240 641 2296 Nam
655 2251 709 2298 et
731 2244 1123 2311 particulariter
1143 2246 1370 2315 quisque
1393 2246 1651 2311 ﬁdelium,
1676 2263 1795 2301 cum
1814 2262 1906 2300 sua
1922 2247 2103 2303 studet

512 2332 642 2389 ﬁere
670 2346 907 2404 peccata,
936 2346 989 2389 et
1013 2337 1294 2405 promissa:
1325 2336 1711 2406 redemptionis
1739 2340 1981 2391 meminit
2011 2352 2105 2405 per

512 2427 940 2483 consolationem
974 2429 1404 2498 Scripturarum,
1430 2441 1645 2485 aeternae
1686 2432 1879 2486 salutis
1907 2431 2100 2503 [Supp.

516 2518 695 2591 Spem]
713 2519 911 2573 habere
933 2520 1297 2589 cognoscitur,
1324 2524 1391 2577 ab
1415 2539 1523 2579 uno
1544 2524 1816 2580 seniorum
1842 2526 2028 2590 simili,
2050 2534 2109 2581 ut

515 2611 588 2666 ita
611 2612 807 2677 dicam,
830 2627 1093 2681 responso
1116 2614 1378 2671 tinuatur.
1396 2616 1685 2688 Pr0pterea
1709 2628 1887 2674 autem
1914 2628 2109 2690 praete-

517 2718 639 2759 cum
671 2713 727 2759 et
756 2704 933 2759 futura
965 2706 1295 2775 promiserit,
1339 2710 1463 2778 quia
1492 2710 1763 2765 subtiliter
1793 2710 2024 2780 Spiritus
2053 2710 2107 2765 in

519 2798 621 2854 rita
648 2799 1027 2867 relert,praetei
1044 2799 1129 2853 itis
1155 2799 1330 2855 futura
1347 2801 1682 2856 demonstrat
1714 2802 1889 2871 (Rom.
1912 2804 2023 2873 xv).
2042 2800 2109 2854 Et

518 2890 697 2958 vidi,et
710 2907 822 2945 ecce
832 2894 884 2945 in
898 2894 1065 2947 medio
1083 2892 1253 2947 throni
1267 2904 1313 2947 et
1327 2904 1545 2963 quatuor
1559 2897 1859 2949 animalium
1872 2906 1917 2949 et
1936 2896 1989 2949 in
2008 2911 2112 2950 me-

518 2982 603 3034 dio
634 2983 1083 3049 seniorum,Quod
1112 2995 1197 3039 est
1224 2985 1472 3051 thronus,
1504 2990 1605 3041 hoc
1636 2987 2029 3053 animalia,hoc
2058 2995 2114 3042 et

519 3076 782 3139 seniores,
803 3076 852 3128 id
873 3084 975 3140 est,
995 3077 1254 3131 Ecclesia.
1282 3078 1336 3131 In
1364 3077 1542 3133 medio
1563 3079 1706 3133 enim
1737 3070 1975 3135 Ecclesia
2006 3088 2109 3146 est,

520 3167 661 3236 quod
700 3170 941 3237 sequitur
969 3179 1024 3224 et
1051 3171 1340 3237 describit,
1372 3172 1559 3227 dicens
1601 3190 1616 3230 ε
1652 3175 1853 3244 Agnum
1894 3182 2109 3227 stantem

519 3262 672 3328 quasi
701 3262 945 3314 occisum.
971 3261 1197 3329 Quoties
1220 3264 1361 3318 enim
1395 3264 1607 3319 occisus
1629 3262 1878 3319 Christus
1906 3265 1957 3318 in
1989 3279 2113 3317 me-

520 3356 610 3410 dio
627 3354 879 3409 Ecclesia:
904 3355 1245 3425 pra-dicatur,
1268 3358 1426 3411 toties
1441 3356 1581 3411 idem
1599 3359 1781 3428 Agnus
1811 3372 1909 3427 pro
1927 3355 2111 3411 mundi

520 3444 753 3500 crimine
779 3446 933 3515 quasi
967 3447 1233 3501 immolari
1266 3448 1501 3503 videtur.
1526 3449 1659 3515 Qua:
1682 3449 1903 3504 rudibus
1934 3452 2111 3519 ignota

522 3540 849 3611 panduntur,
890 3549 946 3597 et
985 3540 1178 3595 Filium
1212 3539 1303 3614 [F.
1335 3540 1599 3613 ﬁdelium]
1631 3543 1888 3597 memoria
1917 3542 2113 3597 devoto

520 3634 730 3688 culture
759 3634 1033 3703 sculpetur
1052 3650 1066 3699 ;
1088 3648 1211 3688 nam
1242 3634 1403 3688 etiam
1423 3632 1637 3703 quando
1670 3633 1929 3696 Ecclesia,
1948 3646 2111 3702 quam

522 3727 770 3783 Christus
813 3729 1015 3792 induit,
1046 3730 1278 3798 seipsam
1310 3728 1601 3783 mortiﬁcat
1626 3728 1847 3794 mundo,
1873 3738 1931 3782 ut
1971 3727 2116 3783 vivat

524 3819 657 3887 Deo,
676 3825 855 3888 Agnus
877 3820 1077 3875 dicitur
1103 3823 1365 3875 immolari
1391 3830 1643 3892 tanquam
1670 3837 1765 3890 pro
1780 3837 2008 3892 corpore
2026 3836 2115 3877 ca-

522 3918 637 3983 put.
656 3912 900 3981 Denique
927 3914 1191 3980 sequitur,
1214 3912 1495 3967 Habentem
1517 3930 1711 3968 cornua
1733 3923 1980 3985 septemet
1997 3931 2118 3971 ocu-

526 4007 603 4061 los
625 4015 834 4077 septem,
852 4006 940 4075 qui
966 4017 1083 4060 sunt
1111 4015 1302 4078 septem
1317 4007 1527 4079 spiritus
1544 4006 1641 4061 Dei
1665 4009 1807 4062 missi
1832 4025 1923 4079 per
1946 4011 2118 4065 orbem

527 4105 797 4153 terrarum.
822 4097 1114 4155 lliversitas
1147 4099 1529 4155 vocabulorum
1580 4117 1740 4155 unum
1766 4104 1991 4172 proferri
2021 4104 2118 4158 do-

529 4196 639 4251 cuit
670 4197 1026 4263 intellectum,
1051 4197 1305 4261 cornibus
1328 4198 1635 4267 signiﬁcans
1665 4200 2116 4255 excellentissima

523 4290 693 4345 sancti
737 4291 966 4361 Spiritus
1012 4307 1269 4359 munera,
1324 4292 1517 4360 quibus
1562 4307 1658 4361 per
1694 4293 1880 4346 orbem
1923 4292 1975 4345 in
2020 4306 2114 4346 sua

525 4380 769 4437 Christus
815 4391 1005 4452 regnat
1033 4382 1292 4438 Ecclesia.
1326 4381 1604 4452 Sequitur,
1652 4382 1755 4447 Qui
1788 4394 1904 4437 sunt
1928 4392 2119 4453 septem

525 4476 736 4545 spiritus
776 4475 892 4531 Dei.
934 4477 1051 4530 Non
1082 4489 1163 4531 est
1193 4476 1336 4532 enim
1377 4494 1496 4547 qua:
1544 4491 1640 4547 per
1666 4492 1881 4531 omnem
1917 4486 2116 4532 terram

522 4566 667 4635 juste
716 4570 960 4623 eminens
994 4570 1357 4640 principetur,
1400 4587 1628 4641 quaeque
1668 4570 1901 4641 Spiritus
1943 4571 2117 4627 sancti

530 4671 756 4711 munere
805 4658 1022 4712 dilatata
1064 4662 1368 4727 specialiter
1394 4662 1680 4730 glorietur,
1730 4663 1837 4717 nisi
1879 4662 2117 4717 Ecclesia

529 4744 751 4803 Christi.
808 4748 1025 4819 Septem
1069 4766 1200 4806 sane
1245 4769 1341 4819 pro
1392 4754 1647 4809 universo
1698 4756 1865 4824 poni,
1915 4757 2115 4813 dictum

530 4840 895 4898 meminimus.
933 4840 1133 4898 Verum
1170 4844 1291 4912 quia
1341 4860 1539 4899 cornua
1588 4862 1753 4915 super
1782 4860 1940 4915 caput
1971 4858 2117 4918 sunt,

526 4943 677 4989 recte
713 4935 968 4990 exaltatio
1011 4936 1297 5006 singularis
1340 4938 1598 4994 Ecclesiae
1634 4954 1801 5008 super
1839 4940 2116 4999 Christum

528 5026 842 5081 collocatur.
871 5027 1098 5098 Pr0pter
1119 5031 1284 5099 quod,
1310 5031 1485 5098 Super
1509 5033 1667 5099 hanc,
1696 5034 1884 5105 inquit,
1909 5046 2115 5103 petram

528 5118 807 5174 aediﬁcabo
834 5120 1128 5176 Ecclesiam
1155 5140 1327 5178 meam
1348 5123 1563 5193 (Matth.
1591 5129 1725 5197 xvr),
1747 5143 1810 5184 ac
1823 5129 1867 5183 si
1893 5129 2115 5199 diceret,

529 5212 703 5281 Super
757 5231 841 5270 me
890 5217 1167 5274 :rdiﬁcabo
1219 5228 1271 5274 te
1310 5221 1468 5291 (Sap.
1520 5223 1583 5291 ι).
1644 5224 1877 5293 Spiritus
1940 5236 2118 5282 autem

538 5303 747 5360 Domini
775 5309 1003 5377 replevit
1033 5312 1217 5366 orbem
1244 5322 1505 5367 terrarum
1532 5313 1709 5387 (Psal.
1744 5316 2118 5386 ωικιν).ςριιοι1

526 5405 587 5451 ιιι
618 5399 796 5467 fieret,
822 5402 1115 5457 confractis
1160 5406 1417 5459 cornibus
1462 5417 1804 5477 peccatorum
1832 5452 1847 5477 ,
1894 5410 2118 5467 exaltari

531 5489 782 5547 dicuntur
803 5509 999 5549 cornua
1024 5496 1176 5567 justi.
1209 5498 1285 5552 De
1313 5515 1421 5569 quo
1449 5501 1611 5555 Isaias
1636 5504 1956 5570 praedixerat
1979 5500 2115 5571 (Isa.

529 5586 676 5652 xxiv)
700 5602 711 5637 :
730 5584 808 5638 Ex
830 5585 1025 5640 ﬁnibus
1045 5598 1199 5642 terrzc
1217 5589 1400 5644 laudes
1419 5592 1720 5646 audivimus
1737 5593 2117 5649 annuntiantes

530 5671 754 5742 gloriam
789 5677 938 5745 justi.
967 5680 1184 5750 Septem
1214 5697 1343 5752 ergo
1377 5690 1597 5737 cornna‘
1624 5685 1820 5739 habere
1860 5694 2113 5755 tanquam

530 5778 747 5822 omnem
773 5770 1031 5826 mundum
1061 5772 1379 5844 intelligitur
1404 5776 1700 5847 possidere,
1730 5778 1782 5831 in
1815 5792 1922 5849 quo
1951 5780 2118 5849 septi-

524 5853 719 5948 fortnis
754 5862 944 5932 gratiae
982 5864 1217 5938 Spiritus
1264 5867 1614 5941 principatur,
1651 5879 1873 5945 propter
1902 5886 2114 5931 memo-

2203 1971 2360 2025 sitam
2391 1969 2666 2036 accepisse
2700 1967 2872 2021 Filius
2904 1967 3137 2021 hominis
3165 1967 3382 2030 dicitur,
3414 1966 3547 2035 quia
3582 1973 3778 2033 uterque

2202 2076 2323 2115 cum
2372 2061 2563 2129 spiritu
2610 2073 2709 2113 suo
2750 2060 2803 2112 in
2845 2058 3039 2112 throno
3082 2057 3305 2111 habitat.
3362 2056 3662 2111 Dexteram
3710 2054 3779 2110 his

2204 2151 2367 2207 etiam
2402 2166 2500 2221 pro
2528 2149 2786 2204 felicitate
2810 2150 3052 2203 victoria:
3094 2147 3353 2203 debemus
3381 2147 3672 2214 accipere,
3701 2161 3779 2200 nec

2203 2246 2497 2301 carnaliter
2547 2244 2772 2314 intelligi
2816 2243 3023 2310 debet,
3069 2252 3322 2313 tanquam
3372 2242 3445 2295 de
3475 2241 3585 2295 alia
3635 2240 3778 2295 Patris

2206 2337 2437 2393 dextera
2479 2337 2674 2391 librum
2722 2336 2935 2391 dicatur
2975 2336 3265 2403 accipere,
3303 2349 3429 2389 cum
3462 2335 3610 2389 idem
3641 2333 3778 2388 Filias

2206 2430 2417 2493 Patris,
2451 2430 2700 2499 idemque
2732 2429 2848 2499 ipse
2887 2429 2957 2483 sit
2990 2428 3234 2483 dextera.
3271 2427 3377 2484 Sed
3423 2440 3551 2481 cum
3594 2440 3780 2495 semper

2209 2525 2374 2580 vincit
2406 2528 2459 2582 in
2493 2527 2627 2593 suis,
2655 2524 2744 2596 qui
2775 2525 2904 2580 dicit
2931 2522 3111 2593 (Joan.
3143 2525 3253 2591 xvi)
3299 2540 3313 2578 :
3344 2521 3633 2586 Gaudete,
3670 2520 3772 2591 quia

2208 2632 2309 2689 ego
2354 2619 2454 2673 vici
2504 2619 2804 2683 salculum,
2854 2630 3114 2685 suamque
3169 2615 3470 2670 Ecclesiam
3519 2614 3780 2667 victrice

2210 2710 2334 2767 fecit
2362 2710 2618 2775 existere,
2642 2711 2709 2766 de
2736 2712 2849 2777 ipsa
2873 2711 3179 2766 declaratur
3203 2709 3399 2763 librum
3429 2708 3695 2779 accipere.
3724 2704 3783 2759 Et

2211 2820 2325 2857 cum
2364 2804 2660 2873 accepisset
2712 2802 2929 2869 librum,
2989 2812 3209 2873 quatuor
3244 2802 3490 2855 animalia
3538 2809 3586 2853 et
3626 2798 3789 2871 uiginti

2211 2907 2431 2963 quatuor
2461 2899 2687 2951 seniores
2730 2903 3135 2965 prostraverunt
3164 2908 3224 2949 se
3258 2902 3382 2948 ante
3409 2896 3645 2962 Agoum,
3696 2891 3792 2943 hs—

2215 2990 2385 3045 bentes
2412 2992 2603 3062 singuli
2630 3004 2829 3044 aureas
2853 2987 3073 3041 citharas
3105 2997 3153 3041 et
3184 2985 3380 3056 phialas
3400 3001 3577 3037 aureas
3603 2984 3789 3050 plenas

2215 3085 2584 3139 odoramentis
2634 3083 3129 3153 supplicationum,
3185 3096 3301 3147 qua
3353 3088 3465 3134 sunt
3535 3081 3793 3133 orationes

2214 3187 2533 3233 sanctorum.
2566 3178 2835 3233 Animalia
2862 3186 2917 3234 et
2939 3177 3205 3241 seniores,
3230 3175 3279 3229 id
3304 3184 3386 3231 est
3412 3173 3593 3229 omnis
3620 3173 3791 3229 Eccle-

2217 3270 2329 3337 sia,
2356 3270 2499 3325 cadit
2531 3282 2657 3327 ante
2678 3272 2912 3343 Agnum,
2940 3287 3046 3326 non
3079 3271 3197 3327 sine
3236 3278 3579 3337 peractorum
3619 3284 3789 3324 narra-

2216 3364 2361 3419 tione
2388 3364 2665 3419 virtutum.
2694 3364 2818 3419 Ideo
2841 3364 3100 3419 habentes
3127 3363 3318 3432 singuli
3349 3376 3547 3417 aureas
3575 3361 3789 3416 citharas

2217 3465 2271 3513 et
2294 3455 2498 3526 phialas
2520 3471 2715 3512 aureas
2734 3458 2977 3523 citharis,
3002 3458 3054 3512 in
3077 3457 3270 3527 quibus
3292 3455 3438 3526 ligno
3460 3455 3786 3517 imminentes

2217 3549 2433 3604 chorda:
2464 3549 2794 3616 tenduntur,
2848 3548 3042 3604 Christi
3092 3548 3270 3618 passio
3308 3547 3604 3619 ﬁguratur,
3652 3561 3787 3617 quam

2219 3655 2316 3711 pro
2338 3639 2557 3696 Chrisw
2590 3641 2831 3696 Ecclesia
2854 3640 3054 3710 jugiter
3083 3642 3339 3704 imitatur,
3372 3651 3434 3695 ut
3469 3639 3629 3711 juxta
3665 3642 3788 3708 Apo-

2218 3736 2413 3792 stolum
2459 3737 2749 3806 adimpleat
2790 3752 2851 3793 ea
2883 3753 3002 3808 quae
3033 3737 3226 3794 desunt
3258 3737 3577 3807 passionum
3619 3733 3789 3790 Christi

2220 3829 2273 3883 in
2313 3844 2475 3885 carne
2525 3844 2621 3885 sua
2673 3829 2891 3901 (Coloss.
2940 3830 3002 3901 ι).
3047 3829 3280 3896 Phialis,
3326 3839 3549 3899 accepta
3590 3828 3697 3883 Deo
3724 3827 3791 3898 pia

2220 3918 2517 3987 confessio,
2545 3919 2633 3975 ubi
2658 3936 2763 3975 non
2790 3920 2989 3990 duplici
3020 3937 3287 3992 quoquam
3315 3920 3487 3976 corde
3527 3919 3793 3983 clauditur,

2221 4012 2315 4067 sed
2361 4012 2553 4067 effectu
2601 4013 2781 4082 patulo
2828 4023 3121 4069 reseratur.
3170 4014 3297 4069 llaec
3329 4023 3459 4069 sunt
3491 4015 3657 4069 etiam
3692 4025 3794 4065 rasa

2221 4117 2383 4158 aurea
2436 4106 2486 4158 in
2542 4103 2703 4159 domo
2754 4118 2942 4174 magna
2982 4102 3066 4177 (ll
3125 4103 3258 4160 Tim.
3314 4104 3409 4174 ιι),
3465 4104 3594 4159 boni
3639 4102 3799 4159 odoris

2221 4194 2428 4249 Christi
2457 4197 2726 4249 suavitate
2752 4193 3067 4265 fragrantia.
3095 4194 3378 4250 Orationes
3407 4211 3572 4265 porro
3593 4205 3799 4249 salicto-

2222 4302 2340 4342 rum
2384 4286 2675 4355 gratiarum
2727 4287 2966 4342 actiones
3004 4296 3131 4342 sunt
3186 4287 3669 4356 congratulantium
3705 4298 3801 4353 pro

2223 4376 2406 4431 mundi
2439 4374 2640 4445 salute,
2672 4385 2727 4432 et
2748 4376 3292 4448 intercessiones-pro
3323 4378 3673 4447 parvulorum
3698 4386 3805 4431 sta-

2223 4474 2452 4529 bilitate.
2478 4473 2744 4539 Christus,
2769 4474 2961 4543 inquit,
2993 4490 3089 4543 pro
3112 4474 3262 4529 nobis
3284 4488 3483 4545 passus
3504 4482 3615 4539 est,
3651 4472 3807 4527 relin-

2224 4584 2395 4637 quens
2417 4567 2571 4622 nobis
2600 4568 2901 4638 exemplum
2931 4578 2989 4623 ut
3028 4584 3319 4637 sequamur
3344 4568 3570 4639 vestigia
3607 4568 3731 4636 ejus
3757 4563 3810 4635 (l

2144 4641 2195 4703 Ῐ)
2222 4660 2437 4734 Petit).
2465 4663 2689 4729 Quando
2717 4663 2876 4732 igitur
2899 4664 2987 4731 qui
3020 4675 3143 4718 sunt
3172 4663 3637 4727 Cbristi,carnem
3673 4676 3815 4717 suam

2222 4754 2543 4821 crurillgunt
2570 4769 2690 4808 cum
2732 4754 2875 4809 vitiis
2914 4764 2969 4810 et
2997 4755 3443 4824 concupiscentiis
3485 4751 3705 4824 (Ca/at.
3746 4752 3816 4822 v),

2223 4856 2473 4915 tanquam
2497 4846 2718 4901 citharis
2742 4849 3033 4903 concinunt
3054 4847 3291 4914 Christo,
3317 4856 3377 4902 ut
3398 4846 3541 4916 quod
3569 4848 3707 4916 ipse
3736 4858 3822 4917 pro

2222 4940 2337 5004 eis,
2381 4938 2459 4993 illi
2495 4954 2591 5009 pro
2633 4939 2751 5010 ipso
2789 4940 3111 5009 aspicientes
3157 4940 3209 4994 in
3258 4948 3539 4995 auctorem
3586 4939 3726 4994 ﬁdei
3777 4946 3823 4992 et

2224 5044 2715 5089 consummatorem
2763 5033 2947 5089 Jesum
2978 5032 3139 5104 (Heb.
3170 5032 3268 5102 sn)
3300 5034 3431 5102 :qui
3469 5046 3598 5086 cum
3635 5047 3702 5087 se
3727 5030 3825 5085 illis

2222 5136 2429 5196 septem
2454 5126 2751 5197 insignibus
2769 5126 2936 5181 titulis
2952 5126 3193 5181 revelare
3208 5125 3377 5181 voluit
3392 5125 3826 5194 agnoscendum,

2222 5232 2430 5275 secreta
2458 5222 2712 5290 probatur
2741 5230 2946 5290 septem
2971 5219 3244 5290 peregisse
3271 5220 3574 5290 signorum,
3605 5234 3747 5273 cum
3778 5230 3833 5272 se

2224 5322 2549 5367 coaeternum
2582 5312 2726 5367 Patri
2774 5314 2939 5369 Deum
2974 5314 3175 5378 docuit,
3206 5312 3294 5382 qui
3331 5320 3487 5366 natus
3516 5312 3584 5366 de
3617 5313 3835 5381 virgine

2224 5405 2496 5460 hominem
2545 5407 2745 5477 gessit,
2772 5421 2963 5475 passus
2994 5408 3151 5461 etiam
3180 5407 3496 5469 resurrexit,
3530 5406 3583 5458 in
3622 5408 3835 5461 caelum

2222 5498 2486 5562 ascendit,
2516 5498 2717 5566 Spiritu
2751 5508 2935 5553 sancto
2966 5498 3130 5553 miss»
3152 5538 3169 5565 ,
3220 5496 3521 5551 Ecclesiam
3557 5499 3739 5552 etiam
3770 5511 3837 5552 ex

2222 5594 2470 5663 gentibus
2498 5594 2805 5663 acquisivit,
2825 5609 2990 5663 seque
3013 5593 3245 5647 futurum
3264 5591 3502 5661 judicent
3524 5590 3837 5645 nuntiavit.

2225 5688 2359 5753 Quid
2377 5689 2608 5757 denique
2624 5689 2825 5743 Juilmis
2852 5692 3009 5745 Isaias
3022 5691 3163 5745 dicat
3179 5733 3193 5756 ,
3214 5690 3653 5761 audiamnsUsa.
3677 5706 3835 5754 xxix,

2214 5780 2370 5851 juxta
2399 5780 2573 5851 LXX)
2602 5799 2614 5835 :
2646 5782 2821 5837 Erunt
2847 5782 2998 5837 vobis
3028 5784 3188 5839 verba
3210 5784 3387 5837 omnia
3418 5783 3536 5838 hazc
3559 5792 3841 5854 tauquam

2224 5873 2391 5931 verba
2410 5872 2535 5931 libri
2561 5873 2777 5947 signati.
2808 5874 2908 5935 Ubi
2933 5875 3232 5935 litterarum
3258 5875 3494 5951 peritum
3519 5874 3755 5948 pariter
3782 5879 3844 5939 et

2138 3251 2184 3314 C
