3968 6354
74 298 205 357 855
1143 306 1591 369 COMMENTAR.
1624 305 1692 365 IN
1731 304 1860 367 LIB.
1903 310 2289 372 APOCALYP.
2330 315 2396 375 11.
3284 331 3388 392 εδδ

68 419 385 491 ignarum,
413 420 651 479 scientia
695 422 825 480 dicit
859 422 1032 482 fructu
1060 424 1331 496 fraudari,
1357 444 1478 484 cum
1508 427 1683 484 et'ille
1712 421 1769 485 Δ
1792 442 1903 481 nem
1933 438 2220 486 creaturam
2249 449 2366 504 qua:
2392 443 2465 489 est
2493 432 2549 490 in
2576 434 2737 507 ctelis,
2763 438 2811 494 'et
2834 438 2887 496 in
2918 445 3093 513 terra,
3124 452 3175 500 et
3195 445 3386 507 subtus

68 513 272 583 signis
302 513 620 582 prohibetur
650 517 899 571 interiora
935 526 1218 587 penetrare
1242 529 1472 585 secreta,
1506 527 1561 574 et
1602 520 1689 576 ille
1793 527 2010 588 terram,
2055 534 2103 578 et
2135 526 2187 578 in
2232 528 2382 591 mari,
2406 536 2453 582 et
2487 545 2817 598 qua-cunque
2838 542 2964 587 sunt
3002 534 3055 589 in
3097 536 3196 592 eis.
3236 536 3385 597 Licet

68 606 435 676 pra-peditur
465 608 783 677 ignorantia.
832 611 978 667 llanc
1015 614 1253 668 scientiae
1295 614 1501 667 clavem
1546 614 1691 681 prin—
1791 614 2021 684 istajure
2039 619 2196 685 capiti
2220 631 2405 674 nostro
2426 626 2990 693 compet.untCltristo,
3010 638 3181 695 potest
3205 608 3380 688 tamen

69 698 250 768 cipes
278 698 589 755 Judaaorum
617 700 877 759 Dominus
899 706 1142 776 increpat
1165 705 1475 770 abstulisse,
1508 706 1692 762 dicens
1792 713 1847 761 et
1873 707 1941 762 de
1967 708 2084 777 ejus
2120 710 2356 767 Ecclesia
2402 729 2509 768 non
2541 715 2981 774 iuconvenieuter
3021 720 3265 791 intelligi,
3310 725 3384 781 ita

70 788 324 859 (Matth.
354 791 542 861 xxnt):
569 792 658 848 γω
687 796 858 863 vobis,
886 798 1016 867 legis
1042 798 1312 865 doctores,
1344 800 1435 867 qui
1464 798 1689 854 abstuli-
1791 797 2073 863 duntaxat,
2098 812 2285 873 utquze
2310 806 2411 860 soli
2432 811 2930 876 competantcapiti,
2953 788 3377 880 quaedam-etiam

68 882 191 941 stis
213 882 430 938 clavem
446 884 705 953 scientia,
732 887 833 956 ipsi
851 903 959 944 non
980 890 1257 951 introistis.
1282 899 1336 945 et
1356 890 1692 946 introeuntes
1791 894 2000 959 corpori
2037 892 2257 965 (Coloss.
2288 900 2369 967 ιι).
2400 897 2600 969 Dignus
2631 909 2705 954 est
2741 901 2914 972 Agnus
2944 906 3031 973 qui
3066 922 3264 962 occsus
3306 918 3385 965 est

68 988 202 1031 non
236 975 419 1031 sinitis
467 977 687 1034 intrare.
731 979 996 1049 Negantes
1025 982 1170 1038 enim
1199 982 1489 1047 Christum,
1539 980 1691 1051 cujus
1792 985 2022 1054 accipere
2078 998 2394 1056 potestatem
2424 1001 2470 1044 et
2507 992 2751 1060 divitias,
2796 1005 2901 1052 etc.
2946 997 3065 1065 Ipse
3109 1010 3193 1056 est
3238 1003 3382 1059 enim

70 1066 369 1123 adventus
419 1083 554 1137 opus
594 1081 676 1125 est
725 1073 1147 1141 prophetarum,
1192 1075 1403 1129 clavem
1453 1074 1691 1129 scientiae
1794 1076 2080 1133 thesaurus
2110 1079 2374 1135 bonorum
2398 1084 2637 1139 omnium
2668 1096 2721 1141 et
2748 1089 3011 1157 sapientia
3054 1092 3171 1147 Dei.
3206 1093 3383 1163 Ipsum

70 1156 439 1217 auferebam.
470 1160 837 1231 Cognitionem
861 1166 1055 1235 quippe
1085 1165 1237 1235 legis.
1268 1181 1389 1236 qum
1417 1165 1691 1222 Christum
1793 1185 2024 1239 namque
2066 1172 2275 1226 cunctis
2321 1173 2446 1229 facit
2506 1178 2755 1245 gentibus
2814 1156 3130 1248 dominari,
3198 1156 3385 1242 dicens

74 1252 371 1315 continet,
410 1250 545 1308 fides
574 1264 764 1325 negata
792 1257 1090 1324 praecludit.
1120 1257 1187 1311 Et
1207 1267 1485 1313 cantantes
1504 1275 1690 1313 novum
1795 1262 1969 1337 (Psal.
2004 1264 2111 1334 us)
2139 1282 2155 1322 :
2182 1266 2308 1321 Mihi
2334 1269 2646 1339 alienigenae
2674 1272 2870 1327 subditi
2900 1285 3057 1340 sunt;
3089 1287 3164 1341 et,
3192 1279 3382 1337 Omnia

76 1345 382 1400 canticum.
414 1342 659 1403 Consona
685 1350 961 1422 utriusque
991 1351 1322 1406 TeStamenti
1346 1352 1572 1407 veritate
1594 1367 1694 1408 no.
1793 1355 2070 1426 subjecisn
2101 1359 2201 1411 sub
2229 1359 2450 1427 pedibus
2473 1364 2590 1429 ejus
2618 1363 2793 1434 (Psal.
2819 1366 2957 1436 vin);
2993 1378 3069 1436 et,
3096 1370 3217 1426 'l‘ibi
3240 1372 3382 1429 dabo

80 1450 221 1494 vum
277 1439 526 1497 Christus
581 1444 847 1498 canticum
900 1443 1113 1507 reddit,
1177 1443 1392 1512 quando
1446 1444 1586 1498 idem
1639 1445 1692 1499 in

84 1532 378 1605 principio
400 1549 722 1605 permanens
746 1534 985 1599 verbum.
1013 1549 1152 1589 novo
1174 1543 1293 1588 ortu
1317 1550 1411 1605 per
1431 1534 1690 1603 virginem

79 1624 339 1695 genitus,
360 1640 499 1682 novo
521 1640 672 1681 more
693 1625 911 1681 indutus
937 1625 1207 1681 hominem
1242 1627 1401 1693 Deus,
1428 1635 1693 1697 potestate

82 1717 317 1785 propria
363 1716 733 1773 occidentibus
774 1717 1001 1772 traditus
1030 1758 1045 1783 ,
1094 1733 1125 1772 a
1164 1728 1337 1774 morte
1377 1717 1694 1774 mirabiliter

1796 1448 1974 1504 claves
2004 1451 2154 1520 regni
2178 1452 2435 1507 caelorum
2462 1452 2679 1517 (Matth.
2708 1458 2838 1523 xvi).
2876 1456 2941 1511 Et
2970 1457 3165 1515 deinde
3188 1463 3384 1517 transit

1794 1540 1863 1595 ad
1906 1550 2089 1611 caput,
2121 1543 2306 1598 dicens
2338 1562 2351 1597 :
2390 1544 2455 1598 Et
2505 1562 2704 1600 omnem
2741 1558 3033 1603 creaturam
3071 1568 3184 1622 qua:
3228 1564 3299 1608 est
3330 1556 3386 1610 in

1795 1636 1933 1689 caelis
1963 1646 2018 1690 et
2039 1636 2091 1690 in
2122 1645 2261 1691 terra
2286 1646 2332 1690 et
2352 1638 2541 1694 subtus
2572 1649 2794 1709 terram,
2821 1651 2869 1696 et
2899 1643 2953 1699 in
2984 1646 3137 1710 mari,
3162 1653 3211 1699 et
3240 1663 3386 1717 quae-

1794 1741 2005 1798 cunque
2045 1737 2171 1784 sunt
2217 1731 2268 1783 in
2302 1731 2403 1785 eis.
2453 1730 2566 1785 Nec
2606 1733 2709 1787 hoc
2735 1733 2927 1789 durum
2974 1737 3079 1802 sit,
3109 1739 3383 1807 accepisse

80 1812 413 1876 suscitatus,
434 1825 599 1878 super
615 1809 782 1865 caelos
804 1809 1016 1879 quando
1039 1810 1208 1865 voluit
1228 1811 1494 1878 elevatus,
1519 1812 1688 1866 misso
1717 1807 1768 1869 Β
1794 1818 2087 1874 Ecclesiam
2116 1836 2234 1874 cum
2266 1821 2388 1887 illo,
2440 1836 2563 1876 cum
2598 1838 2702 1893 quo
2730 1830 3056 1891 resurrexit,
3086 1828 3135 1883 si
3181 1829 3379 1886 durum

82 1898 337 1970 desuper
389 1900 589 1967 Spiritu
629 1911 816 1956 sancto
862 1910 1050 1971 gentes
1102 1903 1429 1970 acquireus,
1493 1918 1690 1958 novum

85 1992 354 2048 omnibus
400 1992 661 2049 Ecclesiae
715 1995 1035 2064 conquisitae
1084 1994 1357 2049 canticum
1405 1993 1695 2065 dereliquit

39 2067 298 2154 'jugiter
349 2083 782 2154 decantandum,
838 2101 943 2157 quo
991 2099 1181 2141 secura
1229 2094 1411 2155 posset
1448 2084 1687 2155 judicem

91 2190 322 2245 sperare
351 2186 668 2245 venturum,
709 2187 769 2233 ut
820 2177 873 2233 in
904 2179 1144 2234 novitate
1184 2177 1306 2233 vitae
1348 2177 1689 2234 ambulemus

92 2272 281 2341 (Rom.
311 2274 407 2342 vr),
431 2274 617 2329 dicens
641 2290 654 2327 :
680 2273 737 2330 Si
766 2275 886 2342 quis
909 2272 1026 2328 vult
1053 2286 1206 2330 meus
1229 2287 1351 2328 esse
1373 2272 1690 2341 discipulus,

90 2362 329 2433 abneget
355 2366 734 2433 semetipsum,
765 2374 821 2419 et
845 2364 1000 2419 tollat
1025 2378 1240 2419 crucem
1270 2378 1452 2427 suam,
1498 2372 1553 2417 et
1600 2375 1689 2417 se-

91 2465 297 2524 quatur
327 2470 413 2509 me
437 2456 589 2526 (Luc.
616 2457 714 2525 ix).
744 2455 983 2511 Dicentes
1002 2472 1021 2510 :
1046 2455 1246 2527 Dignus
1266 2471 1341 2519 es,
1372 2454 1590 2509 Domine
1605 2471 1693 2510 ac-

90 2548 267 2615 cipere
296 2546 481 2600 librmn
509 2558 556 2603 et
582 2548 788 2615 aperire
810 2548 1080 2618 signacula
1112 2552 1256 2618 ejus,
1286 2548 1530 2617 quoniam
1557 2547 1695 2602 occi-

90 2655 185 2694 sus
213 2655 287 2700 es.
321 2648 367 2693 et
412 2640 671 2695 redemisti
703 2657 798 2695 nos
824 2640 936 2695 Deo
966 2641 1019 2695 in
1050 2642 1302 2713 sanguine
1328 2651 1439 2707 tuo,
1462 2656 1525 2695 ea:
1554 2640 1693 2694 omni

93 2733 234 2788 tribu
247 2742 293 2787 et
316 2734 515 2804 lingua,
534 2745 579 2788 et
599 2737 790 2804 papula
814 2747 859 2789 et
879 2737 1102 2803 natione,
1121 2748 1166 2790 et
1188 2735 1352 2805 fecisti
1375 2750 1464 2788 nos
1481 2749 1694 2804 regnum

92 2824 211 2879 Deo
242 2835 419 2880 nostra
445 2837 493 2880 et
520 2828 827 2891 sacerdotes,
859 2838 906 2882 et
935 2827 1274 2897 regnavimus
1305 2843 1455 2897 super
1483 2836 1691 2879 terram.

95 2918 251 2974 lllaut
287 2921 456 2988 ipsam
487 2920 684 2975 Christi
715 2924 1167 2987 diSpensationem
1227 2923 1471 2976 laudibus
1504 2938 1694 2989 prose-

96 3021 358 3081 quuntur,
396 3012 517 3069 libri
542 3015 760 3069 nomine
780 3015 1133 3083 designatum,
1154 3032 1311 3085 quam
1334 3017 1433 3071 soli
1458 3016 1693 3072 fatentur

96 3100 319 3158 Christo
345 3116 671 3177 competere.
698 3105 796 3161 ilic
817 3108 1049 3176 amplius
1074 3108 1414 3162 declarantur
1436 3109 1688 3163 animalia

98 3203 162 3251 et
188 3197 428 3251 seniores
453 3198 691 3253 Ecclesia
719 3214 861 3264 esse,
894 3214 1014 3253 cum
1040 3199 1224 3255 dicunt
1251 3218 1262 3252 :
1293 3201 1568 3255 Redemisti
1597 3217 1691 3255 nos
1719 3177 1767 3241 (δ

100 3288 355 3356 sanguine
379 3302 488 3344 tuo.
517 3290 701 3359 Neque
727 3292 869 3344 enim
898 3291 1001 3346 hoc
1023 3293 1121 3345 nisi
1154 3292 1407 3348 Ecclesiae
1436 3294 1692 3348 convenit

112 3377 316 3432 dicere.
359 3379 607 3435 Ostendit
634 3382 792 3435 etiam
823 3380 875 3435 in
906 3398 1012 3451 quo
1040 3383 1178 3437 caelo
1208 3385 1316 3437 sint
1346 3384 1597 3439 animalia
1642 3391 1699 3438 et

110 3470 376 3538 seniores,
406 3487 529 3527 cum
557 3475 739 3527 dicunt
769 3492 782 3527 :
817 3491 908 3529 nos
936 3474 1044 3529 Deo
1075 3486 1247 3529 nostra
1286 3494 1497 3546 regnum
1533 3487 1581 3531 rt
1614 3494 1699 3550 sa-

110 3565 361 3631 cerdotes,
389 3576 443 3619 et
467 3569 808 3635 regnavimus
828 3584 982 3638 super
1013 3579 1219 3633 terram,
1253 3577 1306 3624 et
1321 3570 1433 3638 jam
1462 3571 1506 3623 si
1537 3584 1700 3639 supe-

110 3656 314 3711 riorum
353 3658 582 3726 partium
615 3659 961 3727 intelligentia
995 3672 1343 3729 permanente
1365 3704 1380 3728 ,
1413 3662 1618 3731 aliquas
1642 3661 1698 3716 in

113 3748 251 3803 caelo
282 3764 493 3818 quoque
528 3749 838 3817 hujusmodi
879 3752 1170 3807 credantur
1198 3753 1557 3822 congratulari
1587 3753 1697 3805 vir-

114 3847 273 3907 tutes,
302 3840 534 3896 ostendit
563 3842 724 3897 etiam
778 3843 1073 3899 Ecclesium
1126 3844 1179 3899 in
1231 3842 1447 3899 Christo
1500 3836 1697 3899 librum

113 3932 374 4001 accipere,
397 3948 519 3988 cum
549 3936 809 4005 redempti
837 3951 903 3991 ex
930 3938 1075 3992 omni
1106 3939 1325 4007 populo,
1358 3946 1412 3991 et
1437 3938 1573 3992 tribu
1594 3977 1610 4002 ,
1640 3946 1699 3993 et

114 4033 289 4092 gente,
320 4033 373 4079 ct
402 4025 599 4093 lingua,
629 4042 687 4081 se
721 4036 1038 4095 potestatem
1068 4031 1343 4097 accepisse
1373 4030 1607 4085 fatentur
1637 4041 1695 4086 et

117 4126 355 4182 regnum.
383 4114 481 4180 Qui
528 4114 669 4170 enim
701 4115 940 4170 adhaeret
985 4117 1095 4172 Deo
1128 4133 1264 4172 unus
1309 4118 1533 4186 Spiritus
1581 4130 1692 4173 est.

117 4207 303 4275 Erunt,
337 4210 538 4279 inquit,
566 4209 673 4266 duo
703 4210 756 4265 in
781 4224 943 4266 carne
970 4227 1071 4266 una
1097 4210 1151 4282 (Ι
1175 4210 1296 4267 Cor.
1331 4213 1427 4284 vi).
1459 4213 1569 4283 Ego
1597 4227 1699 4267 au-

122 4307 221 4354 tem
250 4300 365 4357 dico
386 4302 439 4357 in
463 4302 679 4357 Christo
703 4314 759 4359 et
783 4306 835 4358 in
867 4303 1100 4359 Ecclesia
1125 4303 1287 4375 (Eph.
1318 4303 1393 4376 v).
1424 4306 1540 4375 Ipse
1565 4320 1696 4375 ergo

121 4391 172 4445 in
201 4406 259 4447 ea
288 4394 495 4461 accepit
521 4395 661 4460 quod
693 4394 863 4463 dedit,
894 4396 1011 4465 ipse
1034 4409 1323 4451 coronatur
1347 4412 1505 4466 quam
1535 4412 1696 4451 coro-

120 4492 228 4538 nat.
258 4483 547 4554 Propterea
576 4485 739 4540 lsaias
765 4488 839 4543 ait
878 4506 892 4544 ε
926 4488 1092 4555 Quasi
1123 4503 1377 4558 sponsum
1409 4489 1692 4545 decoravit

122 4586 207 4628 me
225 4586 438 4642 corona,
462 4582 517 4628 et
544 4577 692 4644 quasi
712 4592 963 4646 sponsam
987 4588 1229 4635 ornatam
1254 4580 1541 4636 monilibus
1557 4582 1689 4638 suis.
1720 4566 1774 4633 Ι)

123 4662 189 4716 Ει
218 4664 314 4717 uidi
333 4677 379 4721 et
400 4667 570 4722 audiui
590 4685 760 4724 vocem
782 4674 1063 4728 multorum
1074 4678 1373 4747 angelorum
1394 4679 1449 4731 in
1474 4678 1694 4733 circuitu

124 4754 286 4810 throni
310 4765 357 4809 et
396 4756 449 4811 in
490 4759 714 4816 circuitu
736 4763 1051 4820 animalium
1079 4778 1124 4821 et
1159 4769 1438 4823 seniorum.
1483 4768 1585 4835 Qui
1624 4770 1696 4825 sit

59 4864 69 4876 '
123 4847 355 4917 thronus,
382 4840 655 4919 animalia,
675 4857 940 4924 seniores,
968 4859 1018 4912 in
1050 4876 1279 4930 quorum
1306 4860 1482 4915 medio
1505 4876 1691 4918 vocem

122 4941 331 5008 audivit,
363 4942 617 4998 ostendit.
664 4944 722 5000 Si
767 4948 909 5001 enim
940 4949 1033 5004 lilii
1065 4951 1159 5005 Dei
1202 4952 1329 5006 dicti
1376 4952 1689 5022 suntjusti,

126 5049 216 5089 cur
240 5050 337 5090 non
365 5037 538 5107 angeli
562 5041 971 5108 nuncupantur?
994 5049 1277 5113 utrumque
1297 5054 1473 5100 autem
1493 5047 1687 5115 gratia,

124 5140 224 5181 non
246 5136 459 5193 natura,
492 5127 618 5184 licet
636 5128 873 5184 ctelestis
902 5146 1117 5202 quoque
1147 5134 1335 5189 militia
1367 5137 1685 5204 angelorum

125 5219 337 5287 proprias
362 5219 530 5288 possit
557 5222 705 5276 unitn
728 5221 898 5278 laudis
922 5226 1193 5293 praaconio
1215 5242 1334 5282 cum
1362 5230 1688 5287 animalibus

124 5318 175 5365 et
197 5312 518 5379 senioribus,
547 5313 616 5369 de
646 5323 793 5370 tanto
822 5316 1210 5388 redemptionis
1237 5330 1436 5376 nostra:
1466 5339 1693 5381 munere

125 5404 526 5471 congratulando
542 5406 640 5460 ista
671 5406 977 5465 concinere.
1013 5409 1079 5463 Et
1101 5422 1210 5466 erat
1237 5430 1483 5470 numerus
1510 5433 1689 5472 eorum

124 5498 276 5552 millia
311 5500 531 5557 millium
553 5543 570 5569 ,
622 5505 805 5576 utique
844 5507 1351 5581 innumerabilium,
1409 5516 1687 5573 dicentium

126 5606 234 5645 voce
263 5609 445 5665 magna
495 5612 513 5649 :
538 5593 736 5668 Dignus
766 5610 839 5655 est
870 5603 1049 5673 Agnus
1074 5606 1164 5675 qui
1188 5608 1383 5661 occisus
1408 5620 1514 5673 est,
1547 5614 1687 5665 acci-

127 5700 234 5752 pere
258 5696 565 5755 potestatem
591 5702 636 5744 et
658 5690 891 5760 divitias,
915 5706 962 5751 et
988 5698 1315 5769 sapientiam,
1344 5712 1391 5756 et
1422 5704 1687 5774 fortitudio

128 5791 251 5849 nam,
271 5786 313 5836 et
332 5779 594 5854 honorem,
618 5792 663 5871 et
676 5785 991 5862 claritatem,
1012 5791 1483 5871 “benedictionem,
1509 5808 1686 5873 stom-

1795 1920 2031 1976 nonest,
2065 1910 2267 1967 habere
2297 1912 2597 1967 membrum
2642 1914 2786 1983 quod
2839 1916 3002 1971 habet
3043 1928 3222 1987 caput.
3268 1921 3382 1977 Nec

1795 2001 1928 2057 illud
1986 2002 2238 2073 injustum
2281 2011 2460 2071 potest
2494 2004 2683 2071 videri,
2736 2006 2878 2076 quod
2925 2006 3054 2063 dicit
3087 2010 3384 2067 Ecclesiam

1795 2100 2009 2171 dignam
2040 2116 2158 2158 esse
2179 2105 2325 2159 omni
2352 2113 2627 2169 creatura,
2655 2105 2775 2174 quia
2804 2105 2906 2161 etsi
2959 2100 3380 2181 unumquodque.

1795 2196 2096 2251 membrum
2140 2197 2391 2267 religiosa
2424 2198 2725 2253 humilitate
2758 2198 2857 2255 hac
2889 2214 2949 2256 se
2980 2201 3259 2275 indignum
3290 2205 3381 2274 ju-

1794 2288 1975 2355 dicat,
2030 2297 2199 2344 totum
2232 2301 2408 2346 tamen
2436 2306 2633 2361 corpus
2673 2293 2939 2362 particeps
2977 2309 3099 2351 esse
3147 2296 3384 2355 dicimus

1792 2381 1988 2450 capitis
2016 2382 2097 2436 sui
2148 2383 2215 2437 de
2242 2397 2350 2453 quo
2387 2384 2613 2452 legimus
2655 2400 2671 2438 :
2701 2384 2889 2439 Omnia
2917 2400 3039 2441 cum
3087 2387 3181 2443 illo
3229 2390 3385 2446 nobis

1793 2470 2031 2528 donavit.
2062 2472 2322 2543 Itemque,
2354 2474 2421 2528 Et
2448 2474 2641 2529 sedere
2668 2490 2767 2530 nos
2792 2475 2918 2531 fecit
2966 2477 3019 2530 in
3043 2479 3379 2537 caelestibus.

1794 2565 2006 2631 Aliter,
2055 2577 2359 2622 creaturam
2415 2568 2659 2624 homines
2707 2569 3013 2639 significare
3065 2572 3380 2644 frequenter

1795 2659 2068 2725 novimus,
2090 2660 2227 2715 sicut
2249 2660 2540 2729 Apostolus
2565 2678 2579 2715 :
2604 2661 2735 2717 Nam
2758 2672 2811 2717 et
2835 2666 2969 2733 ipsa,
2996 2664 3189 2734 inquit,
3220 2682 3372 2722 crea-

1797 2757 1912 2811 tura
1937 2751 2251 2805 liberabitur
2275 2767 2302 2805 a
2324 2753 2583 2808 servitute
2608 2756 2971 2823 corruptionis
3004 2757 3055 2811 in
3081 2758 3381 2815 libertatem

1794 2844 1980 2913 gloriae
2013 2844 2245 2899 ﬁliorum
2277 2844 2369 2899 Dei
2403 2845 2581 2917 (Rom.
2631 2846 2774 2917 vni).
2805 2848 2867 2901 Et
2895 2847 3155 2903 Dominus
3187 2849 3384 2921 (Marc.

1796 2937 1954 3009 xw):
2002 2938 2293 2995 Praedicate
2332 2942 2678 3013 Evangelium
2732 2945 2875 2997 omni
2918 2955 3200 3001 creaturas.
3253 2946 3384 3003 Otu-

1795 3034 1881 3087 nia
1929 3034 2071 3088 enim
2107 3050 2225 3104 quae
2255 3036 2520 3090 universis
2556 3047 2866 3106 competunt
2894 3042 3192 3107 creaturis,
3234 3043 3384 3097 inve-

1798 3129 2015 3183 niuntur
2043 3130 2097 3182 in
2152 3131 2369 3185 homine
2402 3148 2415 3183 :
2449 3146 2592 3195 esse,
2623 3132 2826 3199 vivere,
2860 3134 3099 3198 moveri,
3148 3136 3387 3203 sentire,

1803 3221 2129 3291 intelligere.
2160 3221 2301 3289 Ergo
2324 3233 2377 3276 et
2408 3223 2725 3277 hicomnem
2758 3235 3057 3278 creaturam
3080 3225 3211 3281 dicit
3232 3242 3392 3283 omne

1799 3313 2089 3367 humanum
2118 3328 2289 3382 genus
2315 3353 2331 3377 ,
2382 3313 2434 3368 id
2477 3324 2561 3368 est
2604 3317 2768 3368 t0tius
2798 3316 2966 3371 orbis.
3001 3316 3133 3370 llinc
3181 3325 3234 3370 et
3278 3317 3391 3387 ipse

1797 3406 1927 3461 dit-it
1954 3407 2166 3478 (Matth.
2197 3405 2420 3477 xxvnt):
2456 3407 2583 3462 Data
2610 3419 2689 3462 est
2712 3408 2838 3462 mihi
2864 3409 3036 3463 omnis
3065 3420 3304 3478 potestas
3335 3411 3389 3465 in

1800 3501 1940 3555 coelo
1971 3510 2023 3554 et
2053 3501 2103 3553 in
2131 3510 2289 3554 terra.
2321 3500 2427 3553 Nec
2453 3515 2605 3554 suam
2630 3517 2693 3555 ex
2729 3510 2967 3569 tempore
2991 3506 3268 3571 acccp'sse
3300 3520 3389 3572 po-

1801 3602 2070 3656 teSIatem,
2104 3592 2196 3647 sed
2231 3592 2283 3645 in
2317 3592 2620 3647 hominibus
2652 3593 2907 3648 Ecclesiae
2952 3595 3258 3663 significare
3287 3610 3385 3650 vo-

1800 3685 1896 3740 luit
1926 3686 2258 3755 dignitatem.
2293 3686 2387 3740 llle
2420 3685 2634 3755 utique,
2680 3689 2768 3755 qui
2809 3702 2869 3743 se
2900 3703 2994 3756 per
3022 3690 3199 3743 omnia
3243 3689 3390 3745 Patri

1799 3776 1957 3831 docet
2011 3779 2302 3845 aequalem,
2334 3786 2391 3831 ut
2424 3786 2500 3832 et'
2523 3778 2665 3847 quod
2695 3779 2843 3843 dicit,
2881 3781 2970 3848 qui
2999 3790 3083 3835 est
3130 3780 3186 3835 in
3221 3782 3390 3849 cado,

1802 3871 1917 3940 ipsa
1951 3869 2183 3925 humana
2233 3872 2282 3925 in
2317 3870 2533 3926 Christo
2565 3881 2752 3925 natura
2786 3872 2998 3942 angelis
3028 3873 3266 3943 praelata,
3298 3874 3389 3928 doc

1801 3965 2037 4019 minetur
2069 3965 2121 4018 in
2161 3965 2300 4019 corio
2350 3982 2363 4019 :
2421 3966 2706 4034 praedicata
2757 3966 3102 4032 hominibus,
3159 3981 3391 4036 regnans

1801 4056 2106 4110 dominetur
2148 4056 2201 4109 in
2225 4067 2366 4111 terra
2390 4075 2403 4110 :
2429 4074 2549 4125 qua}
2575 4058 2763 4111 solutis
2785 4058 3069 4128 gemitibus
3097 4058 3388 4112 inferorum

1803 4148 2122 4219 praevalens,
2153 4149 2422 4202 dominata
2443 4150 2667 4203 docetur
2693 4158 2749 4203 et
2776 4149 2875 4203 sub
2903 4159 3066 4203 terra.
3099 4150 3286 4203 Omnes
3306 4167 3390 4204 au-

1802 4241 1906 4294 divi
1929 4241 2147 4293 dicentes
2167 4256 2187 4295 :
2204 4240 2414 4295 Sedeuti
2436 4241 2489 4294 in
2514 4241 2699 4294 throno
2722 4250 2766 4294 et
2791 4242 2957 4310 Agna,
2984 4241 3034 4293 id
3054 4250 3153 4297 est.
3173 4240 3316 4293 Patri
3342 4247 3391 4294 et

1801 4333 1959 4396 Filio,
1982 4332 2264 4385 benedictio
2292 4342 2338 4385 et
2370 4331 2535 4385 honor
2566 4341 2612 4384 et
2640 4330 2871 4399 dignitas
2896 4339 2943 4383 et
2966 4338 3190 4400 potestas
3213 4330 3265 4381 in
3295 4343 3389 4383 ste-

1802 4424 1919 4475 cula
1949 4422 2269 4475 stcculoruut.
2300 4420 2363 4475 Et
2388 4430 2605 4491 quatuor
2635 4420 2882 4474 animalia
2907 4421 3135 4474 dicebant
3162 4434 3180 4473 :
3210 4419 3390 4473 Amen.

1802 4523 2039 4580 Ecclesia
2068 4524 2251 4594 utique
2279 4522 2406 4579 dicit
2438 4540 2451 4576 :
2482 4522 2677 4588 Amen,
2703 4522 2755 4577 id
2783 4530 2887 4589 est,
2916 4537 3122 4587 verum,
3142 4521 3390 4578 fideliter.

1799 4625 1869 4681 Et
1890 4625 2067 4697 viginti
2092 4634 2312 4696 quatuor
2338 4626 2559 4681 seniores
2584 4625 2873 4679 ceciderunt
2901 4626 2955 4680 in
2988 4624 3143 4690 [acies
3173 4641 3313 4690 suas,
3343 4632 3391 4679 et

1797 4734 2137 4787 adoraverunt
2159 4733 2402 4786 viventem
2424 4730 2477 4784 in
2499 4729 2689 4783 sarcula
2709 4729 3035 4783 steculorum.
3051 4728 3250 4783 Eadem
3277 4726 3389 4782 ani-

1795 4836 1955 4890 malia
1985 4843 2109 4889 sunt
2134 4834 2408 4898 seniores,
2442 4833 2531 4903 qui
2564 4832 2947 4902 perhibuerunt
2976 4827 3346 4885 testimonium
3366 4868 3386 4899 ,

1794 4940 2035 4994 dicentes
2068 4939 2301 4992 :Amen.
2337 4937 2617 5005 Descripta
2649 4936 2883 4991 Ecclesia
2908 4949 3026 4988 cum
3069 4933 3265 4989 officiis
3293 4933 3389 4989 de-

1805 5041 2037 5111 bitteque
2068 5041 2241 5094 laudis
2268 5040 2523 5106 operibus
2544 5080 2560 5108 ,
2592 5039 2768 5095 fuerat
2817 5042 3245 5109 proqterandnm,
3279 5053 3387 5110 quo

1805 5137 2136 5204 singulorum
2178 5135 2456 5205 apertiOue
2494 5135 2767 5206 signorum
2800 5136 3063 5189 insinuata
3096 5136 3387 5189 clarerent.

1805 5230 1947 5285 Nihil
1978 5231 2174 5299 quippe
2217 5228 2301 5282 his
2336 5236 2541 5295 septem
2577 5228 2744 5298 signis
2782 5227 2977 5282 deesse
3001 5228 3204 5297 potuit,
3250 5234 3308 5279 ut
3335 5224 3388 5281 in

1803 5338 1991 5380 eorum
2023 5336 2222 5377 arcano
2260 5329 2315 5375 et
2344 5321 2536 5375 all‘ectu
2565 5333 2618 5375 et
2649 5322 2921 5377 intellectu
2952 5330 3005 5376 et
3061 5329 3183 5374 actu
3211 5319 3387 5374 omnis

1802 5417 2092 5472 doceretur
2152 5416 2328 5469 inesse
2375 5413 2654 5484 perfectio.
2715 5412 2978 5468 Describit
3028 5414 3279 5483 denique,
3322 5418 3386 5481 et

1794 5509 2083 5580 aliquando
2107 5508 2174 5563 ab
2198 5508 2348 5564 initio
2368 5507 2525 5562 finem
2549 5522 2851 5569 assumens,
2872 5516 2926 5562 et
2952 5517 3059 5560 tam
3084 5506 3150 5559 de
3171 5503 3375 5559 Christi

1796 5606 2064 5675 triumpho
2092 5620 2251 5673 quant
2275 5611 2328 5657 et
2356 5602 2421 5656 de
2452 5601 2942 5670 intpngnationibus
2969 5598 3161 5654 futuris
3188 5596 3373 5653 Eccle-

1791 5701 1925 5763 siae,
1958 5699 2233 5769 signorum
2286 5696 2644 5752 continentias
2691 5692 3027 5764 singulorum
3075 5706 3175 5747 suo
3225 5704 3380 5746 more

1792 5798 2083 5870 percurrit,
2115 5804 2174 5854 ut
2202 5802 2260 5853 et
2285 5794 2711 5865 consolationem
2741 5792 2895 5857 daret
2922 5792 2990 5851 de
3020 5788 3382 5881 prosperitate
