3974 6470
550 356 658 420 855

1606 370 1613 375 -
1681 336 1981 397 PRIMASH
2024 326 2480 392 ADRUMETANI
2519 318 2735 383 EPISC.

549 468 812 536 victoria,
843 471 899 522 et
926 460 1344 521 sollicitudinem
1373 456 1439 511 de
1469 454 1648 509 futuro
1666 449 1963 507 certamine
1984 446 2136 503 etde
2162 447 2216 510 Α
2240 441 2450 513 aperuit
2501 440 2760 494 tumulum
2782 479 2795 505 ,
2835 442 3116 508 postquam
3147 432 3417 505 confregit
3444 432 3788 499 infensum;
3818 445 3867 491 st

552 564 820 637 stupendo
843 560 1127 617 indixisset
1151 554 1419 612 examine.

624 657 754 713 Car.
786 669 858 708 vt.
894 650 960 705 Et
986 663 1109 706 cum
1142 645 1421 716 aperuisset
1450 642 1630 711 Agnus
1661 652 1821 693 unum
1842 650 1911 692 ex
1951 644 2143 705 septem

2246 535 2459 605 quando
2487 534 2631 588 velut
2661 541 2910 602 repetens
2938 530 3164 597 omium,
3192 527 3521 600 promissum
3561 527 3863 598 discipulis

2245 629 2391 685 misit
2405 627 2663 697 Spiritum
2681 633 2922 679 sanctum
2933 664 2947 690 ,
2962 637 3067 694 quo
3083 622 3329 689 replente
3344 620 3539 676 orbem
3554 630 3859 689 terrarum,

556 750 746 822 signis,
771 742 989 815 Λρει-ιὶο
1011 713 1453 809 εἰςιιὶ,ιενθιιιῑὶο
1471 744 1554 788 cst
1578 729 1920 787 sacramenti.
1941 727 2141 783 Verum
2244 722 2481 792 gentium
2522 716 2922 774 multitudinem
2971 713 3275 785 acquisivit,
3318 728 3488 784 seque
3515 715 3855 784 sperandum

554 805 799 914 quianon
818 805 1003 900 unum,
1027 831 1119 887 sed
1142 830 1309 885 multa
1332 836 1455 883 sunt
1476 832 1840 888 sacramenta;
1866 835 1964 877 nec
1985 820 2143 875 unius
2242 814 2479 886 iudicem
2507 811 2743 866 futurum
2770 808 3007 865 edocuit.
3042 805 3252 863 Etcum
3275 807 3570 878 aperuisset
3603 822 3773 859 unum
3799 823 3853 861 et

557 912 729 1000 modi,
769 928 894 995 sed,
937 927 1075 981 sicut
1110 922 1383 993 apostolus
1427 918 1624 975 Paulus
1666 916 1795 972 dicit
1831 913 2014 987 (Hebr.
2045 912 2088 984 ι)
2125 927 2141 967 :

558 1024 839 1083 Multifarie
890 1020 1178 1090 multisque
1220 1014 1396 1073 modis
1445 1014 1572 1070 olim
1616 1013 1756 1067 Deus
1802 1010 2147 1066 locutusest

556 1120 796 1192 patribus
822 1119 874 1172 in
908 1114 1206 1187 prophetis,
1237 1118 1512 1183 postremo
1543 1109 1593 1161 in
1618 1106 1701 1161 his
1722 1104 1909 1159 diebus
1930 1102 2143 1157 locutus

553 1224 635 1271 cst
660 1212 817 1268 nobis
845 1211 897 1265 in
929 1210 1066 1266 Filio
1094 1222 1213 1273 suo,
1247 1216 1353 1263 etc.
1380 1222 1394 1270 ;
1428 1214 1482 1257 et
1511 1204 1731 1273 longum
1760 1208 1843 1254 est
1872 1198 1940 1252 de
1962 1211 2145 1251 sacra-

553 1315 856 1363 mentorum
888 1303 1202 1359 diversitate
1236 1307 1489 1362 tractare,
1518 1295 1715 1366 quibus
1740 1292 1918 1347 futura
1942 1288 2142 1345 Christi

550 1398 883 1472 dispensatio
904 1440 918 1466 ,
950 1407 1003 1454 et
1035 1394 1295 1453 Ecclesia:
1328 1389 1733 1463 prmparabatur
1763 1394 1989 1442 ventura
2040 1383 2145 1438 sal-

552 1494 718 1563 vatio,
754 1494 809 1551 in
840 1494 924 1549 his
964 1500 1113 1547 certe
1144 1490 1346 1551 tribus,
1381 1501 1514 1556 quos
1543 1482 1905 1553 prtemisimus
1934 1478 2144 1543 modis,

551 1586 818 1645 sermonis
839 1626 854 1652 ,
897 1582 1268 1656 intelligentia:
1288 1621 1302 1647 ,
1332 1579 1557 1634 actionis
1581 1618 1597 1643 ,
1632 1583 1856 1646 possunt
1907 1572 2145 1629 breviter

549 1683 800 1739 universa
826 1678 1113 1749 restringi,
1156 1686 1214 1731 ut
1237 1674 1437 1730 locutio
1477 1671 1655 1727 omnia
1688 1670 1743 1724 in
1773 1682 1831 1724 se
1872 1673 2145 1737 praecepta

551 1779 715 1833 totius
768 1773 1005 1832 cteiestis
1050 1769 1337 1828 concludat
1368 1765 1600 1822 oraculi.
1632 1763 1789 1828 ideo,
1822 1760 2142 1824 Muitiiaric,

2246 914 2434 977 septem
2464 904 2653 975 signis,
2672 901 2847 957 audivi
2867 915 3031 955 unum
3060 914 3127 955 ex
3152 909 3376 969 quatuor
3402 899 3763 965 animalibus,
3788 902 3854 951 di-

2246 1014 2362 1053 cens
2394 1000 2635 1068 tanquam
2679 1010 2851 1050 vocent
2890 993 3149 1049 tanitrui:
3180 990 3308 1046 Veni
3354 1000 3405 1046 et
3456 992 3604 1045 vide.
3642 988 3717 1043 Et
3758 1007 3849 1046 ecce

2247 1107 2404 1163 equus
2426 1091 2594 1157 albus,
2611 1099 2657 1144 et
2671 1088 2762 1160 qui
2784 1086 2991 1143 sedebat
3008 1100 3160 1155 super
3170 1099 3318 1149 eum,
3336 1083 3562 1140 tenebat
3586 1084 3849 1153 sagittam,

2247 1194 2292 1237 et
2315 1186 2436 1238 data
2456 1194 2527 1238 est
2548 1186 2592 1237 ci
2618 1198 2832 1248 corona,
2859 1190 2905 1235 et
2932 1179 3064 1237 exiit
3092 1189 3148 1234 ut
3175 1180 3489 1243 vinceret,ct
3509 1180 3693 1231 victor
3715 1178 3842 1232 exiit.

2248 1278 2508 1345 Primum,
2539 1279 2679 1332 sicut
2713 1274 3103 1346 prmmisimus,
3150 1275 3204 1327 in
3236 1272 3500 1327 stramine
3534 1271 3841 1335 dives-satur,

2247 1372 2333 1428 cui
2363 1371 2711 1441 intelligentia
2736 1369 2962 1435 sociata,
2980 1366 3273 1437 penetralia
3292 1364 3465 1435 ipsius
3490 1379 3628 1419 mox
3651 1364 3839 1433 supplet

2248 1463 2497 1528 actionis,
2515 1471 2569 1517 et
2591 1461 2733 1532 quod
2753 1462 2807 1516 in
2832 1470 2950 1516 actu
2966 1458 3230 1531 procedit,
3247 1460 3416 1514 verbo
3435 1456 3761 1521 concordat,
3776 1458 3838 1511 in-

2251 1555 2668 1627 telligentiazque
2694 1555 2890 1621 relatu,
2920 1553 3064 1624 quod
3090 1552 3145 1607 in
3168 1552 3383 1607 caeteris
3407 1551 3591 1619 signis
3619 1551 3832 1604 animad-

2249 1658 2460 1706 vertere
2493 1649 2759 1704 intentum
2787 1646 2913 1703 volo
2943 1647 3225 1701 lectorem.
3258 1645 3404 1700 Dixit
3441 1644 3601 1699 enim
3635 1661 3651 1696 :
3680 1645 3835 1697 Audiri

2250 1757 2411 1796 unum
2456 1755 2522 1796 cx
2554 1747 2769 1810 quatuor
2812 1738 3150 1806 animalibus,
3192 1737 3367 1791 dicens
3414 1752 3433 1789 :
3473 1734 3694 1789 Veniet
3726 1736 3831 1789 side.

556 1870 753 1942 inquit,
779 1867 1070 1937 multisque
1093 1862 1267 1921 modis
1290 1862 1498 1916 locutus
1520 1867 1624 1923 est,
1650 1865 1710 1912 ut
1730 1854 1960 1926 cognitio
1990 1868 2143 1923 regu-

2256 1834 2402 1903 Quod
2433 1844 2517 1890 est
2564 1848 2727 1888 unum
2761 1832 2960 1887 animal
2983 1872 2998 1897 ,
3040 1830 3143 1886 hoc
3188 1829 3366 1885 omnis
3395 1829 3651 1885 Ecclesia
3680 1868 3695 1895 ,
3742 1844 3833 1897 qs:

2258 1941 2261 1942 ν
2305 1941 2312 1942 ,
2372 1941 2379 1942 ,
2572 1938 2618 1942 ,_
2655 1922 3049 1942 μυρηηηξ-
3080 1922 3285 1942 ε-.-,-.
3361 1920 3744 1942 ------λ,-.--
3774 1921 3812 1942 ε-

551 1964 737 2019 lariter
754 1958 1073 2017 adhibenda:
1099 1954 1468 2027 intelligentia:
1488 1953 1688 2008 formas
1712 1950 1967 2005 insinuet.
1995 1945 2145 2001 Unde

554 2059 609 2115 in
634 2054 923 2127 Evangelia
956 2051 1212 2107 Dominus
1234 2048 1431 2103 dicitur
1458 2046 1608 2117 (Luc.
1642 2041 1794 2111 sxw)
1829 2049 1947 2112 post
1968 2052 2148 2094 resur-

552 2147 849 2205 rectionem
878 2143 1266 2215 discipulorum
1302 2152 1491 2195 sensus
1522 2135 1828 2208 aperuisse,
1863 2142 1919 2188 ut
1950 2132 2145 2187 intelli-

548 2250 739 2316 gerent
771 2240 1111 2310 Scripturas;
1143 2244 1197 2292 et
1218 2233 1379 2291 corda
1404 2232 1695 2287 salubriter
1715 2227 2052 2294 accendisse,
2088 2231 2145 2279 ut

549 2338 902 2410 prcedicarent
924 2332 1135 2388 caeteris
1166 2330 1449 2393 rcvelatas,
1476 2325 1831 2395 adimplcntes
1864 2319 2145 2376 nihilomi-

550 2448 652 2488 nus
711 2432 882 2501 (justa
930 2422 1271 2497 Apostolum)
1326 2438 1387 2479 ea
1443 2437 1563 2493 quae
1610 2419 1805 2474 desunt
1839 2417 2148 2487 passionqu

550 2522 753 2578 Christi
777 2521 830 2575 in
846 2534 1007 2575 carne
1021 2532 1114 2573 sua
1134 2514 1352 2585 (Cotoss.
1379 2511 1444 2581 ι),
1473 2512 1847 2579 veraciterque
1869 2509 2108 2563 dicentes
2134 2521 2145 2558 :

556 2613 705 2671 Facti
736 2628 923 2669 sumus
948 2610 1119 2666 forma
1149 2608 1401 2664 omnibus
1433 2604 1781 2662 credentibus
1806 2601 1857 2675 (1
1892 2601 2042 2655 Tltes.
2083 2598 2148 2669 ι).

552 2709 813 2779 itemque,
844 2706 915 2762 Ut
959 2704 1320 2773 nosmetipsos
1349 2700 1577 2756 formam
1625 2698 1874 2754 daremus
1906 2695 2058 2751 vobis
2086 2692 2152 2748 ad

551 2799 867 2859 imitandum
922 2813 1019 2855 nos
1071 2796 1158 2871 (II
1193 2795 1345 2851 Thes.
1378 2794 1484 2864 ιιι).
1517 2794 1617 2861 Qui
1644 2793 1688 2849 si
1728 2806 1834 2846 non
1865 2789 2151 2852 iecissent,

553 2896 753 2952 frustra
784 2893 1095 2963 Scripturas
1128 2899 1371 2947 retentas
1402 2888 1658 2943 memoria
1695 2892 1950 2941 canerent
1974 2928 1989 2952 ,
2020 2894 2154 2952 quas

558 3000 847 3061 penetrare
872 2986 1248 3059 intelligentia,
1274 2993 1505 3055 actuque
1527 2982 1791 3054 perﬁcere
1815 2978 2151 3050 nequissent.

558 3083 630 3140 Et
671 3082 926 3153 quoniam
966 3081 1193 3135 latentes
1222 3077 1430 3150 pridem
1457 3074 1646 3131 modos
1675 3071 1939 3128 aliaminis
1974 3080 2027 3127 et
2066 3070 2154 3126 iu-

556 3176 868 3247 telligentite
885 3172 1135 3229 salutaris
1151 3171 1429 3242 superiore
1443 3168 1806 3240 disputatione
1826 3166 2152 3237 peregimus,

555 3242 701 3326 nunc
737 3284 857 3340 qua:
887 3268 941 3323 in
970 3275 1093 3323 actu
1123 3264 1361 3321 latebant
1395 3264 1731 3334 singulorum
1758 3260 2146 3331 apertionesi-
2180 3242 2226 3308 C

550 3377 809 3436 gnorum,
840 3360 1104 3416 intentius
1136 3356 1439 3413 audiamus.
1487 3354 1620 3411 Nam
1662 3354 1708 3410 si
1739 3353 1945 3424 apertio
1972 3354 2145 3424 signi,

556 3453 813 3510 revelatio
854 3452 1091 3509 creditur
1120 3450 1466 3515 sacramenti,
1492 3448 1716 3519 ejusque
1743 3448 2062 3518 mysterium
2092 3447 2148 3502 in

554 3561 806 3602 sermone
859 3545 1088 3601 dicimus
1122 3586 1137 3612 ,
1190 3544 1469 3599 intellectu
1519 3551 1749 3612 actuquc
1801 3540 2147 3608 consistere,

554 3641 832 3697 videamus
876 3639 1145 3710 quomodo
1172 3639 1284 3693 haec
1312 3638 1471 3691 simul
1501 3637 1599 3691 tria
1634 3636 1797 3691 certis
1828 3637 1993 3691 etiam
2023 3649 2147 3705 pos-

553 3735 662 3790 sint
697 3736 828 3791 lucis
858 3735 1023 3801 dicta,
1057 3732 1329 3787 intellecta
1358 3740 1517 3801 atque
1544 3739 1760 3800 peracta
1793 3729 2148 3799 probabiliter

558 3824 812 3891 inveniri,
857 3833 915 3879 ut
944 3824 1135 3881 eadem
1165 3824 1300 3877 dicta
1334 3821 1610 3876 intellectu
1639 3822 1823 3876 sobrio
1849 3823 2148 3891 capiantur,

556 3926 611 3971 et
637 3917 909 3973 intellecta
929 3930 1096 3987 opere
1126 3916 1562 3985 comprobantur.
1592 3913 1754 3968 Verbi
1789 3915 1977 3980 gratia,
2013 3913 2149 3969 Ecce

559 4008 719 4064 venio
760 4007 936 4081 (Psal.
984 4007 1193 4079 χχχιιι),
1238 4006 1289 4062 ἰη
1322 4008 1493 4077 capite
1528 4008 1650 4062 libri
1675 4007 1933 4078 scriptum
1961 4017 2042 4063 cst
2082 4008 2151 4065 dc

556 4114 675 4167 me;
719 4098 987 4155 dicendo:
1020 4098 1227 4166 Venio,
1259 4114 1316 4154 se
1352 4098 1526 4153 adhuc
1564 4099 1779 4169 quidem
1824 4101 2147 4170 praenuntiat

557 4207 681 4251 esse
720 4192 1027 4249 venturum.
1066 4191 1197 4247 Cum
1239 4202 1416 4248 autem
1448 4192 1566 4262 quis
1595 4192 1698 4249 iste
1745 4192 1817 4246 sit
1859 4195 2149 4261 quaeritur,

557 4287 895 4345 desideratus
946 4286 1155 4343 cunctis
1202 4286 1451 4357 gentibus
1490 4284 1829 4356 intelligitur,
1871 4285 2148 4356 Christus,

557 4380 858 4451 praesertim
885 4381 1008 4453 quia
1048 4390 1101 4437 et
1130 4380 1181 4435 in
1224 4379 1396 4451 capite
1427 4377 1548 4433 libri
1583 4378 1827 4433 Psalterii
1848 4420 1862 4446 ,
1894 4387 1948 4434 et
1976 4380 2027 4434 in
2056 4394 2149 4434 ca-

556 4475 666 4545 pite
688 4475 811 4531 libri
837 4474 1109 4530 Gcneseos
1139 4476 1253 4543 ipse
1274 4475 1504 4544 scriptus
1528 4472 1724 4543 legitur
1756 4491 1765 4525 :
1796 4472 1852 4527 in
1886 4472 2150 4542 principio

559 4564 687 4621 fecit
712 4564 854 4620 Deus
902 4566 1098 4621 coelum
1142 4573 1197 4619 et
1249 4574 1469 4620 terram.
1521 4564 1711 4620 Omnia
1756 4565 1934 4635 enim,
1977 4564 2149 4635 inquit

2254 1941 2389 1981 voce
2434 1938 2627 1996 magna
2653 1922 3054 1994 praedicationis
3080 1922 3319 1987 intonat,
3359 1920 3748 1976 succedentem
3774 1921 3833 1973 is-

2253 2019 2427 2073 vitans
2450 2016 2516 2071 ad
2553 2016 2710 2071 ﬁdem
2742 2014 3037 2070 Ecclesiam
3071 2031 3083 2068 :
3121 2013 3255 2069 Veni
3284 2022 3341 2069 et
3367 2012 3497 2069 vide
3523 2012 3710 2083 (1m.
3750 2016 3787 2080 ι)
3818 2030 3830 2066 :

2254 2114 2309 2171 Si
2338 2114 2457 2185 quis
2488 2113 2621 2179 sitit,
2651 2110 2829 2167 veniat
2853 2119 2905 2165 et
2934 2110 3080 2165 bibat
3106 2108 3289 2179 (Joan.
3316 2108 3417 2177 vn)
3451 2125 3467 2161 :
3500 2108 3755 2163 Accedite
3776 2084 3845 2161 ad.

2253 2222 2375 2263 cum
2405 2214 2459 2261 et
2489 2205 2865 2261 illuminamini
2890 2204 3065 2275 (Psat.
3116 2201 3309 2273 xuiu)
3337 2220 3350 2257 :
3385 2202 3572 2272 Surge
3599 2204 3687 2272 qui
3732 2204 3829 2256 dw-

2256 2302 2379 2367 mis,
2412 2310 2467 2355 et
2494 2314 2722 2367 exsurge
2764 2313 2793 2352 a
2822 2298 3067 2363 mortuis,
3095 2305 3149 2351 et
3177 2295 3514 2350 illuminabit
3538 2304 3593 2349 te
3618 2293 3829 2350 Christus

2256 2394 2422 2467 (Eph.
2454 2392 2531 2463 v).
2572 2392 2636 2447 Et
2674 2408 2788 2446 erce
2822 2407 2980 2461 equus
3028 2390 3206 2454 albus,
3235 2399 3282 2441 et
3320 2388 3411 2458 qui
3448 2388 3664 2442 sedebat
3706 2403 3830 2455 super

2259 2502 2405 2552 eum,
2433 2486 2651 2542 tenebat
2667 2485 2941 2555 sagittam,
2965 2492 3011 2536 et
3030 2486 3151 2535 data
3168 2492 3241 2535 est
3263 2482 3312 2536 ei
3336 2497 3555 2546 corona,
3582 2492 3628 2535 et
3654 2480 3769 2536 exiit
3788 2489 3829 2531 ιιι

2256 2582 2496 2645 vinceret,
2522 2587 2576 2633 et
2600 2578 2770 2634 victor
2808 2578 2958 2632 exiit.
2989 2576 3091 2631 iste
3114 2590 3281 2642 equus
3314 2582 3497 2643 potest
3528 2576 3580 2628 in
3603 2572 3831 2644 apostolis

2261 2681 2315 2729 ct
2341 2671 2781 2742 praedicatoribus
2831 2668 3072 2725 veritatis
3117 2668 3372 2724 Ecclesia:
3405 2667 3654 2736 intelligi,
3687 2679 3828 2736 super

2260 2770 2436 2824 nivem
2455 2767 2628 2838 gratia
2648 2766 2907 2822 dealbataa
2925 2764 3098 2838 (Psat.
3121 2765 3201 2833 ι),
3225 2762 3379 2833 cujus
3396 2776 3582 2817 sessor
3601 2770 3684 2817 est
3696 2759 3833 2815 Chri.

2265 2869 2405 2915 stus.
2436 2858 2564 2913 ideo
2592 2859 2641 2913 ei
2668 2873 2763 2927 per
2794 2856 3110 2927 prophetam
3133 2854 3329 2909 dicitur
3350 2853 3519 2923 (Hab.
3550 2854 3630 2922 ιιι)
3667 2870 3681 2905 :
3713 2851 3837 2919 Quo-

2261 2956 2404 3009 niam
2422 2952 2711 3008 ascendisti
2728 2965 2891 3022 super
2904 2964 3072 3020 equos
3092 2959 3234 3015 tuos,
3256 2947 3581 3017 etequitatus
3602 2952 3730 2999 tuus
3753 2959 3835 2999 sa-

2262 3046 2421 3101 nitas.
2438 3046 2664 3115 Propter
2676 3042 2818 3115 quod
2832 3043 3146 3113 etsagittam
3160 3037 3560 3101 teneredicitur,
3572 3049 3695 3106 quas
3710 3049 3840 3105 prae

2262 3138 2535 3194 dicationc
2565 3137 2713 3193 verbi
2751 3134 2849 3191 Dei
2869 3135 3046 3205 aptius
3068 3140 3431 3201 comparatur,
3450 3128 3835 3199 quahominm

2261 3231 2514 3287 interiora
2538 3228 2790 3285 transﬁxa
2815 3228 3022 3297 possint
3054 3224 3181 3281 ﬁdei
3214 3223 3443 3279 fructum
3471 3220 3693 3276 aﬂ’crre.
3718 3219 3831 3273 Iliae

2253 3326 2478 3396 legimus
2507 3322 2684 3395 (Psal.
2722 3320 2913 3393 XLIV):
2948 3320 3168 3391 Sagittae
3208 3326 3311 3372 tuae
3341 3325 3534 3382 acutas,
3590 3314 3831 3369 Potentis-

2254 3419 2391 3473 sime
2423 3415 2604 3487 populi
2644 3412 2744 3469 sub
2791 3422 2844 3467 te
2887 3411 3099 3467 cadent.
3130 3408 3400 3464 Coronam
3442 3419 3581 3460 sane
3608 3405 3831 3476 pra-diea-

2256 3513 2465 3568 toribus
2511 3510 2694 3565 deberi
2741 3507 3027 3579 signiﬁcat.
3060 3504 3124 3559 Et
3165 3521 3277 3558 cum
3318 3503 3614 3574 aperuisset
3651 3503 3823 3573 signum

2253 3608 2566 3669 secundum,
2604 3602 2779 3656 audivi
2825 3602 3101 3655 secundum
3140 3598 3337 3651 animal
3384 3598 3569 3650 dicens
3593 3614 3611 3651 :
3649 3595 3760 3649 Veni
3786 3604 3823 3645 et

2254 3702 2390 3755 vide.
2420 3699 2572 3769 Quod
2602 3698 2790 3754 eadem
2818 3692 3210 3751 exhortationis
3236 3692 3397 3747 verba
3429 3689 3679 3745 veniendi
3698 3697 3744 3743 et
3766 3687 3825 3739 vi.

2254 3795 2411 3852 dendi
2443 3794 2501 3849 in'
2528 3809 2687 3849 causa
2718 3790 2962 3847 dissimili
2991 3796 3323 3859 repetuntur,
3349 3800 3472 3841 cum
3508 3800 3672 3855 equus
3696 3781 3829 3835 albes

2254 3889 2307 3944 in
2353 3888 2518 3957 bino,
2553 3902 2742 3941 roseus
2773 3894 2950 3938 autem
2991 3888 3220 3952 ponatur
3266 3879 3317 3933 in
3366 3876 3540 3941 malo,
3580 3873 3704 3929 illud
3732 3884 3827 3926 esse

2255 3987 2381 4049 puto
2408 3977 2549 4049 quod
2593 3978 2731 4031 sicut
2761 3975 2828 4030 de
2860 3974 3001 4029 bono
3031 3970 3273 4027 laetitiam
3319 3984 3417 4038 pro
3468 3967 3730 4020 Ecclesia:
3767 3961 3829 4014 vi-

2252 4070 2419 4125 ctoria
2452 4068 2756 4139 pollicetur,
2789 4067 2864 4121 sic
2904 4066 2972 4121 de
3004 4064 3145 4119 malo
3172 4061 3437 4118 cautelam
3467 4059 3745 4114 denuntiet
3779 4064 3829 4107 et

2252 4161 2589 4233 przescicntia
2635 4159 2955 4213 futurorum.
3000 4154 3254 4227 Sequitur
3296 4153 3471 4218 enim,
3520 4151 3692 4205 Exit-it
3726 4148 3834 4200 aliis

2254 4278 2406 4328 equus
2432 4260 2602 4330 rufus,
2633 4264 2679 4313 et
2726 4257 2933 4312 sedenti
2967 4272 3120 4327 super
3166 4269 3289 4311 eum
3320 4253 3497 4308 datum
3532 4260 3631 4315 est,
3661 4260 3717 4304 ut
3758 4245 3839 4301 tol-

2254 4358 2389 4413 leret
2435 4371 2610 4427 pacem
2648 4354 2711 4409 de
2742 4365 2878 4408 terra
2897 4400 2911 4421 ,
2941 4361 2988 4408 et
3017 4360 3071 4406 ut
3102 4352 3317 4405 invisent
3351 4364 3408 4403 se
3445 4347 3774 4408 occiderent,
3804 4352 3842 4395 et

2254 4454 2403 4507 datus
2434 4458 2508 4505 est
2551 4451 2596 4505 ei
2637 4450 2843 4522 gladius
2885 4464 3119 4520 magnus.
3164 4446 3268 4501 iste
3307 4458 3479 4515 equus
3526 4439 3673 4495 rufus
3718 4437 3844 4492 velut

2252 4532 2508 4599 cruentus
2556 4542 2814 4612 sanguine
2854 4541 3051 4606 alieno,
3103 4554 3210 4593 non
3243 4552 3362 4601 suo,
3396 4535 3709 4591 contrarius
3746 4534 3845 4583 vic-

559 4654 734 4729 (Psal.
779 4654 915 4725 cm),
944 4654 1000 4709 in
1044 4654 1306 4725 sapientia
1346 4656 1556 4725 iecisti,
1606 4656 1698 4731 qui
1753 4628 2149 4726 requirentibus

2260 4635 2376 4691 trici
2406 4634 2661 4691 Ecclesia:
2705 4633 3026 4704 praedicatur
3062 4646 3379 4703 repugnare,
3405 4628 3623 4700 quando
3654 4638 3844 4697 pacem,

558 4747 808 4819 quisnam
853 4754 1033 4813 esset,
1064 4746 1383 4815 principium
1414 4762 1475 4802 se
1503 4762 1624 4803 esse
1651 4749 1931 4817 respondit
1968 4749 2147 4821 (Joan.

555 4843 697 4911 vui).
728 4842 926 4899 Verum
957 4856 1079 4896 cum
1108 4841 1367 4912 quairitur
1393 4850 1613 4912 propter
1639 4842 1768 4912 quid
1802 4843 2032 4909 venerit,
2061 4859 2152 4901 se-

558 4927 741 5000 quitur
787 4925 904 4985 :Ut
932 4926 1125 4983 faciam
1169 4926 1501 4982 voluntatem
1560 4936 1736 4997 tuam,
1786 4930 1925 4985 Deus
1968 4944 2153 5001 meus,

556 5024 702 5082 volui
730 5021 904 5097 (Psal.
933 5024 1147 5095 xxxix).
1187 5023 1264 5079 De
1288 5038 1390 5094 qua
1420 5022 1474 5078 in
1524 5023 1815 5095 Evangelia
1851 5024 1990 5080 idem
2021 5025 2153 5080 dicit

560 5119 743 5193 (Joan.
775 5117 849 5191 tv)
876 5138 890 5174 :
916 5119 1063 5175 Meus
1090 5118 1241 5173 cibus
1266 5127 1349 5173 est
1373 5126 1430 5172 ut
1452 5116 1643 5174 faciam
1677 5118 2005 5174 voluntatem
2034 5118 2151 5189 ejus

560 5214 652 5283 qui
682 5226 770 5267 me
798 5209 963 5265 misit.
997 5210 1071 5266 De
1096 5223 1200 5280 qua
1221 5209 1288 5265 ab
1311 5223 1377 5265 eo
1412 5208 1761 5281 intelligimus
1791 5208 1933 5266 circa
1962 5209 2152 5263 horam

561 5303 831 5377 passionis
872 5316 1186 5372 expressum
1231 5301 1407 5374 (Joan.
1443 5302 1558 5374 xw)
1598 5321 1613 5359 :
1656 5302 1881 5360 Utsciat
1927 5301 2155 5357 mundus

564 5396 821 5469 quoniam
848 5395 1176 5453 voluntatem
1203 5396 1377 5453 Patris
1406 5398 1512 5452 mei
1538 5396 1700 5464 facio,
1728 5399 1951 5467 surgite,
1975 5410 2162 5452 eamus

560 5490 716 5547 hinc.
738 5489 1000 5559 Quocirca
1018 5490 1176 5560 hujus
1203 5490 1341 5545 facta
1369 5490 1493 5546 libri
1517 5488 1708 5560 signati
1736 5496 1863 5543 tunc
1888 5488 2163 5546 revelassc

562 5588 927 5658 cognoscitur,
958 5586 1174 5659 quando
1201 5601 1261 5641 se
1292 5602 1454 5640 unum
1488 5600 1607 5641 cum
1641 5583 1797 5639 Patre
1828 5583 2009 5639 docuit
2037 5598 2154 5639 ma-

566 5694 697 5737 nere
720 5681 1041 5752 principium
1076 5698 1086 5733 :
1124 5686 1285 5749 atque
1319 5694 1384 5733 ex
1412 5677 1617 5749 virgine
1651 5685 1830 5741 natus,
1864 5676 2029 5747 gessit
2056 5675 2156 5729 ho-

568 5772 771 5828 minem
799 5787 984 5828 verum
1016 5791 1025 5824 :
1075 5770 1365 5827 iudebitam
1399 5785 1609 5842 quoque
1649 5783 1744 5839 pro
1776 5769 1957 5824 mundi
1986 5768 2159 5823 salute

570 5863 870 5934 suscipiens
916 5863 1253 5930 passionem,
1308 5863 1618 5935 triumphali
1666 5871 1839 5921 morte
1872 5877 2158 5935 resurgens

2261 4745 2380 4801 qum
2408 4728 2673 4800 prrecellit
2698 4742 2911 4782 omnem
2942 4725 3219 4782 scientiam
3241 4765 3256 4791 ,
3286 4722 3355 4779 de
3382 4730 3528 4777 terra
3558 4721 3849 4777 insinuatur

2263 4822 2493 4893 auferre,
2528 4821 2668 4893 quod
2698 4828 2751 4876 ct
2781 4828 2904 4876 actu
2935 4819 3158 4875 docetur
3181 4824 3236 4872 et
3264 4815 3461 4885 gladio.
3495 4810 3564 4866 Et
3598 4829 3729 4867 cum
3754 4824 3849 4875 ape-

2262 4917 2444 4971 ruisset
2473 4915 2681 4984 signum
2715 4914 2941 4980 tertium,
2971 4911 3146 4965 audivi
3173 4910 3375 4964 tertium
3404 4905 3629 4972 animat,
3662 4905 3854 4958 dicetis:

2270 5008 2400 5063 Veni
2429 5016 2474 5063 et
2514 5008 2648 5062 vide.
2686 5005 2751 5061 Et
2790 5004 2895 5059 vidi
2938 5018 3132 5074 equum
3178 5002 3419 5071 nigrum,
3453 5008 3503 5052 et
3531 4998 3623 5068 qui
3671 4994 3855 5052 sealbst

2262 5120 2411 5175 super
2455 5117 2606 5169 eum,
2648 5100 2861 5154 habebat
2908 5105 3149 5152 stateram
3189 5096 3242 5148 in
3288 5110 3444 5147 manu
3489 5107 3606 5147 sua.
3667 5092 3729 5146 lu
3774 5101 3857 5158 qua

2262 5220 2511 5261 mensura
2554 5200 2788 5258 simulati
2830 5199 3197 5271 signiﬁcantur
3238 5196 3522 5262 examinis,
3556 5207 3667 5264 per
3720 5203 3859 5263 quam

2271 5297 2601 5367 singulorum
2633 5294 2821 5350 merita
2850 5290 3207 5363 perpendunt.
3241 5285 3509 5358 Quidquid
3543 5286 3706 5341 enim
3738 5286 3865 5355 justo

2273 5392 2514 5462 congruit
2543 5389 2705 5462 judici
2724 5432 2737 5457 ,
2766 5396 2818 5442 ct
2856 5394 3287 5456 transgressores
3315 5386 3591 5450 usurpant.
3634 5378 3774 5431 inde
3802 5385 3868 5429 est

2276 5487 2400 5544 illud
2440 5486 2688 5542 :Ponam
2739 5483 2985 5538 thronum
3033 5494 3211 5535 meum
3256 5477 3324 5532 ad
3366 5475 3691 5545 aquilonem
3734 5468 3867 5542 (Iss.

2276 5582 2415 5654 xw).
2462 5583 2527 5637 Et
2569 5580 2689 5651 quia
2742 5580 2850 5635 Deo
2898 5578 3111 5633 sinente
3154 5578 3439 5646 potuerunt
3490 5568 3871 5638 temporaliter

2264 5674 2588 5745 przevalcrc,
2625 5672 2726 5726 hoc
2758 5669 2916 5724 modo
2949 5669 3132 5723 docet:
3158 5666 3348 5720 Vinum
3382 5670 3437 5716 et
3463 5660 3650 5714 oleum
3690 5676 3764 5715 ne
3796 5658 3873 5711 lrc

2266 5770 2419 5823 seris.
2455 5766 2515 5820 Et
2546 5766 2715 5819 audiri
2759 5780 2924 5817 vocem
2966 5762 3015 5814 in
3058 5760 3223 5814 medio
3267 5764 3488 5828 quatuor
3520 5754 3868 5808 animalium.

2266 5862 2552 5917 dicentem:
2588 5856 2793 5912 Bilibris
2838 5855 2989 5910 tritici
3032 5852 3240 5911 denario
3268 5863 3396 5917 uno,
3431 5865 3475 5902 et
3517 5854 3621 5901 tres
3672 5844 3875 5903 bitibm
