3968 6354
49 367 163 424 ἰ57
1122 355 1575 417 COMMENTAR.
1617 354 1689 413 ΙΝ
1728 354 2117 415 APOCALYP.
2160 356 2290 414 LIB.
2335 358 2402 415 ll.
3302 364 3412 426 833

49 483 262 539 hordei
283 481 519 537 denario
538 494 671 549 uno,
694 488 742 537 et
776 479 949 534 vinum
964 485 1012 534 et
1034 478 1203 533 oleum
1225 493 1285 533 ne
1304 473 1519 531 (reseris.
1539 474 1598 530 In
1625 474 1719 530 tri-
1742 475 1799 538 Δ
1822 472 2070 530 lasseris:
2101 474 2156 531 in
2186 474 2310 531 vino
2352 475 2585 546 pretium
2631 476 3041 550 redemptionis,
3072 479 3197 539 oleo
3240 482 3413 556 signi-

49 578 174 633 tico
208 583 283 631 et
322 574 540 630 hordeo
586 572 825 630 Ecclesia
848 571 1005 639 dixit,
1037 570 1150 627 sive
1196 569 1251 625 in
1275 569 1484 640 magnis
1520 576 1574 625 et
1605 568 1706 623 mi—
1814 565 1984 622 licens
2036 568 2276 625 chrisma
2332 568 2691 642 baptismatis.
2751 571 2947 629 llor'dei
2999 575 3297 645 quinetiam
3356 586 3415 636 et

49 668 267 736 nimis,
303 665 437 725 sive
468 667 522 721 in
562 665 865 737 praepositis
894 673 949 722 et
977 662 1207 735 pupulis.
1242 661 1362 718 Non
1402 670 1487 717 est
1523 669 1705 719 autem
1818 661 1984 719 tritici
2027 661 2168 719 facta
2206 663 2503 732 mentione,
2533 663 2870 722 demonstrat
2904 665 3201 725 Ecclesiam
3240 685 3412 741 usque

49 771 269 826 minus
304 780 427 823 una
454 764 664 822 bilibris
685 778 717 819 a
747 764 938 819 tribus.
973 760 1176 818 Eadem
1205 759 1403 831 quippe
1431 768 1486 815 et
1514 759 1569 814 in
1596 758 1710 815 sin-
1811 752 1881 810 ad
1926 752 2089 809 ﬁnem
2133 754 2319 810 saeculi
2362 752 2505 812 nulla
2538 771 2697 828 posse
2726 758 2987 816 malorum
3032 764 3411 833 persecutione

49 864 397 936 gtllaritate
451 867 507 917 et
555 860 609 917 in
659 859 925 915 Trinitate
978 856 1261 929 perfectio.
1304 856 1395 912 Sic
1449 854 1709 912 Dominus
1812 844 2012 915 perire.
2044 845 2099 899 in
2139 859 2204 901 eo
2242 846 2385 917 quod
2414 848 2631 905 easdem
2675 851 2885 921 species
2927 868 3037 909 non
3082 855 3412 929 ignobiliter,

49 955 326 1028 (Matth.
368 970 504 1022 xm;
551 952 681 1008 Luc.
727 954 858 1023 xm)
900 954 954 1010 in
998 952 1183 1007 farina:
1224 948 1495 1007 mensuris
1538 949 1703 1006 tribus

1811 936 1909 993 sed
1937 950 2059 993 cum
2104 948 2315 994 sacrato
2354 955 2580 998 numero
2624 952 2679 999 et
2724 946 2881 1015 pretii
2920 956 3170 1003 numerat
3196 950 3412 1019 quanti-

49 1048 434 1104 fermentum
466 1043 597 1101 dicit
640 1042 1047 1110 absconditum,
1093 1041 1385 1099 ostendens
1431 1039 1711 1111 sapientiae
1817 1038 1951 1088 me-
1988 1031 2142 1100 Ωιιοά
2189 1032 2419 1105 denique
2466 1035 2542 1091 illi
2585 1037 2652 1094 ad
2698 1054 2852 1096 suam
2899 1041 3161 1099 malevolo
3199 1058 3413 1115 pmnam

50 1150 114 1195 et
148 1138 448 1194 doctrinae
476 1152 543 1193 ex
571 1136 788 1194 modico
827 1150 1045 1194 omnem
1073 1135 1329 1207 populum
1368 1135 1601 1206 mystico
1630 1133 1713 1190 in-
1814 1133 2107 1193 exercent.
2142 1126 2282 1183 Deus
2321 1142 2533 1185 summe
2562 1133 2737 1188 bonus
2781 1134 2850 1190 ad
2893 1150 3118 1193 suorum
3156 1139 3410 1212 redigens

49 1229 327 1286 dividua
376 1229 662 1285 Trinitatis
705 1243 934 1285 numero
961 1227 1293 1285 consecrari.
1340 1226 1447 1283 Sed
1489 1234 1546 1283 et
1588 1241 1703 1298 pre-

1821 1216 2138 1287 utilitatem,
2188 1221 2647 1289 opportunitatem
2695 1224 2850 1282 nobis
2900 1228 3105 1297 prebet
3152 1230 3409 1299 spiritua-

54 1325 213 1379 tium
246 1325 426 1381 docet
453 1338 615 1380 unum
643 1337 767 1379 esse
811 1323 973 1379 tritici
1009 1330 1171 1393 atque
1220 1320 1439 1387 hordei,
1467 1319 1571 1375 etsi
1600 1334 1714 1377 me-

57 1417 183 1473 rito
218 1417 378 1473 alter
410 1416 639 1473 alterum
678 1414 937 1485 prmcellit
958 1455 975 1481 ,
1005 1429 1113 1469 uno
1154 1423 1332 1470 tamen
1364 1412 1575 1482 utrique
1620 1426 1710 1468 re-

61 1509 302 1580 dempti
346 1518 479 1565 sunt
507 1508 701 1579 pretio.
730 1507 901 1563 Aliter
938 1515 1159 1577 propter
1193 1505 1557 1563 diversitatem
1589 1519 1714 1575 pro-

64 1602 432 1669 fessionum,
462 1602 697 1674 positum
737 1610 866 1672 puto
907 1602 1178 1672 disparem
1225 1616 1511 1658 numerum
1552 1602 1711 1657 unius

66 1704 133 1752 et
165 1695 373 1753 trium.
404 1696 462 1751 ln
492 1695 715 1751 denario
744 1709 875 1752 vero
899 1696 1064 1751 vitam
1095 1704 1354 1751 aeternam
1379 1695 1703 1768 significari,

1813 1683 1970 1749 mine,
1994 1693 2202 1737 sanctus
2224 1694 2270 1740 et
2293 1700 2460 1751 verus,
2486 1701 2589 1740 non
2602 1686 2814 1752 judicas
2836 1697 2881 1742 et
2909 1705 3011 1744 non
3036 1689 3268 1746 vindicas
3296 1707 3414 1747 san-

68 1803 208 1859 qute
239 1789 395 1846 inter
423 1789 731 1844 mansiones
760 1788 956 1843 multas
984 1789 1289 1844 communis
1317 1798 1402 1845 est
1427 1788 1703 1856 omnibus,

1811 1775 2018 1846 guinem
2039 1785 2270 1831 nostrum
2304 1779 2367 1832 de
2393 1777 2474 1831 Itis
2504 1779 2591 1849 qui
2612 1779 2667 1833 in
2696 1780 2853 1836 terris
2884 1781 3156 1837 habitant?
3185 1781 3253 1838 Et
3279 1782 3415 1837 data:

77 1891 143 1938 ιη
194 1883 309 1939 eisi
360 1895 458 1953 ρει-
511 1881 866 1939 diiieremiam
921 1882 1237 1938 mei-iturum
1278 1881 1355 1939 ibi
1416 1884 1554 1939 alius
1597 1883 1704 1938 alio
1736 1883 1785 1944 Β
1812 1877 1930 1922 sunt
1955 1869 2029 1924 eis
2058 1868 2281 1940 singulis
2306 1869 2454 1925 ston
2491 1869 2640 1924 atbre.
2687 1870 2763 1925 De
2803 1870 2909 1927 illis
2941 1875 3121 1944 utique
3166 1873 3409 1945 reliquis,

1818 1310 1949 1367 lium
1995 1312 2415 1384 triumphorum.
2463 1316 2716 1388 Sequitur
2744 1319 2998 1392 denique,
3033 1319 3099 1377 Et
3134 1338 3254 1385 cum
3292 1341 3415 1397 ape-

1814 1406 2000 1459 ruisset
2027 1406 2263 1476 quintum
2301 1408 2542 1479 signum,
2573 1410 2677 1465 vidi
2704 1409 2805 1467 sub
2834 1425 2926 1467 ara
2958 1412 3053 1469 Dei
3097 1414 3296 1469 animas
3322 1429 3418 1470 oc-

1815 1498 2053 1555 cisorum
2084 1510 2293 1573 propter
2332 1503 2537 1556 verbum
2566 1500 2666 1557 Dei
2692 1512 2742 1559 et
2785 1505 3100 1576 martyrium
3142 1522 3335 1574 suum;
3367 1517 3416 1561 et

1813 1589 2183 1647 clamaverunt
2229 1607 2348 1647 voce
2400 1609 2618 1665 magna,
2659 1594 2925 1650 dicentes:
2954 1596 3262 1667 Quousque,
3305 1596 3413 1654 De-

78 1974 271 2047 possit
304 1988 435 2031 esse
465 1973 750 2030 sublimior
778 1975 1005 2045 praemio
1035 1976 1243 2043 potiore
1281 1975 1500 2043 ditatus,
1531 1974 1709 2031 nullus

85 2076 284 2122 tamen
330 2066 410 2122 sit
455 2067 512 2121 in
557 2066 780 2123 alterius
826 2068 1232 2137 comparatione
1275 2067 1711 2139 lettgtevus;ubi

84 2160 204 2215 erit
232 2173 348 2215 una
397 2158 776 2218 immortalitas
818 2161 1068 2233 singulis,
1093 2164 1396 2219 communis
1425 2164 1705 2220 aeternitas

87 2261 388 2322 permanet
416 2252 702 2310 universis.
750 2253 808 2311 In
837 2256 962 2311 vino
989 2256 1173 2325 itaque
1214 2265 1270 2312 et
1307 2257 1429 2312 oleo
1479 2256 1589 2311 vim
1621 2270 1707 2312 sa-

88 2355 506 2402 cramentorum
547 2346 796 2416 prohibet
840 2347 1067 2417 violari,
1116 2356 1175 2403 ut
1215 2356 1341 2418 pote
1388 2347 1702 2404 unctionem

88 2438 508 2509 pretiosumqtte
563 2452 833 2494 cruorem.
890 2439 1024 2495 Hinc
1076 2440 1302 2508 legimus
1355 2440 1555 2513 (Zaclt.
1595 2438 1706 2510 rx),

88 2530 239 2599 Quid
281 2530 486 2587 bonum
516 2531 656 2601 ejus,
688 2541 743 2586 et
770 2531 897 2602 quid
938 2533 1222 2601 pulchrum
1257 2533 1397 2603 ejus,
1438 2534 1543 2591 nisi
1585 2536 1699 2589 fru-

92 2632 345 2680 mentum
390 2624 711 2690 electorum,
745 2634 799 2680 ct
842 2624 1026 2681 vinum
1073 2627 1383 2695 germinans
1423 2627 1701 2699 virgines?

96 2717 170 2773 Et
200 2718 254 2773 in
284 2716 532 2787 psalmo:
566 2717 758 2773 Vinum
788 2717 1023 2774 laetificat
1063 2733 1159 2773 cor
1186 2719 1440 2788 hominis,
1474 2731 1529 2777 et
1553 2723 1708 2778 exhi-

96 2811 311 2866 laratur
348 2810 511 2866 facies
551 2808 604 2865 in
649 2810 770 2866 oleo
803 2809 978 2882 (Psal.
1003 2810 1142 2882 cut).
1178 2809 1247 2864 Et
1278 2828 1394 2866 cum
1425 2816 1709 2881 aperuisset

97 2901 317 2972 signum
361 2911 634 2973 quartum,
680 2901 857 2955 audivi
903 2911 1150 2971 quartum
1200 2904 1428 2970 animal,
1477 2905 1706 2964 dicens:

109 2996 244 3054 Vetti
273 3008 321 3055 et
348 2999 482 3053 vide.
518 2998 585 3053 Et
617 2998 725 3054 vidi
757 3013 951 3069 equum
986 3000 1272 3069 pallidum,
1301 3010 1350 3057 et
1385 3005 1472 3074 qui
1501 3006 1707 3061 sedebat

104 3104 261 3159 super
299 3106 444 3161 eum,
476 3108 661 3147 nomen
690 3094 738 3147 ei
769 3103 884 3149 erat
916 3094 1081 3159 Mors,
1106 3104 1155 3148 et
1193 3096 1429 3167 infernus
1465 3100 1709 3169 sequeba-

108 3191 194 3236 tur
218 3199 363 3251 eum,
386 3194 433 3239 et
461 3185 583 3238 data
607 3195 680 3239 est
707 3186 756 3241 ei
788 3193 1011 3256 potestas
1040 3203 1193 3257 super
1219 3198 1462 3258 quartam
1495 3200 1701 3260 partem

1812 1975 1946 2030 quos
1977 1964 2140 2016 etiam
2171 1962 2312 2018 inter
2340 1961 2648 2019 adversaria
2693 1961 2838 2019 Deus
2866 1973 3079 2021 secreto
3124 1967 3407 2037 operatio-

1816 2053 1901 2110 nis
1932 2070 2045 2110 sua:
2078 2055 2255 2110 reddit
2302 2055 2529 2113 consilio
2574 2056 2821 2125 tutiores,
2854 2068 3151 2129 martyrum
3194 2074 3255 2115 se
3282 2059 3415 2116 dicit

1812 2147 2069 2218 reliquias
2097 2146 2377 2221 [reliquas]
2409 2148 2487 2222 (id
2527 2156 2611 2205 est
2636 2149 2865 2215 animas)
2897 2151 3260 2221 perspexisse,
3300 2166 3412 2208 non

1816 2239 1905 2294 vili
1938 2240 2079 2307 loco,
2113 2254 2214 2297 nec
2253 2241 2635 2312 qualicunque,
2665 2240 2762 2297 sed
2789 2240 2891 2297 sub
2920 2255 3011 2296 ara
3053 2241 3181 2309 Dei,
3216 2240 3269 2297 id
3294 2247 3409 2309 est,

1812 2333 1928 2389 sive
1955 2333 2009 2388 in
2041 2333 2299 2389 Ecclesiae
2339 2334 2543 2390 unitate
2576 2343 3003 2404 perseverantes,
3033 2336 3147 2392 sive
3185 2336 3286 2393 sub
3330 2344 3413 2393 te-

1811 2426 2137 2483 stiﬁcatione
2181 2427 2415 2483 nominis
2460 2427 2659 2485 Christi
2717 2440 2968 2499 Ianquatn
3015 2429 3119 2485 sub
3168 2444 3260 2485 ara
3308 2431 3407 2487 Dei

1813 2536 1983 2592 usque
2026 2522 2091 2577 ad
2123 2530 2353 2578 mortem
2385 2522 2607 2579 viriliter
2637 2523 2977 2593 dimicantes,
3017 2524 3155 2580 sicut
3192 2525 3262 2582 de
3298 2527 3410 2583 Ma-

1811 2616 2049 2673 cltabzeis
2093 2617 2293 2673 dictum
2325 2627 2438 2684 est,
2479 2618 2580 2672 sub
2613 2626 2934 2674 testamento
2962 2617 3055 2674 Dei
3082 2635 3097 2672 :
3128 2618 3277 2677 Beati
3316 2633 3413 2676 au-

1814 2718 1920 2763 tem
1953 2709 2158 2763 mortui
2206 2709 2298 2779 qui
2328 2710 2382 2765 in
2430 2710 2656 2763 Domino
2698 2710 2891 2765 mettui
2922 2719 3065 2766 sunt.
3098 2710 3264 2768 Multo
3304 2712 3410 2769 ita-

1813 2816 1922 2872 que
1964 2801 2216 2871 amplius,
2251 2800 2342 2870 qui
2387 2809 2441 2856 et
2491 2801 2541 2856 in
2576 2800 2805 2857 Domino
2844 2802 3081 2858 scientes
3107 2816 3167 2858 se
3210 2802 3414 2861 habere

1818 2893 2042 2948 domum
2073 2907 2178 2949 non
2227 2891 2619 2959 mattufactam,
2651 2902 2912 2948 aeternam
2939 2892 2993 2948 in
3034 2893 3207 2960 oculis,
3256 2893 3412 2949 habi-

1811 2989 2067 3045 tationem
2099 3002 2251 3043 suam
2280 3002 2399 3059 qua:
2438 2986 2507 3043 de
2535 2986 2674 3043 coelo
2703 2996 2817 3056 εει,
2848 2988 3158 3059 superindui
3186 2989 3408 3059 cupien-

1811 3090 1892 3138 tes
1918 3080 2005 3152 (Il
2039 3081 2159 3135 Cor.
2191 3079 2269 3151 v),
2304 3090 2590 3150 propterea
2629 3080 2977 3151 interpellare
3015 3080 3283 3136 dicuntur.
3318 3081 3409 3137 Sic

1810 3182 1987 3230 autem
2020 3174 2121 3227 ista
2159 3172 2498 3241 conjiCtmus,
2533 3179 2590 3225 ut
2617 3185 2713 3242 per
2743 3171 2953 3226 Domini
2996 3172 3299 3240 passionem
3325 3172 3407 3226 in-

109 3284 281 3344 terr-te,
312 3285 367 3331 ut
408 3277 739 3333 interﬁceret
769 3278 965 3347 gladio,
996 3279 1130 3349 [ante
1169 3290 1215 3334 et
1256 3292 1418 3336 morte
1445 3258 1510 3336 eti
1533 3284 1703 3340 bestiis

1810 3267 1947 3324 ferni
1992 3260 2281 3338 gemitibus
2306 3264 2418 3335 jam
2464 3264 2674 3333 solutis,
2722 3274 3029 3320 sanctorum
3071 3265 3279 3322 animas
3310 3282 3405 3323 ve-

109 3382 206 3424 eos
246 3369 334 3440 qui
365 3378 489 3425 sunt
528 3369 583 3424 in
616 3378 778 3425 terra.
818 3370 945 3425 Duae
975 3379 1156 3440 partes
1201 3380 1327 3428 sunt
1371 3375 1427 3429 in
1474 3377 1697 3446 mundo,

109 3470 217 3522 tina
247 3466 339 3522 Dei
382 3476 435 3523 et
460 3467 625 3523 altera
655 3467 877 3523 diaboli.
907 3467 1012 3523 Sed
1038 3467 1237 3525 diaboli
1270 3471 1324 3525 in
1368 3479 1476 3529 tres
1516 3472 1702 3529 subdi-

114 3559 309 3615 viditur
338 3568 534 3631 partes,
564 3558 709 3615 intus
747 3574 810 3615 ac
840 3559 995 3629 foris,
1025 3561 1079 3616 id
1106 3570 1218 3629 est,
1251 3564 1542 3633 gentilitas,
1578 3566 1701 3622 falsi

118 3652 322 3718 fratres,
347 3659 612 3721 etaperto
637 3665 824 3707 errore
851 3651 934 3708 vel
963 3651 1253 3708 schismate
1280 3655 1537 3723 separati.
1566 3655 1700 3713 Tres

118 3752 241 3800 sunt
282 3743 455 3814 itaque
503 3752 703 3813 partes,
747 3758 868 3813 qua:
910 3754 1098 3799 contra
1144 3760 1302 3800 unam
1344 3746 1598 3803 militant.
1644 3748 1697 3802 in

120 3852 219 3909 qua
249 3850 383 3892 nunc
422 3844 667 3907 quartam
698 3836 813 3892 dari
868 3836 1113 3907 praedixit
1161 3846 1502 3908 potestatem.
1551 3841 1699 3899 Hanc

122 3930 245 3987 dicit
274 3929 595 3998 Ecclesiam,
624 3945 731 4000 qua
758 3944 823 3985 ex
867 3938 1016 3999 parte
1053 3931 1299 3987 consistit
1339 3934 1503 3989 variis
1532 3935 1700 3991 maleo

125 4036 233 4078 rum
260 4020 443 4093 gladiis
471 4019 851 4076 exercendam.
880 4019 1035 4086 Quod
1070 4021 1230 4077 etiam
1265 4023 1318 4077 in
1348 4040 1573 4080 numero
1609 4040 1699 4082 co-

125 4112 473 4186 gnoscendum
512 4117 598 4169 est
625 4111 971 4181 angelorum,
1003 4121 1059 4166 ut
1105 4121 1292 4167 contra
1333 4129 1502 4169 unum
1544 4130 1698 4171 eum-

128 4209 338 4278 dcmque
375 4206 574 4263 bonum
620 4212 729 4261 tres
771 4218 838 4259 ex
885 4203 1115 4261 adverso
1164 4205 1334 4262 malos
1377 4217 1696 4278 epponeret.

130 4299 255 4357 Cum
283 4298 453 4371 gladio
484 4296 698 4365 rufum,
730 4295 1025 4353 secundum
1058 4310 1181 4353 cum
1212 4305 1412 4355 statera
1450 4300 1695 4371 nigrum,

134 4400 329 4456 tertium
358 4408 485 4451 vero
511 4391 702 4448 mortis
735 4392 890 4462 signo
918 4391 1231 4461 pallentem,
1261 4392 1439 4461 gladio
1466 4392 1695 4462 bellum,

137 4494 278 4562 nigro
305 4490 526 4555 famem,
560 4486 798 4557 pallente
827 4486 1151 4542 denuntians
1187 4494 1437 4543 mortem.
1480 4487 1546 4542 Et
1575 4502 1695 4544 cum

134 4581 338 4653 sbtgulis
364 4581 542 4651 plagas
572 4580 883 4651 deputaret,
916 4580 1132 4651 insuper
1166 4588 1220 4637 et
1246 4580 1365 4652 ipso
1398 4582 1579 4649 tertio,
1616 4585 1695 4639 vel

1805 3359 1923 3417 nire
1961 3358 2095 3415 ultra
2138 3357 2205 3413 ad
2237 3356 2435 3412 inferos
2463 3371 2569 3412 non
2596 3365 2865 3427 putemus.
2907 3355 3061 3424 Quod
3102 3356 3189 3413 hic
3215 3358 3392 3427 aptius

1804 3451 2097 3521 signiﬁcari
2127 3458 2274 3521 puto,
2322 3458 2380 3504 ut
2424 3448 2491 3503 ad
2523 3447 2932 3504 similitudinem
2974 3448 3185 3505 Veteris
3212 3448 3403 3505 Testa-

1807 3544 2003 3610 menti,
2034 3543 2120 3597 ubi
2149 3542 2378 3596 interius
2423 3554 2515 3595 ara
2544 3554 2707 3595 aurea
2736 3540 2904 3595 fuisse
2929 3539 3274 3607 describitur,
3305 3540 3398 3598 hic

1808 3651 1900 3707 per
1950 3633 2317 3690 memorabilis
2348 3648 2456 3688 arae
2486 3631 2805 3688 vocabulum
2836 3639 3193 3703 cognoscatur
3238 3632 3402 3689 intel-

1804 3729 2031 3785 lectualc
2056 3738 2353 3795 secretum,
2383 3728 2528 3782 velut
2554 3727 2812 3782 interiora
2837 3725 3035 3781 Sancta
3059 3734 3395 3797 sanctorum,

1806 3820 1859 3876 in
1888 3837 1992 3891 qua
2026 3821 2111 3876 hic
2140 3820 2361 3890 pignore
2401 3819 2589 3874 salutis
2632 3828 2876 3888 accepto,
2910 3819 3181 3890 peregrini
3223 3820 3404 3890 suspi-

1803 3926 1947 3987 rant,
1970 3917 2228 3973 habentes
2254 3930 2407 3986 spem
2434 3915 2577 3971 sicut
2602 3913 2897 3969 anchoram
2918 3915 3114 3969 animos
3142 3920 3314 3969 tutam
3341 3928 3405 3970 ac

1802 4010 2043 4073 ﬁrmam.
2074 4018 2129 4065 ct
2166 4008 2501 4064 incedentem
2544 4021 2717 4078 usque
2754 4006 2823 4061 ad
2874 4006 3132 4063 interiora
3172 4006 3400 4064 velami-

1802 4105 1912 4170 nis,
1946 4104 2037 4159 ubi
2070 4117 2169 4172 pro
2200 4102 2356 4157 nobis
2400 4116 2706 4171 praecursor
2748 4100 2990 4157 introivit
3031 4100 3212 4170 Iesus,
3249 4101 3403 4170 juxta

1802 4194 2047 4265 Apostoli
2070 4193 2271 4249 dictum
2301 4192 2489 4264 (Hebr.
2514 4193 2610 4264 vt),
2643 4193 2837 4264 quisic
2868 4195 3167 4249 intentione
3194 4192 3398 4249 Christi

1802 4288 2106 4346 insinuabat
2124 4289 2430 4358 praesentia,
2446 4296 2503 4341 ut
2523 4294 2817 4355 exponeret
2835 4285 3077 4354 ﬁgurata.
3104 4283 3401 4355 Usquequo,

1802 4381 2020 4436 Domine
2043 4390 2251 4435 sanctus
2280 4388 2327 4433 et
2358 4395 2537 4441 verus,
2569 4393 2673 4432 non
2703 4377 2917 4450 judicas
2945 4384 2993 4432 et
3037 4393 3141 4432 non
3174 4377 3403 4433 vindicas

1800 4475 2102 4545 sanguinem
2124 4480 2349 4526 nostrum
2380 4472 2442 4526 de
2469 4469 2548 4524 his
2576 4470 2664 4537 qui
2690 4469 2742 4523 in
2767 4468 2926 4526 terris
2953 4467 3221 4523 habitant?
3248 4467 3401 4537 Quod

1803 4585 1908 4626 non
1938 4566 2143 4624 carnali
2190 4579 2353 4623 sensu
2384 4563 2714 4621 credendum
2758 4572 2870 4631 est,
2918 4563 3262 4621 animositate
3303 4577 3401 4621 eos

138 4692 228 4749 per
254 4677 414 4744 ipsum
444 4674 619 4730 omnia
652 4675 985 4731 numerando
1026 4674 1272 4745 ρτεεάῑείι
1302 4675 1476 4731 mium
1518 4676 1703 4749 plaga-
1733 4655 1786 4717 D
1810 4660 2029 4719 ultionis
2055 4657 2310 4725 accendi,
2337 4672 2459 4714 cum
2483 4654 2553 4711 ab
2580 4656 2662 4713 eis
2690 4654 2779 4711 hic
2809 4654 3035 4749 positis,
3053 4669 3149 4726 per
3177 4653 3398 4713 affluen-

140 4784 275 4835 rum,
308 4768 506 4837 adjecto
546 4768 763 4824 nomine
800 4768 1113 4824 bestiarum.
1160 4768 1226 4824 Et
1266 4769 1385 4841 quia
1416 4769 1579 4826 etiam
1625 4771 1703 4828 sic

139 4862 293 4918 latere
330 4858 523 4931 possit,
557 4869 735 4914 utrum
762 4858 989 4931 simplex
1017 4861 1088 4915 sit
1116 4876 1183 4916 an
1216 4861 1440 4933 figurata
1481 4862 1697 4931 locutio,

142 4970 202 5014 eo
227 4952 352 5025 quod
379 4952 587 5023 gladius
627 4959 684 5007 et
720 4953 932 5018 corpori
966 4954 1191 5010 visibilis
1229 4965 1285 5011 et
1312 4957 1503 5013 animae
1530 4958 1703 5016 soleat

144 5046 368 5117 Spiritalis
410 5044 633 5111 inferri;
672 5044 750 5100 sic
798 5044 961 5101 ctiam
1010 5045 1077 5101 de
1117 5045 1284 5113 fame,
1332 5056 1509 5104 utrum
1552 5052 1703 5107 verbi

149 5140 334 5199 Domini
358 5154 421 5194 an
448 5137 691 5208 corporis
717 5144 1066 5206 memoretur,
1097 5139 1191 5194 sed
1214 5141 1373 5196 etiam
1404 5142 1471 5199 de
1502 5154 1697 5213 morte,

151 5243 307 5291 utrum
345 5231 619 5287 animabus
647 5238 881 5298 aeterna,
912 5246 980 5288 an
1008 5246 1295 5304 corporum
1327 5245 1701 5296 momentanea

154 5326 230 5382 hic
267 5325 508 5391 minetur,
552 5322 724 5379 claret
770 5332 947 5380 tamen
994 5325 1141 5381 illam
1183 5335 1429 5397 quartam
1474 5328 1701 5398 bonam,

155 5418 228 5475 cui
258 5426 348 5473 tres
388 5416 690 5473 econtrario
720 5415 892 5472 malos
924 5418 1177 5488 opponit,
1217 5418 1301 5475 his
1341 5423 1594 5479 omnibus
1624 5424 1703 5479 vi-

156 5510 363 5567 sibilibtts
385 5509 747 5579 temporalitcr
777 5511 1241 5578 persecutionibus
1267 5514 1537 5569 exerceri.
1571 5514 1703 5571 Nam

158 5606 198 5662 li
234 5603 308 5675 qui
342 5602 623 5661 secundum
672 5605 1008 5673 propositum
1054 5607 1344 5663 voluntatis
1394 5608 1489 5665 Dei
1533 5612 1705 5665 vocati

161 5705 267 5757 sunt
295 5696 491 5770 (Epiros.
518 5695 583 5766 ι),
614 5696 668 5752 in
709 5696 1001 5755 electorum
1043 5699 1380 5769 plenitudine
1432 5717 1709 5770 permane-

165 5795 299 5864 bunt,
326 5791 613 5867 prmsertim
638 5791 779 5847 circa
809 5807 946 5862 quos
970 5794 1133 5850 illaesa
1164 5795 1371 5851 servari
1402 5796 1573 5851 voluit
1598 5796 1709 5852 vini

165 5899 211 5950 et
242 5888 328 5947 olei
361 5891 716 5961 sacramenta,
761 5884 1027 5945 dicendo;
1072 5887 1261 5949 Vinum
1305 5896 1360 5948 et
1406 5888 1590 5949 oleum
1639 5904 1709 5949 ne
1767 5951 1771 5956 ,

1811 4754 1939 4813 tiam
1990 4752 2269 4810 charitalis
2323 4750 2570 4807 inimicos
2625 4764 2839 4821 quoque
2890 4747 3041 4820 diligi
3090 4749 3400 4805 noverimus

1808 4851 2015 4923 (Marc.
2045 4852 2134 4921 v),
2178 4849 2275 4907 sed
2313 4864 2408 4907 eos
2449 4846 2792 4905 manifestum
2834 4855 2919 4905 est
2955 4854 3142 4903 contra
3187 4847 3395 4917 peccati

1807 4969 2032 5025 regnum
2062 4967 2270 5019 orasse,
2299 4959 2353 5006 et
2392 4950 2518 5006 talia
2559 4949 2702 5005 illius
2731 4947 2883 5020 regni
2913 4946 3184 5003 desiderio
3214 4954 3403 5017 postu-

1802 5046 1977 5113 lasse,
2030 5046 2098 5102 de
2150 5059 2258 5117 quo
2311 5043 2539 5100 dicimus
2585 5060 2598 5097 :
2647 5041 2909 5100 Adveniat
2967 5055 3190 5111 regnum
3251 5048 3399 5096 tuum

1814 5141 2033 5215 (Matth.
2058 5139 2157 5212 v1).
2186 5139 2253 5197 Et
2297 5139 2399 5194 hoc
2442 5138 2520 5194 eis
2561 5136 2756 5193 divina:
2796 5135 3076 5205 sapientia
3120 5132 3405 5204 praesentia

1810 5233 2159 5303 intelligimus
2192 5229 2519 5297 revelatum,
2564 5229 2709 5300 quod
2750 5236 2807 5284 et
2854 5227 3001 5297 impii
3042 5236 3245 5283 aeterna
3294 5226 3404 5283 sint

1807 5323 2193 5382 inevitabiliter
2221 5334 2379 5392 pmna
2409 5319 2712 5392 plectendi,
2742 5326 2799 5375 et
2826 5332 2997 5390 usque
3026 5319 3081 5373 in
3112 5317 3273 5374 ﬁnem
3300 5330 3403 5373 saa-

1809 5416 1914 5475 culi
1963 5415 2110 5472 fonte
2158 5412 2397 5471 coelestia
2450 5411 2639 5483 gratia:
2692 5408 3021 5481 profluente,
3072 5409 3226 5465 multi
3275 5417 3403 5465 sunt

1809 5510 1984 5567 adhuc
2010 5516 2316 5565 sanctorum
2346 5514 2640 5577 martyrum
2681 5504 2953 5561 consortio
2992 5502 3251 5561 sociandi.
3282 5502 3402 5571 Quo

1812 5605 1900 5663 isti
1930 5613 2152 5673 accepto
2195 5616 2482 5673 responso,
2515 5600 2865 5657 inenarrabili
2908 5599 3091 5655 laetitia
3120 5597 3403 5655 cumulan-

1817 5705 1923 5766 tur,
1953 5713 2112 5769 quam
2141 5695 2295 5751 stolis
2323 5695 2460 5750 albis
2488 5703 2636 5751 recte
2666 5694 2935 5752 credimus
2966 5694 3266 5765 ﬁguratam.
3300 5693 3405 5749 Ac-

1818 5796 2075 5863 ceperunt
2114 5802 2241 5860 crgo
2289 5786 2482 5858 singuli
2530 5792 2695 5843 stolas
2742 5786 2913 5855 albas,
2964 5784 3015 5841 id
3060 5794 3172 5853 est,
3203 5792 3262 5839 ut
3308 5796 3404 5854 per

1819 5884 2094 5948 cbaritatis
2136 5880 2554 5957 perfectionem,
2586 5896 2705 5954 quae
2733 5896 2827 5953 per
2872 5878 3128 5953 Spiritum
3159 5885 3405 5937 saeuum
