3968 6354
592 381 700 441 839

1692 370 1995 431 PRIMASII
2037 368 2493 429 ADRUME’I’ANI
2533 365 2749 427 EPISC.
3814 366 3885 423 ιιι)

587 494 893 555 infunditur
937 495 995 552 in
1036 490 1200 551 corda
1243 489 1573 549 credentium
1597 531 1613 557 ,
1666 484 1768 545 hac
1808 489 2176 544 consolatione
2204 492 2256 550 Α
2280 495 2409 543 test.
2440 486 2572 540 Nam
2600 484 2742 555 quod
2784 483 3066 551 evolvitur,
3095 482 3367 539 detectum
3424 480 3714 552 protinus
3742 477 3879 539 dedi.

586 593 826 650 Contenti
862 591 960 661 ipsi
1013 588 1237 643 mallent
1288 602 1384 655 pro
1428 595 1748 639 cancrorum
1796 597 2022 637 numero
2071 583 2184 637 fra-

588 696 729 744 trum
762 684 1056 754 supplendo
1085 680 1311 736 difi‘erri.
1354 680 1504 747 Quod
1536 679 1680 733 enim
1712 692 1807 747 per
1853 678 2180 733 benevolen-

588 781 715 836 tiam
747 781 885 835 votis
914 787 1105 848 gerunt
1149 775 1410 830 divinitus
1442 773 1722 841 inspirati,
1772 771 2181 840 interpellantes

585 873 836 928 dicuntur
882 882 1141 938 responso
1188 866 1437 936 protinus
1485 862 1802 929 informari,
1833 878 1935 917 nec
1977 863 2055 916 fas
2100 871 2185 918 est

588 977 682 1019 eos
706 960 930 1017 credere
950 969 1139 1014 contra
1164 958 1257 1013 Dei
1284 966 1472 1012 nutum
1494 955 1785 1027 quidquam
1810 969 2031 1024 cupere,
2056 969 2180 1009 cum

586 1069 772 1112 eorum
799 1053 894 1107 des
920 1052 1071 1106 deria
1091 1068 1160 1106 ex
1184 1051 1302 1120 ejus
1329 1051 1599 1122 pendeant
1626 1048 1920 1103 voluntate.
1948 1046 2016 1101 Et
2038 1049 2181 1118 vidi,

584 1156 769 1200 etcum
799 1145 1078 1210 aperuisset
1115 1155 1319 1199 sextum
1362 1144 1605 1214 signum,
1638 1151 1684 1197 et
1722 1150 2044 1195 terrwmotus
2076 1158 2187 1195 ma-

585 1253 715 1306 gnus
746 1238 912 1306 factus
955 1245 1054 1301 est,
1082 1245 1128 1289 et
1169 1251 1285 1290 ecce
1320 1235 1399 1291 sol
1438 1238 1604 1304 {actus
1631 1247 1704 1291 est
1733 1238 1875 1308 niger
1918 1246 1977 1290 ut
2007 1249 2185 1289 saccus

586 1327 842 1383 cilicinus.
874 1327 1043 1385 Sexto
1068 1330 1222 1400 signo
1254 1338 1403 1384 sexta
1431 1339 1563 1384 retas
1588 1330 1934 1399 cognoscitur
1960 1329 2180 1399 mundi,

585 1420 729 1475 circa
779 1420 933 1491 cujus
984 1420 1146 1476 linem
1189 1421 1483 1477 novissima
1534 1422 1836 1490 persecutio
1878 1423 2182 1491 nuntiatur,

585 1515 739 1585 cujus
780 1517 1084 1571 vehementi
1114 1516 1316 1585 impetu
1352 1525 1604 1585 tanquam
1644 1526 1953 1571 terrtemotu
2000 1518 2185 1571 orbem

574 1609 718 1665 dicit
764 1610 1074 1664 universum
1123 1611 1356 1665 concuti.
1388 1611 1480 1667 Sol
1527 1622 1581 1667 et
1626 1610 1785 1679 luna,
1828 1611 2079 1667 Christus
2132 1619 2188 1667 et

588 1703 853 1769 Ecclesia,
885 1718 1046 1774 quam
1098 1706 1222 1774 quia
1264 1706 1559 1761 novissima
1597 1707 1977 1776 persecutione
2011 1707 2189 1763 territi

589 1798 743 1852 multi
775 1801 1069 1869 negabunt,
1100 1799 1221 1853 ideo
1251 1802 1330 1855 sol
1373 1801 1567 1856 dicitur
1595 1803 1900 1857 obscurari.
1937 1802 1994 1857 Si
2040 1803 2184 1857 enim
2222 1848 2223 1851 η

2287 592 2458 638 ratur.
2484 582 2556 635 ita
2582 592 2635 635 et
2666 580 2780 636 hsce
2811 596 2930 634 cum
2975 581 3254 634 manifesta
3288 579 3477 634 fuerit
3532 582 3878 645 persecutione

2287 672 2548 737 discreta,
2576 673 2784 725 evitans
2814 671 3046 736 recedit,
3076 680 3131 724 ut
3160 670 3228 725 ab
3251 668 3571 724 extraneis
3602 669 3781 722 abdita
3806 687 3876 727 res

2284 764 2551 829 videatur,
2584 764 2683 817 sibi
2718 774 2921 817 tantum
2952 763 3028 834 (id
3070 772 3154 817 est
3195 764 3402 832 quibus
3452 776 3529 816 se
3575 762 3795 817 credere
3817 782 3872 833 ps-

2285 863 2425 926 test)
2472 873 2567 926 per
2613 852 3135 928 unitatem’spiritus
3180 859 3448 927 cognita,
3506 856 3809 925 incognitas
3842 876 3872 915 cz

2288 950 2615 1020 alienigenas
2661 950 2938 1019 praecavit,
2970 963 3137 1020 seque
3185 966 3281 1020 per
3322 949 3713 1005 discretionis
3755 955 3869 1019 spiti-

2289 1051 2433 1108 tum,
2476 1058 2542 1097 ne
2574 1043 2844 1098 intellecta
2890 1043 3205 1114 prodeatur,
3235 1043 3532 1100 occultat.
3588 1041 3727 1096 Hinc
3762 1042 3868 1099 leas-

2291 1151 2388 1191 nes
2414 1153 2426 1189 :
2457 1136 2632 1191 Nolite
2673 1137 2819 1191 omni
2850 1137 3059 1207 spiritui
3090 1138 3341 1203 credere,
3374 1136 3496 1192 sed
3548 1136 3770 1205 probate
3802 1142 3862 1205 sp

2290 1230 2425 1286 ritus
2455 1231 2496 1283 si
2539 1247 2568 1284 a
2619 1231 2727 1285 Deo
2770 1232 2878 1285 sint
2924 1230 2972 1302 (Ι
3008 1232 3166 1284 Joan.
3193 1231 3292 1301 tv).
3346 1229 3429 1283 Et
3466 1230 3657 1283 omnis
3695 1247 3809 1283 mons
3835 1244 3859 1283 εὶ

2288 1322 2471 1376 insula:
2499 1322 2562 1375 de
2592 1324 2713 1376 locis
2744 1325 2850 1377 suis
2881 1333 3028 1376 motae
3056 1332 3205 1390 sunt,
3235 1333 3283 1376 et
3324 1338 3498 1392 reges
3535 1332 3710 1387 terre,
3730 1334 3771 1374 et
3790 1340 3853 1375 me.

2290 1413 2561 1484 gistratus,
2590 1424 2634 1468 et
2665 1415 2882 1481 tribuni,
2910 1426 2957 1469 et
2985 1416 3188 1477 divites,
3217 1426 3263 1469 et
3296 1419 3506 1485 fortes,
3536 1424 3590 1466 et
3621 1415 3769 1467 omnis
3788 1433 3853 1465 ητα

2290 1520 2381 1559 vus
2421 1520 2465 1559 et
2497 1504 2642 1560 liber.
2678 1506 2851 1560 Etiam
2898 1507 3135 1561 Ecclesia
3182 1522 3279 1577 per
3302 1518 3574 1585 ruentes
3618 1517 3673 1561 et
3714 1507 3844 1561 iussis

2292 1596 2569 1664 ﬁguratur.
2601 1596 2718 1665 Ipsa
2743 1607 2825 1651 est
2853 1600 2994 1652 enim
3023 1599 3211 1653 civitas
3244 1613 3423 1669 super
3454 1609 3709 1653 montem
3737 1604 3841 1668 psic

2296 1688 2513 1759 (Matth.
2538 1689 2614 1757 v).
2651 1689 2878 1757 Propter
2917 1692 3059 1760 quod
3089 1692 3312 1762 legimus
3364 1690 3570 1762 (Psal.
3601 1700 3695 1755 xu)
3716 1710 3728 1744 :
3753 1692 3839 1746 llas

2293 1789 2374 1836 tes
2404 1782 2455 1836 in
2501 1782 2732 1836 circuitu
2761 1782 2908 1852 ejus;
2935 1792 2990 1837 et
3030 1780 3166 1849 (Isa.
3199 1784 3378 1852 utv),
3421 1782 3489 1838 In
3525 1784 3716 1839 insulis
3740 1788 3840 1838 maris

590 1894 931 1948 obscuratum
963 1902 1074 1958 est,
1105 1895 1272 1962 inquit
1303 1893 1388 1965 (II
1418 1893 1537 1949 Cor.
1564 1896 1661 1962 tv),
1700 1878 2061 1963 Evangelium'
2089 1910 2184 1948 no-

2295 1890 2494 1931 notnen
2529 1876 2739 1930 Domini
2790 1876 2885 1930 Dei
2929 1876 3115 1932 Israel.
3142 1878 3312 1943 Quam
3346 1876 3751 1946 persecutionis
3777 1880 3836 1931 ie-

589 1992 782 2051 strum,
798 1985 849 2039 in
872 1985 956 2039 his
975 1986 1061 2055 qui
1083 1996 1306 2054 pereunt
1326 1996 1407 2040 est
1425 1986 1751 2052 obvelatum,
1768 1985 1821 2040 in
1843 1985 2035 2055 quibus
2050 1986 2191 2043 Deus

596 2076 781 2130 smculi
834 2075 991 2145 hujus
1019 2077 1311 2131 exczecavit
1353 2087 1563 2133 mentes
1614 2078 1944 2146 inﬁdelium,
1979 2087 2040 2133 ut
2080 2094 2190 2134 non

587 2166 789 2236 fulgeat
817 2167 1137 2223 illuminatio
1169 2170 1444 2239 Evangelii
1475 2171 1661 2241 gloria:
1694 2152 1933 2239 Christi,
1965 2171 2059 2243 qui
2105 2179 2191 2227 est

586 2260 763 2331 imago
798 2262 909 2317 Dei.
954 2262 1090 2318 iiinc
1118 2263 1315 2318 dicitur
1346 2264 1560 2335 (Matth.
1590 2268 1738 2337 xxiv)
1769 2285 1783 2323 :
1820 2268 1894 2322 lta
1923 2276 1982 2322 ut
2020 2268 2074 2323 in
2104 2282 2189 2322 er-

587 2366 765 2407 rorem
809 2354 1147 2414 inducantur.
1179 2356 1224 2408 si
1255 2355 1370 2409 ﬁeri
1414 2363 1620 2424 potest,
1651 2356 1814 2410 etiam
1848 2357 2029 2412 electi.
2072 2357 2185 2413 Hoc

587 2445 750 2499 modo
794 2446 877 2499 sol
907 2445 1060 2514 niger
1084 2445 1281 2501 dicitur
1326 2448 1517 2515 factus,
1560 2455 1818 2517 tanquam
1864 2448 2068 2506 Christi
2100 2453 2189 2509 vel

589 2550 749 2605 opera
780 2538 1045 2604 potentia,
1080 2537 1166 2591 vel
1197 2538 1439 2595 doctrina
1469 2542 1836 2609 temporaliter
1866 2542 2186 2613 obscurata',

588 2628 674 2682 vel
703 2627 1015 2683 defensione
1044 2628 1239 2695 dilata,
1270 2646 1390 2685 cum
1423 2632 1571 2702 impii
1608 2634 1660 2687 in
1700 2644 1919 2690 sanctos
1947 2638 2188 2705 grassari

589 2722 856 2778 sinuntur.
888 2723 1023 2778 Hinc
1056 2724 1316 2792 prOpheta
1342 2726 1569 2795 (llabac.
1600 2727 1641 2797 ι)
1670 2745 1683 2782 ;
1716 2728 2094 2785 Dissimulabis
2131 2732 2185 2786 in

590 2815 711 2881 hoc,
743 2825 801 2869 ut
841 2815 1097 2887 deglutiat
1144 2817 1339 2885 impius
1380 2818 1622 2888 juStum?
1667 2819 1742 2875 De
1788 2822 1905 2890 ipso
1954 2824 2187 2894 denique

589 2908 804 2963 Christo
850 2909 1071 2978 legimus
1118 2910 1273 2979 (Luc.
1297 2911 1395 2977 tt):
1430 2911 1569 2966 Ecce
1606 2914 1811 2981 positus
1860 2924 1944 2969 est
1993 2915 2079 2969 hic
2128 2918 2184 2973 in

590 3003 797 3055 ruinam
823 3010 877 3056 et
905 3003 957 3054 in
985 3002 1433 3057 resurrecdonent
1463 3004 1749 3057 multorum
1768 3044 1784 3071 ,
1809 3014 1863 3059 et
1893 3006 1944 3060 in
1972 3008 2185 3078 signum

590 3094 675 3148 cui
707 3093 1128 3148 contradicetur.
1160 3094 1218 3148 In
1246 3095 1361 3163 ipso
1386 3096 1518 3151 certi
1541 3097 1816 3165 capientes
1840 3094 2148 3166 profectum
2167 3142 2185 3172 ,

590 3198 618 3237 a
646 3199 753 3254 quo
784 3184 871 3238 alii
913 3187 1117 3253 aversi,
1149 3187 1427 3242 incurrunt
1457 3188 1747 3243 defectum.
1784 3190 1932 3246 Luna
1975 3191 2028 3247 in
2060 3209 2185 3249 san-

2295 1967 2451 2038 pulsu
2497 1967 2701 2021 moveri
2755 1966 2874 2022 loco
2925 1970 3266 2037 prasnuntiat.
3324 1970 3390 2023 In
3439 1981 3679 2040 utraque
3722 1982 3833 2023 antes

2298 2069 2451 2129 parte
2481 2059 2653 2130 accipi
2685 2068 2884 2129 potest,
2916 2060 2970 2115 in
3015 2060 3169 2117 bonis
3198 2062 3417 2118 scilicet
3467 2079 3760 2133 praecavens
3787 2062 3832 2117 it-

2296 2152 2496 2223 giendo
2526 2162 2795 2221 movetur,
2827 2154 2883 2208 in
2913 2154 3069 2210 malis
3098 2170 3249 2222 vero,
3282 2156 3507 2226 perﬁda
3548 2158 3828 2211 voluntate'n

2293 2250 2534 2307 deterius
2564 2261 2709 2305 mota
2732 2253 3086 2317 convertitur,
3111 2251 3247 2306 sicut
3274 2251 3419 2306 dicit
3450 2250 3639 2322 (Apoc.
3663 2251 3827 2323 ωειδ-

2297 2345 2435 2400 vebo
2478 2344 2861 2400 candelabrum
2893 2352 3041 2399 tuum
3082 2344 3151 2400 de
3197 2344 3317 2400 loco
3346 2360 3484 2400 suo.
3521 2345 3673 2415 Reges
3707 2356 3827 2406 ιεπε,

2294 2448 2543 2509 potentes
2575 2438 2892 2507 accipimus,
2919 2438 3142 2494 idoneos
3171 2438 3376 2494 scilicet
3401 2438 3611 2508 judicio
3632 2454 3719 2517 sua
3739 2439 3828 2490 dis-

2290 2530 2547 2586 cretionis
2604 2540 2753 2586 certo
2816 2530 3131 2587 subsistere.
3184 2530 3569 2603 Magistratus,
3608 2530 3751 2582 tribuni
3785 2542 3823 2581 et

2293 2622 2470 2675 divites
2500 2630 2547 2675 et
2595 2623 2776 2691 fortes,
2811 2622 2909 2676 hos
2954 2636 3144 2677 omnes
3185 2637 3282 2692 pro
3322 2623 3637 2678 diversitate
3668 2618 3823 2674 cilicio-

2291 2728 2411 2768 rum
2441 2721 2495 2768 et
2522 2714 2777 2782 qualitate
2813 2712 3008 2768 virium
3038 2712 3152 2767 vult
3180 2712 3435 2783 intelligi,
3480 2714 3756 2781 nullumque
3778 2710 3819 2763 ab

2291 2805 2437 2861 illius
2464 2806 2855 2875 persecutionis
2878 2807 3123 2861 molestia
3151 2805 3391 2875 prtedicit
3412 2807 3663 2868 alienum,
3687 2818 3825 2871 quam-

2292 2898 2374 2952 vis
2406 2899 2701 2953 electorum
2733 2913 3016 2954 numerum
3056 2898 3232 2952 nullus
3271 2898 3466 2952 dubitet
3501 2894 3823 2950 liberandum.

2293 2988 2360 3044 Et
2390 2992 2551 3044 omnis
2592 3007 2760 3045 servus
2788 3000 2833 3045 et
2884 2992 3031 3045 liber.
3061 2991 3223 3045 Liber
3255 3006 3280 3043 a
3320 2988 3512 3043 vinculo
3546 2984 3827 3055 conjugaii,

2289 3098 2478 3140 servus
2527 3091 2703 3138 autem
2733 3083 2984 3153 conjugio
3034 3083 3310 3153 copulatus
3349 3080 3659 3150 agnoscitur.
3709 3076 3822 3129 Abs-

2290 3176 2572 3231 conderunt
2618 3193 2669 3230 se
2697 3177 2750 3229 iu
2799 3176 3053 3247 speluncis
3094 3184 3141 3229 et
3174 3175 3238 3255 in_
3273 3173 3425 3245 petris
3476 3172 3731 3242 montium,
3757 3168 3818 3222 di-

592 3278 830 3347 guinem,
860 3278 1152 3333 Ecclesia,“
1179 3280 1335 3336 εοιίιο
1356 3283 1586 3351 amplius
1609 3299 1706 3353 pro
1728 3283 1941 3339 Christo
1967 3288 2179 3356 sangui-
2204 3269 2251 3334 C
2285 3277 2469 3323 centes
2492 3268 2743 3321 orantibus
2764 3275 2809 3322 et
2830 3268 3025 3338 petris:
3048 3264 3222 3320 Caditc
3242 3281 3390 3333 super
3414 3281 3503 3318 nos
3526 3262 3660 3332 (Luc.
3685 3259 3810 3327 nui),

594 3382 715 3421 nem
758 3368 977 3426 fundere
1010 3363 1367 3439 praedicatur?
1385 3388 1577 3441 magno
1618 3377 2049 3444 persecutionum
2096 3377 2179 3432 in-

593 3461 880 3516 cumbente
908 3463 1134 3532 fragore.
1152 3464 1423 3535 Sanguine
1450 3468 1628 3535 itaque
1648 3482 1769 3533 suo,
1794 3483 1898 3522 non
1921 3471 2180 3540 sanguine

593 3551 787 3618 alieno,
818 3554 956 3608 sicut
988 3555 1077 3609 ille
1123 3557 1273 3610 rufus
1299 3573 1487 3626 equus,
1519 3559 1699 3613 alieno
1730 3560 1878 3613 rufus
1909 3560 2179 3617 describi—

594 3650 681 3697 tur
709 3645 987 3714 sauguine.
1033 3647 1210 3701 Stella:
1238 3649 1528 3703 ceciderunt
1570 3651 1620 3704 in
1673 3661 1857 3705 terram
1900 3634 1971 3706 eo
2019 3655 2180 3710 modo

594 3749 699 3803 quo
727 3736 856 3801 ﬁcus
888 3746 1032 3788 vento
1075 3752 1258 3805 magno
1304 3740 1527 3809 agitata,
1562 3742 1759 3794 amittit
1787 3743 2011 3797 acerbos
2064 3744 2178 3799 fru-

594 3833 713 3877 ctus
742 3842 880 3878 suos.
913 3826 992 3880 Illi
1048 3826 1417 3896 significantur
1448 3832 1499 3884 in
1550 3831 1858 3901 stellis,’qui
1900 3834 1953 3887 in
1988 3836 2174 3891 Eccle-

594 3914 696 3978 sia,
724 3930 843 3969 cum
868 3915 936 3969 de
962 3917 1256 3972 electorum
1282 3918 1504 3975 numero
1529 3922 1596 3976 ab
1618 3924 1867 3978 omnibus
1896 3927 2142 3981 mstimati
2160 3972 2175 3999 ,

595 4010 843 4065 videntur
873 4014 1238 4080 temporaliter
1283 4017 1544 4082 eminere,
1586 4019 1733 4073 rabie
1772 4033 1947 4077 tamen
1998 4039 2181 4093 perse-

594 4104 823 4158 cutionis
853 4105 1027 4159 acrius
1074 4106 1435 4176 incumbente,
1480 4110 1546 4165 de
1596 4114 1829 4168 culmine
1872 4126 2043 4171 status
2094 4118 2178 4173 sui

597 4205 845 4267 tanquam
875 4198 937 4252 de
969 4199 1091 4254 caelo
1121 4200 1315 4257 cadere
1344 4203 1710 4271 perhibentur,
1737 4208 1879 4278 quod
1916 4210 2177 4268 Dominus

592 4293 647 4347 in
679 4292 969 4361 Evangelio
1001 4296 1348 4362 praenuntiat,
1377 4294 1561 4351 dicens
1589 4297 1807 4366 (Matth.
1840 4302 1989 4375 xxrv)
2018 4322 2030 4357 :
2065 4305 2178 4363 Erit

593 4396 771 4440 autem
804 4387 1076 4442 tribulatio
1102 4387 1277 4458 qualis
1308 4403 1576 4458 nunquam
1612 4390 1710 4446 fuit
1746 4408 1921 4464 neque
1951 4398 2072 4452 erit.
2111 4400 2180 4455 Et

597 4480 700 4535 nisi
731 4480 955 4535 breviati
990 4482 1216 4537 fuissent
1238 4482 1353 4539 dies
1382 4484 1488 4553 illi,
1514 4502 1618 4542 non
1651 4488 1801 4544 fieret
1828 4493 1973 4547 salva
2003 4495 2179 4551 omnis

596 4584 746 4633 caro,
779 4572 874 4625 sed
918 4584 1138 4640 propter
1180 4575 1383 4632 electos
1424 4579 1881 4640 abbreviabuntur
1924 4586 2041 4643 dies
2079 4589 2176 4645 illi.

596 4661 860 4718 Arborem
889 4663 1179 4721 Ecclesiam
1212 4669 1386 4737 ponit;
1417 4669 1620 4727 fructus
1644 4677 1889 4743 acerbos,
1916 4696 2051 4747 quos
2077 4686 2182 4740 alia
2210 4664 2264 4727 Ῑ)

598 4756 877 4811 translatio
913 4771 1131 4827 grossos
1157 4759 1305 4831 dicit,
1353 4762 1636 4832 homines;
1670 4770 1813 4825 venti
1859 4776 2183 4843 exagitatio—

600 4863 752 4912 nem,
787 4851 1173 4916 persecutionis
1203 4855 1617 4910 commotionem
1637 4900 1651 4925 ,
1688 4874 1782 4927 per
1810 4876 1991 4931 quam
2013 4866 2207 4933 homi-f

598 4952 696 4996 nes
723 4941 998 5007 concussi,
1032 4943 1099 4998 ab
1148 4943 1387 4998 Ecclesia
1435 4945 1781 5005 divelluntur.
1830 4952 2052 5025 Proprie
2082 4973 2180 5015 au-

600 5039 706 5087 tem
752 5035 961 5089 acerbis
1011 5035 1127 5093 fieri
1177 5039 1438 5101 fructibus
1483 5062 1878 5120 comparantur,
1930 5054 2045 5110 sive
2088 5070 2184 5119 pro

599 5122 936 5220 inﬁdelitate,
970 5145 1127 5198 quam
1158 5138 1405 5193 conversi
1438 5140 1489 5195 in
1527 5158 1709 5200 arcum
1751 5163 1971 5217 pravum
2007 5148 2181 5220 (Psal.

604 5215 829 5320 ιχχνιι),
875 5221 1060 5278 relicta
1099 5228 1305 5283 malunt
1350 5232 1453 5287 fide
1494 5215 1767 5307 repetere;
1814 5241 1926 5296 sive
1971 5215 2187 5313 propter

602 5322 1041 5405 immaturttatem
1077 5324 1356 5391 temporis,
1392 5342 1486 5396 per
1515 5346 1673 5399 quam
1705 5337 1927 5405 contigit
1968 5346 2027 5391 ut
2063 5356 2186 5396 cum

601 5395 814 5455 felicem
865 5419 1049 5460 eorum
1105 5409 1343 5469 Ecclesia
1391 5421 1742 5487 concipiendo
1781 5395 2053 5492 quicsierit
2100 5412 2205 5487 or-‘

603 5500 745 5589 tum,
780 5496 980 5589 infelici
1020 5508 1195 5559 tamen
1231 5522 1425 5564 eventu
1472 5513 1703 5571 ﬂebilem
1734 5519 1800 5572 de
1829 5521 1907 5575 eis
1954 5525 2185 5589 patiatur

602 5584 867 5642 abortum.
901 5588 971 5646 Et
1007 5595 1189 5651 coelum
1231 5604 1433 5656 recessit
1478 5614 1534 5659 ut
1577 5607 1704 5662 liber
1730 5625 1851 5664 cum
1899 5584 2179 5673 evolvitur.

604 5673 771 5770 i’tecte
794 5682 987 5738 coelum
1018 5686 1094 5757 (id
1133 5700 1217 5745 est
1247 5694 1567 5770 Ecclesium)
1605 5710 1662 5755 ut
1700 5704 1966 5759 evolutum
1993 5717 2048 5763 et
2077 5726 2184 5769 non

606 5763 902 5868 involutum
931 5776 1123 5836 librum
1153 5783 1386 5843 insinuat
1407 5792 1717 5850 recessisse.
1745 5794 2009 5868 Quidquid
2037 5804 2184 5860 enim
2272 5798 2273 5801 “

605 5853 770 5920 luerit
817 5862 1115 5930 involutum
1152 5882 1370 5948 agnosci
1399 5898 1431 5951 a
1456 5899 1724 5959 quoquam
1751 5853 2184 5971 tiullaleiius

2284 3370 2332 3414 ct
2359 3358 2648 3413 abscondite
2687 3374 2778 3412 nos
2818 3375 2849 3411 a
2881 3358 3012 3428 {acie
3058 3359 3279 3412 sedentis
3324 3373 3479 3426 super
3528 3356 3807 3415 throuum,et

2284 3464 2346 3517 ab
2376 3463 2454 3516 ira
2484 3461 2642 3533 Agui,
2673 3461 2915 3531 quoniam
2944 3460 3077 3515 venit
3117 3460 3225 3514 dies
3255 3475 3477 3530 magnus
3508 3460 3593 3513 ira:
3629 3458 3737 3525 ejus.
3759 3450 3803 3504 [Ι

2284 3556 2393 3625 quis
2436 3555 2617 3625 poterit
2661 3562 2797 3607 stare
2844 3562 2967 3608 ante
3013 3553 3195 3608 illum?
3238 3552 3542 3621 Speluncas
3585 3561 3795 3621 petrasque

2285 3648 2545 3703 montium
2590 3648 2974 3701 convenienter
3019 3644 3363 3714 intelligimus
3396 3643 3530 3699 ﬁdei
3567 3640 3798 3697 Christianas

2285 3740 2509 3809 relugia.
2542 3740 2812 3807 Scriptum
2843 3748 2925 3794 est
2954 3738 3096 3793 enim
3132 3737 3312 3808 (Prov.
3346 3736 3551 3808 χχιιι)
3576 3734 3796 3809 ενιέριιεευ-

2284 3834 2366 3889 lus
2395 3834 2542 3901 plebs
2571 3832 2800 3887 invalida
2831 3832 3060 3887 collocat
3100 3832 3153 3885 in
3201 3840 3355 3900 petra
3401 3831 3586 3884 cubile
3617 3825 3713 3882 sibi:
3736 3818 3794 3874 cui

2283 3933 2461 3990 sensui
2494 3934 2726 4001 psalmus
2764 3933 3027 3998 concinit,
3060 3932 3244 3987 dicens
3275 3931 3457 4002 (Psal.
3487 3932 3599 4003 cm)
3625 3948 3637 3982 :
3661 3927 3797 3982 ilontes

2283 4026 2528 4081 altissimi
2563 4030 2760 4092 cervis,
2795 4039 2943 4095 petra
2992 4027 3251 4096 refugium
3296 4027 3578 4083 erinaceis
3602 4036 3645 4082 et
3668 4018 3799 4088 lepoti-

2283 4119 2404 4175 bus.
2435 4120 2534 4178 Ubi
2580 4120 2741 4174 etiam
2794 4120 3081 4188 praecelsos
3109 4120 3163 4174 in
3212 4119 3462 4175 Ecclesia
3508 4114 3797 4189 cognoscimus

2283 4224 2544 4278 montium
2592 4223 2854 4277 vocabulo
2908 4223 3213 4292 designari,
3268 4236 3497 4291 prepter
3564 4223 3797 4279 eminentem

2285 4317 2524 4372 scientia:
2581 4315 2902 4371 charitatetn
2952 4314 3155 4369 Christi
3209 4314 3389 4386 (Phil.
3432 4318 3553 4385 ιιι).
3599 4316 3675 4370 llos
3708 4322 3802 4379 ergo

2288 4424 2430 4464 nunc
2475 4407 2690 4480 fragore
2735 4409 3126 4478 persecutionis
3160 4418 3381 4477 urgente
3427 4410 3695 4465 consulunt
3724 4417 3804 4472 pu-

2288 4504 2431 4572 vuli,
2461 4502 2771 4557 muniminis
2803 4502 3036 4557 remedia
3073 4508 3465 4573 perquirentes,
3500 4505 3661 4559 ﬁrme
3696 4509 3802 4569 pett!

2288 4596 2630 4666 receptacula
2656 4595 2907 4651 dicuntur
2934 4605 3223 4665 appetere;
3246 4598 3311 4653 ad
3342 4612 3701 4669 quemcunque
3717 4574 3806 4647 estin

2290 4690 2475 4744 talium
2508 4686 2774 4757 refugiant
2820 4690 3117 4758 montium,
3152 4690 3219 4745 ad
3251 4700 3481 4765 petram
3526 4693 3589 4748 in
3623 4690 3686 4746 eis
3716 4684 3807 4742 habi-

2294 4790 2494 4837 tantem
2530 4780 2717 4850 lugere
2747 4780 3029 4837 dicuntur.
3051 4769 3420 4839 PetraEutem
3466 4767 3660 4856 inquit
3679 4780 3715 4852 (l
3734 4779 3807 4831 (ἐστι

2260 4916 2263 4919 ι
2292 4868 2379 4945 x),
2403 4864 2517 4929 erat
2545 4863 2823 4931 Christus.
2846 4875 2979 4931 Cum
3008 4892 3137 4948 ergo
3166 4878 3379 4933 illorum
3412 4882 3675 4936 montium
3696 4872 3810 4932 conii-

2290 4965 2375 5020 liis
2405 4965 2737 5034 muniuntur,
2770 4967 3095 5026 salutaribus
3126 4971 3339 5041 tegendi
3369 4973 3602 5028 monitis
3625 4980 3670 5029 et
3689 4970 3813 5024 obum-

2291 5056 2480 5112 braudi
2523 5059 2789 5125 consiliis,
2834 5061 2986 5130 quasi
3036 5062 3184 5131 ipsos
3215 5079 3379 5133 super
3423 5080 3486 5121 se
3537 5076 3721 5120 montes
3754 5070 3813 5127 Ρεῐ

2289 5151 2540 5207 affectum
2598 5154 2986 5222 compassiOuis
3049 5157 3243 5212 cadere
3297 5159 3676 5229 deprecantur.
3719 5155 3813 5208 Illius

2288 5252 2431 5308 enim
2465 5253 2687 5322 quisque
2714 5256 2811 5307 sub
2851 5256 3162 5311 umbraculo
3206 5261 3417 5327 tegitur,
3455 5263 3617 5332 cujus
3649 5254 3813 5316 remedio

2290 5344 2683 5401 exhortationis
2717 5350 3085 5415 prtemunitur.
3134 5351 3269 5407 Hinc
3305 5352 3471 5409 lsaias
3504 5356 3654 5428 (Cap.
3678 5353 3722 5423 tt)
3744 5368 3754 5405 :
3779 5347 3817 5401 El

2291 5450 2417 5496 tunc
2451 5442 2583 5513 [tu],
2635 5441 2839 5513 inquit,
2889 5445 3171 5514 ingredere
3220 5449 3272 5502 in
3323 5462 3507 5518 petra.
3560 5445 3818 5507 absmndem

2294 5536 2436 5591 fossa
2482 5537 2646 5591 humo
2684 5553 2713 5591 a
2764 5539 2897 5595 facie
2941 5542 3150 5597 timoris
3183 5542 3279 5599 Dei
3323 5553 3378 5598 et
3425 5560 3457 5599 a
3509 5544 3647 5601 facie
3685 5538 3819 5597 fumrit

2292 5626 2431 5698 ejus,
2463 5644 2585 5683 cum
2617 5632 2911 5687 surrexerit
2941 5642 3223 5701 percutere
3253 5649 3475 5691 terram.
3509 5639 3658 5704 Quod
3683 5636 3747 5690 hic
3774 5628 3817 5685 il-

2293 5717 2372 5771 los
2402 5718 2535 5772 dicit
2564 5720 2712 5788 gravi
2762 5725 3138 5790 persecutione
3183 5727 3493 5797 compulsos
3546 5725 3819 5799 petere,b0¢

2290 5808 2557 5877 propheta
2584 5810 2795 5868 videtur
2838 5814 3075 5883 hortari,
3106 5828 3163 5872 ut
3203 5819 3256 5874 in
3299 5805 3413 5890 ipsa
3461 5838 3669 5894 quoque
3692 5830 3816 5890 pem

2288 5902 2525 5974 cutione,
2553 5921 2673 5976 qua:
2715 5908 2947 5969 similem
2976 5925 3085 5972 non
3115 5910 3312 5988 habet,
3343 5914 3550 5980 ChriSti
3578 5922 3818 5992 queram“!
