3968 6354
157 370 251 426 ιιι

1168 381 1607 440 COMMENTAR.
1651 381 1719 450 ΙΝ
1756 381 2134 442 APOCALYP.
2177 382 2302 443 LIB.
2346 385 2384 443 ll

3303 397 3409 456 842

159 486 522 559 πῖθοῐοεῑεεψιθ
569 491 825 564 refugium
849 536 863 562 ,
910 496 1099 566 capitis
1148 499 1330 553 invicti
1379 510 1432 554 et
1485 499 1726 567 corporis
1755 500 1802 558 Δ
1833 499 2008 568 pidem
2033 501 2296 559 abscisum
2321 503 2387 559 de
2409 511 2587 561 monte
2609 504 2723 563 sine
2745 507 3116 582 manibus,qui
3141 526 3330 584 percus
3365 521 3402 577 it

151 581 392 646 gturiosi.
442 583 592 648 Quod
641 595 817 643 autem
868 589 1024 659 dicit,
1059 605 1089 644 a
1139 591 1270 646 facie
1313 593 1446 664 Agni
1497 594 1733 649 sedentis

151 690 317 740 Super
362 675 643 747 thronum,
675 689 732 736 ut
775 697 868 738 eos
913 683 1144 752 scilicet,
1180 701 1282 739 non
1330 687 1606 757 reprobus,
1639 687 1733 744 sed

153 764 202 815 in
237 765 339 821 fide
369 768 587 824 stabiles
608 781 868 828 venturus
890 774 1142 830 inveniat.
1175 777 1569 832 Advertendum
1599 795 1736 848 pra:-

153 867 299 911 terea
336 860 616 916 locutionis
645 878 833 933 genus,
862 867 1004 937 quod
1036 868 1156 923 huic
1187 868 1325 923 libro
1355 869 1584 938 Spiritus
1614 886 1738 926 san-

149 957 270 1002 ctus
299 949 543 1006 involvit.
583 951 762 1023 Usque
806 956 871 1010 ad
902 965 1109 1011 sextum
1151 958 1294 1012 enim
1336 958 1544 1027 signum
1592 961 1738 1015 ordi-

152 1056 275 1094 nem
310 1044 622 1110 custodivit;
655 1056 707 1101 et
751 1049 1112 1115 praetermisso
1162 1051 1436 1120 paulisper
1480 1055 1732 1123 septimo,

150 1130 344 1187 eadem
399 1137 740 1205 recapitulat;
785 1147 839 1194 et
885 1141 1016 1194 duas
1071 1143 1408 1198 narrationes
1459 1144 1726 1213 intexens,

151 1225 304 1292 quasi
335 1227 572 1282 ordinem
615 1225 848 1296 secutus,
883 1232 1114 1301 septimo
1159 1234 1450 1289 concludit.
1483 1236 1590 1290 Sed
1621 1236 1736 1304 ipsa

154 1317 525 1386 recapitulatio
568 1335 663 1389 pro
704 1321 836 1376 locis
887 1322 1234 1392 intelligenda
1277 1334 1381 1380 est.
1433 1326 1736 1394 Aliquando

154 1410 298 1464 enim
341 1412 406 1466 ab
455 1414 658 1483 origine
704 1416 1116 1486 dispensationis
1169 1419 1401 1484 Christi,
1447 1421 1736 1490 aliquando

155 1503 451 1572 passionis,
486 1506 768 1574 aliquando
816 1510 991 1562 medio
1040 1520 1301 1579 tempore,
1351 1511 1637 1580 aliquando
1669 1514 1736 1569 de

154 1595 268 1649 sola
297 1597 408 1664 ipsa
451 1598 840 1665 persecutione,
876 1613 967 1655 aut
998 1618 1102 1656 non
1134 1604 1302 1657 multo
1334 1613 1458 1659 ante
1499 1605 1736 1662 dicturus

155 1692 489 1757 recapitulat.
529 1691 676 1746 Nunc
706 1709 833 1762 ergo
863 1694 1134 1765 descripto
1165 1705 1339 1763 sexto,
1369 1698 1434 1752 ad
1478 1697 1734 1769 originem

154 1780 320 1846 redit,
350 1784 591 1837 eamdem
620 1783 856 1839 breviter
883 1786 1147 1858 aliterque
1177 1789 1437 1844 dicturus.

1837 597 2061 646 statuam
2086 594 2188 649 sibi
2210 606 2448 653 oramate
2470 599 2779 670 revelatam,
2808 602 2959 682 cujus
2981 615 3136 673 caput
3157 623 3396 682 aureum,

1838 691 2022 750 pectus
2066 693 2121 740 et
2165 688 2378 743 brachia
2409 689 2475 746 de
2503 701 2744 761 argento,
2777 678 2962 750 venter
3002 707 3054 752 et
3089 699 3294 755 femora
3337 678 3401 757 er

1838 788 1966 841 are,
1993 776 2137 832 tibiae
2161 791 2335 837 autem
2359 782 2564 840 ferreae.
2593 787 2648 840 lu
2674 787 2770 842 hac
2797 797 2971 843 autem
2999 799 3171 847 statua
3200 809 3403 849 memn~

1840 876 1953 923 rata
1983 885 2142 939 regna
2171 883 2396 943 quatuor
2438 876 2783 948 designantur
2817 898 2830 935 :
2863 882 2917 936 in
2965 897 3116 948 auro,
3158 886 3400 957 Assyrio-

1843 976 1987 1025 rum;
2024 962 2074 1016 in
2102 975 2342 1033 argento,
2372 967 2676 1036 Medorum;
2734 972 2788 1026 in
2834 987 2959 1038 aere,
3004 974 3318 1044 Persarum;
3353 982 3402 1033 in

1842 1049 2002 1118 ferro,
2034 1055 2373 1123 cognoscitur
2415 1058 2798 1129 Romanorum,
2827 1065 2964 1119 sicut
2993 1066 3175 1122 Daniel
3217 1072 3405 1139 angi-lo

1841 1155 2138 1210 exponente
2186 1150 2421 1204 narravit
2461 1150 2609 1223 (Cap.
2643 1152 2702 1226 ιι)
2735 1156 3100 1227 subsequens:
3131 1160 3185 1214 In
3219 1161 3405 1218 diebus

1841 1244 2015 1291 autem
2031 1253 2310 1308 regnorum
2334 1242 2544 1298 illorum
2567 1249 2842 1304 suscitabit
2863 1251 2998 1305 Deus
3015 1252 3132 1308 caeli
3158 1269 3400 1324 regnum,

1840 1327 1980 1392 quod
2007 1328 2060 1382 in
2101 1339 2358 1386 aeternum
2398 1349 2502 1389 non
2535 1336 2902 1407 dissipabitur,
2944 1352 2998 1396 et
3043 1360 3260 1414 regnum
3292 1348 3405 1414 ejus

1840 1417 2034 1485 populo
2061 1420 2211 1474 alteri
2234 1437 2338 1477 non
2371 1425 2634 1491 tradetur;
2664 1433 2987 1486 comminuet
3009 1446 3185 1489 autem
3205 1447 3257 1490 et
3278 1453 3404 1491 con-

1839 1519 2015 1565 sumet
2046 1513 2290 1569 universa
2321 1532 2478 1586 regna
2512 1521 2646 1587 hzee,
2685 1532 2738 1576 et
2782 1525 2950 1592 ipsum
2983 1527 3144 1582 stabit
3172 1530 3222 1583 in
3251 1539 3403 1586 aetcr~

1840 1615 1989 1656 num.
2020 1602 2174 1671 Lapis
2199 1621 2355 1674 porro
2385 1608 2493 1676 ille,
2517 1615 2782 1679 percussis
2811 1626 3037 1684 quatuor
3061 1621 3258 1688 regnis,
3289 1632 3405 1677 tan-

1840 1705 1996 1761 quam
2036 1694 2306 1753 destructo
2336 1703 2624 1770 supercilio
2655 1705 2906 1763 indebitae
2939 1714 3253 1782 tyrannidis,
3288 1731 3405 1771 cre~

1839 1784 1941 1849 vit;
1970 1794 2021 1840 et
2050 1787 2217 1843 factus
2255 1801 2336 1845 est
2369 1808 2523 1847 mons
2563 1810 2805 1866 magnus,
2837 1811 2890 1856 et
2919 1803 3161 1873 implevit
3189 1822 3401 1863 omnem

228 1875 357 1931 Car.
387 1892 479 1931 vn.
514 1877 638 1930 Post
686 1879 792 1932 hare
835 1879 971 1946 vidi,
1023 1881 1222 1950 inquit,
1262 1892 1481 1952 quatuor
1527 1885 1729 1954 angelos

1842 1883 2060 1932 terram.
2085 1879 2218 1936 Istos
2240 1898 2364 1954 ergo
2391 1894 2613 1954 quatuor
2634 1891 2849 1960 angelos
2873 1894 2969 1948 hac
2990 1911 3128 1950 nunc
3153 1898 3283 1954 dicit
3310 1916 3403 1968 po-

155 1975 344 2020 stantes
385 1983 538 2036 super
573 1979 789 2038 quatuor
817 1971 1033 2040 angulos
1073 1981 1237 2040 terrce,
1267 1981 1489 2028 tenentes
1519 1985 1734 2045 quatuor

154 2067 324 2110 ventos
354 2067 521 2120 teme,
551 2059 605 2113 in
645 2061 803 2116 terris
832 2077 894 2114 ue
932 2064 1115 2130 ﬂarent
1136 2106 1151 2132 ,
1184 2080 1340 2134 neque
1367 2066 1416 2119 in
1448 2068 1612 2135 mari,
1647 2085 1736 2122 ne-

154 2165 248 2217 que
276 2150 328 2201 in
359 2151 461 2204 ulla
509 2151 721 2208 arbore.
767 2153 820 2208 lit
860 2165 1086 2224 quatuor
1131 2159 1338 2228 angulis
1385 2160 1522 2227 istis,
1573 2177 1737 2233 regna

155 2252 376 2308 quatuor
402 2245 666 2314 designari
700 2246 936 2301 Ecclesia
979 2249 1029 2303 in
1059 2249 1264 2306 Joanne
1296 2253 1602 2322 cognoscit,
1636 2256 1738 2310 As-

152 2334 448 2402 syriorum,
483 2349 534 2391 et
585 2338 893 2406 Medorum,
932 2350 986 2394 et
1027 2343 1342 2413 Persarum,
1379 2356 1430 2400 et
1462 2345 1732 2402 Romano-

156 2438 273 2476 rum
315 2442 326 2476 :
362 2441 480 2494 qum
526 2441 622 2481 suo
650 2429 1042 2497 quodammodo
1076 2442 1346 2502 potentatu
1394 2435 1569 2490 omnia
1603 2451 1737 2506 prte-

151 2511 406 2584 focantia,
443 2519 644 2573 nullum
689 2537 784 2590 pro
815 2522 962 2577 libitu
1009 2527 1088 2580 sui
1123 2526 1258 2594 juris
1299 2529 1537 2584 sinerent
1567 2533 1738 2600 respi-

149 2621 294 2662 rare.
326 2609 446 2664 ldeo
481 2628 493 2663 :
527 2610 602 2666 Ne
624 2612 676 2667 in
705 2615 877 2681 terris,
915 2615 1110 2686 inquit,
1142 2618 1362 2686 flarent,
1395 2621 1445 2676 id
1476 2633 1556 2678 est
1587 2623 1739 2678 habi-

149 2707 325 2753 tantes
375 2710 596 2770 terram,
625 2720 798 2773 neque
826 2707 879 2760 in
911 2711 1080 2775 mari,
1111 2726 1282 2781 neque
1310 2714 1359 2766 in
1386 2713 1488 2768 ulla
1520 2696 1732 2772 arbore.

151 2790 279 2846 ideo
325 2803 501 2849 autem
557 2805 819 2866 quatuor,
876 2809 1094 2869 propter
1151 2803 1369 2857 totidem
1418 2807 1596 2861 mundi
1645 2825 1738 2864 no-

154 2887 389 2940 tissimas
413 2898 606 2956 partes,
635 2889 724 2959 qui
764 2897 888 2944 sunt
931 2903 1158 2960 quatuor
1187 2895 1387 2964 anguli,
1423 2896 1471 2950 id
1502 2906 1584 2952 est
1608 2915 1736 2969 qua-

152 2985 274 3030 tuor
324 2979 647 3050 inlelligendi
697 2991 820 3036 sunt
849 2983 1012 3051 venti,
1041 2981 1191 3053 juxta
1239 2987 1468 3042 Danielis
1499 2993 1735 3060 prophe-

152 3068 277 3123 tiam
322 3070 480 3140 (Cap.
518 3074 620 3140 vn)
650 3073 911 3129 dicentis:
956 3076 1091 3130 Ecce
1138 3087 1362 3146 quatuor
1409 3083 1554 3136 venti
1602 3085 1728 3139 casli

149 3161 459 3228 pugnabant
485 3164 536 3217 in
569 3167 702 3218 mari
749 3180 960 3236 magno,
989 3175 1044 3220 et
1070 3177 1296 3236 quatuor
1326 3169 1507 3225 bestia:
1541 3187 1729 3229 asren-

1840 1975 2030 2023 testate
2075 1971 2307 2040 frenari,
2341 1991 2407 2031 ne
2437 1977 2606 2033 solitis
2647 1982 2862 2038 ausibus
2910 2000 3200 2044 memorata
3242 2009 3404 2061 regna

1840 2057 2037 2116 laedere
2064 2063 2386 2132 sinerentur,
2417 2067 2586 2124 donec
2615 2073 2861 2140 cognitus
2886 2075 2994 2130 Deo
3023 2093 3274 2135 numerus
3295 2085 3404 2139 ele-
3485 2083 3487 2088 ’

1838 2163 2045 2208 etorum
2072 2156 2225 2226 signo
2256 2158 2545 2215 inviolabili
2576 2177 2912 2230 censeretur;
2943 2168 3009 2223 de
3039 2171 3232 2237 quibus
3265 2173 3405 2241 Apo-

1839 2245 2008 2299 stolus
2035 2246 2159 2301 dicit
2193 2249 2405 2317 (Ephes.
2441 2251 2481 2321 ι)
2512 2270 2525 2305 :
2556 2254 2656 2320 Qui
2703 2257 2865 2327 elegit
2905 2274 3002 2314 nos
3045 2272 3170 2317 ante
3221 2264 3405 2319 mundi

1839 2335 2296 2404 constitutionem,
2331 2349 2387 2394 ut
2409 2356 2651 2397 essemus
2697 2351 2864 2401 sancti
2899 2358 2952 2403 et
2997 2350 3320 2407 immaculati
3352 2355 3404 2409 in

1838 2438 2124 2492 censpectu
2155 2429 2288 2498 ejus,
2327 2433 2707 2499 praadestinans
2745 2451 2844 2492 nos
2872 2441 2922 2492 in
2971 2441 3308 2510 adoptionem
3339 2446 3405 2498 li-

1838 2516 2029 2572 liorum
2071 2536 2164 2589 per
2190 2522 2367 2578 Jesum
2397 2526 2664 2584 Christum
2709 2531 2764 2586 in
2813 2534 3005 2603 ipsum.
3053 2535 3197 2593 Hanc
3237 2555 3401 2610 porro

1839 2612 2232 2671 multitudinem
2285 2623 2603 2676 sacramenti
2649 2640 2870 2681 numero
2915 2639 3212 2698 Opportune
3257 2649 3398 2691 nunc

1839 2703 2128 2772 insinuans,
2160 2711 2400 2778 sequitur
2433 2729 2444 2763 :
2481 2710 2543 2764 Et
2568 2715 2740 2768 audivi
2768 2734 3032 2772 numerum
3055 2721 3394 2791 signatorum,

1839 2805 2037 2850 centum
2083 2801 2421 2872 quadraginta
2450 2815 2669 2868 quatuor
2712 2808 2874 2860 millia
2916 2810 3123 2880 signati,
3174 2830 3236 2868 ex
3267 2817 3404 2868 οηιηὶ

1836 2887 1972 2939 tribu
2008 2888 2234 2956 ﬁliorum
2267 2889 2448 2947 Israel.
2485 2895 2595 2949 Hoc
2622 2906 2798 2952 autem
2844 2882 3072 2956 humero
3099 2904 3278 2958 omnis
3320 2906 3401 2960 si-

1837 2978 2115 3046 gnificatur
2146 2982 2404 3052 Ecclesia,
2436 3001 2555 3042 nam
2585 2996 2640 3042 et
2675 2991 2884 3046 trinitas
2909 3004 3220 3062 quaternate
3253 3000 3390 3053 ratio

1835 3083 1938 3137 est,
1981 3083 2038 3128 ιιι
2066 3083 2147 3129 ter
2174 3082 2441 3145 quaterni,
2487 3080 2648 3136 decus
2693 3083 2976 3152 dipondius
3019 3097 3072 3142 et
3098 3088 3388 3148 duodecies

1835 3163 2000 3218 decus
2028 3165 2312 3234 dipondius
2354 3179 2565 3224 centum
2598 3174 2943 3244 quadraginta
2975 3189 3203 3247 quatuor
3249 3182 3401 3237 facit.

151 3251 345 3307 debant
371 3254 437 3308 de
467 3257 596 3309 mari
627 3256 852 3311 diversa:
897 3258 1036 3313 inter
1064 3273 1143 3314 se.
1176 3259 1241 3313 Et
1268 3264 1513 3330 quoniam
1549 3265 1728 3320 Eccle-

1840 3255 1968 3309 Nam
1998 3264 2054 3311 et
2085 3257 2198 3325 ipsa
2225 3260 2411 3316 civitas
2441 3260 2720 3318 duodecim
2770 3266 2936 3321 stadia
2970 3285 3399 3341 quaquaversum

154 3343 232 3397 sia
263 3361 353 3413 per
381 3362 568 3402 omnes
596 3359 821 3418 quatuor
848 3351 1028 3404 mundi
1056 3351 1301 3405 cardines
1333 3363 1534 3421 partem
1575 3371 1725 3412 suam

151 3438 325 3505 regnis
355 3438 527 3492 adhuc
575 3442 757 3494 mundi
788 3440 996 3495 videtur
1042 3440 1241 3498 habere
1281 3446 1630 3512 permixtam,
1666 3457 1723 3504 et

152 3528 284 3595 apud
314 3530 638 3600 alienigenas
664 3546 809 3598 suos,
840 3545 893 3587 et
925 3532 1063 3587 intra
1086 3548 1144 3588 se
1170 3538 1504 3604 cognoscitur
1531 3538 1726 3594 habere

157 3618 394 3674 alienos:
429 3621 479 3674 in
511 3622 690 3689 terris,
721 3622 1004 3678 diversita~
1034 3624 1456 3693 provinciarum;
1487 3629 1539 3683 in
1570 3633 1724 3699 mari,

159 3707 484 3776 insularum;
525 3713 575 3765 in
605 3713 904 3780 arboribus,
934 3715 1054 3784 quia
1103 3730 1268 3783 genus
1295 3726 1376 3772 est
1421 3719 1591 3787 silvte,
1633 3736 1729 3791 pro

166 3804 472 3859 diversitate
529 3806 737 3860 diversa
791 3808 952 3862 etiam
1008 3807 1182 3863 officia
1239 3819 1398 3879 atque
1455 3811 1727 3869 hominum

155 3894 477 3964 przesignare
518 3897 684 3951 voluit
707 3898 1012 3967 qualitates.
1042 3897 1110 3952 Et
1138 3900 1245 3953 vidi
1285 3902 1527 3972 angelum
1554 3920 1730 3960 ascen-

154 3984 345 4038 dentem
391 3986 453 4038 ab
502 3987 704 4041 oriente
753 3989 888 4054 sole,
927 3991 1196 4045 habentem
1223 3993 1424 4062 signum
1473 3994 1567 4048 Dei
1608 4000 1724 4053 vivi.

155 4076 247 4130 llic
294 4077 503 4132 Domini
551 4083 716 4133 nostri
764 4079 893 4134 Jesu
923 4081 1117 4134 Christi
1172 4084 1371 4149 primus
1420 4083 1728 4142 declaratur

153 4173 433 4239 adventus,
463 4173 550 4242 qui
585 4174 706 4227 alibi
752 4175 928 4242 magni
975 4176 1184 4230 consilii
1226 4175 1462 4247 Angelus
1491 4182 1729 4249 appella-

153 4271 236 4317 tur
275 4265 407 4334 (lsu.
435 4267 531 4336 ιιι).
562 4269 684 4324 ideo
731 4273 799 4324 ab
845 4271 1051 4325 oriente
1094 4271 1206 4325 sole
1253 4273 1543 4327 secundum
1586 4275 1726 4344 quod

153 4356 219 4410 de
272 4359 358 4411 illo
408 4363 458 4412 in
507 4359 764 4416 Zacharia
810 4363 1032 4432 legimus
1082 4362 1416 4434 (Zach.VI):
1459 4365 1597 4420 Ecce
1647 4370 1729 4422 vir

155 4448 344 4502 Oriens
377 4465 571 4505 nomen
619 4453 754 4521 ejus.
802 4453 869 4506 Et
916 4454 1228 4508 exclamavit
1269 4469 1387 4507 voce
1443 4471 1629 4526 magna
1658 4459 1724 4510 ad

153 4549 376 4605 quatuor
408 4542 646 4609 angelos,
678 4558 742 4596 eo
783 4544 920 4613 quod
969 4545 1150 4597 datum
1196 4554 1338 4598 esset
1385 4544 1486 4599 illis
1532 4546 1726 4602 laedere

1837 3348 2036 3404 habere
2071 3351 2419 3419 describitur;
2469 3363 2524 3409 et
2558 3357 2786 3412 ambitus
2816 3360 3043 3416 civitatis
3073 3363 3126 3417 in
3173 3365 3402 3421 solidum

1834 3448 2047 3493 centum
2077 3440 2425 3512 quadraginta
2454 3455 2680 3516 quatuor
2706 3449 2935 3515 eubitos,
2963 3453 3104 3508 unde
3130 3456 3403 3512 evidenter

1832 3530 2160 3600 agnoscitur,
2195 3533 2296 3588 hoc
2325 3537 2535 3605 mystici
2563 3541 2771 3595 numeri
2810 3541 3008 3599 indicio
3042 3544 3403 3604 innumerabi-

1832 3620 1936 3676 lem
1978 3623 2269 3679 electorum
2317 3628 2711 3685 multitudinem
2763 3635 3096 3704 prazsignari,
3153 3649 3400 3710 tanquam

1832 3728 2117 3770 numerum
2147 3716 2350 3773 ﬁnitum
2386 3735 2482 3788 pro
2511 3721 2720 3778 infinito
2748 3725 3098 3794 signiticative
3125 3745 3400 3787 commen-

1831 3806 1968 3861 dari.
1994 3807 2248 3878 Sequitur
2275 3811 2511 3884 denique
2535 3815 2820 3887 designans
2852 3834 3136 3877 numerum
3167 3824 3403 3894 signato—

1830 3915 1971 3967 rum,
2012 3905 2338 3960 mentionem
2387 3905 2588 3962 faciens
2640 3911 2872 3966 tribuum
2922 3913 3270 3983 singularum.
3316 3915 3402 3972 Ex

1831 3994 1985 4058 tribu,
2019 3995 2207 4065 inquit,
2235 3996 2397 4064 Juda,
2445 4000 2712 4055 duodecim
2751 4005 2913 4057 millia
2951 4007 3161 4074 signati.
3189 4007 3278 4063 Sic
3309 4023 3401 4077 per

1830 4093 2053 4140 casteros
2097 4091 2350 4156 excurrit,
2400 4106 2624 4159 quorum
2677 4094 2843 4163 stirpe
2882 4095 3187 4153 Israelitica:
3229 4099 3399 4167 plebis

1833 4178 2107 4245 prosapies
2143 4181 2367 4234 traditur
2405 4182 2764 4238 descendisse.
2800 4184 2881 4238 Ea:
2905 4187 3038 4240 tribu
3063 4187 3226 4252 Juda,
3261 4192 3395 4243 duo-

1831 4267 1993 4322 decim
2013 4270 2179 4325 millia
2207 4273 2414 4343 signati.
2444 4273 2525 4328 Ea:
2547 4276 2676 4328 tribu
2704 4275 2902 4340 Ruben,
2925 4280 3193 4332 duodecim
3215 4283 3398 4338 millia.

1831 4357 1915 4414 Ea:
1940 4362 2072 4414 tribu
2095 4361 2226 4427 God,
2251 4365 2514 4419 duodecim
2546 4367 2726 4420 millia.
2754 4367 2836 4420 Ex
2861 4369 2992 4421 tribu
3023 4371 3168 4436 Aser,
3201 4373 3397 4427 duode-

1827 4451 1928 4504 cim
1958 4451 2142 4507 millia.
2189 4454 2274 4508 Ex
2313 4455 2447 4508 tribu
2499 4455 2764 4525 Nephtali,
2795 4459 3058 4515 duodecim
3104 4464 3285 4518 millia.
3320 4465 3404 4519 Ea:

1829 4541 1965 4595 tribu
2012 4542 2274 4614 Manasse,
2324 4548 2588 4602 duodecim
2626 4550 2806 4604 millia.
2851 4549 2933 4605 Ea;
2979 4554 3112 4607 tribu
3167 4556 3396 4628 Simeon,

153 4640 345 4682 terram
373 4640 426 4684 ει
467 4647 634 4699 ωδε-θ’
676 4635 847 4689 dicem
891 4637 968 4692 eis
994 4653 1007 4689 ε
1041 4636 1155 4691 Non
1204 4636 1451 4691 lmseritis
1495 4647 1723 4704 terram,
1752 4635 1806 4697 Ι)
1830 4635 2097 4690 duodecim
2122 4638 2303 4692 millia.
2347 4636 2432 4692 Ea:
2462 4641 2596 4693 tribu
2623 4640 2761 4705 Levi,
2793 4642 3057 4697 duodecim
3101 4647 3285 4703 millia.
3318 4648 3402 4704 Ex

153 4736 322 4788 neque
351 4739 516 4790 mare,
549 4742 720 4796 neque
745 4729 903 4782 ullam
943 4730 1219 4798 arborem,
1254 4731 1428 4787 donec
1465 4732 1723 4803 signemus

151 4827 318 4866 servos
349 4811 445 4867 Dei
491 4819 648 4871 nostri
678 4819 729 4871 in
758 4820 1009 4887 frontibus
1045 4839 1241 4876 eorum.
1291 4823 1605 4880 Exdamare
1634 4827 1722 4882 di-

149 4906 307 4972 ritur,
338 4924 402 4961 eo
432 4909 572 4977 quod
612 4920 870 4976 potestate
909 4915 1280 4969 saluberrima:
1328 4917 1724 4984 praedicationis

150 4995 486 5052 adversarius
514 4999 813 5052 cohibuerit
843 5010 1152 5068 potestates,
1183 5019 1252 5058 ne
1275 5005 1434 5058 solito
1464 5008 1722 5064 mundum

151 5083 400 5141 indebita:
427 5087 808 5144 dominationis
837 5091 1154 5147 crudelitate
1182 5097 1619 5162 comprimerent.
1666 5099 1723 5156 in

152 5173 235 5230 his
262 5188 436 5233 autem
467 5181 666 5250 regnis,
695 5183 747 5236 in
775 5181 968 5250 quibus
1007 5183 1219 5239 fervens
1248 5185 1546 5240 idololatria
1579 5187 1725 5256 prin-

151 5265 444 5333 cipabatur,
471 5270 629 5325 etiam
662 5272 942 5328 noxiorum
981 5283 1208 5345 quatuor
1247 5278 1561 5346 angelorum
1610 5277 1721 5336 for-

153 5355 320 5412 titudo
348 5360 650 5427 frustratur,
678 5373 926 5435 tanquam
959 5367 1010 5421 in
1044 5368 1303 5423 ministris
1331 5377 1600 5439 auctores,
1631 5373 1720 5429 illa

147 5447 350 5504 Scilicet
399 5465 526 5506 voce
561 5470 573 5505 :
611 5455 763 5523 Agite
812 5457 1222 5526 paenitentiam,
1271 5461 1720 5531 appropinquavit

151 5541 290 5594 enim
321 5556 537 5612 regnum
583 5546 835 5602 caelorum
867 5549 1082 5622 (Matth.
1109 5551 1208 5623 ιιι).
1238 5550 1388 5621 Quod
1418 5561 1473 5607 et
1511 5553 1576 5608 de
1604 5555 1717 5623 ipso

152 5649 373 5695 numero
403 5637 698 5694 dcemonum
729 5641 891 5711 aliqui
918 5648 1260 5712 confitentur,
1293 5646 1582 5701 dicentium
1614 5647 1717 5701 Do-

151 5727 294 5780 mino
345 5727 558 5795 (Matth.
589 5732 749 5801 vnt):
786 5733 988 5791 Venisti
1041 5739 1144 5792 huc
1189 5748 1314 5795 ante
1357 5749 1565 5809 tempus
1607 5752 1717 5795 tor-

148 5834 311 5895 quere
338 5823 469 5878 nos?
495 5822 570 5877 De
597 5825 695 5877 hoc
717 5825 944 5882 adventu
975 5830 1156 5888 Daniel
1181 5837 1306 5891 dicit
1331 5837 1479 5910 ((Tap.
1507 5836 1564 5908 ιι)
1588 5855 1598 5890 :
1629 5837 1720 5891 La-

580 5921 848 5985 PATBOL.
882 5922 1166 5990 LXVlll.

1830 4727 1962 4782 tribu
1986 4727 2223 4797 Isachar,
2247 4733 2508 4787 duodecim
2530 4735 2711 4788 millia.
2736 4734 2820 4790 Er.
2840 4739 2969 4790 tribu
2991 4738 3246 4804 Zabulon,
3271 4744 3403 4797 duo-

1828 4822 1993 4876 decim
2022 4822 2320 4894 millia._Ea:
2367 4828 2503 4881 tribu
2538 4826 2749 4896 Ioseph,
2783 4830 3050 4884 duodecim
3103 4831 3285 4885 millia.
3320 4832 3402 4886 Ea:

1828 4913 1965 4967 tribu
1994 4914 2263 4987 Benjamin
2311 4918 2580 4972 duodecim
2628 4920 2813 4975 millia.
2864 4921 3111 4975 Omnium
3163 4923 3398 4978 tribuum

1828 5006 2040 5060 nomina
2081 5007 2424 5074 decursurus,
2459 5010 2649 5065 mirum
2681 5029 2785 5066 non
2816 5022 2897 5067 est
2923 5013 3063 5083 quod
3093 5028 3121 5067 a
3150 5013 3282 5068 Juda
3307 5029 3398 5069 or-

1835 5111 1950 5162 sus,
1975 5094 2162 5152 eadem
2195 5100 2406 5154 nomina
2437 5099 2551 5173 [eas
2591 5101 2924 5173 nominatim]
2957 5104 3282 5168 revolverit;
3330 5103 3398 5158 de

1833 5188 1971 5242 tribu
2000 5189 2142 5242 enim
2179 5188 2310 5243 Juda
2357 5192 2505 5246 nasci
2547 5193 2716 5248 voluit
2752 5193 3006 5248 Dominus
3055 5196 3211 5250 Jesus
3239 5193 3398 5250 Chri-

1829 5287 1944 5333 stus
1962 5294 1978 5333 :
1997 5294 2166 5349 neque
2192 5280 2334 5336 enim
2357 5281 2422 5336 de
2451 5285 2674 5339 terrenis
2700 5286 3127 5355 generationibus
3151 5285 3238 5343 hic
3259 5287 3399 5343 ordo

1827 5370 2154 5436 contexitur,
2185 5379 2242 5426 ut
2270 5371 2497 5441 majores
2527 5385 2652 5429 natu
2696 5390 2761 5430 ex
2791 5392 2940 5432 more
2987 5378 3287 5448 proferens,
3323 5380 3390 5435 ad

1826 5459 2038 5526 ludam,
2072 5461 2160 5530 qui
2191 5472 2414 5530 quartus
2445 5471 2549 5528 est,
2585 5465 2916 5532 perveniret;
2941 5467 3032 5520 sed
3060 5468 3276 5522 decreto
3300 5484 3394 5521 nn.

1827 5569 1974 5608 mero
2025 5555 2444 5623 redemptorum,
2494 5571 2599 5625 quo
2657 5558 3039 5625 plenitudinem
3090 5559 3390 5626 signiﬁcare

1825 5648 1991 5702 voluit
2037 5648 2348 5712 electorum,
2397 5649 2462 5702 ad
2493 5664 2650 5718 quam
2690 5651 2875 5704 volens
2918 5653 3266 5707 intentionem
3295 5666 3392 5705 no-

1825 5750 1985 5794 stram
2017 5743 2311 5795 necessaria
2340 5743 2770 5797 consideratione
2794 5743 3046 5812 dirigere,
3095 5746 3146 5798 in
3175 5748 3390 5802 trieteris

1826 5849 2034 5908 quoque
2059 5834 2306 5891 fratribus
2337 5836 2670 5893 nominandis
2694 5853 2796 5894 non
2823 5840 3111 5899 nativitatis
3143 5843 3387 5903 ordinem

2840 5932 2912 5998 27
