3968 6354
498 363 607 420 843
676 394 687 407 ~
1629 352 1928 413 PRIMASH
1969 347 2425 413 ADRUMETANI
2468 348 2678 410 EPISC.
3750 342 3851 394 8M

499 478 792 539 reservavit
818 471 1175 552 [custodivlt],
1207 473 1277 527 ita
1321 477 1381 526 ut
1409 477 1461 526 ct
1491 476 1611 540 post
1647 469 1839 524 Ruben
1868 464 2085 538 inajori-
2118 474 2163 530 Α
2193 477 2275 523 est
2317 468 2372 522 in
2402 468 2581 525 coalis.
2611 465 2852 530 Simeon,
2886 459 3088 517 audivit
3119 457 3420 526 tristitiam,
3481 453 3599 512 vei
3640 465 3843 506 nomen

500 579 599 631 bus
630 586 761 631 natu
792 546 1078 628 inferiores
1125 576 1480 637 prznponeret,
1514 563 1656 635 quod
1687 579 1755 619 ex
1802 563 2091 619 collatione
2197 554 2522 615 habitacula.
2574 559 2678 614 Eos
2709 557 2796 611 liic
2849 554 3083 610 arbitror
3137 553 3447 625 designari,
3513 548 3601 604 de
3639 546 3843 616 quibus

501 670 763 727 librorum
792 668 1064 723 Geneseos
1094 661 1245 736 (Gen.
1291 675 1453 731 xxvi,
1482 675 1609 723 xxx,
1651 656 1815 727 xxxv)
1844 666 1895 713 et
1924 654 2092 711 Exodi
2196 655 2494 709 Dominus:
2528 651 2695 715 Beati,
2746 648 2944 719 inquit,
2998 648 3087 718 qui
3143 647 3347 717 lugent,
3395 641 3714 711 quatiam
3750 639 3841 707 ipsi

504 763 706 836 (Exod.
741 762 784 828 ι)
814 756 997 817 doceri
1041 732 1237 827 potest.
1268 750 1422 809 Unde
1472 751 1520 806 si
1548 751 1758 821 plenius
1785 748 1929 819 loqui
1959 746 2093 802 veli-
2194 747 2616 807 consolabuntur
2667 743 2884 814 (Matth.
2916 741 2995 811 v).
3026 741 3116 798 Sic
3158 742 3301 796 enim
3345 738 3625 793 audiunt
3674 732 3842 789 tristi-

505 831 650 925 mus,
686 857 786 912 hoc
808 867 944 924 opus
966 852 1193 921 amplius
1219 861 1530 905 oneramus.
1558 846 1722 901 Judas
1755 860 1887 901 sane
1916 844 2093 899 inter—
2196 841 2351 907 tiam,
2382 847 2441 894 ut
2467 838 2782 893 ubedieutes
2812 835 2900 890 hic
2928 834 3129 889 habere
3156 832 3347 887 malint
3376 831 3622 884 devote
3663 840 3840 881 susce-

506 962 800 1023 pretatum.
833 918 1029 1002 dicitur
1054 918 1291 998 laudatio
1316 942 1431 997 sive
1458 939 1753 1006 confessio,
1780 939 1921 993 sicut
1953 945 2007 992 et
2037 937 2093 991 in
2198 942 2364 1002 ptam,
2401 930 2732 995 seminantes
2778 928 2833 981 in
2878 926 3155 996 lacrymis,
3205 938 3329 992 qua:
3359 922 3416 976 in
3453 918 3702 990 gaudio
3731 934 3836 974 meo

506 1012 728 1117 paterna
784 1038 1162 1097 benedictione
1197 1037 1421 1093 docetur
1454 1052 1467 1090 :
1498 1035 1657 1101 Juda,
1711 1044 1765 1091 te
1804 1032 2097 1091 laudabunt
2200 1034 2313 1079 tant
2343 1022 2517 1096 (Psal.
2553 1023 2722 1092 cxxv)
2746 1037 2761 1074 :
2786 1034 2895 1074 non
2933 1019 3020 1073 hic
3049 1018 3407 1073 intentionem
3452 1012 3837 1067 habitationis

507 1104 698 1192 fratres
722 1134 818 1189 tui.
846 1131 1057 1195 Ruben,
1082 1129 1269 1184 videns
1302 1127 1493 1193 filium,
1519 1125 1603 1182 vel
1630 1124 1876 1180 videntes
1902 1123 2093 1181 filium.
2198 1135 2310 1173 sun:
2339 1119 2603 1182 iocantes,
2633 1115 2730 1171 sed
2762 1128 2977 1170 sursum
3001 1128 3096 1170 cor
3118 1111 3399 1174 habentes,
3440 1108 3558 1163 ubi
3586 1104 3833 1162 Christus

506 1229 751 1289 Simeon,
797 1222 1001 1277 audivit
1054 1220 1345 1280 tristitiam,
1400 1218 1481 1271 vel
1538 1231 1733 1271 nomen
1782 1214 2092 1269 habitaculi.
2199 1220 2283 1267 est
2322 1210 2376 1264 in
2408 1210 2626 1265 dextera
2658 1207 2753 1262 Dei
2785 1206 2982 1262 sedens
3012 1204 3207 1274 (Celes.
3241 1202 3348 1271 tu),
3399 1200 3831 1256 bahilatioucm

507 1319 662 1383 Levi,
693 1315 926 1371 additus.
963 1312 1200 1378 lsat-har,
1225 1319 1307 1365 est
1333 1324 1560 1365 merces.
1595 1305 1858 1372 Zabulon,
1894 1304 2097 1359 babita-
2203 1314 2439 1359 nostram
2470 1317 2587 1371 quae
2615 1301 2683 1357 de
2711 1301 2850 1357 cmlo
2874 1308 2976 1368 cst,
3002 1297 3317 1366 superindui
3348 1297 3707 1364 cupientes,

509 1412 690 1468 culum
744 1404 1092 1463 fortitudinis.
1125 1402 1428 1472 Benjamin,
1480 1398 1620 1454 ﬁlius
1673 1399 1927 1454 dexterae.
1962 1395 2095 1461 Dan,
2206 1408 2262 1450 ut
2295 1396 2456 1462 Abel,
2493 1395 2583 1465 qui
2618 1394 2971 1464 exspectabat
3000 1400 3303 1447 manentem
3337 1391 3389 1444 in
3422 1389 3621 1443 caelis
3653 1388 3827 1441 cii-ita-

508 1504 766 1577 judicium
809 1501 923 1556 sive
966 1498 1215 1569 judicans
1264 1495 1614 1550 Hebraeorum
1677 1491 2095 1548 transeuntium.
2207 1501 2336 1555 tem,
2383 1488 2535 1557 cujus
2564 1486 2754 1542 artifex
2784 1496 2840 1542 et
2884 1485 3130 1541 conditor
3159 1484 3320 1540 Deus.
3356 1484 3510 1538 Ideo
3542 1490 3609 1539 et
3646 1497 3822 1534 nocte:

510 1575 785 1667 Neplttali,
818 1590 1066 1649 latitudo.
1101 1588 1237 1657 Gad,
1290 1586 1513 1643 tentatio
1563 1586 1676 1641 sive
1704 1584 1975 1638 accinctus
2007 1589 2100 1636 aut
2208 1582 2497 1637 habitaculi
2543 1580 2761 1634 Simeon
2788 1580 3195 1648 interpretatum
3236 1577 3475 1639 dicitur.
3519 1584 3589 1629 ut
3621 1575 3817 1628 scilicet

510 1666 870 1747 latrunculos.
903 1686 1062 1752 Aser,
1099 1683 1309 1738 beatus.
1340 1678 1565 1748 Josepb,
1588 1683 1953 1747 augmentum.
1990 1673 2100 1727 Ma-
2207 1673 2409 1739 audiat,
2441 1680 2495 1727 et
2522 1672 2649 1740 quid
2677 1672 2760 1725 hic
2785 1670 3111 1733 habendum,
3148 1678 3201 1723 et
3229 1670 3355 1738 quid
3383 1668 3469 1721 sit
3505 1682 3543 1720 a
3578 1666 3819 1723 ﬁdelibus

510 1799 718 1846 nosses,
746 1779 942 1837 oblitus
966 1778 1051 1833 vel
1085 1775 1399 1831 necessitas.
1424 1773 1558 1828 Cum
1581 1771 1756 1827 varias
1788 1768 2102 1825 noverimus
2215 1764 2637 1833 exspectandum
2664 1780 2679 1829 ;
2710 1763 2833 1831 quia
2888 1777 3028 1816 nunc
3078 1771 3286 1829 tempus
3328 1758 3636 1821 tristandi,
3670 1768 3723 1812 et
3761 1758 3813 1810 ad

516 1875 766 1933 ﬁdelibus
794 1871 1017 1942 singulis
1056 1870 1234 1925 inesse
1256 1870 1505 1933 virtutes,
1539 1875 1597 1921 ut
1639 1864 1789 1922 verbi
1822 1863 2013 1934 gratia,
2051 1861 2102 1915 in
2136 1868 2185 1928 Β
2212 1857 2353 1913 aliud
2386 1856 2575 1913 melius
2599 1854 2959 1911 habitaculum
2992 1852 3320 1923 suspirandi.
3364 1852 3519 1909 llinc
3562 1851 3813 1911 Dominus

513 1972 621 2027 alio
649 1966 929 2040 plenitudo
959 1964 1202 2021 scientia:
1229 1960 1481 2017 salutaris
1505 1959 1761 2021 emineat,
1793 1958 1845 2011 in
1874 1956 1980 2010 alio
2002 1970 2101 2010 au-
2215 1946 2487 2016 discipulis
2510 1947 2756 2001 dicebat:
2792 1945 2898 2000 Vos
2924 1944 3201 2014 plorabitis
3223 1954 3279 2000 et
3308 1943 3555 2010 flebitis,
3593 1946 3807 1999 mundus

513 2073 621 2118 tem
645 2037 765 2117 sola
795 2055 1149 2115 mansuetudo
1183 2053 1454 2122 pracellat
1487 2094 1501 2118 ,
1533 2050 1619 2106 hic
1647 2060 1825 2105 tamen
1860 2062 2107 2105 necessa-
2211 2050 2389 2097 autent
2441 2040 2712 2110 gaudebit.
2758 2038 2862 2095 Vos
2911 2038 3389 2103 contristabiiuini,
3438 2038 3555 2094 sed
3614 2037 3808 2090 tristitia

512 2156 592 2212 rio
623 2170 720 2225 pro
769 2151 1033 2208 donorum
1088 2146 1274 2203 ordine
1316 2154 1370 2200 et
1410 2143 1665 2215 gradibus
1714 2140 2107 2212 proficientium
2214 2141 2391 2186 vestra
2422 2139 2660 2185 vertetur
2688 2130 2741 2184 in
2771 2130 3025 2200 gaudium
3077 2128 3257 2199 (Joan.
3289 2130 3430 2198 xvt).
3474 2128 3647 2193 Levi,
3678 2127 3804 2181 addi-

513 2222 839 2310 anituarum,
865 2245 979 2312 ipsa
1006 2237 1290 2296 duodecim
1319 2235 1535 2293 nomina
1580 2233 1794 2305 disponi
1838 2232 2106 2296 videmus,
2215 2239 2317 2284 tus.
2352 2230 2446 2285 llis
2467 2229 2715 2284 convenit
2736 2227 2879 2297 quod
2907 2237 2960 2284 et
2984 2229 3037 2283 in
3063 2227 3356 2282 Salomone
3381 2225 3629 2296 legimus
3649 2222 3802 2293 (Eccl.

516 2355 629 2395 non
655 2339 794 2394 sicut
830 2334 1020 2405 geniti,
1052 2346 1152 2387 nec
1181 2330 1322 2386 sicut
1372 2330 1633 2384 intrantes
1657 2325 1953 2396 Egyptum
1986 2323 2106 2379 fue-
2214 2325 2363 2397 xxvi)
2397 2341 2410 2377 :
2445 2324 2713 2380 Numerus
2743 2322 2953 2380 dierum
3009 2321 3125 2392 ejus
3152 2322 3376 2390 duplex,
3409 2322 3513 2391 qui
3558 2323 3636 2375 sic
3660 2318 3794 2373 bouis

521 2440 643 2491 rant
672 2426 931 2493 nominati
962 2441 974 2475 :
1004 2422 1130 2491 quia
1160 2420 1268 2477 illic
1292 2428 1517 2475 terrenae
1545 2414 1907 2487 generationis
1936 2413 2108 2486 origo,
2216 2418 2340 2472 vitae
2364 2416 2643 2488 praesentis
2666 2426 2907 2482 utuntur,
2925 2415 3391 2482 uttemporalibus
3413 2415 3785 2484 potiusrtem

519 2532 574 2580 et
600 2525 655 2587 in
682 2520 870 2579 Exodo
899 2514 1170 2588 Egyptian
1195 2511 1432 2584 regionis
1474 2510 1802 2567 cohabitatio
1845 2523 2112 2564 memora—
2216 2518 2548 2575 mercentur,
2577 2525 2647 2564 ne
2668 2509 2895 2564 terrenis
2926 2508 3193 2578 impediti,
3224 2506 3558 2563 cmlestihus
3600 2504 3771 2560 deim-

520 2628 627 2671 tur.
656 2613 811 2671 Unde
830 2610 1037 2674 curavi,
1067 2607 1344 2680 praemissa
1372 2621 1559 2661 eorum
1588 2608 1748 2668 serie,
1775 2618 1897 2674 quae
1924 2603 1977 2656 in
2010 2599 2112 2654 hoc
2215 2603 2426 2658 dentur.
2488 2602 2692 2669 Quibus
2735 2601 2836 2658 Job
2891 2602 3139 2656 novimus
3187 2600 3528 2656 laudabilem
3584 2598 3781 2653 fortnam

520 2705 657 2761 libro
687 2701 1070 2766 conscribitur,
1111 2698 1273 2754 etiam
1304 2696 1597 2751 nativitatis
1644 2709 1831 2750 eorum
1862 2690 2110 2748 ordinem
2216 2696 2509 2765 praebuisse
2540 2693 2659 2765 (Job
2693 2698 2845 2766 xui),
2891 2695 2983 2765 qui
3033 2694 3114 2750 sic
3159 2692 3482 2759 temporalia
3512 2700 3659 2747 recte
3701 2689 3785 2743 da-

520 2799 802 2867 adhibere,
826 2812 948 2853 cum
972 2791 1505 2863 interpretationibus
1527 2790 1884 2860 singulorum,
1913 2788 1957 2841 si
1986 2800 2111 2857 quo-
2216 2789 2341 2843 dum
2370 2802 2616 2859 possessa
2648 2789 2996 2858 contempsit,
3028 2797 3088 2842 ut
3143 2801 3409 2841 annorum
3455 2798 3711 2839 numerus
3739 2787 3788 2835 et

522 2888 683 2945 modo
711 2888 915 2944 valeam
945 2886 1346 2949 demonstrare,
1396 2896 1502 2937 non
1555 2882 1658 2938 hoc
1688 2879 1918 2934 inaniter
1944 2876 2113 2932 fuisse
2216 2882 2533 2937 substantia:
2583 2882 2775 2937 modus
2823 2881 2872 2936 ei
2922 2881 3239 2951 duplaretur
3286 2879 3509 2941 additus,
3541 2883 3786 2933 maneret

523 2990 810 3037 mutatum.
844 2975 1301 3038 Praitioscendum
1327 2987 1463 3029 sane
1484 2973 1736 3042 parvulos
1770 2969 1934 3026 etiam
1964 2983 2107 3023 com-
2216 2975 2476 3047 adjectus.
2511 2972 2647 3029 Hinc
2685 2971 2850 3027 lsaias
2905 2971 3040 3043 (Isai
3084 2972 3198 3042 ut)
3226 2991 3241 3027 :
3271 2972 3321 3028 lu
3367 2983 3529 3036 terra,
3576 2969 3769 3037 inquit,

524 3089 831 3139 monemus,
861 3087 930 3129 ne
969 3072 1129 3128 istum
1157 3083 1446 3145 numerum
1474 3071 1539 3123 ad
1572 3066 1850 3131 infantium
1883 3072 2108 3129 mortes,
2218 3082 2314 3122 sua
2345 3064 2579 3135 duplicia
2610 3064 2981 3135 possidebunt,
3029 3072 3084 3120 et
3133 3070 3377 3135 perpetua
3422 3061 3644 3117 felicitas
3672 3056 3776 3114 erit

520 3184 661 3240 quos
693 3168 939 3226 Herodes.
957 3165 1155 3222 occidit
1186 3163 1402 3235 (Matth.
1434 3163 1517 3233 ιι),
1550 3160 1821 3216 aestiment
1849 3157 2113 3227 redigen-
2219 3158 2317 3212 iis.
2352 3155 2590 3223 lsachar,
2634 3163 2717 3211 est
2765 3169 3004 3221 merces;
3040 3156 3163 3211 biue
3192 3154 3449 3210 Jeremias
3476 3171 3491 3205 -.
3516 3152 3776 3218 Quiescat,

524 3238 675 3326 dum,
709 3260 852 3323 sicut
878 3256 1136 3329 quosdam
1160 3270 1350 3315 sumus
1372 3254 1589 3324 ignaros
1610 3248 1838 3321 experti.
1872 3249 1941 3306 Ut
1964 3250 2109 3305 enim
2137 3260 2184 3326 ρ
2218 3248 2388 3318 inquit
2418 3244 2631 3318 (Jerem.
2664 3245 2834 3317 xxxi),
2859 3261 2966 3301 vox
2998 3254 3086 3301 tua
3114 3262 3142 3300 a
3175 3246 3408 3315 ploratu,
3439 3257 3495 3298 et
3527 3241 3670 3297 oculi
3706 3238 3778 3294 tui

524 3362 719 3409 caitcra
768 3351 980 3418 sileam,
1011 3349 1080 3406 de
1108 3364 1213 3405 una
1255 3357 1461 3403 tantum
1512 3346 1653 3401 tribu
1698 3344 1836 3401 Juda
1868 3342 2112 3398 Herodes
2218 3356 2248 3395 a
2280 3340 2553 3409 lacrymis,
2580 3338 2704 3408 quia
2735 3352 2945 3393 merces
2986 3338 3238 3408 operibus
3272 3336 3397 3391 tuis.
3433 3336 3496 3390 Et
3522 3334 3777 3389 audientes

520 3444 755 3499 infantes
779 3455 1003 3501 necasse
1027 3438 1389 3511 cognoscitur,
1420 3435 1509 3493 ubi
1532 3451 1629 3503 pro
1657 3433 1954 3504 quantitate
1973 3430 2112 3501 juris
2218 3431 2529 3502 Apostolum
2558 3439 2809 3501 tanquam
2839 3431 3095 3491 athletam
3118 3430 3479 3502 Spiritualem,
3511 3445 3617 3484 non
3634 3429 3684 3482 in
3708 3428 3774 3481 in-

519 3535 626 3603 sui,
668 3534 813 3604 quod
862 3532 1158 3590 tetrarches
1206 3529 1484 3586 sinebatur
1528 3527 1726 3582 habere
1782 3524 2107 3589 dominium,
2215 3534 2363 3578 certo
2392 3534 2719 3593 pugnantem
2749 3522 2930 3578 dicere
2963 3521 3105 3593 (Gal.
3139 3521 3214 3592 vi)
3242 3538 3258 3575 :
3292 3520 3538 3588 Fratres,
3571 3536 3670 3575 non
3701 3520 3771 3574 de-

519 3631 683 3696 prout
710 3623 888 3691 libuit,
920 3623 1143 3679 insanus
1168 3619 1393 3684 exarsit,
1447 3616 1535 3673 hic
1561 3625 1738 3671 autem
1770 3627 1962 3668 omnes
1998 3627 2111 3667 me-
2217 3615 2477 3683 ﬁciamus,
2532 3624 2774 3685 tempore
2824 3615 2969 3670 enim
3028 3630 3126 3670 suo
3168 3623 3465 3681 metemus;
3524 3614 3771 3685 ipsumque

520 3724 696 3771 morat
733 3715 927 3777 tribus,
956 3726 1182 3781 quorum
1214 3708 1626 3777 couseqnentias
1676 3706 1958 3761 nominum
1990 3705 2109 3759 suis
2216 3708 2503 3765 Dominum
2543 3709 2810 3764 dicentem
2834 3708 3053 3779 (Matth.
3081 3708 3155 3781 vt)
3189 3725 3203 3763 :
3234 3708 3630 3763 Thesaurizate
3653 3707 3759 3759 vobis

521 3807 768 3862 tribubus
793 3804 1197 3875 subjungentes,
1231 3817 1297 3859 ac
1327 3815 1551 3863 numero
1577 3806 1916 3868 coaptantes,
1964 3811 2107 3867 prm-
2215 3801 2499 3858 thesauros
2529 3801 2583 3855 in
2629 3803 2790 3871 caelo,
2825 3801 2912 3856 ubi
2968 3817 3140 3872 neque
3198 3817 3402 3872 aerugo,
3449 3815 3629 3871 neque
3659 3800 3762 3853 tinea

524 3898 751 3961 missam,
772 3898 826 3951 in
852 3896 1148 3951 electorum
1180 3892 1515 3963 plenitudine
1546 3891 1992 3961 significationem
2017 3888 2106 3945 di-
2212 3895 2569 3959 exterminat,
2614 3895 2861 3949 novimus
2892 3893 3071 3964 utique
3097 3892 3238 3964 quod
3269 3904 3351 3948 est
3382 3893 3637 3948 ﬁdelibus
3656 3905 3761 3947 ler-

523 3988 762 4044 lucidare
786 3987 1016 4056 amplius
1046 3986 1365 4055 poterimus,
1397 3985 1439 4038 si
1484 3984 1641 4052 hujus
1671 3983 1774 4040 loci
1800 3992 2009 4038 secreta
2031 3983 2107 4038 ri-
2213 4003 2323 4054 ccs,
2357 4001 2584 4058 quorum
2613 4001 2713 4057 pro
2744 3985 2843 4041 hac
2881 4002 3092 4058 quoque
3135 3986 3275 4041 tribu
3308 4002 3575 4041 mem»;
3602 3987 3762 4045 clatet,

525 4096 756 4138 tuemur.
774 4080 980 4136 anuda
1006 4080 1148 4137 enim
1166 4086 1223 4135 et
1234 4076 1507 4134 confessio
1535 4086 1898 4147 peccatorum,
1922 4086 1978 4131 et
1993 4076 2113 4130 laus
2213 4091 2266 4135 ct
2288 4082 2530 4151 profecto
2550 4079 3072 4149 electorumjudicio
3092 4090 3146 4135 et
3163 4081 3415 4135 vocabuli
3439 4085 3765 4137 sacramento,

520 4174 711 4239 ειθπθι.
763 4172 1101 4244 praedicanda
1157 4171 1438 4236 virtutum,
1469 4185 1588 4241 quae
1619 4169 1687 4227 de
1732 4169 1923 4226 eadem
1965 4169 2106 4224 tribu
2211 4175 2409 4243 quibus
2439 4175 2671 4230 maxime
2701 4174 2901 4229 dicitur
2931 4191 2947 4227 :
2986 4172 3223 4230 Gaudete
3251 4183 3309 4230 et
3351 4174 3642 4239 exsultate,
3665 4181 3770 4239 quo-

525 4266 767 4329 nascenti
792 4278 1019 4320 numero
1064 4261 1319 4319 convenit
1346 4263 1700 4333 signatorum.
1730 4260 1864 4316 Nam
1894 4269 1951 4317 et
1975 4275 2107 4317 con-
2172 4302 2175 4305 ι
2213 4267 2358 4320 niam
2400 4282 2611 4323 merces
2639 4277 2818 4322 vestra
2847 4268 3063 4337 copiosa
3095 4276 3177 4323 est
3199 4267 3251 4322 iu
3281 4266 3438 4322 uelis
3471 4267 3497 4337 (
3524 4296 3531 4307 ο
3563 4263 3669 4320 σιώ.
3700 4259 3759 4325 τ)ο

521 4358 685 4413 fessio
712 4357 764 4412 in
792 4356 961 4412 sacris
984 4355 1191 4425 paginis
1210 4370 1317 4410 non
1337 4362 1541 4411 tantum
1566 4354 1633 4409 ad
1665 4366 1881 4424 peccata
1907 4353 2103 4424 redigi,
2212 4356 2453 4414 Zabulou
2485 4359 2851 4421 habitaculum
2899 4360 3249 4415 fortitudinis.
3292 4362 3518 4414 Illorum
3564 4358 3634 4414 hic
3658 4360 3761 4423 puto

518 4449 611 4505 sed
637 4457 692 4503 et
718 4463 816 4517 pro
840 4448 997 4504 laude
1035 4448 1236 4517 saepius
1264 4448 1401 4503 solet
1425 4447 1671 4517 intelligi.
1705 4446 1837 4503 lliuc
1866 4448 2105 4517 psalmus
2210 4451 2501 4521 significari
2531 4452 2800 4520 militiam,
2834 4453 2924 4523 qui
2979 4452 3295 4523 spiritaliter
3324 4453 3379 4507 in
3430 4451 3683 4524 martyrio
3704 4444 3770 4500 tli-

517 4538 870 4593 dedicationis
898 4537 1089 4592 domus
1120 4537 1308 4604 David,
1343 4540 1393 4593 id
1438 4548 1522 4595 est
1565 4538 1853 4595 vicesimus
1885 4554 2099 4593 nonus:
2211 4546 2503 4614 micantes,
2564 4560 2792 4615 corpore
2853 4561 3063 4617 quoque
3115 4562 3214 4601 ευο
3284 4557 3546 4616 unquam
3604 4541 3772 4596 habita.

518 4628 709 4682 Cautet
742 4626 834 4682 tibi
864 4629 1032 4697 gloria
1065 4644 1202 4695 mea,
1236 4641 1293 4687 et
1335 4646 1441 4687 non
1488 4645 1848 4701 compungar;
1876 4630 2085 4685 Domint

2208 4642 2333 4695 culo
2388 4640 2714 4696 fortitudinis
2772 4640 2973 4694 inimici
3032 4640 3235 4695 rabiem
3291 4640 3561 4706 vincunt;
3620 4646 3673 4694 et
3715 4632 3772 4689 di-

516 4723 658 4779 Deus
687 4739 862 4789 meus,
895 4723 949 4777 in
980 4733 1239 4779 aeternum
1273 4723 1572 4779 conﬁtebor
1602 4723 1733 4788 tibi,
1766 4732 1820 4779 et
1844 4723 2083 4778 Dominus

2214 4734 2412 4788 viuitus
2463 4733 2591 4805 juti,
2644 4733 2711 4788 de
2770 4734 3080 4788 infirmitate
3128 4734 3425 4789 secundum
3485 4731 3772 4804 Apostolus:

516 4816 718 4872 “unum
770 4816 978 4873 habens
1030 4815 1252 4873 οωηίηο
1300 4825 1601 4885 Peccatum
1658 4814 1933 4897 Confiteor
1982 4814 2102 4881 libi.
2209 4824 2262 4894 (I
2290 4824 3107 4894 Cor.xit)convalescentes,in
3133 4828 3319 4896 prndio
3342 4827 3515 4882 fortes
3541 4830 3770 4883 existunt.

514 4910 694 4974 Ρθιθν,
727 4909 951 4967 Domine
987 4910 1110 4967 εαξη
1138 4920 1191 4964 el
1222 4918 1401 4965 lerriB-
1435 4908 1644 4975 Ruben.
1689 4910 1877 4965 Videtis
1910 4909 2103 4975 ﬁlium.
2210 4917 2337 4972 ldeo
2371 4918 2528 4972 titulo
2560 4919 2798 4973 nominis
2828 4928 2883 4974 et
2914 4919 3109 4974 effectu
3140 4919 3390 4990 gloriosa:
3419 4919 3644 4973 virtutis
3668 4913 3776 4968 cele-

512 5002 596 5058 vel
628 5002 872 5057 videntes
902 5002 1092 5057 ﬁlium.
1130 5003 1182 5055 lu
1240 5003 1363 5057 filiis
1389 5018 1550 5072 opera
1583 5005 1777 5073 srepius
1806 5003 2105 5076 significari
2211 5009 2357 5076 bres,
2383 5010 2677 5081 gloriarum
2711 5010 2893 5065 titulos
2915 5012 3147 5066 victores
3178 5012 3484 5079 acquirunt.
3520 5003 3775 5080 Bi-njamin

512 5096 916 5166 cognoscimus.
948 5095 1096 5148 Filiis
1129 5103 1308 5149 autem
1334 5094 1469 5148 lucis
1510 5096 1562 5149 in
1593 5098 1792 5151 lumine
1823 5096 2102 5151 ambulan-
2210 5102 2364 5174 (Gen,
2402 5105 2583 5175 xxxv),
2640 5104 2782 5159 ﬁlius
2836 5105 3092 5161 autem,
3127 5105 3352 5160 Laboris
3403 5120 3515 5159 ηοη
3554 5114 3655 5171 εει,
3686 5102 3777 5155 illos

515 5186 659 5247 tibus
709 5187 906 5241 dicitur
937 5204 952 5241 :
989 5186 1185 5243 Videas
1241 5188 1376 5241 lilios
1428 5186 1659 5242 filiorum
1716 5198 1951 5257 tuorum,
2001 5204 2102 5258 pax
2212 5209 2505 5265 agnoscere
2536 5196 2675 5252 ﬁlios
2700 5197 2958 5264 dexterae,
2987 5213 3124 5267 quos
3153 5211 3413 5267 agnorum
3446 5199 3667 5253 nomine
3694 5190 3776 5244 Ve-

515 5291 680 5347 super
708 5276 871 5333 Israel
905 5275 1079 5347 (Psal.
1104 5279 1325 5347 cxxvn),
1361 5278 1515 5347 cujus
1547 5295 1687 5335 nunc
1716 5280 1808 5334 ﬁlii
1835 5281 1887 5336 in
1920 5281 2082 5351 dispu

2210 5288 2339 5344 ritas
2388 5289 2440 5343 in
2474 5289 2772 5361 Evangelio
2826 5292 3097 5364 figuravit,
3146 5289 3336 5346 dicens
3368 5289 3591 5361 (Mat'h.
3628 5286 3776 5353 xxv):

516 5373 719 5428 laticue
754 5372 1073 5440 spiritaliter
1121 5382 1492 5428 assumuntur.
1519 5373 1633 5427 Hoc
1673 5384 1851 5429 autem
1880 5384 1934 5429 et
1964 5378 2105 5445 Apo-
2209 5380 2390 5450 Agnos
2442 5382 2509 5437 ad
2558 5382 2863 5449 dexteram,
2924 5394 2981 5439 ut
3030 5385 3182 5454 cujus
3233 5386 3287 5438 in
3338 5384 3546 5439 saeculo
3584 5385 3778 5438 dextera

514 5466 686 5521 stolus
733 5465 865 5521 dicit
904 5464 1046 5536 (Gal.
1080 5466 1158 5534 vi)
1191 5485 1201 5519 :
1237 5466 1345 5520 Pax
1392 5481 1556 5535 super
1586 5466 1747 5522 Israel
1788 5468 1905 5522 Dei.
1938 5468 2081 5525 Rectt

2209 5476 2605 5543 confortantur,
2643 5476 2763 5547 ejus
2796 5478 2849 5533 iu
2882 5477 3059 5533 futuro
3092 5479 3348 5534 felicitate
3378 5479 3649 5534 fruantur.
3667 5476 3776 5536 Dan.

514 5560 696 5629 itaque
718 5578 787 5618 ex
821 5560 1038 5617 nomine
1066 5561 1232 5631 ipsius
1260 5560 1456 5626 tribus,
1490 5561 1821 5631 signatorum
1842 5578 2097 5620 numerus
2210 5565 2471 5637 judicium
2516 5570 2631 5624 sive
2674 5569 2923 5639 judicans
2963 5571 3313 5627 Hebraeorum
3370 5569 3769 5626 transeuntium.

512 5653 821 5723 adhibetur,
848 5658 1041 5726 quibus
1087 5666 1141 5711 et
1166 5656 1429 5725 congruit,
1462 5656 1708 5711 videntes
1736 5656 1918 5711 filium.
1956 5659 2100 5713 Tali-
2210 5660 2479 5717 Judicinm
2506 5663 2721 5719 illorum
2747 5664 2835 5720 hic
2861 5667 3070 5720 mstimo
3096 5667 3243 5737 poni,
3275 5666 3363 5737 qui
3388 5664 3469 5721 sic
3493 5667 3637 5722 inter
3666 5658 3773 5717 Novi

514 5742 615 5797 lius
659 5762 887 5815 namque
930 5748 1190 5803 Dominus
1218 5746 1346 5801 dicit
1397 5745 1611 5816 (Matth.
1642 5748 1696 5817 ν)
1729 5768 1739 5801 :
1773 5747 1842 5804 Ut
1883 5749 2081 5805 videant

2207 5763 2264 5809 et
2291 5754 2507 5811 Veteris
2535 5757 2871 5815 Testameuti
2903 5768 3143 5830 tempora
3176 5759 3551 5815 moderamine
3574 5752 3773 5830 spiritali

515 5848 699 5897 vestra
720 5839 861 5897 bona
890 5856 1074 5912 opera,
1098 5849 1152 5896 et
1177 5840 1480 5911 glorificent
1499 5842 1712 5897 Patrem
1746 5854 1978 5901 vestrum
2006 5848 2095 5917 qui
2206 5851 2543 5921 discernunt,
2562 5862 2730 5910 utnec
2742 5862 2929 5925 gentes
2948 5852 3558 5924 judaizareexistiment
3574 5852 3768 5914 debere,
