3968 6354
174 318 280 384 845

1182 301 1627 367 couusu'ran.
1670 303 1738 361 IN
1779 283 2164 363 arcetur.
2205 279 2436 358 main.

3345 275 3476 362 sui

175 420 276 493 nec
313 431 369 490 iri
407 430 916 489 condemnationem
961 427 1173 482 Veteris
1201 425 1532 481 Testamenti
1577 431 1762 492 putent
1793 425 1843 484 Α
1872 424 2067 478 neutiae
2127 423 2406 491 perﬁciunt
2436 417 2755 484 caelibatum,
2810 415 2954 488 quod
3001 416 3184 488 utique
3215 433 3321 476 non
3353 435 3452 476 vo-

175 531 374 601 aliquid
409 529 784 584 mutilandum.
820 527 894 580 De
926 525 1023 579 hac
1054 524 1285 585 denique
1313 521 1612 591 quatstioue
1660 532 1765 572 non

178 628 318 681 inter
356 624 502 678 solus
548 629 751 677 tantum
809 619 1118 689 apostolos,
1158 617 1298 671 sicut
1341 610 1528 668 beatus
1573 611 1770 666 Paulus

178 717 242 772 ad
271 716 486 772 Galatas
518 713 665 785 (Cap.
701 713 762 785 ιι)
790 718 1082 776 memorat,
1112 710 1208 766 sed
1245 710 1408 764 etiam
1440 707 1581 761 inter
1607 704 1770 775 spiri-

178 811 315 868 tales
364 809 701 878 postmodum
760 808 908 861 viros
952 805 1071 861 talis
1115 803 1296 860 fuerat
1346 802 1572 870 qumstio
1620 811 1767 866 nata,

181 919 322 976 quae.
357 905 496 958 sicut
546 903 648 956 hoc
697 900 1018 970 interposito
1065 897 1434 968 diguoscimnr
1481 893 1775 966 [dignosci-

183 996 327 1068 umtsj
360 996 578 1050 nomine
608 1008 823 1063 magno,
873 992 1120 1060 indigens
1164 989 1354 1043 fuisset
1404 987 1609 1057 judicio
1636 986 1774 1040 refe-

185 1091 367 1145 ?cnula.
400 1087 661 1155 Quocirca
719 1085 853 1151 Dan,
907 1083 1167 1153 judicium
1199 1081 1314 1134 sive
1365 1078 1618 1147 judicans
1671 1075 1778 1130 lle-

189 1181 451 1234 braroru'u
484 1179 903 1240 transeuntium,
936 1172 1287 1228 subaudimus
1310 1177 1404 1223 aut
1431 1177 1643 1237 tempus
1683 1174 1776 1219 aut

173 1249 400 1344 ξῖγειηιιι,
434 1271 486 1325 id
509 1280 592 1325 est
621 1268 928 1322 Judmorum
974 1262 1368 1318 transeuntium
1403 1260 1657 1327 figuratas
1686 1270 1777 1310 ac-

172 1349 381 1427 iliunes,
408 1373 636 1416 venturo
656 1358 873 1414 Christo
899 1357 1264 1424 Ecelesiazque
1293 1352 1628 1412 servientes;
1654 1347 1780 1401 ideo

173 1430 576 1510 ’trauseuntium
599 1495 614 1520 ,
647 1454 769 1523 quia
799 1467 906 1506 non
937 1450 1004 1504 ad
1027 1464 1106 1512 se,
1132 1447 1226 1502 sed
1258 1446 1324 1499 ad
1357 1443 1502 1497 aliud
1530 1450 1656 1497 sunt
1685 1454 1783 1510 po-

196 1551 296 1603 tius
346 1547 670 1603 referendae.
716 1544 908 1598 Omnia
963 1539 1108 1595 enim
1166 1539 1303 1604 hmc,
1360 1536 1437 1590 ait
1484 1532 1802 1603 Apostolus-

194 1639 245 1709 (I
271 1641 392 1696 Car.
421 1642 499 1710 x),
525 1641 579 1694 in
606 1640 773 1709 ﬁgura
799 1635 1187 1704 contingebant
1208 1631 1340 1694 illis;
1369 1639 1418 1683 ct
1444 1611 1534 1698 (Π
1559 1625 1679 1681 Cor.
1706 1624 1784 1697 v),

192 1731 384 1788 Vetera
417 1733 778 1795 transi-erunt,
827 1741 953 1782 ecce
983 1725 1120 1780 facta
1151 1733 1274 1777 sunt
1302 1721 1480 1776 omnia
1510 1734 1670 1784 nova,
1701 1732 1787 1771 se-

1872 530 2019 577 vere,
2054 530 2159 569 non
2188 522 2409 569 vocatur
2431 514 2483 567 in
2507 512 2747 582 culpam;
2777 512 2872 566 sed
2902 512 3125 583 implere
3147 525 3453 586 susceptum

1871 621 1966 661 ore
2004 606 2211 675 proﬁcit
2258 607 2323 659 ad
2365 621 2613 662 coronam
2645 621 2659 659 :
2691 606 2814 674 quia
2854 604 3002 660 licita
3042 605 3289 662 videntur
3335 622 3451 665 me-

1873 697 2028 754 lioris
2057 699 2323 754 electione
2371 706 2716 768 postponere.
2748 695 2899 752 Unde
2931 699 3220 767 Apostolus
3247 697 3297 762 (Ι
3330 698 3454 754 Cor.

1873 791 1972 862 vn)
2000 811 2012 846 :
2046 793 2121 848 De
2153 793 2448 865 virginibus
2478 803 2823 860 przeceptum,
2866 791 3059 860 inquit,
3107 791 3318 847 Domml
3354 807 3458 848 non

1877 883 2071 949 habeo,
2103 885 2216 940 sive
2243 900 2361 939 cum
2394 884 2561 938 instar
2590 882 2794 936 Zachzei
2827 882 3057 936 dicentis
3106 881 3258 951 (Luc.
3295 885 3409 943 χιχ)
3445 902 3457 938 ;

1879 975 2165 1031 Dimidium
2195 977 2454 1030 bonorum
2481 990 2718 1030 meorum
2743 975 2811 1028 do
2834 975 3176 1044 pauperibus,
3198 985 3246 1030 et
3265 977 3308 1030 si
3333 976 3459 1046 quid

1877 1069 2109 1139 aliquem
2143 1068 2473 1133 defraudavi,
2521 1069 2688 1122 reddo
2719 1067 3093 1138 quadruplum.
3129 1068 3184 1121 ln
3220 1069 3459 1122 Ecclesia

1879 1163 1924 1216 si
1951 1166 2160 1233 quidam
2190 1162 2534 1223 emerserint.
2565 1162 2654 1232 qui
2687 1177 2868 1217 amore
2898 1163 3019 1216 vitm
3048 1171 3264 1217 aztcrnaz
3311 1165 3461 1217 siuti:-

1883 1256 2000 1310 liter
2032 1254 2248 1313 faciant.
2298 1263 2587 1326 augmento
2619 1255 2797 1324 utique
2844 1255 3188 1323 amplissima:
3219 1254 3462 1309 (levi-tio-

1881 1348 1965 1401 nis
1994 1347 2228 1414 accensi,
2277 1357 2425 1401 recte
2456 1345 2613 1415 hujus
2660 1345 2890 1400 nominis
2919 1347 3244 1415 proprietate
3274 1357 3465 1415 potue-

1884 1451 2008 1496 runt
2036 1441 2310 1510 applicari.
2341 1441 2466 1496 Sive
2508 1445 2631 1510 quia
2666 1448 2720 1495 et
2771 1439 3040 1509 praepositi
3081 1440 3259 1494 solerti
3307 1441 3464 1494 indu-

1885 1535 2015 1590 stria
2051 1535 2332 1603 pecuniam
2363 1535 2660 1604 duplicant,
2693 1549 2851 1603 quant
2883 1532 3138 1588 Dominus
3170 1534 3470 1588 nummula-

1885 1627 1982 1681 riis
2013 1627 2264 1694 prmcepit
2297 1625 2510 1696 (Matth.
2546 1625 2676 1696 xxv)
2719 1626 2970 1687 dandam,
3016 1635 3074 1680 ut
3103 1625 3320 1680 veniens
3350 1641 3471 1680 cum

1891 1721 2070 1773 usuris
2113 1720 2292 1789 exigat
2339 1728 2731 1788 pratrogatam;
2789 1719 2903 1772 sive
2951 1733 3070 1773 cum
3118 1718 3332 1772 caelibes
3381 1716 3473 1785 qui

193 1823 430 1877 cundum
473 1820 620 1890 quod
663 1819 732 1877 de
769 1819 971 1873 eisdem
1002 1815 1250 1884 superius
1295 1811 1636 1868 caeremoniis
1665 1825 1780 1864 me-
1819 1807 1859 1863 Β
1887 1811 2054 1880 gratia
2105 1812 2282 1866 divina
2333 1811 2623 1880 praeventi,
2679 1811 2942 1865 incentiva
2999 1812 3176 1866 carnis
3232 1811 3475 1866 ubertate

193 1915 323 1970 mini
368 1915 723 1984 disputatum,
769 1924 868 1965 nec
909 1909 1070 1963 toties
1100 1903 1394 1976 repetenda
1424 1913 1550 1957 sunt
1577 1901 1780 1965 omnia,

197 2007 410 2075 quoties
457 2003 765 2074 exponendi
799 2002 990 2056 horum
1041 1999 1200 2054 fuerit
1225 2007 1413 2054 exorta
1463 1995 1782 2050 necessitas.

204 2097 474 2166 Nephtali,
506 2094 753 2159 latitudo,
784 2095 921 2150 sicut
968 2093 1020 2147 in
1068 2089 1534 2146 benedictionibus
1564 2089 1687 2143 Sem
1731 2093 1788 2141 et

202 2189 395 2245 Jauhet
420 2188 627 2243 dictum
678 2187 909 2258 legimus
958 2183 1112 2256 (Gen.
1143 2187 1218 2250 rx)
1247 2199 1266 2236 :
1294 2181 1488 2236 Dilatet
1517 2182 1657 2236 Deus
1697 2180 1788 2234 Ja-

202 2287 354 2355 phet,
387 2296 438 2341 et
470 2285 677 2340 habitet
701 2285 754 2337 in
787 2268 1152 2337 tabernaculis
1178 2278 1325 2341 Sem,
1359 2278 1500 2344 quod
1528 2279 1790 2345 interpre-

201 2386 345 2431 tatur
375 2377 702 2429 nominatus.
735 2371 1054 2439 lutelligitur
1083 2375 1262 2422 autem
1291 2366 1563 2430 Christus,
1594 2366 1683 2434 qui
1709 2367 1788 2420 sic

201 2465 254 2520 in
283 2465 428 2518 omni
457 2465 590 2518 orbe
618 2463 936 2517 nominatus
964 2459 1204 2526 excellit,
1235 2467 1294 2511 ut
1342 2457 1394 2510 in
1425 2457 1540 2524 ejus
1570 2455 1788 2510 nomine

201 2570 363 2610 mune
391 2570 530 2625 genu
561 2553 830 2618 ﬂectatur,
861 2551 1188 2615 caelestium,
1235 2549 1572 2604 terrestrium
1619 2555 1676 2601 et
1709 2547 1790 2600 in-

202 2645 500 2702 fernorum.
535 2645 825 2714 Propterea
855 2652 908 2698 et
932 2651 1259 2712 unguentum
1289 2640 1516 2694 effusum
1548 2637 1666 2706 ejus
1696 2651 1793 2691 no-

203 2754 326 2796 men
368 2753 489 2794 esse
517 2737 744 2806 legimus
771 2734 956 2805 (Cant.
988 2738 1049 2806 t),
1082 2733 1224 2802 quod
1259 2747 1454 2786 nomen
1481 2733 1666 2785 clauso
1708 2745 1792 2785 ve-

203 2833 308 2888 tuit
345 2831 529 2901 negari
567 2830 810 2895 silentio,
858 2842 979 2882 cum
1038 2826 1368 2880 indesinenti
1408 2821 1793 2893 praedicatione

205 2925 292 2981 lac
333 2923 493 2995 jussit
523 2922 751 2991 flagrare
784 2920 1074 2989 praeconio.
1109 2917 1182 2971 ita
1213 2917 1374 2971 etiam
1425 2915 1511 2969 hic
1557 2913 1796 2968 latitudi-

205 3032 332 3072 nem
368 3015 742 3071 fructilicantis
774 3012 1030 3068 Ecclesiae
1062 3011 1114 3065 in
1167 3009 1290 3064 ﬁliis
1315 3007 1620 3077 adoptionis
1647 3007 1796 3062 vide-

206 3124 330 3164 mus
359 3105 595 3172 oszendi,
615 3119 752 3175 quos
777 3105 937 3160 bonis
958 3102 1253 3173 gaudemus
1276 3100 1529 3169 operibus
1557 3098 1792 3153 dilatari.

1886 1911 2102 1978 spiritus
2130 1911 2384 1974 vincunt;
2418 1910 2532 1962 sive
2552 1907 2603 1962 hi
2635 1909 2724 1978 qui
2757 1911 2822 1963 de
2852 1915 2964 1964 suis
2998 1909 3340 1965 faeitltatibus
3367 1924 3494 1981 non

1888 2004 2032 2058 solas
2064 2003 2299 2059 decimas
2331 2003 2623 2058 secundum
2660 2010 3004 2072 przeceptum,
3035 2002 3130 2057 sed
3159 2002 3475 2072 ampliorem

1889 2097 2119 2152 offerunt
2151 2107 2382 2166 partem.
2414 2097 2717 2167 Augmeuto
2749 2097 2890 2150 enim
2924 2095 3133 2149 virtutis
3177 2105 3229 2148 et
3257 2095 3474 2149 cumulo

1888 2189 2192 2244 devotionis
2218 2188 2463 2252 excitati,
2489 2204 2593 2242 non
2622 2198 2824 2242 tantum
2851 2197 3120 2257 prmcepto
3144 2201 3352 2255 parere,
3380 2186 3478 2242 sed

1889 2281 2048 2336 etiam
2099 2280 2307 2349 potiore
2354 2281 2464 2334 Deo
2513 2281 2656 2334 cultu
2703 2280 2957 2334 virtutum
2990 2294 3048 2334 se
3097 2278 3478 2334 commendare

1890 2369 2166 2435 festinant,
2201 2385 2306 2424 non
2339 2371 2524 2439 utique
2551 2370 2660 2438 jam
2706 2385 2774 2424 ne
2800 2385 3012 2437 poenam
3057 2370 3354 2432 incurrant,
3385 2367 3480 2424 sed

1891 2470 1949 2516 ut
1977 2461 2280 2516 mercedem
2304 2460 2604 2530 acquirant.
2632 2461 2746 2529 His,
2777 2459 3014 2530 inquam,
3042 2459 3480 2529 nomenJoseph,

1891 2551 1943 2607 id
1992 2563 2074 2608 est
2102 2563 2468 2624 augmentum,
2523 2552 2757 2607 arbitror
2806 2553 3092 2608 convenire
3120 2572 3131 2608 :
3164 2554 3252 2623 qui
3281 2553 3480 2624 Joseph

1894 2645 2034 2701 inter
2063 2645 2392 2716 alienigenas
2421 2647 2685 2700 exaltatus
2713 2645 2854 2700 felici
2873 2648 3212 2715 cognoscitur
3225 2663 3482 2704 successu

1894 2736 2164 2802 crevisse,
2197 2746 2250 2791 et
2280 2737 2541 2791 Manassa:
2574 2737 2738 2790 tilium
2771 2739 3094 2808 suscepisse,
3129 2737 3268 2808 quod
3319 2740 3483 2795 inter-

1896 2836 2134 2897 pretatur
2174 2827 2373 2883 oblitus
2426 2829 2508 2882 vel
2539 2829 2857 2895 necessitas,
2911 2840 2968 2884 ut
3009 2840 3128 2898 pote
3178 2831 3479 2888 durissima;

1895 2919 2166 2974 servitutis
2197 2929 2250 2975 et
2280 2919 2610 2989 captivitatis
2645 2921 2862 2978 oblitus.
2896 2920 3013 2976 Jam
3043 2936 3184 2977 nunc
3213 2923 3256 2977 si
3287 2938 3480 2979 secun-

1896 3012 2022 3066 dum
2042 3013 2316 3068 nominum
2337 3015 2618 3082 qualitates
2634 3014 2974 3085 singulasque
2988 3032 3165 3071 rerum
3183 3031 3482 3087 congruen-

1901 3116 2001 3162 ttas
2052 3105 2288 3188 prtefatis
2344 3121 2514 3173 nuper
2547 3106 2825 3161 vocabulis
2866 3107 3184 3176 applicatus,
3233 3108 3484 3162 ordinem

205 3201 351 3268 Gad,
393 3199 618 3254 tentatio
649 3199 762 3254 sive
789 3197 1080 3264 accinctus,
1127 3203 1222 3248 aut
1255 3193 1614 3247 latrunculus.
1648 3191 1793 3256 Quo-

1905 3200 2202 3255 nativitatis
2227 3216 2411 3254 eorum
2438 3200 2665 3255 velimus
2695 3202 2934 3272 exsequi,
2960 3203 3252 3272 prmmissm
3274 3204 3487 3272 exposi-

207 3294 378 3356 niam,
412 3293 553 3348 sicut
580 3290 805 3361 legimus
844 3287 963 3370 (Joh
997 3303 1089 3353 ιιι,
1111 3288 1266 3360 juxta
1293 3283 1492 3355 LXX),
1524 3284 1643 3339 haec
1687 3284 1796 3336 vita

206 3385 437 3440 tentatio
466 3393 572 3454 est,
617 3382 870 3438 convenit
899 3379 1096 3434 milites
1118 3377 1320 3433 Christi
1345 3375 1485 3446 quod
1513 3375 1628 3445 ip:e
1656 3389 1798 3443 prac-

207 3479 340 3546 cipit
366 3478 686 3548 adimplere,
715 3486 770 3529 et
797 3484 983 3530 contra
1033 3487 1222 3528 omnes
1255 3471 1587 3526 tentationes
1619 3468 1801 3524 accin-

171 3566 326 3624 ‘ctos
370 3570 568 3638 jugiter
610 3569 900 3632 dimicare;
945 3565 1071 3620 dicit
1127 3563 1270 3620 enim
1318 3563 1473 3632 (Luc.
1511 3559 1608 3630 xu)
1643 3559 1803 3616 :Sint

208 3659 380 3716 lumbi
411 3661 571 3714 vestri
599 3658 896 3728 praecincti,
931 3666 987 3712 et
1017 3657 1254 3711 lucernae
1276 3654 1546 3717 ardentes,
1580 3661 1635 3706 ut
1657 3651 1802 3706 scili-

209 3760 300 3806 cet
328 3760 380 3806 et
403 3750 618 3806 illicitas
641 3749 1110 3818 concupiscentias
1132 3745 1482 3816 reprimendo
1504 3743 1798 3807 fronemus,

210 3853 271 3899 et
311 3844 464 3898 bonis
490 3845 748 3915 operibus
781 3841 1082 3897 insistendo
1111 3841 1410 3903 luceamus,
1442 3847 1498 3892 ut
1544 3837 1688 3892 idem
1719 3835 1804 3891 di-

211 3937 287 3991 cit
305 3954 318 3989 :
339 3937 427 3992 Sic
449 3939 619 3992 luceat
644 3938 731 3990 lux
756 3945 934 3990 vestra
949 3949 1132 3990 coram
1154 3932 1468 3988 hominibus
1486 3930 1701 4002 (Matth.
1724 3929 1798 3998 v).

213 4031 283 4086 Et
322 4033 446 4101 quia
481 4031 742 4084 bonorum
771 4045 994 4098 operum
1029 4029 1190 4080 linem
1243 4027 1308 4079 ad
1342 4025 1509 4078 Deum
1544 4023 1802 4090 dirigere,

213 4138 327 4179 non
372 4123 439 4178 ad
482 4123 724 4176 favorem
765 4121 934 4175 laudis
979 4122 1230 4172 humana:
1284 4127 1602 4183 retorquere
1642 4113 1804 4166 debe-

216 4231 359 4283 mus,
397 4216 468 4270 ob
499 4215 600 4271 hoc
637 4214 802 4269 etiam
841 4211 1176 4266 latrunculus
1220 4201 1642 4277 interpretatum
1673 4203 1808 4258 dici-

216 4316 322 4365 tur.
356 4324 555 4364 nomen
596 4308 714 4378 ejus
745 4319 996 4377 tauquam
1038 4306 1175 4359 bona
1219 4302 1399 4358 cordis
1455 4304 1684 4354 latenter
1715 4311 1808 4351 ac-

217 4402 460 4470 quirens,
493 4400 604 4454 Deo
656 4398 847 4453 oll'erat
875 4395 1245 4467 approbando,
1301 4409 1405 4448 non
1441 4390 1690 4445 humanis
1718 4389 1812 4444 ob-

219 4491 426 4548 tutibus
453 4490 667 4559 detegat
700 4489 1055 4558 prteferemla,
1083 4497 1164 4552 ut,
1193 4485 1490 4542 secundum
1517 4483 1658 4553 quod
1689 4483 1807 4552 ipse

1906 3291 2064 3346 tionis
2091 3292 2290 3344 exitum
2322 3291 2539 3345 minime
2567 3293 2868 3361 reperimus
2894 3311 2908 3348 :
2940 3303 3017 3361 ut,
3048 3294 3197 3350 verbi
3221 3297 3415 3366 gratia,
3439 3296 3487 3353 si

1904 3401 1932 3439 a
1963 3384 2319 3456 primogenito
2347 3386 2535 3442 [iuben
2568 3387 2792 3442 velimus
2819 3388 3093 3456 inchoare,
3119 3392 3258 3461 quod
3291 3391 3487 3448 dicitur

1906 3477 2092 3532 videns
2123 3475 2310 3542 filium,
2361 3476 2445 3532 vel
2503 3476 2747 3532 videntes
2793 3478 2999 3546 filium;
3049 3488 3104 3536 et
3157 3491 3346 3550 quarto
3375 3496 3489 3539 suae

1907 3570 2200 3626 nativitatis
2254 3572 2370 3627 loco
2428 3571 2618 3626 Judam
2675 3573 2946 3638 intexere,
3007 3591 3139 3632 sano
3194 3577 3490 3634 intellectui

1906 3662 2126 3716 omnino
2168 3671 2458 3733 repugnat;
2503 3675 2626 3719 ante
2660 3665 2812 3718 initia
2836 3667 2977 3720 enim
3006 3666 3359 3722 confessionis
3386 3669 3492 3723 cul-

1909 3768 2030 3808 men
2064 3753 2324 3807 bonorum
2358 3752 2578 3824 operum
2614 3756 2790 3810 nullus
2818 3757 3192 3826 apprehendit,
3228 3759 3353 3828 quia
3388 3758 3492 3817 nisi

1909 3860 2005 3914 per
2028 3845 2420 3900 confessionem
2455 3849 2822 3902 renuntiemus
2851 3850 3060 3903 actibus
3084 3849 3257 3916 malis,
3287 3865 3389 3903 non
3413 3851 3493 3906 in~

1911 3937 2208 3991 formamur
2239 3938 2404 3992 rectis
2431 3945 2485 3992 et
2532 3938 2761 4008 placitis.
2813 3939 3072 4006 Quocirca
3119 3949 3173 3994 ut
3206 3943 3493 4010 probemus

1911 4043 2099 4083 eorum
2135 4029 2329 4082 seriem
2364 4030 2637 4083 nominum
2670 4046 2773 4084 non
2805 4030 3035 4084 inaniter
3067 4032 3150 4085 hic
3181 4032 3346 4087 fuisse
3376 4049 3494 4089 mu-

1910 4128 2074 4174 tatam
2096 4162 2110 4186 ,
2143 4121 2235 4176 sed
2269 4130 2322 4174 ut
2354 4122 2632 4176 evidenter
2664 4123 3019 4192 signiﬁcatum
3050 4125 3223 4180 valeat
3249 4128 3489 4196 agnosci,

1911 4222 2107 4280 quanta
2152 4212 2220 4266 sit
2260 4209 2532 4277 distantia,
2586 4214 3003 4268 discernendum
3061 4217 3200 4270 inter
3247 4229 3492 4270 exortum

1913 4313 2117 4357 natura:
2147 4303 2432 4369 culpabilis
2462 4306 2762 4359 etordines
2792 4305 2976 4374 gratia:
3019 4305 3286 4360 salutaris.
3326 4305 3496 4374 llujus

1915 4409 2054 4449 nunc
2079 4397 2197 4448 libri
2222 4396 2467 4450 ordinem
2497 4405 2876 4465 exsequentes,
2909 4397 3123 4452 eosdem
3150 4413 3338 4452 sensus
3363 4413 3498 4468 quos

1915 4489 2453 4556 interpretationibus
2503 4489 2778 4543 nominum
2835 4489 3170 4558 digessimus,
3228 4492 3496 4561 recapitu-

221 4580 471 4653 promisit
492 4579 708 4651 (Matth.
740 4581 837 4651 vr),
867 4581 1022 4636 Pater
1045 4591 1186 4645 tuus,
1214 4579 1302 4650 qui
1330 4578 1473 4634 videt
1495 4578 1548 4632 in
1575 4577 1808 4642 occulto,
1839 4579 1889 4640 D
1915 4580 2108 4647 lautes,
2146 4579 2268 4635 huic
2299 4579 2478 4635 ordini
2502 4587 2653 4652 quasi
2687 4581 3000 4652 quibusdam
3034 4585 3295 4639 catenulis
3321 4584 3495 4638 brevi-

222 4674 410 4730 reddat
443 4674 534 4729 tibi
581 4675 635 4729 in
670 4675 864 4744 palam.
911 4675 1036 4731 Ideo
1060 4675 1411 4738 latrunculus,
1459 4689 1524 4729 eo
1555 4672 1694 4744 quod
1724 4672 1806 4726 la-

221 4775 331 4821 tcat
370 4767 575 4822 oculos.
613 4771 767 4835 Aser,
821 4769 1027 4824 beatus.
1078 4769 1370 4825 llliusmodi
1421 4767 1800 4823 beatitudinem

221 4860 304 4914 hic
336 4859 566 4914 arbitror
595 4859 887 4930 designari,
931 4875 1090 4930 quam
1141 4861 1394 4915 Dominus
1427 4862 1480 4914 in
1514 4858 1805 4929 Evangelia

219 4962 504 5016 memorat,
559 4955 743 5008 dicens
790 4951 1004 5022 (Matth.
1041 4956 1133 5020 v):
1166 4954 1310 5008 Beati
1355 4953 1502 5007 eritis
1532 4968 1654 5008 cum
1708 4969 1804 5010 vos

221 5047 599 5103 maledixerint
631 5055 686 5102 et
712 5052 1101 5115 persequentur
1141 5059 1258 5111 vos,
1303 5053 1357 5098 et
1385 5045 1617 5098 dixerint
1645 5059 1806 5099 omne

225 5144 421 5197 malum
454 5141 712 5197 adversiis
743 5152 858 5201 vos,
893 5139 1238 5203 mentientes,
1264 5145 1484 5206 propter
1525 5151 1636 5200 me,
1674 5146 1732 5191 ut
1764 5138 1809 5192 is

223 5246 464 5290 sacratus
529 5235 582 5288 in
639 5231 823 5287 electis
887 5245 1141 5284 numerus
1193 5229 1518 5297 designetur.
1577 5229 1805 5298 .loseph,

223 5338 592 5398 augmentum.
640 5327 770 5382 Tale
815 5325 899 5380 hic
947 5320 1492 5394 augmentum'datur
1541 5324 1804 5395 intelligi,

223 5421 367 5490 quod
393 5431 448 5475 et
481 5420 780 5490 prmpositis
805 5427 858 5472 et
888 5417 1116 5472 diversis
1141 5416 1336 5472 debeat
1375 5417 1428 5470 in
1463 5416 1668 5472 unitate
1703 5416 1810 5471 Ec.

223 5511 406 5569 clesite
433 5511 690 5567 membris
732 5511 928 5579 aptari,
960 5509 1065 5564 illis
1110 5509 1362 5564 videlicet
1385 5523 1520 5578 quos
1545 5508 1614 5562 de
1657 5523 1808 5562 com-

227 5605 396 5661 misso
425 5604 680 5674 spiritalis
721 5603 1030 5657 substanti:c
1064 5604 1262 5658 talento
1309 5602 1593 5671 dupliciter
1623 5602 1807 5656 Domi-

227 5715 331 5756 nus
362 5698 492 5752 dicit
539 5696 754 5768 (Matth.
794 5695 924 5766 xxv)
976 5696 1214 5752 lucrari:
1247 5697 1363 5751 istis
1391 5711 1540 5762 vero,
1593 5699 1810 5768 quando

230 5799 326 5847 aut
371 5789 692 5863 virginitatis
741 5789 1092 5859 propositum,
1133 5798 1223 5845 aut
1273 5793 1574 5861 professum
1635 5793 1807 5847 couti-

1917 4686 1998 4728 ter
2026 4683 2425 4740 connectamus,
2456 4675 2558 4729 hoc
2596 4674 2756 4729 modo
2790 4693 2804 4730 :
2836 4674 3044 4731 Nostra:
3092 4675 3419 4732 confessioni
3445 4685 3500 4731 et

1915 4766 2111 4822 divina:
2158 4766 2300 4821 laudi
2352 4782 2575 4837 operum
2634 4768 2873 4824 succedit
2919 4768 2985 4822 de
3035 4783 3185 4823 more
3215 4768 3496 4836 perfectio,

1915 4869 2163 4928 tanquam
2193 4859 2343 4916 Judae
2380 4863 2586 4922 Ruben,
2615 4870 2672 4914 ut
2705 4879 2804 4918 nec
2835 4862 3138 4933 ptenitcurla
3169 4862 3331 4916 libeat
3358 4862 3494 4915 ultra

1920 4959 2186 5020 repetere,
2222 4966 2322 5005 nec
2340 4952 2630 5021 probabilia
2659 4953 2710 5006 in
2737 4953 2929 5022 quibus
2954 4953 3090 5008 Deus
3121 4952 3391 5018 laudetur,
3419 4954 3498 5021 pi-

1912 5053 2035 5114 geat
2063 5044 2381 5114 adimplere.
2407 5045 2692 5116 Propterea
2716 5046 2838 5114 huic
2870 5050 2920 5100 in
2953 5046 3140 5101 ordine
3165 5046 3350 5101 Ruben
3370 5046 3498 5100 sub-

1911 5138 2175 5209 jungitur,
2206 5145 2265 5192 ut
2291 5148 2344 5192 et
2375 5139 2464 5208 qui
2496 5149 2769 5208 operatur,
2802 5155 2898 5208 spe
2928 5139 3190 5209 gaudeat,
3234 5149 3289 5195 et
3315 5141 3501 5194 viden-

1919 5240 2000 5286 tes
2029 5231 2095 5284 ad
2125 5231 2216 5285 Dei
2245 5230 2456 5286 laudem
2502 5231 2734 5286 referant
2761 5241 3096 5302 operantem.
3132 5229 3330 5287 Verum
3375 5234 3499 5301 quia

1918 5323 2096 5378 adhuc
2146 5338 2346 5392 corpus
2399 5323 2540 5393 quod
2583 5325 2943 5394 corrumpitur
2989 5323 3499 5394 aggravatauimam

1918 5417 2075 5489 (Sap.
2107 5414 2183 5488 rx)
2212 5458 2227 5483 ,
2278 5425 2332 5472 et
2360 5417 2756 5487 ingemiscimus
2802 5419 3004 5488 gravati
3047 5415 3134 5489 (11
3164 5415 3282 5472 60-.
3326 5418 3415 5488 v),
3450 5429 3504 5473 et

1918 5512 2152 5581 quandiu
2181 5513 2232 5567 in
2276 5528 2498 5583 corpore
2526 5527 2733 5575 sumus,
2765 5514 3168 5584 peregrinamur
3211 5530 3240 5568 a
3272 5513 3501 5569 Domino

1919 5603 2108 5677 (Ibid.)
2129 5646 2143 5672 ,
2189 5615 2244 5661 et
2274 5621 2370 5677 per
2397 5607 2592 5660 ntultas
2639 5607 3005 5663 tribulatiOues
3035 5618 3245 5677 oportet
3288 5625 3384 5664 nos
3416 5610 3502 5663 iu-

1918 5707 2062 5754 trare
2091 5703 2140 5754 in
2171 5716 2394 5770 regnum
2445 5699 2541 5756 Dei
2576 5701 2710 5769 (Act.
2741 5702 2872 5770 xtv),
2918 5703 3056 5757 sicut
3104 5706 3361 5774 scriptum
3395 5714 3498 5774 cst,

1917 5794 2151 5849 succedit
2181 5791 2318 5861 Gad,
2351 5793 2403 5848 id
2426 5802 2508 5848 est
2537 5793 2760 5849 teutatio
2787 5811 2800 5850 :
2833 5797 3094 5867 succedit,
3120 5798 3358 5868 inquam,
3387 5812 3495 5852 uou
3537 5794 3540 5798 ’
