3968 6354
469 303 569 363 8ιῖ

1582 285 1871 347 ιδιιιιιΑειι
1911 284 2359 346 A'DRUMETANI
2395 286 2610 347 EPISC.

3688 264 3795 320 843

465 414 758 475 nativitatis
787 394 931 482 ortu,
953 412 1047 470 sed
1075 409 1277 468 militias
1300 406 1557 481 Spiritalis
1583 422 1811 463 excursu
1835 423 1848 473 ;
1883 406 2043 462 etiam
2074 415 2125 475 Α
2150 415 2373 487 gloriam
2402 427 2521 484 qua
2551 407 2877 467 revelabitur
2900 406 2952 462 in
2977 400 3149 459 nobis.
3169 399 3551 457 Fructuosius
3577 396 3792 466 quippe

466 514 663 569 talibus
691 511 833 567 enim
864 525 970 564 non
1000 508 1194 563 desunt
1229 504 1553 559 tcntationes
1592 504 1715 556 vitae
1749 503 2049 572 przcscntis,

465 605 658 673 quibus
686 611 1039 660 exerceantur
1090 601 1144 653 in
1191 610 1383 667 agone,
1436 604 1492 651 et
1545 594 1774 650 accincti
1835 594 2054 665 cingulo

468 696 723 767 spiritali,
754 710 862 751 non
907 693 1152 748 sinantur
1180 688 1399 744 desidia:
1430 696 1643 756 torpore
1687 699 2052 751 marcescere;

467 788 595 843 licet
622 787 765 842 enim
794 784 922 841 etin
947 783 1088 837 bono
1110 789 1166 835 et
1192 778 1246 834 in
1279 779 1419 833 malo
1451 789 1679 848 ponatur
1702 792 1846 849 saepe
1876 785 2053 831 tenta-

466 878 577 942 tio,
606 876 693 932 hic
738 886 913 930 tamen
945 880 1004 927 ut
1026 872 1092 926 ad
1138 871 1391 925 virtutem
1420 870 1563 924 bono
1608 882 1708 922 usu
1756 867 2053 938 redigatur,

469 967 812 1039 intelligenda
844 964 1179 1035 proponitur.
1206 962 1492 1032 Pr0pterea
1516 972 1574 1015 ut
1595 969 1651 1016 et
1677 960 1969 1024 accinctus,
1999 966 2057 1013 ut

470 1073 596 1136 pote
622 1060 976 1131 spiritualiter
1006 1057 1287 1128 praelians,
1345 1055 1691 1125 dignoscatur
1722 1070 1736 1107 :
1769 1051 2059 1107 Prrecinxi-

468 1160 535 1214 sti
580 1171 687 1220 me,
722 1153 891 1223 inquit
919 1150 1095 1221 (Psal.
1127 1151 1280 1220 xvtt),
1309 1149 1507 1203 virtute
1538 1148 1602 1201 ad
1644 1147 1869 1202 bellum.
1904 1145 2059 1203 Unde

470 1250 695 1319 legimus
726 1244 930 1315 (Iacob.
962 1244 1000 1314 ι)
1038 1260 1050 1296 :
1086 1242 1281 1297 Beatus
1314 1241 1396 1294 vir
1447 1240 1538 1310 qui
1571 1237 1759 1293 suffert
1806 1236 2061 1293 tentatio-

472 1357 611 1406 nem,
662 1338 923 1409 quoniam
955 1351 1077 1392 cum
1128 1334 1381 1404 probatus
1430 1332 1611 1397 fuerit,
1644 1332 1868 1401 accipiet
1903 1346 2095 1386 coro--

470 1448 594 1488 nam
636 1433 785 1498 vitaz,
814 1429 969 1485 sicuti
996 1438 1049 1483 et
1077 1426 1345 1482 Abraham
1378 1433 1612 1480 tentatus
1656 1424 1892 1480 emicuit.
1926 1423 2059 1480 Nam

470 1528 573 1582 etsi
623 1525 763 1581 mala
802 1522 1018 1593 quidem
1049 1518 1122 1575 sit
1166 1520 1412 1586 tentatio,
1478 1516 1597 1587 iure
1644 1526 1822 1571 tamen
1875 1516 2061 1573 beatos

472 1618 703 1673 dicimus
734 1616 1087 1673 tentationcm
1118 1616 1419 1681 vincentes,
1452 1614 1535 1669 vel
1558 1629 1627 1669 ex
1661 1614 1954 1667 tentatione
1983 1612 2064 1666 vi-

472 1719 672 1765 ctores.
702 1709 826 1764 lden
864 1717 985 1779 post
1023 1707 1158 1774 Gad,
1198 1708 1355 1772 Aser,
1388 1705 1440 1760 id
1471 1715 1555 1760 est
1582 1705 1791 1771 beatus,
1822 1704 2058 1775 ponitur,

2156 518 2440 579 pugnatur,
2469 505 2556 560 ubi
2588 516 2793 559 merces
2815 514 2934 555 esse
2962 497 3289 569 praedicitur.
3319 493 3453 547 Haec
3490 500 3707 542 autem
3738 490 3787 541 in

2156 578 2462 657 habitaculo
2484 594 2809 651 fortitudinis
2834 591 2974 646 Deus
2994 597 3245 659 Operatur
3264 594 3319 641 et
3346 580 3625 653 perﬁcit,
3644 578 3789 648 quod

2156 694 2351 749 dicitur
2379 689 2640 755 Zabulon,
2671 684 2883 757 quando
2910 684 3079 737 virtus
3108 681 3161 735 in
3186 678 3531 734 inﬁrmitate
3566 672 3788 743 perﬁci-

2159 798 2243 843 tur
2272 784 2360 859 (II
2387 784 2507 840 Cor.
2539 788 2657 851 χιι),
2690 790 2747 834 ιιι
2774 792 2971 847 corpus
3000 773 3139 845 quod
3172 775 3238 828 ab
3266 770 3525 827 inimicis
3565 776 3786 836 putatur

2158 881 2453 943 inﬁrmum,
2486 884 2542 931 et
2574 888 2669 945 per
2695 872 2851 942 cujus
2893 868 3169 924 materiam
3201 864 3385 920 animo
3412 875 3676 932 quoque
3709 862 3784 912 in-

2160 973 2303 1030 ferre
2350 970 2595 1025 nituntur
2624 966 2921 1028 interitum,
2958 962 3067 1016 Deo
3092 958 3443 1015 confortante
3479 953 3783 1022 experian-

2161 1075 2248 1121 tur
2277 1063 2553 1129 invictum,
2585 1068 2878 1130 augmento
2920 1055 3244 1110 succedente
3284 1048 3533 1113 infelici,
3577 1048 3634 1100 id
3686 1056 3778 1111 est,

2161 1154 2379 1224 Joseph,
2403 1153 2545 1224 quod
2569 1152 2954 1219 interpretatur
2981 1151 3564 1217 augmentum,atque
3599 1138 3657 1193 in
3690 1139 3779 1192 hoc

2161 1261 2469 1312 contextum
2500 1250 2690 1305 ordine
2713 1255 2993 1317 augmenta
3019 1241 3284 1313 signiﬁcat
3298 1239 3660 1310 gratiarum,
3679 1236 3779 1289 sive

2163 1348 2231 1403 de
2279 1345 2604 1401 talentorum
2632 1339 2790 1410 dupla
2836 1336 3196 1393 redhibitione
3238 1346 3465 1399 usuras,
3505 1343 3773 1398 augmen-

2166 1450 2277 1496 tum
2325 1434 2595 1493 commodi
2639 1430 2892 1502 spiritalis
2940 1427 3243 1496 intelligas:
3275 1423 3391 1478 sive
3445 1420 3513 1474 in
3551 1421 3644 1473 his
3670 1433 3771 1487 qua:

2162 1533 2339 1588 votiva
2368 1527 2603 1583 fidelium
2634 1524 2894 1594 religione
2921 1518 3265 1588 Redemptori
3287 1517 3397 1571 Deo
3427 1514 3768 1576 redduntur,

2165 1625 2418 1695 accipias.
2446 1622 2623 1691 Atque
2651 1626 2709 1672 ut
2739 1618 2837 1670 hos
2860 1628 3071 1680 omnes,
3103 1627 3237 1682 quos
3263 1620 3317 1667 et
3342 1609 3499 1664 ordo
3525 1618 3589 1661 et
3618 1610 3768 1659 inter-

2167 1718 2394 1791 pretatio
2420 1715 2694 1770 nominum
2727 1710 2813 1765 hic
2841 1706 3194 1778 signiﬁcative
3224 1704 3465 1774 positos,
3502 1702 3565 1757 in
3600 1700 3765 1754 futuro

471 1801 626 1872 ill“?-
649 1812 921 1869 aCcel’lam
950 1814 980 1853 ³
1016 1797 1245 1853 Domino
1276 1796 1515 1867 retium“
1546 1796 1789 1851 νεΐίίθίίδ
1818 1796 1906 1866 qui
1931 1796 2062 1850 die"
2091 1810 2139 1871 B
2160 1812 2365 1885 judicio
2394 1812 2458 1866 ad
2480 1808 2759 1865 dexteram
2799 1806 2996 1861 Christi
3027 1803 3170 1875 regis
3196 1801 3384 1857 aeterni
3415 1798 3656 1854 futuros
3696 1796 3766 1849 in-

474 1890 691 1962 (Mattlz.
719 1891 774 1963 ν)
808 1910 819 1944 ;
854 1892 998 1947 Beati
1022 1890 1169 1946 eritis
1190 1904 1310 1945 cum
1338 1904 1432 1944 vos
1460 1888 1671 1944 oderint
1701 1887 1947 1943 homines
1965 1927 1981 1954 ,
2008 1898 2061 1943 et

478 1984 754 2053 persecuti
782 1998 876 2039 vos
914 1983 1136 2050 fuerint,
1186 1992 1239 2038 et
1283 1982 1518 2037 dixerint
1552 1996 1712 2037 omne
1743 1980 1941 2035 malum
1971 1980 2065 2036 ad-

476 2092 689 2133 versum
721 2091 840 2143 vos,
872 2076 1215 2141 mentientes,
1250 2083 1471 2145 propter
1502 2088 1607 2128 me.
1639 2071 1809 2142 Hujus
1833 2071 2064 2127 beatitu-

476 2168 618 2225 dinis
647 2168 749 2224 ﬁda
782 2167 1146 2238 promissione
1178 2167 1378 2231 securi,
1420 2180 1524 2220 non
1553 2167 1945 2236 angusuantur,
1970 2162 2065 2218 sed

477 2277 600 2317 cum
632 2261 894 2332 Apostolo
921 2258 1009 2331 (II
1040 2260 1161 2314 Cor.
1194 2259 1273 2328 v1)
1304 2258 1495 2314 dicunt
1530 2277 1542 2312 :
1576 2260 1681 2313 Cor
1708 2266 1951 2313 nostrum
1978 2256 2065 2312 di-

477 2352 702 2408 latatum
752 2360 854 2407 est.
908 2351 976 2405 Et
1019 2351 1224 2420 psalmo
1272 2350 1565 2405 concinunt
1605 2349 1781 2418 (Paul.
1829 2350 2063 2419 cxvttt):

477 2442 635 2499 Viam
664 2442 1041 2497 mandatorum
1067 2441 1298 2506 cucurri,
1326 2456 1449 2495 cum
1472 2441 1728 2497 dilatares
1749 2458 1842 2497 cor
1863 2457 2064 2498 meum.

478 2536 775 2605 Propterea
804 2532 1053 2603 Nephtali
1100 2533 1362 2599 succedit,
1414 2533 1555 2603 quod
1602 2542 1685 2590 est
1735 2534 1981 2600 latitudo,
2012 2542 2072 2589 ut

482 2642 590 2684 non
623 2627 797 2682 solum
831 2640 939 2681 non
966 2624 1306 2693 deﬁciamus,
1350 2641 1537 2681 Verum
1588 2626 1746 2681 etiam
1778 2643 1895 2696 qua:
1925 2636 2071 2683 retro

481 2728 609 2774 sunt
636 2719 1051 2785 obliviscentes,
1092 2718 1169 2773 sic
1210 2719 1265 2773 in
1293 2732 1355 2774 ea
1388 2734 1507 2789 qua:
1548 2732 1675 2774 ante
1702 2728 1829 2775 sunt
1856 2721 2073 2792 (secun-

483 2816 609 2872 dum
661 2816 1005 2886 Apostolum)
1038 2814 1415 2885 extendamur,
1471 2826 1529 2870 ut
1582 2819 1696 2871 sola
1752 2817 2074 2874 necessitate

487 2911 737 2965 humana:
765 2908 1087 2964 conditionis
1132 2908 1399 2974 obstricti,
1448 2922 1632 2964 curam
1663 2911 1839 2965 carnis
1880 2926 1986 2966 non
2018 2912 2072 2966 in

488 3002 769 3060 desideriis
795 3000 1075 3056 faciamus.
1107 3000 1457 3055 Conversatio
1487 3002 1629 3056 enim
1661 3011 1868 3067 nostra,
1902 3003 2074 3073 inquit

491 3097 671 3170 (Rom.
687 3096 825 3165 χιιι),
843 3096 896 3150 in
912 3093 1061 3149 cmlis
1080 3104 1182 3159 est,
1196 3102 1249 3149 et
1267 3095 1508 3163 quamvis
1529 3094 1852 3151 desiderium
1883 3096 1953 3151 sit
1972 3097 2075 3152 dis-

2166 1905 2397 1974 telligas,
2429 1900 2710 1970 Beniamin
2756 1899 2809 1953 in
2854 1906 3125 1968 postremo
3156 1896 3274 1950 loco
3323 1892 3690 1962 supponitur,
3718 1889 3762 1944 id

2166 2009 2251 2054 est
2275 1996 2414 2051 ﬁlius
2434 1994 2691 2059 dexterae,
2712 2000 2964 2062 tanquam
2996 1990 3112 2060 ipse
3138 1988 3207 2043 sit
3230 1986 3349 2041 ﬁnis
3382 1986 3761 2052 ordinis,qun

2168 2088 2395 2145 felicitas
2430 2084 2757 2157 promittitur
2800 2083 3050 2155 perfectae
3092 2079 3379 2137 mercedis.
3412 2077 3585 2133 Tunc
3633 2076 3757 2132 enim

2172 2179 2463 2236 novissima
2512 2176 2728 2231 inimica
2773 2175 3077 2231 destruetur
3124 2186 3271 2227 mets
3313 2167 3373 2241 (Ι
3403 2167 3541 2224 Cor.
3576 2168 3685 2237 xv),
3712 2176 3759 2220 ut

2168 2275 2283 2328 sive
2304 2270 2666 2339 unusquisque
2696 2267 2938 2322 ﬁdelium
2960 2266 3101 2321 ﬁlius
3121 2264 3360 2320 dextera
3378 2263 3517 2333 jure
3542 2262 3749 2327 dicatur,

2170 2366 2282 2421 sive
2310 2364 2486 2419 omnis
2502 2360 2840 2427 Ecclesia,de
2867 2374 2968 2428 qua
2999 2360 3265 2413 canimus:
3298 2355 3500 2411 Astitit
3527 2353 3693 2424 regina
3715 2367 3739 2405 a

2170 2457 2373 2511 dextris
2412 2454 2517 2509 tuis
2540 2455 2592 2507 in
2619 2452 2814 2508 vestitu
2836 2451 3114 2516 deaurato,
3141 2448 3482 2505 circumdata
3520 2446 3735 2501 varietate

2173 2546 2526 2620 (Psal.xt.tv).
2545 2546 2883 2617 Nequaquam
2910 2559 3040 2600 sane
3061 2542 3498 2614 praetereundum
3524 2540 3736 2597 existimo

2174 2636 2315 2709 quod
2359 2638 2446 2692 hic
2491 2636 2547 2691 in
2571 2636 2892 2707 Apocalypsi
2924 2636 3217 2699 lllanasses,
3248 2632 3336 2701 qui
3363 2646 3472 2685 non
3502 2630 3641 2685 ﬁlius
3663 2628 3747 2682 Ja-

2179 2731 2301 2799 cob,
2333 2728 2427 2785 sed
2461 2743 2627 2799 nepos
2648 2738 2781 2792 erat,
2806 2726 2927 2780 licet
2952 2726 3090 2781 inter
3119 2724 3259 2779 ﬁlios
3279 2724 3582 2794 adoptatus,
3603 2730 3743 2776 sexto

2179 2824 2299 2879 loco
2336 2823 2548 2893 ponitur
2576 2839 2590 2877 :
2618 2837 2737 2875 cum
2759 2821 2894 2883 Dan,
2925 2819 3012 2890 qui
3044 2819 3227 2889 utique
3256 2817 3394 2872 ﬁlius
3423 2824 3523 2880 est,
3554 2823 3604 2870 et
3638 2814 3746 2868 sive

2176 2916 2230 2971 in
2256 2911 2472 2978 Genesi,
2502 2914 2615 2969 sive
2644 2914 2695 2967 in
2716 2912 2900 2967 Exodo
2923 2926 3049 2966 cum
3079 2909 3291 2965 cteteris
3312 2908 3549 2961 fratribus
3570 2917 3739 2958 annn—

2179 3019 2415 3066 meratus
2445 3006 2767 3072 ostenditur,
2794 3006 2881 3060 hic
2909 3005 3131 3059 omnino
3155 2998 3578 3073 praetermittitur,
3614 3005 3731 3049 tan-

2180 3118 2337 3175 quam
2383 3100 2620 3158 Ecclesia
2660 3116 2724 3156 ex
2780 3099 3023 3170 gentibus
3061 3098 3341 3166 adoptata,
3374 3102 3516 3147 sexta
3559 3088 3741 3145 mundi

486 3188 686 3245 solviet
708 3201 828 3243 esse
846 3202 967 3242 cum
982 3185 1552 3257 Christo(Pltilip.ttt),
1569 3187 1742 3242 adhuc
1760 3198 1934 3243 tamen
1952 3204 2073 3259 por-
2098 3200 2146 3263 c
2179 3205 2338 3252 aetate
2366 3194 2672 3251 Judmorum
2704 3192 2920 3263 perfidia
2944 3190 3284 3260 reprobetur.
3302 3187 3411 3243 Nec
3440 3194 3587 3239 vacat
3613 3181 3745 3251 quod

490 3290 663 3336 tamus
702 3279 1009 3334 thesaurum
1034 3279 1191 3334 istum
1215 3279 1266 3331 iu
1288 3278 1430 3331 vasis
1454 3277 1799 3352 ﬁctilibus(ll
1836 3278 2073 3351 Comv).

490 3374 617 3431 ldeo
647 3383 768 3444 post
794 3373 1043 3443 Neplttali
1092 3375 1367 3430 Manasses
1406 3373 1638 3444 ponitur,
1675 3375 1725 3429 id
1755 3384 1837 3430 est
1880 3375 2079 3430 oblitus

381 3471 393 3481 '
488 3469 572 3525 vel
614 3470 932 3524 necessitas.
966 3467 1043 3525 De
1079 3468 1180 3523 hac
1232 3468 1557 3523 necessitate
1603 3467 1735 3522 dicit
1787 3468 2078 3538 Apostolus

489 3560 672 3633 (Rom.
698 3561 819 3632 χιιι)
845 3578 858 3615 :
890 3560 1080 3617 Carnis
1110 3576 1293 3616 curam
1328 3576 1395 3616 ne
1424 3561 1659 3617 feceritis
1684 3561 1736 3614 in
1768 3560 2077 3627 desideriis,

488 3669 611 3710 cum
642 3668 748 3709 non
777 3654 1233 3723 concupiscentiis
1264 3654 1629 3717 serviendum,
1658 3652 1753 3706 sed
1782 3652 2081 3707 necessita-

490 3752 632 3807 tibus
679 3756 980 3819 praemonet
1027 3746 1442 3810 consulendum,
1474 3747 1542 3801 de
1590 3746 1781 3815 quibus
1821 3748 2082 3816 propheta

493 3844 720 3897 meliora
760 3840 1039 3908 suspirans
1080 3839 1428 3908 precabatur,
1459 3839 1645 3892 dicens
1673 3836 1846 3908 (Psal.
1883 3840 2077 3911 xxiv):

493 3934 571 3988 De
597 3930 1006 3987 necessitatibus
1036 3930 1172 3985 meis
1198 3945 1331 3985 erue
1358 3946 1462 3986 me.
1488 3930 1620 3986 Huic
1648 3932 1965 4000 supponitur
1994 3932 2080 3987 Si-

493 4040 673 4092 meon,
707 4024 760 4079 id
786 4034 892 4092 est,
916 4024 1095 4079 audivi
1122 4024 1389 4079 tristitiam
1423 4027 1505 4080 vel
1532 4040 1730 4081 nomen
1765 4027 2076 4097 habitaculi,

495 4120 741 4175 utetiam
775 4118 936 4188 hujus
965 4120 1223 4187 qualitate
1244 4119 1488 4174 vocabuli
1520 4119 1821 4176 evidentius
1845 4121 2083 4177 inculca-

493 4222 600 4279 ret,
628 4211 829 4283 etquid
856 4210 941 4266 hic
972 4210 1385 4277 ltabendum,-et
1414 4211 1539 4281 quid
1570 4212 1860 4267 salubriter
1886 4227 2083 4280 exSpe-

492 4304 766 4363 ctandum.
798 4304 906 4360 Illis
938 4307 1083 4360 en‘m
1117 4304 1401 4359 habitaculi
1429 4305 1666 4360 cmlestis
1710 4306 1964 4373 gaudium
1989 4308 2083 4359 da-

494 4398 659 4464 bitur,
691 4408 917 4467 quorum
945 4395 1033 4451 hic
1073 4398 1283 4452 animus
1313 4395 1582 4451 fruetuosa
1609 4398 1925 4467 pmttitentia
1954 4412 2084 4452 con—

496 4498 766 4559 tristatur,
792 4494 988 4564 quibus
1017 4503 1068 4549 et
1090 4493 1287 4548 dicitur
1314 4512 1325 4545 :
1360 4494 1596 4547 Tristitia
1645 4504 1818 4548 vestra
1847 4500 2085 4548 vertetur

2187 3288 2461 3343 Manasses
2500 3286 2553 3341 in
2576 3283 2807 3356 [Egypto
2834 3284 2971 3338 inter
2996 3282 3317 3351 alienigenas
3363 3287 3543 3341 natus,
3574 3274 3744 3329 merito

2180 3378 2506 3450 adoptionis,
2538 3375 2939 3447 significationis
2987 3373 3185 3445 gratia,
3227 3382 3384 3429 sexto
3434 3368 3746 3426 interseritur

2182 3474 2323 3539 loco,
2354 3472 2465 3527 Dan
2490 3479 2668 3525 autem
2699 3468 2868 3533 nullo,
2904 3477 2959 3522 ut
2980 3467 3065 3522 vel
3086 3466 3163 3521 sic
3192 3463 3505 3521 evidentius
3524 3473 3741 3530 compro-

2184 3567 2361 3632 betur,
2377 3562 2783 3635 signiﬁcationis
2807 3562 2998 3617 merito
3022 3561 3105 3615 hic
3129 3557 3309 3615 omnia
3325 3558 3465 3627 geri,
3480 3572 3587 3612 non
3603 3566 3744 3608 trans.

2191 3661 2352 3714 itorio
2394 3658 2560 3712 relatu
2605 3654 2877 3724 componi,
2934 3660 2994 3708 ut
3023 3650 3236 3723 proprie
3265 3650 3318 3705 in
3364 3649 3483 3703 Dan
3532 3646 3740 3717 judicans

2186 3749 2531 3806 Hebraeorum
2573 3745 2960 3801 transeuntium
3003 3753 3213 3815 tempus
3270 3740 3608 3797 manifestius
3649 3737 3724 3790 de-

2187 3852 2539 3907 monstretur,
2567 3854 2673 3909 quo
2697 3840 2777 3896 lex
2806 3838 3243 3895 caeremoniarum
3278 3836 3331 3890 in
3360 3831 3730 3890 circumcisione

2187 3934 2489 3993 carnalibus
2505 3931 2731 3987 victimis
2747 3930 3061 4001 cteterisque
3078 3929 3269 3984 talibus
3289 3928 3589 3998 gerebatur
3606 3935 3740 3979 trans-

2187 4026 2318 4091 isse,
2346 4034 2594 4093 tanquam
2618 4037 2723 4076 non
2750 4020 3111 4076 necessarium
3144 4028 3528 4090 cognoscatur,
3558 4019 3746 4072 docente

2189 4116 2446 4187 Apostolo
2469 4114 2557 4186 (II
2581 4113 2830 4185 Comm),
2859 4129 2979 4170 cum
3006 4114 3134 4170 dicit
3162 4131 3176 4167 :
3203 4112 3398 4169 Vetera
3431 4112 3747 4172 transierunt,

2188 4226 2316 4269 ecce
2347 4210 2487 4265 facta
2516 4218 2641 4266 sunt
2686 4212 2864 4266 omnia
2913 4225 3086 4275 nova;
3118 4210 3352 4278 itemque
3381 4209 3402 4281 (
3431 4207 3596 4263 Hebr.
3623 4204 3747 4271 vn):

2190 4303 2521 4374 Reprobatio
2554 4303 2771 4373 quidem
2802 4305 2859 4357 lit
2886 4301 3238 4372 praecedentis
3265 4301 3536 4367 mandati,
3569 4307 3749 4371 propter

2190 4396 2550 4453 inﬁrmitatem
2584 4395 2703 4466 ejus
2731 4408 2784 4451 et
2812 4395 3177 4451 inutilitatem.
3199 4395 3330 4462 Quae
3357 4411 3484 4451 cum
3514 4396 3589 4450 ita
3614 4408 3665 4447 se
3685 4394 3756 4443 Ita-

2190 4491 2374 4557 beant,
2405 4490 2838 4559 cognoscendum
2880 4489 3055 4560 allego
3087 4504 3191 4543 non
3241 4502 3327 4543 me
3372 4488 3544 4543 dictis
3581 4482 3755 4542 Domini

496 4586 555 4640 in
602 4582 854 4653 gaudium
887 4581 1067 4652 (Joan.
1099 4584 1239 4653 xvi).
1272 4583 1503 4638 Proinde
1548 4582 1675 4637 Levi
1727 4585 2082 4650 subnectitur,
2120 4591 2170 4651 Ι)
2199 4584 2535 4656 aliquatenus
2553 4586 3057 4657 adversari,quibus
3082 4596 3188 4640 trcs
3203 4594 3408 4639 tantum
3426 4580 3757 4653 professionis

500 4675 556 4731 id
588 4674 942 4743 est,additus,
977 4675 1030 4728 in
1062 4690 1167 4743 quo
1200 4675 1548 4745 intelligimus
1574 4676 1656 4731 vel
1687 4676 1806 4729 illos
1832 4676 1920 4745 qui
1954 4686 2088 4731 tem-

480 4766 774 4837 poralibus
829 4778 1029 4821 :cterna
1082 4775 1406 4829 mercantur,
1460 4768 1598 4820 sicut
1653 4767 1909 4821 Salomon
1960 4767 2090 4821 dicit

480 4844 684 4929 ,‘(Prom
721 4858 836 4927 χιιι)
874 4874 887 4911 :
920 4857 1238 4927 Redemptio
1281 4859 1475 4911 anima:
1526 4857 1646 4922 viri,
1697 4856 1893 4911 divitia:
1939 4872 2082 4924 sure;

494 4953 613 5009 sive
636 4952 756 5007 illos
778 4949 870 5020 qui
896 4950 1107 5005 Domini
1132 4951 1407 5021 sequendo
1438 4950 1722 5011 consilium
1750 4948 1829 5020 (Μ
1835 4960 1927 5004 att.
1947 4950 2086 5019 χιιι),

495 5045 801 5116 percipiunt
830 5044 883 5100 in
913 5044 1015 5099 hoc
1034 5045 1234 5100 sacculo
1254 5045 1597 5114 centuplicia,
1622 5045 1675 5099 in
1708 5044 1887 5101 futuro
1909 5055 2086 5102 autem

498 5142 699 5196 szcculo
746 5138 910 5193 vitam
970 5146 1246 5194 aeternam.
1300 5136 1397 5192 His
1425 5146 1480 5193 et
1528 5138 1668 5206 quod
1719 5139 1977 5208 scriptum
2007 5148 2091 5194 est

498 5235 773 5300 convenit,
806 5232 948 5305 quod
979 5232 1071 5302 qui
1114 5232 1263 5286 addit
1306 5232 1613 5297 scientiam,
1646 5232 1795 5287 addit
1826 5234 2087 5289 laborem.

498 5323 630 5378 Nam
657 5334 712 5379 et
740 5334 927 5381 sancto
956 5322 1057 5380 Job
1098 5322 1163 5377 ad
1216 5322 1317 5379 hoc
1366 5322 1769 5378 tribulationum
1822 5326 2091 5381 acerbitas

496 5414 818 5484 addebatur,
842 5425 900 5472 ut
947 5415 1174 5487 probato
1224 5414 1566 5485 praimiorum
1618 5430 1829 5470 merces
1860 5415 2091 5483 amplior

498 5508 839 5567 redderetur.
876 5508 986 5564 Nec
1037 5505 1306 5563 immerito
1343 5506 1558 5561 lsachar
1595 5507 1644 5561 ei
1698 5506 1886 5560 ordine
1944 5516 2090 5562 recto

498 5602 757 5669 succedit,
807 5604 948 5675 quod
1004 5603 1415 5673 interpretatum
1456 5600 1672 5664 dicitur,
1724 5608 1809 5654 est
1858 5614 2085 5669 merces,

502 5694 609 5750 nisi
657 5696 798 5765 quia,
851 5697 991 5753 sicut
1026 5698 1185 5752 docet
1233 5693 1524 5765 Apostolus
1553 5693 1741 5766 (llam.
1771 5692 1893 5763 vttt)
1924 5708 1939 5746 :
1969 5691 2086 5748 Non

500 5793 629 5850 sunt
653 5787 928 5861 condignae
961 5788 1238 5862 passiones
1267 5789 1423 5862 itujus
1455 5792 1708 5863 temporis
1738 5791 1802 5851 ad
1856 5793 2082 5849 futuram

2178 4679 2477 4749 parabolas
2508 4680 2806 4735 insinuatas
2838 4678 3099 4742 ostendit,
3135 4678 3339 4733 triceuo
3385 4677 3572 4733 fructu
3603 4673 3760 4739 conju-

2193 4786 2307 4840 ges,
2326 4786 2592 4841 sexageuo
2614 4770 2801 4827 viduas
2833 4781 2887 4826 et
2914 4771 3277 4836 continentes,
3301 4779 3543 4823 centeno
3573 4766 3758 4837 (Matth.

2194 4861 2504 4928 xut;Marc.
2537 4879 2615 4929 tv;
2641 4863 2767 4917 Luc.
2789 4862 2902 4933 vut)
2933 4862 3208 4917 insinuans
3230 4860 3488 4930 virgines,
3516 4861 3602 4916 vel
3629 4859 3763 4913 etiam

2196 4965 2482 5027 martyres.
2520 4956 2651 5013 Nam
2683 4973 2803 5013 cum
2837 4958 2887 5011 in
2912 4972 3041 5026 agro
3071 4958 3302 5013 activam
3330 4957 3661 5012 clericorum
3688 4952 3764 5006 nii-

2195 5048 2385 5112 litiam,
2420 5060 2474 5104 et
2511 5050 2805 5106 electorum
2846 5051 3262 5119 contemplativa
3293 5049 3634 5120 signiﬁcaret
3676 5048 3765 5100 otia

2194 5143 2614 5208 monachorum,
2650 5144 2735 5199 vel
2763 5158 3021 5198 excursus
3050 5144 3281 5199 molendi
3319 5145 3584 5199 laicorum
3625 5141 3765 5215 (Sic),

2195 5239 2435 5306 quamvis
2450 5238 2595 5291 varia
2615 5236 3023 5306 signiﬁcatione,
3039 5238 3283 5292 eumdem
3306 5246 3482 5292 tamen
3504 5246 3767 5291 numerum

2197 5346 2305 5384 non
2339 5332 2552 5384 videtur
2599 5326 2886 5394 excedere,
2920 5329 3013 5383 sed
3062 5330 3114 5383 iu
3146 5329 3349 5384 eisdem
3392 5330 3573 5383 tribus
3604 5334 3770 5381 omnes

2197 5420 2297 5474 hos
2344 5419 2532 5475 modos
2578 5419 2804 5474 inveniri
2847 5421 2930 5474 Vel
2978 5420 3195 5491 intelligi
3247 5435 3424 5489 posse,
3467 5428 3525 5475 et
3569 5412 3769 5476 salutari

2194 5512 2461 5574 doctrina,
2490 5523 2540 5567 et
2573 5512 2803 5568 evidenti
2847 5514 3183 5581 experientia
3213 5512 3621 5583 comprobatur.
3645 5510 3771 5576 Quos

2193 5603 2334 5657 enim
2368 5605 2549 5657 nescio
2580 5603 2647 5658 de
2696 5620 2923 5658 numero
2968 5604 3354 5659 monachorum
3399 5618 3454 5659 et
3497 5604 3568 5659 de
3604 5600 3770 5656 ordine

2192 5696 2531 5763 clericorum,
2564 5704 2618 5751 ct
2649 5695 2715 5750 de
2746 5696 3045 5765 agminibus
3086 5697 3501 5768 conjugatorum
3543 5708 3683 5763 sa‘pe
3707 5702 3771 5743 ta-

2189 5791 2268 5848 les
2312 5787 2562 5857 cxi-tere,
2593 5787 2684 5859 qui
2731 5788 2797 5843 ad
2843 5787 3235 5846 confessionem
3285 5796 3540 5862 tanquam
3574 5788 3626 5844 in
3652 5780 3769 5841 Juda
