3968 6354
250 400 348 457 μθ

1242 342 1681 449 οοΜΜεΝτΑιξ.
1725 387 1789 445 IN
1830 385 2208 443 nomne.
2250 383 2380 442 LIB.
2412 383 2475 440 ll.
2570 418 2582 453 ,

3404 378 3509 437 850

248 508 567 584 laudabiles,
595 522 650 573 ct
676 516 729 573 in
764 513 953 571 Ruben
980 512 1235 585 operibus
1275 510 1514 566 clareaut
1555 505 1820 569 efficaces.
1850 505 1903 565 Α
1927 516 2042 559 ram
2072 501 2237 573 gerit,
2268 500 2355 556 cui
2380 498 2611 556 dicitur:
2641 497 2800 568 Audi,
2831 496 2961 566 ﬁlia,
2991 503 3048 555 et
3073 494 3216 577 vide,
3239 501 3297 555 et
3316 480 3516 554 inclina

246 618 303 666 et
342 609 399 665 in
435 609 551 665 Gad
602 611 951 665 tentationum
1001 605 1269 663 exercitiis
1311 603 1498 666 fortes,
1525 599 1660 656 etin
1689 599 1823 653 Aser

248 700 412 767 beati,
435 710 489 756 et
512 702 567 755 in
596 699 837 771 Nephtali
868 701 1031 769 largis
1062 696 1447 753 misericordiae
1468 693 1719 762 operibus
1744 690 1823 745 di-

248 792 491 859 latati,et
521 793 572 847 in
605 793 846 849 Manasse
876 791 1227 861 posteriorum
1260 789 1498 853 obliti,et
1519 786 1572 841 in
1601 784 1822 840 Simeon

246 887 396 957 quasi
436 888 616 943 tristes
643 888 816 942 adhuc
859 888 910 941 in
951 886 1190 941 convalle
1234 882 1571 952 plorationis,
1614 893 1825 948 semper

247 987 424 1034 autem
456 979 765 1050 gaudentes,
792 994 986 1034 nomen
1013 978 1295 1032 habitaculi
1320 976 1371 1029 in
1394 974 1691 1030 Jerusalem
1716 986 1822 1028 cm-

248 1070 435 1127 lestem
468 1072 827 1139 suspirantes;
871 1081 925 1127 et
964 1071 1013 1125 in
1045 1070 1171 1125 Levi
1198 1069 1286 1139 qui
1321 1066 1675 1136 promissione
1702 1065 1825 1119 vitae

245 1165 526 1235 praesentis
556 1173 609 1218 et
641 1164 827 1219 futurae
854 1162 1242 1232 congaudeant,
1270 1159 1466 1215 additis
1508 1157 1662 1213 bonis
1692 1163 1827 1211 tem-

244 1254 516 1325 poralibus
545 1264 743 1309 :eterno
784 1256 924 1309 bono
948 1254 1184 1319 fundati;
1216 1261 1270 1308 et
1291 1252 1344 1307 in
1372 1251 1603 1315 lsachar,
1637 1250 1826 1304 futurte

245 1347 507 1402 mercedis
537 1348 985 1417 contemplatione
1017 1346 1245 1410 firmati;
1278 1355 1334 1399 et
1362 1346 1415 1399 in
1442 1343 1702 1410 Zabulon,
1737 1340 1826 1413 qui

246 1454 342 1508 pro
371 1438 584 1494 Christo
633 1440 967 1505 dimicantes,
1002 1455 1127 1495 suas
1171 1438 1377 1493 animas
1425 1444 1655 1506 ponant;
1691 1444 1744 1491 et
1770 1435 1824 1490 in

245 1530 467 1599 Joseplt,
492 1533 580 1602 qui
609 1540 662 1586 et
691 1532 743 1585 in
774 1540 1061 1603 augmento
1091 1530 1349 1600 spiritalis
1376 1528 1688 1583 substantiae.
1713 1536 1826 1581 stu-

245 1621 425 1688 deant,
457 1631 510 1677 et
549 1638 710 1692 super
743 1624 834 1677 Dei
877 1630 1140 1691 praecepta
1169 1618 1368 1690 aliquid
1400 1620 1629 1689 amplius
1659 1617 1742 1673 vel
1774 1618 1825 1673 in

243 1716 572 1786 virginitate,
604 1717 687 1771 vel
709 1732 773 1771 ex
805 1716 1119 1771 facultatum
1162 1730 1384 1770 suarum
1411 1714 1638 1769 offerant
1661 1727 1828 1782 quan-

198 1830 205 1837 -
244 1808 430 1873 titate;
462 1816 517 1864 et
558 1808 609 1862 in
653 1806 929 1875 Benjamin
980 1802 1245 1862 felicitatis
1286 1815 1500 1862 aeterna:
1544 1806 1822 1860 dexteram

1927 609 2112 650 aurem
2135 603 2303 661 tuam,
2322 600 2378 650 et
2404 593 2724 649 obliviscere
2753 590 3006 662 populum
3028 598 3180 646 tuum
3210 598 3265 646 et
3290 589 3517 646 domum

1929 688 2094 758 patris
2122 688 2198 743 tui
2224 686 2395 757 (Psaf.
2420 684 2821 756 xuv).’l‘alibus
2837 699 3049 756 quoque
3070 683 3321 739 convenit
3344 681 3516 738 Deum

1928 779 2129 835 mundo
2175 778 2338 834 corde
2370 778 2571 841 videre,
2605 777 2698 847 qui
2746 777 3101 847 posteriorem
3150 776 3327 845 obliti,
3371 783 3431 832 et
3460 775 3517 832 in

1928 872 2199 926 anteriora
2236 872 2439 926 extenti
2480 869 2703 941 (Philip.
2743 869 2845 938 nt),
2879 869 3099 923 dicunt:
3131 868 3308 924 Mente
3337 868 3518 924 servio

1928 961 2028 1033 legi
2055 962 2169 1025 Dei,
2194 975 2355 1016 carne
2382 971 2562 1017 autem
2594 962 2692 1032 legi
2720 960 2923 1030 peccati
2946 959 3123 1029 (Rom.
3150 961 3271 1028 vn).
3302 960 3385 1015 An
3412 958 3516 1015 hoc

1929 1055 2062 1110 mihi
2094 1052 2367 1124 pertinere
2390 1052 2625 1120 videtur,
2652 1052 2795 1122 quod
2826 1061 2881 1107 et
2901 1052 2988 1106 ille
3011 1052 3196 1106 hotrus
3219 1052 3358 1106 inter
3381 1050 3517 1104 duos

1930 1146 1998 1201 de
2041 1154 2181 1202 terra
2212 1146 2585 1215 promissionis
2626 1146 2819 1199 allatus
2851 1142 3038 1215 (Num.
3074 1143 3211 1213 xnt),
3246 1142 3345 1197 hos
3373 1142 3511 1196 duos

1931 1240 2237 1309 ﬁguraverit
2279 1240 2526 1310 populos,
2576 1237 2881 1295 Judaeorum
2931 1239 3200 1307 priorem,
3251 1245 3505 1305 tanquam

1931 1341 2053 1402 post
2082 1342 2285 1403 tergum
2306 1334 2517 1389 botrum
2544 1331 2617 1403 (id
2636 1340 2720 1386 est
2734 1330 3028 1400 Christum)
3049 1330 3361 1396 habentem,
3383 1343 3515 1399 gen-

1931 1428 2061 1482 tium
2090 1442 2219 1483 vero
2239 1436 2576 1498 sequentem.
2603 1426 2877 1482 Christum
2898 1439 3078 1480 coram
3102 1423 3277 1480 oculis
3296 1437 3516 1493 semper

1930 1520 2236 1577 habentem.
2260 1521 2500 1590 Septimo
2528 1520 2647 1575 loco
2677 1504 2907 1575 dicitur:
2938 1519 3086 1574 Beati
3119 1517 3344 1589 pacifici,
3377 1530 3514 1587 quo-

1930 1613 2071 1667 niam
2104 1612 2204 1683 ipsi
2228 1613 2323 1667 ﬁlii
2347 1613 2438 1668 Dei
2468 1612 2820 1667 vocabuntur.
2840 1610 2973 1666 Huic
3004 1610 3223 1666 Simeon
3253 1609 3514 1678 septimus
3544 1634 3547 1637 <

1930 1716 2230 1776 coaptatnr,
2263 1707 2315 1761 id
2346 1716 2447 1773 est,
2480 1706 2682 1760 audivit
2721 1704 2993 1760 tristitiam
3023 1702 3108 1757 vel
3135 1717 3329 1757 nomen
3362 1701 3516 1756 habi—

1930 1799 2119 1865 taculi;
2149 1800 2283 1854 tales
2320 1800 2429 1869 jam
2470 1797 2747 1867 sapientiae
2776 1797 3023 1866 largitate
3060 1793 3390 1864 locupletati,
3427 1792 3511 1848 di-

244 1898 574 1965 sortiantur,
627 1909 687 1954 ut
734 1898 1025 1953 novissima
1070 1898 1283 1956 inimica
1334 1905 1508 1954 morte
1552 1898 1824 1953 destructa
1855 1891 1903 1952 B
1929 1904 2089 1952 cunt:
2118 1893 2254 1975 Cum
2286 1895 2371 1951 his
2400 1895 2489 1965 qui
2535 1893 2760 1949 oderant
2803 1906 3019 1961 pacem,
3051 1904 3200 1945 erant
3251 1888 3512 1959 paciﬁcus

243 1986 301 2055 (Ι
330 1985 448 2041 Cor.
480 1988 603 2057 xv),
656 1988 728 2043 sit
756 1989 897 2045 Deus
927 1992 1103 2046 omnia
1136 1992 1188 2045 in
1234 1990 1518 2055 omnibus,
1565 1991 1825 2044 intantum

243 2091 301 2138 ut
330 2097 426 2138 nec
451 2082 566 2154 ipse
598 2082 854 2139 Dominus
885 2085 998 2140 suis
1024 2085 1180 2139 dictis
1225 2083 1497 2138 adversari
1533 2090 1745 2152 putetur
1771 2084 1825 2137 in

244 2192 309 2232 eo
339 2178 479 2246 quod
509 2178 654 2245 alibi,
681 2188 803 2232 octo
830 2178 1189 2234 beatitudines
1238 2190 1565 2245 memorans,
1595 2176 1827 2230 admira-

244 2265 337 2320 bili
389 2281 607 2336 prorsus
647 2267 1002 2336 dispositione
1041 2267 1317 2323 describit.
1352 2268 1495 2335 Qnas
1527 2266 1707 2335 utique
1758 2266 1825 2320 ab

241 2356 348 2413 illis
380 2361 550 2413 tribus
583 2359 1003 2427 professionibus
1036 2376 1140 2414 non
1170 2358 1456 2428 separavit,
1483 2358 1579 2414 sed
1610 2357 1663 2411 in
1694 2356 1824 2425 ipsis

240 2446 488 2513 inveniri,
514 2459 568 2504 et
589 2465 653 2504 ex
679 2450 913 2519 ipsarum
940 2450 1194 2505 membris
1217 2450 1481 2521 refulgere
1509 2449 1819 2519 perdocuit:

239 2538 296 2594 in
335 2539 525 2608 quibus
561 2548 615 2595 et
647 2539 835 2594 horum
856 2540 1297 2611 patriarcharum
1331 2550 1386 2597 et
1414 2539 1821 2611 inteliigenliam

240 2645 305 2687 ex
339 2633 642 2686 nominibus
672 2642 919 2699 tractam,
952 2633 1378 2690 animadvertere
1423 2636 1735 2704 poterimus,
1768 2643 1821 2688 et

240 2723 354 2793 ipsa
406 2725 622 2779 nomina
654 2724 842 2779 iisdem
872 2736 1231 2794 congruenter
1262 2725 1515 2794 gradibus
1545 2736 1819 2794 coaptare,

240 2831 345 2871 non
392 2816 661 2886 parilitate
691 2818 923 2884 urgueri,
951 2833 1072 2873 cum
1103 2820 1192 2874 isti
1220 2827 1367 2888 octo,
1403 2819 1480 2874 illi
1523 2832 1652 2873 vero
1674 2818 1817 2873 duo-

238 2908 409 2963 decim
456 2918 725 2976 constent,
769 2912 864 2967 sed
911 2912 1282 2980 intelligentiae
1326 2912 1582 2981 qualitate
1627 2912 1817 2979 relata,

240 3003 446 3073 sibique
475 3004 792 3059 altrinsecus
821 3020 851 3061 e
884 3005 1101 3076 regione
1129 3004 1406 3075 disposita.
1437 3004 1567 3059 Nam
1592 3003 1817 3074 primam

237 3090 620 3152 beatitudinem
650 3112 911 3168 pauperes
943 3098 1132 3167 spiritu
1163 3099 1485 3163 nominavit,
1523 3097 1576 3152 id
1607 3106 1692 3153 est
1722 3098 1821 3152 hu-

235 3187 413 3253 miles,
459 3189 549 3257 qui
582 3189 772 3243 timore
803 3189 895 3244 Dei
929 3190 1162 3259 praediti,
1196 3190 1565 3244 infirmitatum
1595 3203 1814 3245 suarum

1933 1986 2105 2059 (Psaf.
2136 1987 2303 2058 cxrx).
2332 1986 2429 2041 illo
2468 1984 2612 2041 enim
2645 1984 2731 2038 hic
2758 1982 2874 2037 zelo
2916 1982 3218 2048 tristantur,
3249 1993 3356 2049 quo
3385 1994 3512 2048 pro-

1930 2077 2089 2148 pheta
2118 2076 2331 2133 dicebat
2361 2094 2375 2131 :
2406 2076 2524 2131 Vidi
2564 2076 2899 2145 insipientes,
2932 2080 2987 2127 et
3011 2071 3348 2127 tabescebam
3389 2070 3511 2141 (Ps.

1928 2170 2145 2241 cxvtn);
2178 2178 2253 2237 et,
2288 2169 2523 2225 Defectio
2544 2168 2735 2223 anima:
2766 2166 2935 2222 tenuit
2967 2180 3051 2219 me
3079 2179 3176 2234 pro
3205 2164 3509 2233 Peccatori-

1931 2263 2033 2319 bus
2077 2262 2573 2333 derelinquentibus
2617 2260 2789 2331 legem
2842 2266 2984 2314 tuam
3033 2254 3207 2329 (Ibid.
3230 2254 3272 2322 ).
3311 2254 3513 2310 Octavo

1929 2355 2049 2410 loco
2070 2354 2264 2409 dicitur
2285 2371 2299 2407 :
2323 2354 2469 2408 Beati
2498 2352 2590 2423 qui
2620 2351 3049 2422 persecutionem
3084 2349 3359 2418 patiuntur
3389 2361 3513 2415 pro-

1925 2453 2044 2515 pter
2069 2444 2328 2514 justitiam
2376 2442 2589 2513 (Matth.
2624 2445 2703 2513 v).
2733 2442 2835 2497 Cui
2874 2438 3191 2496 beatitudini
3234 2439 3389 2505 Levi,
3422 2438 3515 2508 qui

1924 2538 2079 2592 estin
2100 2536 2289 2592 ordine
2301 2535 2527 2601 numeri,
2543 2534 2784 2590 Zabulon
2796 2543 2973 2589 autem
2993 2541 3117 2602 puto
3139 2545 3234 2601 pro
3259 2529 3512 2599 proprie-

1926 2636 2034 2685 tate
2055 2626 2297 2685 vocabuli
2326 2628 2703 2696 coaptandum,
2737 2627 2789 2682 id
2810 2636 2893 2683 est
2915 2625 3273 2681 habitaculum
3297 2622 3513 2681 fortitu-

1924 2721 2084 2788 dinis,
2128 2736 2236 2792 quo
2284 2734 2548 2794 martyres
2591 2719 2831 2775 veritatis
2855 2719 3125 2774 diabolum
3158 2718 3374 2773 vincere
3414 2715 3513 2772 de-

1922 2814 2201 2884 signantur
2230 2822 2419 2868 natura
2444 2812 2746 2880 fortiorem,
2775 2812 2900 2867 licet
2929 2823 3030 2865 nec
3069 2810 3121 2864 in
3153 2810 3279 2865 Levi
3310 2815 3505 2869 sensus

1922 2906 2228 2974 abhorreat,
2260 2905 2308 2960 si
2333 2920 2496 2975 super
2523 2904 2845 2975 baptismum
2877 2903 3050 2959 honor
3070 2903 3313 2974 martyrii
3341 2902 3499 2961 addb

1923 3006 2010 3054 tus
2050 3006 2425 3068 cognoscatur.
2472 2995 2855 3052 Verumtamen
2896 3010 2965 3051 ne
3012 2994 3257 3051 humanis
3297 2994 3505 3053 viribus

1923 3090 2113 3145 horum
2149 3088 2336 3144 merita
2365 3090 2735 3162 prtestitorum
2764 3088 2885 3157 quis
2911 3087 3232 3157 assignanda
3263 3095 3499 3156 putaret,

1923 3178 2017 3234 sed
2046 3178 2188 3235 illius
2217 3193 2339 3233 esse
2384 3193 2609 3234 munere
2637 3176 2977 3249 probaretur,
3009 3177 3102 3247 qui
3143 3176 3331 3231 dividit
3369 3191 3501 3247 pro-

236 3279 571 3335 confessioue
621 3281 917 3345 salvantur,
970 3282 1164 3351 quibus
1216 3281 1411 3337 dicitur
1438 3300 1450 3336 :
1476 3280 1597 3337 Noli
1644 3282 1810 3336 altum
1844 3279 1892 3343 C
1921 3272 2034 3343 pria
2059 3271 2287 3345 singulis
2315 3280 2471 3342 prout
2497 3272 2611 3327 vult
2636 3271 2686 3343 (1
2721 3269 2841 3327 Cor.
2873 3271 2990 3342 ιιι).
3022 3271 3341 3341 Septenaria
3362 3286 3505 3343 quo-

238 3386 449 3443 sapere,
480 3372 573 3426 sed
621 3373 744 3426 time
776 3373 953 3443 (Rom.
984 3373 1081 3443 xl).
1116 3374 1386 3443 Pauperes
1431 3388 1562 3443 ergo
1603 3373 1818 3443 spiritu,

236 3460 289 3517 in
314 3461 445 3517 Juda
479 3477 572 3531 per
597 3461 989 3519 confessionem
1020 3465 1341 3522 laudabilem
1369 3474 1423 3521 et
1450 3478 1694 3520 veracem
1726 3464 1822 3520 de-

236 3562 321 3609 cet
364 3554 605 3623 iutelligi.
640 3552 791 3608 Unde
839 3564 893 3609 et
933 3556 1095 3612 Isaias
1129 3576 1141 3611 :
1178 3558 1349 3628 Super
1390 3572 1575 3628 quem,
1621 3556 1815 3626 inquit,

237 3644 538 3716 requiescet
566 3651 785 3720 spiritus
804 3665 972 3717 meus,
992 3651 1095 3706 nisi
1120 3667 1280 3722 super
1307 3652 1564 3708 humilem
1591 3662 1646 3708 et
1671 3651 1822 3723 quie-

237 3744 348 3793 tum
367 3750 421 3794 et
449 3750 763 3801 trementem
792 3762 1069 3803 sermones
1102 3748 1288 3803 meos?
1308 3747 1555 3805 Secunda
1597 3750 1819 3817 proinde

236 3829 509 3889 beatitudo
555 3839 771 3895 mitibus
799 3840 1102 3910 deputatur.
1133 3840 1287 3897 Mites
1328 3852 1504 3898 autem
1555 3852 1681 3900 sunt
1726 3840 1820 3914 qui

234 3927 402 3981 sacris
440 3928 748 3987 obedientes
788 3934 1037 4004 eloquiis,
1070 3941 1125 3989 et
1153 3949 1270 4004 quae
1296 3935 1538 4006 audiunt,
1568 3937 1686 3992 sine
1731 3952 1817 3992 re-

236 4022 520 4087 pugnantia
548 4025 799 4090 credunt;
829 4035 885 4081 et
917 4041 1035 4096 quae
1067 4028 1260 4081 tradita
1290 4029 1341 4082 in
1384 4028 1624 4083 Ecclesia
1670 4029 1817 4084 vide-

232 4110 357 4176 rint,
391 4112 509 4167 sine
540 4114 962 4183 reprehensione
1005 4117 1260 4189 sectanda
1288 4119 1603 4187 suscipiunt,
1641 4121 1730 4189 qui
1764 4121 1817 4176 in

232 4196 421 4258 Ruben
449 4220 553 4259 non
578 4208 863 4277 incongrue
882 4208 1197 4278 ﬁgurantur,
1218 4188 1304 4279 qui
1323 4218 1405 4265 est
1424 4208 1609 4265 videns
1623 4188 1813 4281 filium,

231 4293 317 4349 vel
347 4295 591 4353 videntes
615 4298 801 4354 ﬁlium.
825 4300 1003 4355 Tertia
1030 4309 1133 4367 est,
1157 4301 1300 4356 Beati
1324 4301 1416 4371 qui
1446 4301 1650 4371 lugent,
1682 4316 1817 4371 quo-

231 4388 375 4443 niam
408 4391 509 4460 ipsi
537 4394 956 4450 consolabuntur
980 4393 1193 4467 (Matth.
1226 4396 1303 4466 v).
1342 4396 1476 4450 Huic
1504 4396 1639 4463 Gad,
1666 4394 1811 4465 quod

230 4479 613 4550 interpretatur
660 4489 883 4541 tentatio
926 4487 1040 4543 sive
1087 4488 1378 4554 accinctus,
1413 4488 1573 4542 tertio
1601 4486 1808 4554 positus

231 4572 373 4640 loco,
403 4579 671 4632 concurrit
699 4580 992 4635 secundum
1026 4579 1357 4649 prtemissam
1391 4579 1803 4648 expositionem.

1924 3378 2030 3435 que
2054 3366 2298 3432 operatio
2310 3363 2542 3433 Spiritus
2568 3362 2737 3417 sancti
2759 3362 3047 3432 unicuique
3076 3360 3394 3417 beatitudini
3422 3361 3507 3422 vel

1925 3456 2130 3513 nomini
2159 3467 2489 3527 comparata,
2516 3469 2758 3512 consono
2790 3455 3006 3511 videtur
3040 3455 3252 3512 tramite
3279 3468 3506 3512 concor-

1923 3549 2073 3615 dare,
2105 3549 2176 3604 ita
2218 3548 2503 3618 duntaxat,
2532 3558 2589 3603 ut
2619 3547 2961 3619 cupientibus
3010 3547 3164 3603 nobis
3193 3547 3259 3603 ad
3290 3548 3506 3619 portum

1922 3639 2201 3709 sapientiae
2244 3639 2549 3710 pervenire,
2584 3652 2614 3693 a
2646 3639 2839 3695 timore
2886 3639 3197 3694 noverimus
3245 3638 3507 3696 inchoan-

1923 3732 2075 3788 dum.
2090 3732 2302 3788 Initium
2325 3733 2466 3789 enim
2488 3732 2768 3803 sapientia:
2790 3734 2952 3789 timor
2974 3734 3181 3790 Domini
3205 3734 3507 3808 (Psaf.cx).

1923 3823 2077 3883 Unde
2100 3827 2244 3881 enim
2270 3836 2597 3883 enumerans
2631 3826 2892 3897 propheta
2931 3826 3139 3899 incipit,
3180 3827 3311 3884 illud
3342 3828 3508 3899 perﬁ-

1921 3919 2143 3976 ciendus
2189 3921 2419 3992 quisque
2462 3920 2772 3991 praeveniet.
2802 3919 2986 3976 'l‘imor
3031 3920 3210 3991 itaque
3250 3921 3307 3976 in
3345 3920 3506 3988 Juda,

1904 4011 2007 4067 cui
2034 4026 2295 4082 pauperes
2319 4012 2511 4082 spiritu
2540 4021 2920 4083 comparantur
2950 4029 2964 4079 ;
2999 4013 3173 4084 pietas
3203 4014 3256 4069 in
3290 4014 3505 4083 Ruben,

1919 4102 2004 4157 cui
2046 4104 2205 4158 mites
2233 4112 2514 4173 aptantur;
2544 4104 2768 4160 scientia
2798 4102 2933 4170 Gad,
2966 4104 3020 4160 id
3048 4115 3133 4162 est
3160 4108 3385 4162 tentatio
3415 4110 3502 4164 vel

1918 4192 2209 4259 accinctus,
2236 4193 2321 4247 cui
2352 4193 2595 4266 lugentes
2624 4195 2812 4250 tertius
2841 4194 2973 4249 ordo
3004 4198 3292 4253 connectit.
3320 4197 3501 4253 Forti-

1920 4284 2089 4340 tudini
2117 4294 2340 4356 quartus
2382 4286 2539 4354 Aser,
2565 4288 2650 4343 cui
2675 4288 2973 4343 esurientes
3002 4288 3357 4358 sitientesque
3383 4289 3501 4358 jus-

1917 4385 2086 4441 titiam
2116 4385 2747 4455 congruunt.Consilium
2770 4385 3081 4456 deputatum
3104 4395 3188 4442 est
3215 4385 3494 4458 Nephtali,

1915 4477 1999 4532 cui
2026 4478 2207 4548 quinta
2240 4476 2567 4533 beatitudine
2588 4477 2961 4533 misericordes
2983 4478 3107 4548 jure
3139 4479 3493 4536 conveniunt.

1916 4567 2173 4626 Remedio
2202 4571 2397 4642 quippe
2430 4573 2631 4642 regitur
2659 4573 2902 4642 salutari,
2928 4580 2988 4628 ut
3015 4573 3105 4646 qui
3131 4573 3242 4629 vult
3270 4589 3301 4629 a
3332 4588 3497 4646 supe-

235 4664 464 4731 Quarta,
496 4667 639 4723 Beati
669 4671 757 4740 qui
787 4673 1030 4727 esuriunt
1066 4682 1119 4728 et
1162 4672 1347 4728 sitiunt
1382 4672 1667 4743 justitiam,
1701 4685 1807 4742 quo
1832 4657 1885 4719 D
1911 4662 2052 4719 riore
2070 4662 2269 4734 juvari,
2299 4662 2578 4720 inferiores
2609 4663 2765 4732 alios,
2791 4674 2948 4737 prout
2971 4667 3185 4735 poterit,
3206 4668 3394 4737 juvare
3415 4667 3497 4724 fe-

228 4755 390 4810 etiam
421 4772 644 4813 numero
692 4762 897 4828 positus
941 4772 1284 4833 comparatur
1330 4764 1486 4829 Aser,
1537 4762 1678 4832 quod
1728 4772 1810 4818 est

226 4847 435 4903 beatus.
467 4848 619 4906 Nulla
661 4852 856 4922 quippe
895 4856 1087 4911 melior
1132 4854 1406 4911 beatitudo
1437 4854 1631 4923 poterit
1659 4853 1809 4910 inve-

225 4941 352 5008 niri,
386 4956 541 5011 quam
569 4952 627 4998 ut
654 4956 860 4998 amator
893 4944 1051 5013 justae
1095 4946 1259 5014 ipsius
1290 4946 1528 5001 veritatis
1574 4946 1797 5000 satietur

223 5043 465 5103 auctore,
488 5051 605 5107 quae
650 5037 824 5092 reficit
874 5052 971 5092 nec
1012 5037 1215 5104 deficit,
1246 5038 1517 5093 sufficiens
1563 5037 1803 5107 singulis,

222 5136 280 5184 et
305 5129 507 5200 integra
554 5144 871 5200 permanens
901 5129 1190 5185 universis.
1222 5129 1416 5197 Quinto
1459 5130 1599 5195 loco,
1647 5128 1793 5183 Beati

222 5222 629 5289 misericordes;
674 5222 798 5277 huic
852 5221 1037 5291 quinto
1085 5222 1273 5277 ordine
1324 5221 1525 5278 relatus
1569 5221 1806 5277 occurrit

222 5311 491 5382 Nephtali,
518 5328 644 5369 vere
671 5313 916 5380 latitudo,
948 5328 1066 5383 qua:
1106 5313 1185 5368 sic
1211 5326 1372 5383 opera
1403 5312 1616 5381 pietatis
1639 5327 1798 5367 exer-

221 5417 329 5471 cet.
358 5417 418 5463 ut
443 5418 662 5479 angusta
688 5408 975 5477 cupiditate
1000 5416 1226 5476 remota,
1256 5407 1448 5477 dapsili
1486 5422 1702 5478 semper
1741 5408 1807 5463 li-

222 5498 501 5556 beralitate
550 5500 786 5555 hilariter
837 5500 1109 5555 dilatetur.
1163 5497 1332 5555 Sexto
1386 5497 1507 5553 loco
1560 5498 1799 5554 dicitur:

222 5592 368 5649 Beati
398 5593 597 5650 mundo
634 5596 817 5662 corde,
866 5595 1120 5667 quoniam
1167 5592 1266 5663 ipsi
1310 5592 1476 5646 Deum
1526 5592 1800 5649 videbunt.

222 5686 491 5743 Mauasses
506 5702 717 5758 quoque
741 5688 791 5742 in
815 5702 910 5742 suo
929 5686 1116 5743 ordine
1136 5692 1320 5741 sextus
1342 5684 1598 5750 occurrit,
1615 5684 1665 5739 id
1698 5696 1798 5752 est,

221 5781 417 5837 oblitus
453 5782 531 5837 vel
564 5782 872 5837 necussitas.
907 5781 1180 5835 Manasses
1226 5776 1339 5844 ille,
1371 5775 1463 5847 qui
1491 5791 1557 5833 ex
1602 5788 1798 5847 nepote

222 5875 504 5933 adoptatus
536 5874 587 5929 in
616 5875 799 5935 filium,
837 5874 849 5928 i
877 5874 978 5928 lius
1022 5887 1233 5943 quoque
1265 5870 1524 5927 Ecclesia:
1553 5871 1638 5929 hic
1666 5872 1800 5944 figu-

1910 4755 2094 4812 stinet.
2122 4755 2432 4813 Intellectus
2464 4756 2722 4812 Manassae
2755 4758 3119 4828 conjungitur,
3150 4757 3497 4815 obliviscenti

1913 4857 2146 4915 terrena,
2194 4859 2248 4905 et
2278 4865 2412 4921 puro
2457 4850 2638 4907 cordis
2678 4852 2834 4906 oculo
2881 4851 3111 4907 intuenti
3152 4848 3354 4917 divina,
3405 4852 3498 4907 cui

1911 4950 2061 4998 sexta
2090 4943 2363 5000 beatitudo
2392 4945 2605 5001 videndi
2650 4944 2815 5000 Deum
2845 4945 3013 5000 relata
3059 4946 3350 5001 consentit.
3386 4943 3494 5001 Sa-

1912 5034 2108 5103 pientia
2129 5045 2305 5091 autem
2329 5037 2383 5091 in
2409 5036 2557 5102 Levi,
2583 5037 2667 5092 cui
2697 5037 2967 5107 praecipue
2992 5037 3251 5093 convenit
3275 5046 3495 5106 portare

1913 5123 2133 5195 logium.
2164 5126 2306 5195 quod
2336 5137 2418 5183 est
2442 5128 2726 5196 rationale,
2761 5130 2881 5200 quia
2906 5128 3267 5199 perfectorum
3298 5137 3382 5185 est
3404 5142 3496 5186 so-

1913 5215 2055 5272 lidus
2076 5216 2247 5273 cibus.
2281 5218 2611 5288 Sapientiam
2640 5221 2804 5287 enim,
2835 5220 3024 5299 inquit,
3058 5219 3329 5291 loquimur
3356 5221 3497 5279 inter

1910 5309 2197 5380 perfectos,
2222 5326 2341 5381 qua:
2365 5315 2445 5367 sic
2466 5313 2519 5367 in
2540 5314 2774 5368 animam
2803 5313 3038 5368 hominis
3066 5313 3375 5368 divinorum
3393 5328 3493 5370 ca-

1909 5415 2015 5473 pax
2044 5403 2494 5474 contemplatione
2524 5404 2816 5473 perﬁcitur,
2844 5413 2902 5459 ut
2928 5404 3120 5460 efﬁcax
3165 5404 3491 5471 inveniatur,

1910 5504 2070 5565 atque
2096 5510 2163 5551 ex
2193 5506 2438 5565 utraque,
2467 5498 2765 5567 composita
2789 5497 3035 5564 veniens,
3059 5506 3311 5569 tanquam
3340 5500 3497 5555 theor

1909 5586 2021 5642 rice
2049 5587 2189 5642 actio
2214 5587 2391 5642 addita
2421 5588 2563 5643 dicat
2593 5603 2609 5643 :
2634 5588 2763 5645 Sive
2793 5591 2935 5645 enim
2960 5598 3140 5645 mente
3181 5590 3494 5649 excedimus

1909 5677 2041 5746 Deo,
2072 5680 2185 5735 sive
2214 5680 2378 5736 sobrii
2406 5696 2587 5737 sumus
2610 5682 2784 5738 vobis.
2821 5682 2897 5737 Illi
2926 5693 3103 5740 autem
3135 5683 3236 5740 hoc
3262 5684 3489 5755 potissi-

1909 5797 2052 5836 mum
2095 5784 2360 5854 congruit,
2388 5783 2455 5839 de
2492 5785 2645 5854 cujus
2671 5785 2974 5855 specialiter
3001 5786 3141 5842 tribu
3173 5786 3488 5843 sacerdotes

1899 5874 2223 5946 jubebantur
2249 5875 2403 5932 altari
2444 5876 2685 5946 legaliter
2714 5878 3119 5951 subregari,qui
3141 5880 3222 5936 sic
3252 5878 3483 5936 inhaere-
