3968 6354
497 356 593 415 851

1626 342 1921 399 PBlMASll
1957 332 2409 397 ADiiUMETANl
2453 328 2667 389 EPISC.

3734 324 3832 379 8332

500 472 630 527 bant
660 470 796 538 Deo,
833 477 894 525 ut
942 481 1217 524 sacrorum
1245 478 1459 537 quoque
1507 462 1697 517 ofﬁciis
1742 459 2085 515 consulerent
2188 464 2239 510 et
2265 451 2468 518 Filius;
2494 467 2617 508 nam
2649 461 2704 508 st
2733 466 2853 507 cum
2880 451 2935 508 in
2975 449 3113 507 libro
3144 451 3369 505 Actuum
3408 444 3832 517 apostolorum

499 564 747 635 proximo
773 562 856 618 vel
885 562 1063 631 potius
1084 559 1299 629 populo.
1332 557 1462 611 Nam
1486 566 1542 611 et
1573 555 1827 609 Dominus
1848 552 1916 608 dc
1938 565 2082 606 utra-

500 672 605 726 que
635 655 779 709 tribu
807 651 1125 709 sacerdotali
1147 650 1231 705 vel
1266 650 1431 718 regia,
1466 647 1539 716 (id
1564 658 1648 701 est
1678 646 1803 701 Levi
1827 655 1880 701 et
1907 644 2081 714 Judzc)

502 757 683 811 natus,
718 745 1011 815 paciticavit
1063 754 1277 797 terrena
1321 739 1650 796 cmlcstibus.
1684 738 1803 809 ipse
1833 746 1915 791 cst
1941 736 2083 813 enim

504 858 606 911 pax
636 851 813 895 nostra
846 838 1059 909 (Ep/tes.
1086 838 1268 905 ii),qui
1300 850 1359 890 se
1386 842 1442 889 et
1462 850 1641 904 regem
1666 842 1719 887 et
1746 834 2084 888 sacerdotum

508 950 689 991 verum
720 948 837 987 esse
882 930 1086 986 docuit.
1120 930 1255 983 Hinc
1307 926 1584 981 Elisabeth
1633 934 1856 994 cognata
1908 924 2089 979 Mariae

508 1030 560 1083 in
588 1027 879 1094 Evangelio
910 1024 1221 1093 perhibetur
1241 1022 1397 1091 (Luc.
1428 1024 1492 1093 ι).
1516 1022 1712 1076 Verum
1742 1020 1866 1091 quia
1898 1036 1961 1073 ex
1985 1022 2089 1073 cir-

509 1119 833 1173 cumcisione
854 1126 908 1171 et
931 1116 1189 1185 praeputio
1208 1117 1288 1183 (id
1306 1127 1386 1170 est
1409 1132 1473 1171 ex
1496 1115 1692 1170 Judazis
1715 1124 1767 1170 et
1789 1112 2086 1182 gentibus),

509 1210 803 1266 Ecclesiam
834 1210 934 1263 sibi
965 1207 1209 1263 Christus
1232 1208 1491 1261 Dominus
1531 1207 1846 1277 acquisivit,
1877 1205 2091 1275 quando

510 1302 810 1374 pinguediui
858 1302 991 1354 eleae
1038 1301 1341 1355 Israelitica:
1384 1300 1580 1369 plebis,
1617 1312 1806 1371 gentes
1836 1309 2088 1367 tanquam

511 1398 800 1449 oleastrum
847 1395 1089 1448 inserens
1134 1394 1418 1462 applicavit
1465 1394 1639 1463 (Rom.
1667 1392 1770 1462 XI),
1824 1394 2129 1461 utriusque'

515 1488 696 1559 populi
748 1488 1049 1555 redemptio
1092 1488 1313 1542 evidens
1359 1497 1683 1542 monstratur
1721 1489 1774 1540 in
1804 1488 2096 1542 numeratis

446 1625 457 1635 .
514 1584 829 1637 nominatim
870 1582 1099 1648 cunctis,
1132 1581 1500 1650 principaliter
1531 1582 1719 1645 tribus,
1752 1589 1810 1635 ut
1845 1581 2097 1635 salvatio-

516 1688 635 1728 nem
660 1688 873 1743 quoque
901 1674 1141 1742 gentium
1189 1682 1536 1738 memoraret,
1568 1672 1754 1727 dicens
1786 1690 1797 1725 :
1834 1672 1961 1727 Post
1987 1675 2098 1727 tneo

500 1764 617 1823 .vidi
644 1766 845 1818 turbam
872 1764 1116 1830 multam,
1148 1782 1302 1835 quam
1348 1766 1678 1820 dinumerare
1704 1782 1847 1820 nemo
1876 1774 2095 1837 poterat,

2184 548 2383 603 dictum
2433 545 3012 617 legamuszAttendite
3052 543 3199 598 omni
3243 542 3420 612 gregi,
3466 540 3535 595 in
3590 555 3713 607 quo
3744 556 3828 594 vos

2186 640 2417 710 Spiritus
2447 648 2661 693 sanctus
2703 636 2981 692 constituit
3026 637 3329 705 episcopos,
3362 631 3711 688 confestim
3743 631 3826 683 ad.

2185 734 2335 804 jecit,
2356 747 2544 804 regere
2567 730 2858 785 licclesiam
2890 728 3005 793 Dei,
3023 743 3180 798 quam
3204 725 3515 795 acquisivit
3549 724 3823 791 sanguine

2187 839 2306 879 suo.
2338 823 2670 893 Sanguinem
2707 835 2867 890 porro
2911 834 3008 890 pro
3055 819 3206 873 nobis
3252 816 3569 878 effudisse,
3610 816 3823 869 DOﬂtti:i

2189 916 2387 972 Christi
2417 917 2661 971 novimus
2698 914 2992 971 convenire
3038 926 3301 980 personas,
3345 909 3515 964 unde
3549 908 3699 964 satis
3733 911 3823 961 ete-

2191 1019 2295 1074 cet,
2338 1025 2444 1064 uno
2485 1010 2645 1062 etiam
2693 1007 2989 1069 nominato,
3042 1019 3255 1057 omnem
3300 1002 3532 1055 debere
3594 1001 3815 1067 intelligi

2192 1101 2526 1156 Trinitatem.
2561 1098 2627 1151 Et
2650 1115 2820 1152 omnes
2845 1097 3015 1167 angeli
3038 1095 3238 1149 stabant
3265 1096 3318 1147 in
3345 1094 3607 1147 circuitu
3640 1092 3812 1151 thro...

2195 1202 2239 1247 et
2262 1194 2399 1248 circa
2423 1190 2664 1246 seniores
2685 1200 2739 1245 et
2761 1190 2904 1243 circa
2924 1197 3151 1258 quatuor
3178 1185 3467 1238 animalia.
3495 1184 3659 1248 Quid
3687 1198 3767 1234 es~
3788 1196 3812 1235 't

2196 1288 2309 1357 ipsa
2341 1285 2514 1347 turba,
2550 1284 2634 1337 his
2658 1298 2937 1351 exponens
2967 1279 3268 1335 nominibus
3298 1275 3678 1332 declaravit;
3715 1292 3809 1326 ea»

2198 1392 2405 1432 versam
2435 1375 2573 1430 enim
2606 1373 2860 1429 discrevit
2884 1372 3196 1426 Ecclesiam.
3218 1370 3457 1433 Omnes,
3500 1366 3715 1436 inquit,
3742 1384 3795 1431 qu

2200 1476 2252 1529 in
2281 1473 2501 1527 circuitu
2524 1472 2637 1539 ejus
2665 1481 2811 1535 sunt,
2838 1470 3063 1523 offerent
3093 1484 3336 1533 munera,
3357 1476 3405 1521 ct
3444 1482 3595 1519 mox
3630 1466 3805 1519 cecide-

2200 1573 2317 1619 runt
2349 1564 2401 1618 in
2432 1564 2586 1632 facies
2615 1578 2735 1614 suas
2757 1570 2877 1615 ante
2907 1570 3252 1630 conspecmm
3294 1559 3517 1623 throni,
3552 1566 3604 1610 et
3640 1558 3804 1610 adors-

2202 1664 2377 1709 t-erunt
2400 1654 2581 1719 Deum,
2603 1654 2829 1706 dicentes
2860 1668 2877 1706 :
2906 1654 3083 1705 Amen.
3104 1649 3172 1705 Ut
3202 1650 3547 1704 ostenderet
3580 1648 3805 1704 eamdem

2206 1746 2411 1801 turbtm
2445 1744 2913 1809 innumerabilem,
2946 1760 3103 1817 quam
3135 1743 3270 1797 vidit
3292 1752 3555 1796 stantem
3605 1742 3661 1797 in
3692 1758 3800 1797 con-

520 1871 582 1912 ex
609 1857 751 1911 omni
773 1866 929 1926 gente
977 1865 1023 1910 et
1043 1872 1108 1912 ex
1141 1834 1287 1911 omni
1322 1858 1462 1912 tribu
1492 1870 1539 1912 et
1577 1859 1774 1928 populo
1819 1834 2096 1929 et'lingna.

2211 1849 2387 1910 spectn
2435 1838 2633 1901 throni,
2670 1847 2916 1907 tanquam
2947 1836 3047 1890 sibi
3092 1834 3452 1904 probabiliter
3505 1835 3790 1904 cognitam,

521 1952 666 2017 Quos
693 1959 819 2006 ante
854 1951 1159 2023 singulatim
1204 1952 1591 2019 nominaverat,
1618 1968 1760 2008 nunc
1798 1953 1853 2007 in
1897 1956 2099 2010 unitate

522 2043 815 2111 consociat,
845 2054 1034 2099 stantes
1061 2052 1179 2098 ante
1205 2046 1444 2099 thronum
1488 2054 1535 2099 et
1564 2047 1617 2098 in
1646 2056 1917 2115 conspectu
1944 2047 2096 2115 Agni,

522 2143 578 2190 et
606 2144 757 2190 erant
782 2136 957 2189 amicti
982 2137 1128 2190 stolis
1158 2136 1310 2201 albis.
1351 2146 1400 2190 et
1442 2136 1628 2207 palma:
1665 2138 1881 2193 fuerunt
1909 2140 1963 2193 in
1993 2154 2101 2192 ma-

522 2228 669 2281 nibus
694 2243 887 2295 eorum,
919 2238 966 2283 et
995 2245 1189 2300 magno
1218 2231 1448 2286 clamore
1472 2231 1726 2287 dicebant
1757 2247 1771 2284 :
1809 2232 1964 2288 Salus
1996 2232 2103 2287 Deo

522 2329 694 2374 nostra
722 2320 929 2376 sedenti
960 2339 1112 2393 super
1142 2324 1382 2377 thronum
1403 2364 1417 2388 ,
1448 2333 1496 2378 et
1527 2324 1692 2394 Agno.
1726 2324 1891 2381 Stolis
1925 2325 2101 2391 bapti-

521 2426 719 2479 smum,
770 2412 959 2481 palmis
1009 2414 1335 2485 triumphum
1375 2417 1552 2473 crucis
1597 2418 1852 2481 insinuat,
1881 2427 1935 2472 et
1963 2417 2105 2487 quod

524 2507 780 2562 smculum
814 2507 871 2562 in
893 2506 1104 2563 Christo
1133 2510 1439 2575 vincerent,
1474 2511 1599 2567 licet
1623 2512 1939 2568 charitatem
1975 2526 2108 2581 quo—

527 2613 630 2671 que
660 2615 775 2670 quae
826 2616 920 2671 per
969 2602 1224 2671 Spiritum
1272 2613 1512 2659 sanctum
1563 2605 1718 2660 datur
1744 2606 1921 2678 (Rom.
1952 2606 2102 2674 vni),

485 2734 491 2741 .
526 2694 676 2750 stolae
698 2694 1019 2765 significent.
1036 2698 1461 2768 llanc,inquam,
1480 2700 1876 2755 multitudinem
1905 2702 2109 2757 electo-

526 2802 670 2853 rum,
687 2803 821 2858 quos
843 2790 985 2845 Deus
1011 2792 1274 2860 praescivit
1295 2801 1350 2847 et
1374 2792 1776 2861 praedestinavit
1801 2793 2108 2849 conformes

526 2880 642 2936 ﬁeri
664 2880 908 2951 imaginis
932 2883 1049 2938 Filii
1074 2884 1213 2953 ejus,
1228 2885 1420 2939 sacrati
1451 2884 1660 2939 numeri
1684 2885 1837 2949 signo
1862 2901 2112 2953 praenun-

527 2973 643 3028 tiat.
668 2974 734 3029 Et
757 2974 831 3030 illi
857 2978 1000 3031 enim
1029 2979 1120 3047 qui
1143 2993 1207 3032 ex
1234 2976 1483 3045 gentibus
1507 2975 1747 3039 veniunt,
1766 2976 1928 3031 Israel
1952 2976 2107 3043 ﬁunt,

528 3070 667 3126 sicut
691 3080 747 3127 et
776 3072 872 3128 ﬁlii
912 3074 1143 3129 Abraba:
1185 3076 1307 3141 jure
1343 3072 1611 3136 dicuntur,
1645 3086 1748 3125 non
1797 3086 1981 3134 carne,
2016 3070 2109 3125 sed

526 3161 652 3231 ﬁde,
690 3164 744 3220 in
778 3165 869 3220 illo
908 3167 1113 3222 scilicet
1139 3166 1365 3227 semine,
1393 3164 1534 3232 quod
1578 3174 1659 3218 est
1701 3162 1948 3220 Christus
1980 3165 2111 3233 lapis

2204 1930 2351 2001 ipsos
2381 1945 2501 1985 esse
2525 1930 2744 1999 angelos
2775 1928 2862 1997 qui
2886 1926 3193 1981 ceciderunt
3222 1928 3271 1980 in
3303 1925 3516 1980 faciem
3546 1936 3603 1978 et
3632 1926 3795 1978 adura-

2205 2031 2415 2089 verunt,
2442 2036 2615 2090 neque
2641 2021 2809 2090 ipsam
2840 2019 3069 2083 turbam,
3100 2032 3270 2086 neque
3295 2017 3601 2083 animalia,
3645 2032 3793 2085 neque

2206 2115 2447 2167 seniores
2479 2113 2578 2166 hoc
2607 2112 2723 2167 loco
2748 2119 3009 2166 memorat
3036 2112 3304 2176 adorasse,
3332 2111 3429 2166 sed
3465 2110 3623 2164 solos
3652 2125 3788 2179 ange-

2207 2209 2306 2263 103.
2341 2208 2442 2276 lpsi
2472 2208 2611 2262 enim
2644 2218 2769 2261 sunt
2796 2210 2966 2275 turha,
3005 2208 3105 2277 ipsi
3135 2192 3377 2262 seniores
3420 2219 3488 2263 et
3528 2208 3779 2267 animalia,

2213 2300 2312 2368 ipsi
2368 2300 2716 2368 prociderunt
2765 2309 2819 2353 et
2865 2299 3217 2353 adoraverunt
3268 2300 3472 2365 Deum,
3524 2301 3778 2356 dicentes:

2210 2391 2401 2445 Amen.
2448 2391 2737 2461 Propterea
2778 2401 2832 2445 et
2880 2391 3137 2459 scriptum
3167 2390 3394 2459 legimus
3440 2392 3762 2461 (Bonum:

2209 2484 2511 2552 Lactaniini,
2544 2494 2752 2554 gentes,
2778 2483 2933 2539 simul
2964 2498 3082 2537 cum
3130 2483 3281 2552 plebe
3311 2484 3455 2552 ejus,
3492 2493 3550 2538 et
3576 2484 3756 2538 adorent

2211 2594 2329 2634 eum
2381 2594 2567 2633 omnes
2610 2578 2785 2648 angeli
2823 2578 2935 2632 Dei.
2969 2577 3257 2646 Pr0ptcrea
3307 2587 3364 2631 et
3415 2578 3694 2631 benedictio
3730 2585 3766 2630 et

2211 2670 2420 2725 claritas
2461 2679 2505 2724 et
2551 2670 2802 2740 sapientia
2840 2679 2886 2723 et
2938 2669 3107 2739 gratia
3141 2680 3185 2721 et
3218 2669 3385 2722 honor
3414 2681 3462 2723 et
3493 2679 3713 2738 pote~tas
3734 2678 3771 2724 et

2211 2765 2367 2818 virtus
2419 2763 2527 2817 Deo
2573 2774 2744 2817 nostro
2777 2765 2828 2816 in
2860 2764 3047 2817 saecula
3090 2762 3416 2818 steculorum.
3468 2764 3772 2818 Enumerato

2212 2856 2518 2924 septenario
2545 2856 2797 2908 virtutum
2832 2853 3183 2918 nnmero,illa
3217 2854 3541 2923 potissimum
3564 2852 3767 2907 ratione

2214 2961 2493 3000 mouemur
2522 2945 2720 3015 aliquid
2767 2960 3032 3014 quaerere,
3066 2944 3207 3014 quod
3238 2959 3325 2999 eas
3354 2944 3429 2998 hic
3453 2944 3760 2998 nominave-

2215 3038 2306 3103 rit,
2329 3052 2554 3108 quarum
2591 3052 2739 3091 suam
2772 3037 2913 3091 Deus
2944 3035 3242 3090 Ecclesium
3273 3036 3421 3090 voluit
3454 3050 3569 3090 esse
3597 3033 3759 3104 parti.

2214 3133 2407 3201 cipena,
2458 3142 2513 3185 ut
2550 3148 2668 3186 cum
2703 3132 2799 3185 ista
2838 3131 2948 3184 Deo
2978 3130 3030 3184 in
3063 3129 3306 3183 laudibus
3333 3128 3538 3194 dantur,
3571 3129 3634 3181 ab
3660 3130 3766 3197 ipsa

527 3220 815 3325 angularis,
846 3257 1041 3326 dequo
1067 3220 1597 3324 apostolustlvlphes.
1632 3256 1694 3324 ιι)
1720 3274 1733 3310 ε
1766 3257 1881 3323 Ipse
1905 3266 2006 3319 est,
2134 3242 2182 3306 ο
2214 3238 2273 3279 se
2317 3239 2379 3278 ea
2425 3225 2754 3326 percepisse
2776 3223 3300 3326 singuliiateantur.
3329 3220 3762 3326 Considerandum

529 3347 671 3416 quit,
699 3362 799 3416 pax
840 3357 1045 3410 nostra,
1077 3345 1276 3400 faciens
1307 3353 1531 3415 utraque
1572 3362 1757 3411 unum,
1788 3356 1844 3401 et
1874 3348 2109 3402 medium

531 3438 791 3505 parietem
834 3437 1083 3492 maceriae
1124 3435 1358 3500 solvens,
1387 3434 1695 3490 inimicitias
1726 3437 1776 3490 in
1807 3451 1965 3492 carne
1993 3453 2109 3505 sua,

530 3529 702 3603 legem
720 3532 1089 3587 mandatorum
1112 3528 1344 3587 decretis
1365 3543 1651 3596 evacuans,
1675 3537 1732 3583 ut
1758 3530 1891 3585 duos
1918 3531 2112 3585 conde-

531 3631 617 3679 ret
645 3624 700 3679 in
714 3624 1064 3691 semetipsum
1095 3621 1147 3677 in
1172 3638 1333 3677 unum
1365 3636 1565 3676 novum
1590 3622 1885 3689 hominem,
1913 3622 2113 3678 faciens

532 3729 740 3783 pacem,
770 3723 829 3767 ut
860 3712 1168 3769 reconciliet
1194 3712 1379 3767 ambos
1406 3714 1459 3768 in
1489 3728 1595 3768 uno
1629 3728 1856 3783 corpore
1879 3714 1991 3769 Deo
2020 3732 2115 3784 per

533 3821 767 3863 crucem.
796 3806 949 3872 Quod
976 3814 1153 3860 autem
1180 3807 1426 3861 manibus
1454 3807 1655 3874 palmas
1685 3816 1897 3876 gestare
1926 3809 2114 3863 (licun-

534 3908 641 3967 tur,
681 3907 769 3953 attt
819 3898 1077 3952 bonorum
1117 3911 1339 3966 operum
1384 3900 1837 3968 perseverantiam
1882 3900 2117 3956 insinuat

536 3990 784 4047 manibus
813 4007 826 4042 :
860 3989 986 4044 hinc
1022 3989 1245 4059 legimus
1274 3988 1662 4048 :Conﬁrrnavit
1711 3992 1967 4048 Dominus
2004 3994 2118 4049 bra-

538 4081 659 4136 chia
688 4082 804 4149 ejus
832 4082 885 4137 in
915 4096 1049 4152 opus
1083 4082 1277 4137 bonum
1308 4083 1482 4154 (Psat.
1510 4085 1718 4155 Lxxvi),
1762 4095 1839 4153 et,
1872 4086 2115 4142 Manibus

534 4174 673 4231 meis
720 4184 875 4233 nocte
923 4190 1103 4231 coram
1142 4190 1234 4243 eo,
1265 4186 1321 4233 et
1368 4192 1476 4233 non
1519 4195 1637 4234 sum
1681 4179 1965 4249 deceptus;
2002 4181 2116 4236 sive

534 4272 680 4347 illam
710 4282 1026 4345 potestatem
1055 4274 1319 4344 significat
1346 4276 1614 4343 manibus,
1633 4291 1793 4346 quam
1816 4285 1873 4331 ut
1896 4276 1991 4330 ﬁlii
2024 4276 2116 4331 Dei

534 4381 631 4440 per
656 4368 999 4439 adoptionem
1035 4368 1247 4435 ﬁerent,
1277 4378 1620 4440 acceperunt,
1650 4371 1790 4427 sicut
1821 4371 1889 4427 de
1916 4370 2113 4441 Joseph

539 4459 692 4531 (Gen.
740 4461 852 4531 xu)
884 4478 898 4514 :
931 4461 997 4518 Et
1025 4460 1223 4529 omnia,
1267 4461 1459 4530 inquit,
1512 4461 1732 4517 dederat
1762 4462 2022 4518 Dominus
2061 4464 2116 4517 in

534 4567 700 4608 manu
728 4554 862 4621 ejus,
900 4554 951 4611 id
975 4564 1060 4611 est
1086 4555 1142 4609 in
1175 4564 1439 4624 potestate
1484 4555 1619 4624 ejus.
1654 4557 1721 4611 Et
1757 4572 1951 4625 magno
1995 4557 2107 4612 cla-

2218 3331 2446 3385 namque
2477 3326 2578 3385 est,
2606 3330 2709 3369 non
2742 3314 2827 3370 hic
2858 3316 3121 3370 nominari
3161 3316 3246 3369 illa
3278 3331 3397 3384 qua:
3436 3316 3533 3369 soli
3572 3329 3762 3383 compe-

2223 3415 2341 3462 tunt
2382 3407 2510 3474 Deo,
2548 3408 2640 3463 sed
2665 3424 2781 3478 qucc
2805 3408 2962 3463 etiam
2998 3406 3243 3462 ﬁdelibus
3275 3408 3482 3462 donare
3522 3408 3759 3477 dignatur.

2213 3509 2507 3566 Benedictio
2535 3521 2583 3565 et
2610 3511 2818 3565 claritas
2840 3520 2887 3565 et
2916 3510 3167 3579 sapientia
3197 3520 3242 3563 et
3266 3508 3439 3577 gratia
3477 3520 3526 3563 et
3556 3511 3700 3563 honor
3726 3518 3760 3560 et

2217 3614 2450 3675 potestas
2496 3615 2542 3659 et
2578 3605 2758 3668 virtus,
2791 3618 3017 3674 quorum
3059 3604 3293 3659 omnium
3327 3604 3753 3673 participationem

2216 3705 2476 3763 bonorum
2505 3705 2699 3760 Christi
2742 3703 3037 3760 Ecclesiam
3087 3703 3287 3759 habere
3329 3705 3637 3774 gaudemus.
3658 3703 3742 3756 Non

2216 3797 2303 3852 hic
2332 3797 2739 3866 omnipOtentia,
2775 3811 2880 3850 non
2928 3796 3013 3849 hic
3041 3795 3314 3865 majestas,
3348 3812 3460 3849 non
3501 3797 3578 3849 hic
3597 3793 3743 3861 sempi-

2219 3891 2441 3946 ternitas
2470 3891 2668 3959 sonuit,
2699 3904 2856 3959 quam
2889 3890 3038 3945 solus
3068 3890 3207 3944 Deus
3234 3905 3456 3959 semper
3474 3892 3594 3960 jure
3612 3902 3749 3957 posse-

2217 3984 2315 4050 dit,
2342 3984 2437 4041 sed
2484 3984 2573 4039 illa
2618 3992 2823 4053 septem
2854 3982 2909 4036 in
2952 3983 3145 4052 quibus
3188 3984 3352 4037 etiam
3389 3985 3758 4050 universam—

2217 4087 2343 4133 sunt
2370 4076 2615 4132 ﬁdelibus
2655 4082 2927 4131 conceS’Ste
2958 4079 3182 4130 virtutes
3220 4075 3451 4147 intelligi
3501 4078 3569 4132 ab
3596 4077 3674 4131 illo
3697 4074 3760 4141 qui

2218 4172 2298 4227 eis
2337 4179 2652 4241 potestatem
2690 4170 2835 4224 dedit
2884 4170 3020 4223 filios
3057 4169 3150 4224 Dei
3192 4169 3328 4237 fieri,
3360 4180 3419 4226 ut
3467 4173 3523 4226 si
3556 4168 3669 4240 quid
3693 4169 3762 4220 bo-

2221 4280 2407 4318 norum
2448 4263 2794 4333 acquirimus,
2830 4262 2922 4317 Dei
2951 4263 3197 4332 largitate
3225 4279 3323 4317 nos
3365 4264 3575 4319 habere
3605 4260 3762 4316 Veraci-

2221 4366 2303 4411 ter
2331 4357 2659 4411 noverimus.
2689 4355 2767 4408 Ex
2808 4355 3099 4409 abundanti
3133 4370 3263 4410 sane
3294 4356 3449 4409 video
3490 4353 3765 4425 probaretis

2222 4449 2453 4504 caeteris.
2471 4448 2601 4502 Nam
2628 4458 2681 4502 et
2701 4446 3002 4503 benedictio
3027 4447 3284 4503 Ecclesia:
3310 4449 3648 4517 potissimum
3669 4460 3764 4501 catt-

2221 4540 2387 4607 venit,
2434 4550 2489 4594 ut
2533 4540 2757 4609 legimus
2790 4538 2964 4610 (Psal.
3003 4541 3084 4609 ut)
3113 4539 3324 4610 :Super
3360 4543 3626 4611 pupulum
3659 4550 3768 4594 tuon

539 4657 687 4698 more
717 4642 965 4700 dicebant
992 4662 1004 4697 :
1039 4621 1193 4700 Salus
1222 4646 1330 4700 Deo
1360 4621 1536 4701 nostra
1557 4647 1767 4702 sedenti
1798 4621 1951 4718 stt—per
1980 4649 2107 4703 thro-

2225 4630 2526 4685 benedictio
2555 4639 2660 4685 tua.
2698 4631 2786 4685 Eis
2806 4631 3000 4701 quippe
3026 4630 3459 4687 benedictionem
3487 4634 3651 4699 dabit,
3681 4631 3764 4699 qui-

537 4752 682 4801 num,
700 4744 747 4790 et
775 4736 941 4809 Agna.
974 4738 1157 4808 Magna
1180 4754 1331 4808 voce,
1362 4739 1546 4809 grandi
1573 4740 1857 4797 devotione
1885 4750 1940 4796 et
1971 4742 2116 4797 inde-

540 4828 735 4883 sinenti
763 4830 916 4885 laude
942 4831 1303 4899 proﬁcientes,
1334 4832 1387 4886 in
1412 4833 1627 4899 throno,
1655 4834 1705 4887 id
1735 4844 1816 4888 est
1846 4836 1897 4889 in
1932 4836 2118 4891 Eccle-

545 4918 625 4973 sia
651 4917 857 4989 lfatrem
886 4921 1185 4994 Filiumque
1208 4938 1450 4994 regnare,
1477 4926 1674 4994 Spiritu
1710 4936 1893 4982 sancto
1923 4928 2119 4983 nihilo-

544 5013 720 5069 minus
757 5026 1135 5087 conregnante.
1184 5018 1279 5073 Est
1326 5021 1469 5073 enim
1501 5021 1586 5076 hic
1623 5022 1740 5076 talis
1768 5024 1901 5077 ordo
1930 5026 2117 5080 verbo-

542 5118 657 5156 rum
690 5122 701 5157 :
736 5103 845 5159 Deo
873 5115 1053 5161 nostro
1076 5118 1127 5164 et
1159 5110 1310 5177 Agno
1341 5109 1550 5164 sedenti
1575 5126 1737 5180 super
1766 5115 2013 5169 thronum
2037 5132 2118 5173 sa-

545 5194 647 5263 lus,
673 5196 812 5250 sicut
837 5195 890 5250 in
914 5196 1199 5267 Evangelio
1228 5200 1338 5268 pari
1368 5199 1635 5256 locutione
1677 5203 1902 5272 legimus
1928 5205 2109 5276 (Joan.

548 5285 679 5354 xvn)
710 5301 722 5339 :
751 5285 821 5342 Ut
865 5298 1191 5357 cognoscant
1232 5298 1281 5344 te
1325 5305 1484 5344 unum
1530 5300 1585 5346 et
1614 5308 1796 5349 verum
1846 5296 2034 5363 Deum,
2068 5309 2123 5356 et

545 5388 701 5443 quem
750 5378 965 5443 misisti,
992 5378 1173 5434 Jesum
1213 5380 1513 5449 Christum;
1543 5398 1607 5438 ac
1645 5385 1689 5439 si
1720 5385 1942 5451 diceret,
1974 5389 2043 5445 Ut
2073 5403 2124 5449 te

546 5476 599 5520 et
624 5481 786 5537 quem
828 5469 1041 5537 misisti,
1065 5471 1247 5527 Jesum
1276 5473 1573 5541 Christum,
1603 5490 1931 5547 cognoscant
1960 5497 2120 5540 unum

545 5564 600 5610 et
623 5572 808 5613 verum
844 5560 1032 5618 Deum.
1060 5564 1176 5618 Uno
1221 5574 1398 5620 autem
1446 5569 1663 5630 throno,
1711 5572 1865 5626 unius
1918 5586 2121 5633 natura:

551 5653 812 5713 potestas,
844 5652 964 5718 agni
1002 5666 1176 5707 autem
1210 5655 1442 5720 nomine,
1474 5660 1772 5725 personalis
1815 5662 2127 5734 designatur

552 5750 604 5789 tu
655 5734 809 5790 Patre
852 5739 1088 5810 Filioque
1120 5746 1436 5812 proprietas,
1470 5749 1627 5805 sicuti
1673 5760 1726 5807 et
1755 5756 1967 5822 quando
2009 5760 2125 5817 Solo

550 5836 738 5885 sancto
768 5827 965 5891 Spiritu
990 5836 1261 5894 nominato
1281 5838 1352 5893 ibi
1378 5840 1753 5905 intelligendus
1779 5857 1937 5908 estet
1968 5851 2124 5911 Pater

2219 4725 2318 4778 bus
2330 4731 2384 4778 et
2404 4724 2574 4793 legem
2592 4733 2646 4779 et
2661 4724 2902 4789 claritas,
2915 4724 2983 4778 de
3000 4739 3103 4793 qua
3117 4726 3358 4780 canimus
3373 4726 3391 4797 (
3404 4726 3556 4782 Psal.
3575 4725 3769 4789 untur

2220 4815 2299 4871 Sit
2325 4815 2580 4884 splendor
2611 4815 2817 4869 Domini
2870 4817 2961 4871 Dei
3000 4818 3174 4872 nostri
3207 4834 3365 4886 super
3414 4833 3544 4884 nos,
3581 4828 3632 4874 ut
3658 4829 3766 4871 rere-

2218 4909 2324 4963 lata
2368 4906 2499 4961 facie
2537 4906 2760 4977 gluriarn
2814 4908 3022 4962 Domini
3064 4909 3427 4976 speculantes,
3461 4911 3520 4965 in
3570 4907 3772 4964 eamdem

2226 4999 2508 5070 imaginem
2562 4998 2930 5054 transformari
2980 5001 3032 5055 in
3080 5000 3323 5056 claritate
3372 5001 3425 5054 in
3456 5002 3677 5070 gloriam
3712 4994 3772 5065 (ll

2227 5094 2346 5149 Cor.
2378 5093 2456 5163 ut)
2483 5135 2495 5157 ,
2526 5092 2657 5147 lucis
2683 5093 2897 5148 nomine
2934 5107 3269 5159 censeamur,
3300 5102 3355 5148 et
3384 5094 3651 5162 sapientia
3692 5104 3769 5144 non

2226 5195 2315 5250 illa
2345 5198 2543 5266 genita,
2573 5196 2681 5251 Deo
2721 5195 2866 5250 Patri
2915 5206 3210 5263 consterna,
3251 5195 3346 5250 sed
3378 5197 3431 5250 in
3463 5197 3621 5251 nobis
3648 5206 3771 5260 ange-

2229 5290 2400 5359 lisque
2426 5298 2602 5345 creata
2625 5287 2893 5361 [credita],
2923 5304 3080 5359 quam
3110 5297 3168 5342 ut
3194 5290 3277 5343 lex
3307 5288 3374 5341 ab
3422 5288 3651 5344 invicem
3692 5283 3773 5336 dis-

2230 5383 2514 5447 crevisset,
2568 5382 2697 5437 dicit
2742 5379 2930 5453 (Eccli.
2974 5383 3053 5450 t):
3094 5381 3363 5451 Sapientia
3394 5396 3424 5435 a
3469 5380 3583 5435 Deo
3611 5388 3699 5442 eat,
3737 5380 3774 5427 et

2230 5500 2350 5540 cum
2395 5485 2486 5538 illo
2526 5483 2623 5538 fuit
2672 5498 2908 5552 semper,
2939 5491 3104 5538 etest
3150 5494 3277 5539 ante
3325 5498 3539 5551 aevum;
3588 5490 3638 5538 et
3678 5478 3770 5533 Sub-

2226 5576 2398 5646 jungit
2426 5576 2493 5629 de
2538 5584 2719 5631 creata
2771 5574 2960 5646 (Ibid)
2994 5592 3008 5628 :
3050 5575 3203 5629 Prior
3236 5575 3476 5629 omnium
3513 5583 3682 5630 creata
3714 5574 3771 5623 est

2230 5672 2511 5739 sapientia,
2538 5679 2592 5723 et
2618 5670 2917 5724 intellectus
2947 5670 3241 5740 prudentia:
3270 5671 3338 5725 ab
3360 5685 3497 5725 aevo.
3530 5670 3591 5723 Et
3616 5664 3769 5736 gratis,

2234 5763 2300 5817 de
2348 5779 2450 5833 qua
2493 5764 2708 5825 dicitur,
2740 5760 2921 5816 Gratia
2973 5764 3104 5817 salvi
3158 5764 3278 5817 facti
3334 5766 3462 5818 estis
3515 5776 3605 5832 per
3648 5758 3770 5811 ﬁdezt

2232 5855 2449 5919 (Ephes.
2477 5856 2565 5921 ii);
2597 5867 2649 5911 ct
2679 5856 2871 5924 honor,
2902 5856 2967 5909 de
2994 5872 3098 5925 quo
3130 5857 3353 5927 legimus
3390 5874 3402 5909 :
3434 5856 3604 5913 Gloria
3628 5860 3766 5907 autem
