3968 6354
218 390 320 444 Βείὸ

1206 383 1645 441 COMMENTAR.
1688 383 1756 440 IN
1794 382 2167 444 APOCALYP.
2209 385 2337 447 LIB.
2376 387 2463 444 Ill.

3360 378 3464 446 εει

219 517 262 561 et
294 506 466 559 honor
510 510 561 558 et
606 512 707 572 pax
751 501 895 557 omni
945 499 1161 557 facienti
1215 498 1413 556 bonum
1439 542 1453 566 ,
1509 506 1564 555 et
1615 500 1786 555 virtus
1813 504 1998 565 Atia.
2043 504 2313 576 Sapientia
2347 515 2519 562 autem
2544 498 2815 573 Christus,
2841 503 3089 563 Christus
3133 522 3261 568 vero
3298 508 3460 565 Deus.

220 598 397 665 (Rom.
437 592 544 664 tt):
586 594 650 646 de
696 608 799 662 qua
851 592 1014 647 Isaias
1062 600 1321 646 memorat
1347 588 1479 660 (lsa.
1523 590 1616 661 xl.)
1645 609 1659 645 :
1690 590 1789 658 Qui

221 688 308 741 dat
340 688 479 739 lasso
502 687 773 751 virtutem,
815 692 866 739 et
899 684 981 739 his
1017 685 1104 752 qui
1138 699 1242 738 non
1285 694 1407 740 sunt
1432 684 1789 741 fortitudinem

221 789 271 836 et
296 781 459 834 robur
486 778 822 847 multiplicat.
863 776 932 830 Et
969 776 1231 844 respondit
1257 792 1389 830 unus
1422 790 1485 830 ex
1515 777 1791 832 senioribus

220 874 399 927 dicens
427 872 592 925 mihi:
625 869 695 924 Hi
723 872 808 938 qui
836 870 1009 923 amicti
1033 877 1149 922 sunt
1175 868 1319 922 stolis
1353 868 1514 936 albis,
1560 868 1646 938 qui
1676 879 1792 924 sunt

217 973 263 1022 et
293 964 423 1019 unde
468 962 742 1018 venerunt?
787 962 849 1015 lit
896 961 1004 1016 dixi
1030 961 1120 1015 ei:
1170 958 1247 1013 Tu
1276 960 1396 1026 scis,
1449 959 1694 1015 Domine.
1723 958 1793 1013 Et

221 1057 344 1109 dixit
376 1054 499 1108 mihi
527 1068 545 1106 :
576 1052 648 1106 Hi
682 1060 799 1106 sunt
827 1052 914 1120 qui
958 1058 1199 1105 venerunt
1231 1065 1293 1103 ea:
1321 1049 1643 1103 tribulatione
1685 1064 1797 1102 ma-

221 1163 338 1217 gntl,
369 1154 413 1198 et
444 1144 669 1197 laverunt
707 1144 876 1196 stolas
911 1157 1051 1209 suas,
1082 1149 1134 1196 et
1164 1140 1417 1195 candidas
1445 1156 1529 1196 eas
1572 1145 1796 1211 fecerunt

222 1242 269 1293 in
296 1238 540 1312 sanguine
568 1237 719 1309 Agni.
755 1236 924 1292 Unum
953 1251 1019 1291 ex
1047 1234 1349 1291 senioribus
1381 1233 1466 1288 vel
1506 1234 1797 1304 propheta-

222 1347 336 1387 rum
366 1345 581 1400 corpus,
613 1330 693 1384 vel
722 1328 1017 1383 Ecclesiam
1052 1328 1224 1397 ponit,
1256 1336 1505 1396 tanquam
1538 1328 1794 1396 praeposi-

223 1434 303 1478 tos
344 1423 593 1477 inferiora
621 1421 859 1476 membra
885 1420 1144 1475 ducentes
1188 1435 1304 1488 qua:
1331 1418 1797 1473 sit'remuneratio

223 1516 408 1570 futurte
454 1512 712 1568 mercedis
768 1512 1134 1567 laborantibus
1172 1509 1458 1579 Speranda,
1487 1510 1625 1564 sicut
1652 1512 1797 1577 Apo-

223 1608 387 1661 stolus
414 1606 481 1660 de
529 1604 813 1675 Evangelio
842 1603 1018 1673 (Rom.
1068 1604 1152 1673 1):
1199 1602 1430 1666 Justitia,
1483 1601 1673 1672 inquit,
1706 1601 1799 1656 Dei

224 1698 273 1751 in
303 1713 367 1752 eo
398 1696 663 1751 tevelatur
689 1710 752 1750 ex
783 1694 887 1749 ﬁde
917 1695 967 1747 in
1000 1693 1178 1757 ﬁdem,
1210 1708 1276 1748 ex
1306 1692 1406 1748 ﬁde
1434 1694 1637 1767 scilicet
1666 1708 1801 1762 pra:-

225 1789 535 1856 dicantium,
566 1787 619 1840 in
652 1785 808 1840 ﬁdem
838 1784 1187 1840 audientium.
1217 1784 1347 1838 Cum
1367 1794 1540 1838 autem
1568 1783 1797 1838 ﬁdelium

1892 596 2186 666 Sequitur:
2218 596 2271 651 Ν
2275 615 2341 652 on
2370 599 2608 666 esurient,
2628 615 2787 667 neque
2814 600 2984 653 sitiant
3012 613 3263 669 unquam,
3286 614 3461 670 neque

1891 688 1972 741 sol
1991 704 2143 758 super
2171 704 2265 744 eos
2293 689 2459 756 cadet,
2485 704 2584 745 nec
2609 689 2772 744 ullum
2804 697 2993 744 aestum
3026 691 3312 759 patientur.
3346 691 3459 745 Non

1890 779 2150 845 esurient,
2181 779 2300 847 quia
2329 794 2464 849 pane
2483 780 2607 835 vivo
2635 789 2944 836 vescuntur.
2972 782 3082 851 Ego
3102 797 3239 845 sum,
3263 781 3456 852 inquit,

1892 872 2046 941 panis
2076 873 2226 928 vivus
2253 874 2343 944 qui
2379 874 2448 931 de
2495 875 2634 930 caelo
2686 874 2960 930 descendi.
3013 874 3194 946 Neque
3247 877 3458 942 sitient,

1894 965 2017 1035 quia
2050 973 2153 1019 tam
2200 965 2456 1034 praeclaro
2493 965 2659 1021 calice
2698 966 3007 1033 ebriantur,
3051 975 3109 1022 ut
3134 968 3214 1023 eis
3243 969 3287 1021 si
3318 967 3461 1037 quod

1897 1057 2104 1113 Veritas
2129 1058 2261 1112 dixit
2286 1056 2465 1129 (Joan.
2495 1060 2570 1130 vt)
2604 1077 2616 1113 :
2648 1059 2716 1114 Et
2738 1060 2829 1129 qui
2856 1060 3026 1115 credit
3050 1059 3102 1114 in
3131 1075 3236 1123 me,
3262 1075 3366 1115 non
3391 1061 3454 1113 si-

1897 1148 1992 1202 tiet
2011 1160 2275 1219 unquam;
2302 1148 2532 1219 itemque
2560 1148 2734 1219 (Joan.
2757 1152 2834 1219 IV)
2857 1148 2987 1217 :Qui
3019 1149 3213 1205 biberit
3240 1164 3305 1204 ex
3330 1164 3463 1221 aqua

1896 1254 2053 1310 quam
2081 1255 2176 1307 ego
2205 1239 2403 1295 dedero
2431 1239 2502 1303 ei,
2554 1238 2642 1295 ﬁet
2672 1240 2726 1294 in
2772 1240 2888 1295 ions
2937 1255 3090 1311 aqua:
3141 1241 3378 1297 salientis
3412 1242 3464 1297 in

1896 1334 2059 1387 vitam
2113 1342 2386 1387 aeternam.
2439 1332 2623 1401 Neque
2669 1334 2752 1388 sol
2796 1348 2960 1402 super
3005 1348 3099 1390 eos
3151 1334 3327 1402 cadet,
3367 1340 3464 1389 nec

1899 1421 2184 1477 murtiferis
2214 1432 2439 1477 aestuum
2480 1422 2761 1477 inccntivis
2788 1434 3033 1479 uruntur.
3076 1424 3263 1480 Simile
3308 1425 3463 1495 quid-

1897 1514 2018 1568 dam
2069 1527 2163 1581 per
2215 1512 2400 1567 lsaiam
2430 1527 2542 1567 suae
2573 1514 2713 1570 Deus
2764 1517 3022 1584 promittit
3066 1514 3341 1583 Ecclesim,
3389 1516 3465 1571 di-

1898 1623 2027 1664 cens
2069 1608 2201 1681 (lsa.
2248 1613 2416 1680 xxv):
2468 1611 2656 1680 Spesa
2696 1612 2928 1678 turbine,
2981 1612 3344 1668 umbraculuin
3403 1613 3466 1665 ah

1900 1714 2055 1770 cestu,
2105 1703 2194 1757 ubi
2244 1712 2701 1758 sacramentorum
2746 1718 2965 1759 suorum
3014 1705 3370 1774 integritatem
3418 1704 3467 1757 in

1901 1796 2011 1849 suis
2060 1795 2238 1863 vigere
2294 1794 2621 1862 pronuntiat.
2672 1809 2771 1849 nec
2824 1795 2929 1849 ulla
2977 1810 3137 1865 posse
3165 1794 3469 1850 tentationis

225 1894 474 1935 numerus
503 1893 566 1933 ex
598 1891 784 1945 magna
814 1876 1011 1931 dicitur
1036 1874 1375 1930 tribulatione
1409 1872 1639 1939 venisse.
1670 1872 1793 1941 quid
1826 1874 1871 1934 Β
1896 1888 2173 1942 adustione
2203 1887 2410 1942 vexari.
2446 1888 2699 1954 Quoniam
2724 1888 2896 1958 Agnus
2920 1889 3007 1958 qui
3029 1890 3085 1942 in
3110 1889 3275 1942 medio
3302 1888 3470 1941 throni

226 1974 364 2027 aliud
410 1972 822 2032 demonstratur,
879 1968 979 2022 nisi
1031 1967 1169 2036 quod
1218 1965 1345 2021 alibi
1398 1965 1627 2034 legimus
1653 1964 1793 2035 (Act.

226 2064 333 2131 xiv)
368 2063 618 2131 :Oportet
644 2075 743 2115 nos
766 2075 859 2128 per
876 2061 1069 2114 multas
1092 2058 1459 2113 tribulationes
1491 2057 1544 2110 in
1575 2071 1795 2126 regnum

228 2156 321 2211 Dei
370 2155 567 2210 intrare
606 2154 629 2207 't
674 2153 966 2222 PrOpterea
994 2161 1049 2207 et
1101 2151 1392 2221 Apostolus
1420 2148 1615 2221 (Colat.
1664 2148 1737 2219 ιι)
1781 2166 1794 2202 :

228 2245 463 2311 Fratres,
494 2244 681 2315 inquit,
731 2259 834 2298 non
879 2243 1215 2309 deﬁciamus,
1257 2255 1499 2311 tempore
1533 2241 1673 2296 enim
1701 2254 1799 2295 suo

228 2350 513 2395 metemus.
552 2341 640 2393 Sic
678 2339 820 2393 enim
863 2352 955 2406 per
980 2336 1232 2391 exercitia
1263 2349 1627 2403 pressurarum
1677 2333 1800 2387 ﬁde-

227 2429 354 2484 lium
407 2444 661 2485 numerus
707 2429 986 2496 eliquatur,
1045 2427 1181 2481 sicut
1236 2426 1470 2494 pondere
1525 2425 1797 2494 prelorum

227 2518 483 2585 adhibito,
511 2520 687 2573 oleum
711 2518 948 2588 diligenti
986 2531 1113 2573 cura
1139 2515 1448 2581 conﬁcitur;
1488 2525 1543 2571 et
1579 2531 1673 2586 per
1700 2517 1797 2572 tri-

229 2619 401 2666 turam
430 2608 636 2665 tribulae
680 2608 1077 2665 recondendum
1119 2607 1313 2662 horreo
1354 2606 1674 2663 frumentum
1708 2608 1800 2662 tri-

232 2710 340 2754 tum
372 2698 655 2770 Colligitur.
685 2698 835 2767 Quod
883 2709 1059 2753 autem
1088 2697 1251 2752 stolas
1280 2699 1331 2751 in
1371 2697 1631 2766 Sanguine
1662 2696 1799 2768 Agni

230 2790 427 2846 lavisse
447 2792 713 2856 dicuntur,
732 2789 931 2845 fructus
954 2790 1211 2845 mercedis
1236 2788 1549 2855 ostenditur,
1579 2796 1637 2842 ut
1656 2803 1798 2858 prte-

230 2881 318 2937 lati
344 2882 648 2937 certaminis
672 2881 822 2936 labor
845 2896 963 2951 aequ
982 2881 1212 2935 inimiter
1234 2881 1511 2935 toleretur.
1540 2881 1680 2935 Bene
1706 2894 1801 2935 au-

230 2979 336 3026 tem
353 2970 571 3039 adjecit:
590 2971 655 3025 Et
670 2970 922 3025 candidas
943 2987 1030 3025 eas
1058 2969 1293 3026 fecerunt
1314 2972 1366 3024 in
1386 2971 1630 3041 sanguine
1645 2971 1796 3041 Agnt.

230 3064 308 3118 Ac
334 3064 378 3116 si
428 3062 631 3117 diceret
680 3060 903 3117 :Stolas
932 3077 1062 3132 quas
1109 3062 1197 3117 alii
1256 3062 1666 3131 inquinaverunt
1716 3062 1801 3117 vel

231 3153 493 3223 neglectu,
545 3154 624 3208 vel
676 3155 1004 3223 ignorantia,
1035 3153 1119 3209 vel
1157 3162 1467 3222 contemptu
1516 3162 1635 3223 post
1681 3168 1800 3221 gra-

1900 1988 1995 2044 est,
2014 1986 2152 2049 reget
2179 1992 2291 2031 eos.
2316 1978 2570 2047 Superius
2593 1978 2800 2047 Agnum
2823 1977 2889 2033 de
2915 1978 3134 2034 dextera
3154 1979 3394 2035 sedentis
3418 1979 3469 2034 in

1902 2068 2094 2125 throno
2125 2068 2317 2123 librqu
2363 2070 2565 2123 dixerat
2604 2071 2897 2138 accepisse.
2928 2068 3078 2124 Nunc
3117 2077 3296 2125 autem
3321 2070 3469 2136 dicit,

1899 2162 2148 2232 quoniam
2191 2165 2369 2231 Agnus
2406 2164 2497 2231 qui
2522 2162 2575 2217 in
2606 2161 2784 2217 medio
2815 2162 2991 2216 throni
3018 2170 3124 2227 est,
3168 2170 3316 2230 reget
3350 2175 3465 2226 eos,

1901 2264 1959 2309 ut
1983 2256 2200 2309 doceret
2227 2267 2387 2308 unum
2428 2268 2547 2309 esse
2592 2253 2736 2309 Patri
2762 2261 2815 2308 et
2847 2252 2982 2308 Filio
3003 2253 3252 2307 thronum
3285 2266 3301 2305 :
3348 2252 3470 2319 quia

1902 2344 2057 2398 Pater
2087 2344 2138 2397 in
2186 2343 2340 2411 Filio,
2372 2352 2426 2398 et
2458 2343 2621 2398 Filius
2666 2344 2717 2398 in
2748 2344 2923 2409 Patre,
2969 2342 3023 2398 id
3067 2352 3151 2398 est
3188 2343 3241 2397 in
3288 2342 3470 2399 medio

1901 2434 2175 2502 Ecclesiae,
2216 2435 2269 2489 in
2315 2449 2418 2505 qua
2451 2451 2543 2505 per
2571 2435 2726 2491 ﬁdem
2758 2436 3018 2491 inhabitat
3053 2451 3188 2491 unus
3221 2445 3329 2490 tota
3353 2437 3470 2490 Tri-

1901 2527 2039 2581 nitas
2070 2526 2229 2582 Deus.
2262 2525 2327 2580 Et
2360 2526 2570 2583 deducet
2595 2543 2681 2582 eos
2718 2527 2786 2582 ad
2810 2528 2925 2584 vita:
2962 2527 3160 2582 fontem
3202 2542 3470 2598 aquarum,

1900 2628 1949 2675 et
1971 2620 2219 2691 absterget
2264 2619 2401 2675 Deus
2430 2636 2627 2676 omnem
2671 2621 2949 2692 lacrymam
2977 2635 3045 2677 ex
3071 2620 3232 2675 oculis
3274 2635 3470 2675 eorum.

1904 2712 1999 2767 Hie
2025 2715 2144 2768 iens
2172 2713 2521 2782 signiﬁcatur,
2564 2714 2631 2769 de
2657 2728 2763 2783 quo
2792 2714 3016 2783 legimus
3046 2710 3221 2784 (Psal.
3264 2711 3431 2779 xxxv)
3456 2728 3471 2764 :

1903 2802 2056 2872 Apud
2100 2812 2151 2858 te
2181 2811 2262 2857 est
2290 2802 2408 2858 fons
2438 2803 2579 2866 vitae,
2628 2811 2684 2858 et
2713 2802 2765 2857 in
2812 2803 3009 2857 lumine
3058 2812 3146 2857 tuo
3174 2800 3474 2857 videbimus

1904 2894 2104 2959 lumen,
2145 2893 2210 2946 ad
2253 2908 2411 2962 quem
2438 2908 2565 2947 suos
2608 2890 2857 2946 Christus
2888 2891 3034 2947 ducit
3062 2890 3295 2962 regendo
3334 2892 3474 2961 seip-

1902 3001 2040 3053 sum,
2091 2986 2226 3041 viam
2279 2984 2543 3055 praebens,
2596 2982 2935 3054 perducendo
2982 2983 3205 3053 patriam
3252 2981 3475 3038 manife-

1903 3090 2069 3144 stans,
2101 3087 2157 3131 ut
2198 3077 2415 3147 impleat
2442 3075 2583 3145 quod
2610 3086 2734 3131 ante
2765 3076 3000 3131 oraculis
3027 3074 3151 3131 vitae
3180 3075 3429 3144 promisit
3460 3091 3471 3125 :

1902 3183 2157 3238 aquarum
2186 3168 2328 3223 enim
2374 3175 2623 3235 tanquam
2665 3165 3051 3234 prmconiorum
3083 3165 3277 3235 posuit.
3327 3164 3475 3220 Hunc

232 3246 360 3319 tiam
400 3244 668 3315 baptismi,
716 3246 803 3300 isti
848 3244 1101 3300 candidas
1153 3245 1393 3300 iecerunt
1438 3244 1492 3299 in
1540 3246 1799 3317 sanguine

1905 3259 2103 3315 fontem
2134 3258 2384 3314 Salomon
2412 3258 2720 3328 designans,
2750 3256 2880 3312 dicit
2905 3254 3089 3327 (Prov.
3115 3254 3266 3325 xvut)
3299 3273 3311 3309 :
3344 3253 3473 3310 Tor-

232 3340 389 3410 Agni,
420 3340 470 3394 id
510 3347 591 3395 est
631 3342 683 3395 in
710 3341 879 3411 gratia
925 3341 1143 3409 Christi,
1192 3351 1285 3397 aut
1334 3347 1491 3398 etiam
1523 3344 1575 3398 in
1615 3358 1799 3399 susce-

235 3432 414 3502 ptione
459 3433 725 3505 martyrii.
770 3435 881 3490 Hoc
910 3437 1157 3491 meritum
1200 3437 1302 3492 illis
1332 3438 1384 3491 in
1421 3437 1653 3493 Ecclesia
1682 3454 1804 3507 spe-

233 3524 437 3580 cialiter
472 3526 729 3595 assignari
756 3526 935 3595 debet,
968 3542 1102 3597 quos
1146 3543 1242 3599 pro
1289 3527 1504 3585 Christo
1540 3531 1803 3601 contingit

234 3616 544 3686 sanguinem
573 3616 818 3685 fundere,
868 3630 920 3675 et
970 3620 1161 3676 stolam
1206 3623 1456 3692 baptismi
1499 3625 1631 3694 Agni
1681 3640 1804 3679 san-

233 3711 387 3780 guine
426 3710 570 3764 cultu
598 3711 817 3767 meliore
858 3711 1081 3768 reddere
1120 3713 1419 3769 clariorem.
1472 3715 1624 3783 Quod
1662 3715 1708 3770 si
1736 3716 1802 3771 ad

234 3814 419 3855 omnes
444 3803 760 3870 generaliter
797 3802 976 3858 ﬁdeles
1022 3804 1138 3859 haec
1181 3804 1471 3875 redigenda
1500 3816 1581 3861 est
1608 3810 1799 3876 gratia,

233 3896 591 3950 contuendum
615 3896 681 3950 ad
712 3911 992 3963 summam,
1017 3898 1138 3967 quia
1161 3908 1215 3953 et
1245 3898 1289 3952 si
1320 3900 1438 3969 quis
1480 3898 1690 3955 Domini
1717 3899 1800 3955 sui

237 3987 382 4044 l'onte
420 3988 723 4054 mundatur,
773 4003 933 4043 carne
984 3990 1216 4057 pascitur
1260 3990 1414 4059 Agni,
1465 3989 1585 4059 igne
1648 3989 1805 4059 spiri-

237 4078 363 4132 tuali
409 4077 773 4144 succenditur,
818 4078 895 4132 sic
936 4079 1169 4145 juvatur.
1221 4080 1356 4132 Sunt
1401 4079 1543 4134 enim
1587 4080 1673 4148 qui
1702 4080 1804 4134 etsi

236 4167 543 4235 martyrium
577 4167 770 4222 habere
803 4167 1011 4235 publico
1040 4182 1144 4221 non
1172 4167 1417 4223 videnlur
1452 4168 1504 4222 in
1531 4177 1674 4234 actu,
1707 4184 1801 4223 co-

236 4273 346 4312 ram
376 4256 484 4313 Deo
517 4267 688 4313 tamen
716 4257 911 4313 habere
942 4258 1231 4328 probantur
1263 4261 1314 4313 in
1345 4259 1546 4313 habitu.
1576 4260 1798 4330 Propter

238 4349 337 4405 hoc
373 4360 489 4404 sunt
520 4350 573 4405 in
604 4361 886 4420 conspectu
921 4351 1096 4406 throni
1134 4351 1229 4407 Dei
1255 4362 1299 4405 et
1325 4351 1631 4407 deserviunt
1653 4352 1697 4406 ei
1724 4353 1806 4406 die

235 4456 294 4494 ac
322 4449 465 4494 nocte
504 4442 557 4493 in
598 4445 782 4514 tempto
810 4443 945 4512 ejus,
979 4454 1033 4498 et
1070 4440 1123 4498 in
1155 4454 1443 4515 conspectu
1492 4446 1667 4499 throni
1709 4443 1804 4499 Dei

239 4533 473 4587 Ecclesia
532 4545 652 4599 est,
708 4535 793 4589 cui
845 4536 1185 4592 assensiones
1212 4537 1265 4591 in
1318 4536 1481 4592 corde
1538 4537 1804 4606 disposuit

1904 3367 2028 3409 rens
2070 3352 2350 3417 inundans,
2400 3350 2519 3406 fons
2567 3349 2855 3420 sapientize.
2910 3347 2978 3403 Et
3022 3348 3291 3419 absterget
3340 3347 3477 3402 Deus

1902 3458 2112 3500 omnem
2141 3444 2428 3513 lacrymam
2456 3443 2523 3498 ab
2549 3441 2719 3497 oculis
2761 3454 2971 3505 eorum,
3000 3439 3106 3494 illis
3134 3440 3433 3493 dicentibus
3460 3457 3472 3491 :

1903 3536 2137 3593 Fuerunt
2189 3535 2317 3590 mihi
2372 3536 2618 3605 lacrymte
2672 3547 2805 3588 meae
2858 3546 3020 3601 panes
3070 3530 3158 3585 die
3208 3544 3272 3585 ac
3322 3539 3477 3584 nocte

1903 3628 2073 3702 (Psal.
2116 3628 2247 3697 xu).
2280 3625 2672 3681 Consolationis
2699 3633 2942 3694 tempore
2969 3622 3214 3677 dicuntur
3243 3620 3439 3675 auferri
3461 3660 3477 3687 ,

1902 3717 2114 3791 quando
2155 3717 2345 3787 adepta
2374 3716 2751 3771 immortalium
2784 3713 3111 3784 plenitudine
3136 3712 3475 3782 gaudiorum,

1902 3813 2075 3868 omnis
2103 3824 2301 3865 maeror
2329 3808 2524 3879 poterit
2568 3807 2821 3862 oblivioni
2869 3804 3129 3862 mandari.
3174 3804 3305 3871 Quia
3353 3819 3479 3859 ecce

1901 3919 2021 3974 ego,
2050 3903 2219 3971 inquit
2245 3902 2407 3957 lsaias
2434 3899 2586 3972 (Cap.
2611 3900 2753 3970 va),
2784 3912 2909 3954 creo
2933 3896 3230 3953 Jerusalem
3247 3898 3479 3961 exSiila-

1905 4000 2123 4061 tionem,
2164 4002 2219 4049 et
2244 3992 2495 4063 populum
2535 3991 2652 4063 ejus
2693 3992 2974 4065 gaudium,
3004 4006 3103 4047 nec
3128 3990 3238 4047 erit
3277 3991 3351 4047 ibi
3377 4006 3479 4047 vox

1904 4086 2153 4144 clamoris
2184 4093 2239 4139 et
2266 4099 2368 4140 vox
2394 4085 2570 4140 ﬁctus.

1973 4179 2103 4234 Car.
2142 4192 2257 4232 Vill.
2310 4176 2375 4231 Et
2424 4192 2538 4231 cum
2592 4177 2874 4248 aperuisset
2922 4178 3130 4247 signum
3188 4178 3478 4247 septimum,

1903 4272 2097 4343 factum
2136 4278 2207 4325 est
2234 4268 2495 4324 silentium
2532 4269 2585 4323 in
2624 4270 2748 4323 cwlo
2775 4267 2888 4323 fere
2914 4268 3203 4323 semihora.
3237 4268 3290 4320 lu
3320 4269 3479 4331 cmlo,

1904 4361 1955 4416 id
1984 4369 2066 4414 est
2088 4361 2138 4413 in
2164 4359 2395 4413 Ecclesia
2420 4357 2692 4414 silentium
2713 4358 3018 4422 semihora,
3066 4357 3269 4411 initium
3296 4366 3479 4413 osten-

1906 4451 1983 4506 dit
2010 4450 2200 4521 quietis
2225 4457 2439 4503 esternae
2468 4457 2522 4504 et
2549 4456 2751 4518 partem
2792 4448 2990 4503 silentii
3020 4448 3179 4516 vidit,
3227 4449 3350 4518 quia
3393 4462 3481 4503 ea-

1907 4541 2027 4595 dem
2054 4539 2228 4593 adhue
2273 4538 2483 4593 visurus
2528 4545 2663 4594 erat.
2715 4537 2867 4607 Quod
2919 4538 3148 4609 septimo
3195 4538 3346 4610 signo
3376 4554 3481 4595 non

240 4625 410 4697 (Psal.
460 4624 703 4696 Lxxxm),
751 4628 804 4684 in
850 4631 1093 4685 convalle
1136 4630 1467 4700 plorationis,
1519 4630 1573 4685 in
1622 4629 1801 4686 locum
1829 4622 1880 4685 D
1906 4641 2156 4704 quantum
2188 4629 2419 4685 futurum
2448 4631 2516 4685 sit
2544 4629 2695 4697 vidit,
2727 4640 2781 4685 ut
2829 4631 3065 4700 apertius
3092 4633 3138 4687 ei
3187 4632 3349 4686 multa
3388 4645 3476 4685 os-

237 4731 393 4786 quem
421 4717 700 4786 disposuit,
723 4721 958 4777 serviens
984 4722 1033 4777 ei
1063 4723 1149 4778 die
1184 4737 1247 4778 ac
1274 4732 1450 4789 nocte,
1485 4722 1585 4778 hoc
1616 4732 1716 4791 est,
1747 4734 1802 4780 et

238 4808 290 4861 in
338 4813 605 4877 prosperis
643 4810 773 4865 etin
815 4812 1074 4867 adversis.
1126 4816 1242 4884 ipsa
1286 4826 1461 4871 autem
1492 4815 1801 4886 intelligitur

240 4901 514 4969 templum,
546 4902 665 4968 quia
692 4903 899 4957 servire
918 4916 1241 4961 memoratur
1268 4907 1321 4963 in
1353 4910 1571 4979 templo,
1592 4912 1729 4966 sicut
1750 4919 1803 4966 et

239 4991 507 5045 tlirmium.
540 4991 788 5062 Sequitur
803 4992 1066 5059 denique:
1095 4996 1160 5050 Et
1184 4998 1226 5053 is
1253 5000 1339 5068 qui
1361 5002 1497 5055 sedit
1523 5002 1575 5054 in
1597 4999 1801 5069 throno,

239 5083 546 5139 inhabitavit
575 5085 627 5139 in
663 5084 763 5140 eis.
803 5084 994 5140 Anima
1038 5088 1178 5142 enim
1222 5089 1375 5159 justi,
1404 5092 1558 5147 sedes
1585 5094 1801 5161 sapien-

1908 4724 2272 4779 tendereutur.
2307 4722 2372 4778 Et
2398 4722 2751 4793 interruptum
2791 4732 2874 4778 est
2919 4723 3215 4790 silentium,
3267 4723 3405 4793 quod
3435 4726 3480 4778 si

1906 4818 2215 4887 essetjuge,
2261 4812 2347 4870 hic
2377 4812 2627 4871 narrandi
2664 4814 2783 4869 ﬁnis
2830 4813 3038 4870 fuisset.
3070 4812 3263 4869 Verum
3308 4814 3482 4869 adhuc

1908 4909 2077 4965 fuerat
2109 4907 2426 4974 iterandum,
2457 4907 2657 4963 idcirco
2677 4908 2844 4963 series
2867 4908 3190 4963 narrationis
3209 4896 3481 4963 ordienda:

1908 5000 2288 5055 convenienter
2316 5008 2437 5069 post
2462 4999 2731 5054 silentium
2762 4990 2960 5071 pariter
2988 5014 3188 5066 meum,
3235 4998 3479 5070 sequenti

1909 5094 2041 5149 libro
2062 5102 2410 5161 resumptum,
2447 5092 2699 5148 sortietur
2723 5091 3029 5147 exordium.

1419 5292 1745 5366 LIBER
1803 5287 2313 5365 TERTIUS.

1650 5425 2053 5452 ——_——

832 5489 1191 5553 CAPITULA.

237 5620 280 5680 Ι.
321 5621 759 5706 ξεριεηι-μςιθειος
789 5642 902 5706 cum
933 5630 1147 5706 totidem
1191 5631 1344 5699 tubis,
1376 5640 1426 5687 ct
1465 5632 1624 5689 alium
1654 5653 1806 5706 super

306 5695 470 5778 altare
510 5696 603 5749 Dei
626 5695 760 5750 'cum
805 5698 1064 5778 thuribnlo
1111 5718 1287 5778 aureo.
1315 5695 1357 5756 et
1408 5707 1573 5773 primo
1622 5695 1804 5778 ang'elo

306 5766 428 5849 galba
454 5778 692 5849 canente,
739 5770 935 5849 grando
958 5781 1003 5826 et
1027 5775 1234 5841 ﬂamma
1263 5776 1316 5831 in
1366 5766 1618 5849 sanguine
1644 5766 1805 5835 mixta

302 5831 617 5908 [commixta]
654 5831 887 5903 iactatur.

1915 5496 1978 5552 ll.
2021 5496 2259 5553 Secundo
2280 5496 2489 5573 canente
2510 5490 2714 5572 angelo,
2746 5508 2892 5576 mons
2919 5496 3096 5567 igneus
3115 5496 3169 5551 in
3193 5509 3335 5549 mare
3360 5485 3488 5553 mis-ﬁ

1984 5584 2067 5623 sus
2093 5577 2309 5637 parsque
2337 5578 2492 5637 mana
2519 5577 2571 5615 tn
2586 5580 2897 5637 sanguinem
2926 5584 3082 5623 versa.

1912 5630 2263 5721 “Lstingae
2290 5633 2455 5699 tertio,
2502 5632 2647 5687 stella
2689 5630 2872 5692 ardens
2903 5638 2966 5691 de
3006 5630 3132 5694 caelo
3173 5636 3358 5693 dicitur
3395 5655 3480 5693 ce-

1911 5708 2237 5852 ινῗῗίῗιξὲῳ
2253 5773 2371 5852 tuba
2391 5785 2619 5852 canente,
2642 5781 2797 5852 tertia
2826 5794 2945 5852 pars
2966 5778 3109 5847 satis,
3130 5780 3269 5839 luna
3291 5787 3341 5837 et
3365 5779 3485 5837 stel-

1982 5843 2147 5907 larum
2174 5845 2363 5902 dicitur
2390 5843 2671 5905 obscurari.
