3974 6484
515 362 624 426 855
1620 355 1919 419 PRIMASII
1957 358 2409 421 ADRUUIETANI
2449 357 2661 415 EPISC.
3438 424 3445 426 ξ
3687 360 3791 417 356

517 481 579 538 ν.
634 479 749 536 Vidi
777 479 935 536 alium
964 479 1204 552 angelum
1236 486 1293 552 ut
1323 476 1552 552 aquilam
1580 474 1837 552 uolantem
1877 475 1935 530 in
1981 492 2092 531 me-
2120 478 2175 541 Α
2198 475 2338 552 XIY.
2380 474 2459 531 De
2488 476 2663 531 diebus
2708 476 2842 552 uocis
2865 475 3044 552 angeli
3100 475 3323 551 septimi,
3362 482 3411 533 et
3457 490 3792 532 consumma-

584 554 669 606 dio
687 552 832 617 calo,
866 546 1110 606 dicentém
1138 551 1283 604 tertia
1308 566 1328 604 :
1363 546 1475 613 Vir,
1504 562 1598 611 vce,
1621 562 1694 600 va:
1716 546 1738 598 .’
2269 547 2408 601 tione
2436 550 2739 602 sacramenti
2772 546 2951 605 divini.

517 621 603 679 VI.
651 624 838 689 Quinta
867 633 1094 685 canente,
1149 620 1299 704 stella
1318 621 1469 704 ‘eadit
1521 618 1602 704 de.
1630 618 1775 681 ctelo,
1818 617 1901 670 cui
1938 618 2093 704 clavis
2197 618 2315 674 XV.
2357 618 2434 704 De
2470 622 3019 704 _amaritutline,nquam
3059 621 3122 673 de
3170 628 3390 674 comesta
3429 618 3560 672 libro
3604 621 3797 675 sentire

637 688 738 749 utei
763 696 931 766 abyssi
963 694 1104 755 data,
1144 694 1280 746 unde
1308 693 1479 761 fumus
1510 698 1555 742 et
1585 688 1794 742 locusta:
1822 690 2096 757 prodeunt.
2269 689 2585 759 prtedieitur,
2612 702 2658 745 et
2682 692 2951 745 arundinis
2970 700 3179 757 accepta
3201 706 3459 744 mensura.

518 713 631 820 νιῖ
670 766 745 820 De
790 766 1019 820 cruciatu
1047 764 1271 833 quinque
1307 763 1558 817 mensium
1605 759 1682 814 vel
1725 776 1815 815 sea:
1863 770 1917 814 ut
1957 776 2095 815 scor—
2200 760 2341 816 XVI.
2380 759 2462 833 De
2490 762 2685 816 duobus
2720 763 3053 833 martyribus,
3082 763 3169 831 qui
3195 760 3577 833 prophetabunt
3610 763 3792 818 diebus

591 838 821 902 pionum.
1062 831 1066 832 ί
1183 831 1192 833 “
1507 902 1535 905 η
1698 902 1707 905 Α
1988 904 1995 905 7
2060 903 2069 905 4
2202 832 2672 905 __r_nille_ducentis
2698 834 2963 901 sexaginta
3007 831 3353 905 [nonaginta].

519 904 649 962 VIII.
698 908 793 963 Ubi
834 924 987 978 equus
1031 914 1241 977 paratus
1283 906 1350 960 ad
1390 902 1644 973 pra'lium,
1689 902 1912 955 locustas
1953 903 2097 957 simi-
2418 902 2508 978 Vin
2539 906 2744 978 tertium
2786 904 2979 978 venisse
3004 902 3213 957 dicitur.

588 978 722 1042 laus,
764 973 1126 1034 liceresiarchas
1168 978 1440 1048 signiﬁcat.
1575 1047 1580 1048 γ
1748 1045 1758 1048 _
2203 973 2653 1048 XVlllsSeptimi
2680 976 2850 1045 angeli
2894 976 3015 1029 tuba
3044 991 3188 1029 voces
3214 991 3245 1029 a
3288 973 3579 1029 senioribus
3606 990 3798 1030 memo-

518 1046 605 1118 IX.
654 1048 738 1105 Va:
762 1066 919 1103 unum
940 1050 1144 1112 abiisse,
1174 1045 1349 1102 et'duo
1378 1048 1520 1118 sequi
1548 1045 1833 1099 denuntiat.
2025 1114 2035 1118 Δ
2203 1114 2243 1118 __
2261 1055 2351 1118 rat
2392 1045 2574 1118 factas.

518 1117 585 1173 X.
628 1119 785 1174 Sexto
826 1123 1007 1191 angelo
1051 1130 1383 1191 personante,
1418 1114 1605 1191 solutio
1635 1126 1856 1185 quatuor
1882 1114 2098 1191 angelo-
2203 1114 2348 1173 XIX.
2389 1116 2660 1191 Templum
2708 1116 2803 1172 Dei
2846 1116 2899 1172 in
2927 1117 3052 1172 caelo
3089 1125 3348 1187 apertum.
3394 1127 3442 1171 et
3486 1133 3614 1172 arca
3653 1128 3799 1173 testu-

584 1207 698 1244 rum
730 1189 923 1245 dudum
951 1207 1103 1262 super
1135 1189 1454 1257 Euphratem
1496 1190 1791 1262 ligntorunt,
1823 1196 1869 1240 et
1901 1189 1963 1241 de
2001 1202 2098 1239 nu-
2203 1189 2427 1262 “luenti
2452 1190 2579 1262 visa.

586 1278 724 1316 mera
749 1258 1073 1330 octogenario
1100 1262 1177 1315 vel
1202 1262 1274 1315 bis
1301 1261 1612 1331 myriadum.
1872 1329 1880 1331 Α
1927 1328 1936 1331 _
2368 1259 2488 1331 liu/i
2515 1258 2753 1313 draconis
2786 1259 3212 1330 parturientisque
3255 1258 3508 1331 mulieris.

517 1330 605 1387 Xl.
648 1331 728 1385 De
756 1328 1001 1399 equitibus
1045 1332 1231 1387 loricas
1258 1328 1457 1404 igneas,
1500 1332 1701 1400 spineas
1728 1339 1776 1386 et
1799 1328 2101 1401 sulphureas
2204 1330 2346 1404 XXI.
2398 1330 2755 1404 Accusatorem
2787 1328 3026 1402 fratrum
3054 1332 3120 1386 ad
3150 1342 3338 1385 terram
3379 1330 3445 1384 de
3484 1330 3616 1385 calo
3668 1333 3791 1385 mitti

591 1403 910 1459 habentibus.

518 1469 634 1546 XII.
679 1474 754 1530 De
776 1493 947 1531 errore
977 1474 1297 1546 gentilitatis.

518 1540 653 1602 XIII.
697 1548 949 1619 Angelum
970 1540 1247 1610 sedentem,
1294 1545 1422 1599 nube
1459 1545 1723 1614 amictunt,
1747 1545 1895 1617 cujus
1931 1544 2101 1599 vultus

592 1625 648 1672 ut
666 1618 765 1686 sol,
787 1626 835 1675 et
857 1620 919 1675 de
937 1632 1128 1691 septem
1153 1618 1409 1672 tonitruis.

2282 1402 2561 1455 diabolum.

2209 1471 2375 1529 XXII.
2420 1470 2562 1545 Duas
2592 1471 2701 1525 alas
2723 1473 2989 1530 mulierem
3015 1474 3289 1545 accepisse,
3314 1473 3494 1543 quibus
3523 1473 3721 1529 alenda
3756 1476 3797 1527 is

2279 1559 2502 1599 eremunt
2530 1544 2746 1616 fugeret.

596 1886 667 1942 Et
686 1885 795 1943 vidi
820 1894 1013 1956 septem
1039 1883 1251 1955 angelos
1277 1882 1333 1937 in
1372 1888 1646 1953 conspectu
1688 1878 1785 1935 Dei
1821 1884 2030 1944 stant“.
2064 1884 2111 1931 ει
2142 1878 2192 1941 Β
2215 1885 2583 1959 adimpletum,
2613 1887 2665 1944 in
2690 1902 2794 1960 quo
2820 1887 3083 1944 innabitat
3105 1889 3281 1945 omnis
3308 1889 3599 1961 plenitudo
3620 1892 3792 1949 divini-

526 1980 663 2035 datte
687 1990 806 2034 sunt
845 1980 916 2033 eis
956 1987 1146 2048 septem
1176 1976 1330 2032 tubte.
1362 1975 1421 2030 In
1443 1985 1649 2045 septem
1679 1973 1883 2046 angelis
1908 1970 2111 2026 Eccle-

523 2073 660 2131 siam
696 2073 866 2143 repeti
889 2074 1041 2142 juxta
1087 2070 1479 2141 praecedentem
1511 2068 1748 2140 regulam
1777 2064 2105 2129 naverimus,

523 2181 644 2238 quin
692 2174 910 2235 propter
960 2164 1360 2220 universitatem
1405 2163 1698 2232 septitormi
1743 2171 2112 2229 saapcnumero

522 2262 948 2320 commendatur.
982 2260 1107 2315 Haec
1124 2258 1483 2314 ﬁrmissimam
1511 2255 1907 2326 praedicationis
1926 2251 2109 2307 tubam

523 2354 721 2412 dicitur
746 2354 1039 2422 accepisse,
1070 2365 1175 2420 qua
1196 2349 1635 2417 praevalescente,
1668 2346 1923 2399 saeculum
1953 2359 2114 2400 omne

524 2446 744 2503 ﬁdimus
791 2446 1045 2508 credere;
1089 2442 1312 2512 legimus
1366 2441 1507 2494 enim
1555 2438 1715 2509 (Isa.
1748 2452 1850 2492 Lvu
1878 2435 1897 2506 )
1926 2454 1939 2491 :
1966 2436 2117 2492 Sicut

526 2538 677 2603 tuba,
706 2537 876 2593 exaltu
905 2548 1093 2589 vocem
1125 2543 1293 2588 tuam.
1324 2532 1389 2586 Et
1430 2530 1566 2586 alius
1607 2530 1821 2601 angelus
1865 2529 2018 2594 venit,
2068 2536 2115 2583 et

526 2629 662 2683 stetit
683 2642 843 2697 super
871 2627 1115 2681 altarium
1164 2623 1282 2689 Dei,
1324 2634 1512 2680 tenens
1542 2622 1862 2678 thuribulum
1881 2637 2112 2688 aureum,

526 2732 577 2775 et
622 2720 742 2773 data
782 2728 897 2773 sunt
926 2718 975 2774 ei
1002 2717 1420 2788 supplicamenta
1449 2716 1614 2771 multa
1655 2723 1711 2769 ut
1742 2716 1887 2769 daret
1916 2714 2117 2769 oratio-

526 2826 626 2871 nes
654 2820 950 2868 sanctarum
979 2813 1208 2866 omnium
1234 2811 1301 2867 ad
1328 2826 1474 2866 aram
1507 2810 1602 2867 Dei
1630 2825 1869 2877 auream,
1898 2825 2015 2878 qua:
2043 2819 2117 2864 est

523 2910 585 2966 in
614 2918 902 2980 conspectu
946 2908 1143 2964 throni.
1194 2907 1305 2964 Hoc
1345 2922 1557 2977 quoque
1596 2906 1920 2960 narrationis
1947 2918 2117 2976 genus

526 3004 1057 3060 animadvertendum
1086 3012 1169 3059 est
1193 3020 1209 3072 ;
1233 3004 1543 3072 frequenter
1573 3003 1716 3058 enim
1744 3002 1936 3071 aliquis
1960 3001 2117 3056 aliter

528 3113 688 3168 quam
731 3100 1001 3169 proponit,
1031 3098 1267 3155 breviter
1303 3106 1548 3161 enarrat;
1589 3105 1643 3151 et
1686 3096 1835 3150 (inito
1865 3111 1930 3152 eo
1971 3094 2114 3166 quod

529 3189 597 3244 ad
623 3189 1016 3245 obscurandum
1036 3192 1450 3259 interposuerat,
1478 3188 1544 3243 ad
1591 3190 1920 3259 propositum
1951 3187 2109 3243 redit.

2214 1981 2341 2035 tatis
2385 1981 2742 2051 corporaliter
2773 1982 2968 2054 (Calas.
3021 1980 3102 2053 ιι).
3154 1983 3220 2037 Et
3262 1982 3524 2053 quoniam
3568 1986 3791 2054 ejusdem

2213 2071 2435 2141 spiritus
2479 2071 2792 2143 participem
2836 2088 2986 2129 suam
3018 2080 3221 2128 tantum
3266 2073 3573 2129 Ecclesiam
3622 2078 3792 2144 voluit,

2215 2162 2318 2217 hoc
2348 2162 2435 2218 hic
2480 2165 2788 2234 specialiter
2827 2166 3237 2222 demonstravit.
3282 2166 3426 2221 Hinc
3463 2178 3524 2222 et
3552 2167 3791 2227 Dominus

2214 2253 2269 2309 in
2303 2254 2588 2325 Evangelia
2626 2255 2756 2311 dicit
2784 2255 2936 2327 (Luc.
2968 2256 3105 2327 xu):
3140 2256 3321 2326 Ignem
3342 2256 3469 2311 veni
3502 2259 3716 2314 mittere
3750 2261 3789 2314 in

2215 2353 2517 2414 terram,et
2542 2347 2669 2419 quid
2710 2348 2832 2403 volo
2884 2348 2986 2403 nisi
3037 2358 3094 2403 ut
3147 2348 3373 2404 ardeat?
3423 2347 3583 2403 lluuc
3634 2351 3787 2421 ignem

2216 2452 2357 2493 nunc
2383 2437 2667 2507 signiﬁcari
2697 2449 2841 2507 puto.
2868 2438 2980 2493 Hoc
3004 2447 3178 2493 autem
3208 2440 3328 2508 igne
3347 2450 3665 2509 peccatores
3685 2451 3785 2495 tan-

2216 2542 2376 2600 quam
2404 2543 2529 2583 vasa
2556 2528 2759 2597 fragilia
2792 2530 2845 2585 in
2874 2528 3091 2586 fornace
3116 2529 3418 2585 fatiscentia
3448 2532 3689 2586 novimus
3705 2549 3780 2589 re-

2224 2620 2438 2691 probari
2472 2637 2489 2678 :
2520 2622 2643 2691 quia
2674 2637 2769 2692 per
2806 2637 2969 2677 unum
3002 2623 3201 2693 ignem,
3248 2637 3354 2676 non
3396 2624 3649 2681 eumdem
3684 2640 3789 2694 pars

2218 2712 2501 2783 impiorum
2549 2727 2667 2769 cum
2716 2712 2876 2783 justis
2933 2713 3155 2769 sortitur
3200 2712 3477 2780 effectum,
3528 2719 3664 2770 sicut
3708 2730 3790 2771 nec

2218 2806 2413 2875 stipula
2440 2816 2495 2862 et
2513 2821 2727 2876 aurum,
2759 2822 2984 2876 quorum
3010 2806 3239 2862 alterum
3260 2808 3527 2877 consumi,
3576 2809 3793 2865 alterum

2219 2899 2431 2968 probari
2486 2900 2905 2970 cognoscimus,
2955 2901 3408 2971 quemadmodum
3462 2912 3511 2958 et
3539 2904 3641 2959 sub
3691 2920 3793 2958 uno

2218 2991 2367 3062 prelo
2388 2991 2569 3060 dispar
2597 2992 2663 3046 ab
2685 3007 2899 3047 amurca
2948 2993 3125 3048 oleum
3175 2995 3417 3050 obtinere
3453 3004 3649 3049 certum
3700 3006 3787 3051 est

2218 3092 2491 3147 meritum.
2520 3091 2613 3146 llic
2637 3092 2820 3161 itaque
2842 3092 2980 3163 ignis
3010 3093 3205 3149 missus
3229 3094 3282 3149 in
3318 3094 3795 3163 terram,pradica-

2216 3191 2391 3237 torum
2426 3192 2636 3239 mentes
2682 3184 2888 3253 ignivit.
2939 3184 3174 3240 Tertiam
3207 3200 3335 3241 vero
3378 3195 3583 3254 partem
3626 3195 3795 3250 terra}.

529 3280 815 3351 Proposuit
841 3282 984 3338 enim
1013 3256 1216 3353 septem
1244 3282 1465 3353 angelos
1511 3256 1787 3352 accepisse
1833 3281 2008 3349 tubas,
2062 3292 2117 3337 et
2145 3256 2191 3319 (ἶ
2223 3276 2473 3328 arborum
2510 3283 2566 3329 et
2606 3274 2710 3329 feni
2739 3288 2801 3329 ac
2840 3275 3123 3331 viriditatis
3169 3276 3479 3334 incendisse
3506 3279 3719 3344 dicitur,
3747 3293 3797 3335 se

529 3375 667 3429 alius
694 3374 913 3444 angelus
937 3375 1103 3443 venit,
1141 3385 1199 3429 ut
1230 3381 1444 3445 putetur
1466 3384 1585 3444 post
1619 3382 1826 3443 septem
1855 3374 1995 3431 hunc
2022 3389 2114 3430 ve-

529 3466 697 3537 nisse,
726 3483 846 3521 cum
876 3483 982 3522 uno
1031 3476 1272 3537 tempore
1328 3465 1382 3521 id
1420 3465 1634 3535 viderit,
1682 3474 1737 3521 et
1784 3466 1974 3536 angelo
2025 3481 2113 3522 ve-

528 3556 732 3621 niente.
763 3558 839 3612 illi
883 3567 1086 3628 septem
1119 3558 1273 3612 tubas
1313 3559 1640 3627 acceperint,
1676 3555 1726 3610 id
1764 3564 1871 3620 est,
1901 3553 2115 3612 Christo

530 3645 760 3702 Domino
788 3649 1053 3712 veniente,
1082 3651 1199 3717 ejus
1230 3649 1467 3704 Ecclesia
1499 3646 1819 3718 praedicandi
1848 3650 2116 3718 acceperit

528 3744 883 3806 potestatem;
916 3739 1088 3806 ipsum
1114 3738 1258 3792 enim
1299 3752 1460 3807 super
1489 3740 1736 3794 altarium
1766 3739 2115 3809 intelligimus

531 3826 907 3896 advenisse,id
932 3836 1015 3884 est
1043 3845 1202 3899 super
1222 3829 1540 3899 Ecclesiam,
1565 3846 1683 3902 quae
1706 3830 1945 3888 Ecclesia
1973 3833 2115 3903 ejus-

532 3918 656 3975 dem
680 3933 875 3988 corpus
902 3921 1158 3989 accipitur
1188 3921 1504 3993 sacerdotis,
1542 3922 1607 3978 ad
1635 3939 1792 3995 quam
1825 3923 2015 3981 Petrus
2043 3925 2118 3979 di-

531 4011 607 4068 cit
635 4010 686 4083 (ι
716 4010 860 4067 Petr.
891 4028 928 4067 ιι
950 4012 991 4084 );
1034 4010 1176 4069 Gens
1207 4018 1409 4084 sancta,
1452 4032 1620 4087 genus
1662 4017 1909 4088 electum,
1940 4019 2117 4092 regale

530 4103 911 4160 sacerdotium.
975 4102 1185 4161 Habeas
1249 4108 1564 4163 thuribulum
1631 4127 1873 4181 aureum,
1931 4114 1983 4168 id
2034 4124 2115 4170 est

528 4209 730 4268 corpus
786 4198 1184 4254 immaculatum
1233 4198 1435 4270 Spiritu
1476 4209 1661 4258 sancto
1704 4206 2114 4274 superveniente

527 4304 868 4363 conceptum,
897 4293 1038 4364 quod
1062 4308 1157 4363 pro
1178 4294 1378 4349 mundo
1401 4295 1649 4352 universo
1676 4297 1987 4354 redimendo
2015 4300 2115 4356 ob-

526 4388 654 4443 tulit
675 4387 999 4444 oblationem
1022 4395 1077 4443 et
1100 4388 1337 4446 hostiam
1362 4390 1473 4446 Deo
1496 4391 1551 4446 in
1574 4391 1793 4449 odorem
1817 4394 2113 4463 suavitatis,

529 4488 586 4537 et
606 4480 879 4537 mandavit
900 4482 1282 4538 conscientiam
1306 4486 1544 4540 omnium
1573 4486 1641 4542 ab
1673 4486 1930 4557 operibus
1972 4504 2117 4543 mor-

531 4574 659 4628 tuis.
688 4573 975 4643 Accepisse
1001 4583 1179 4631 autem
1214 4577 1276 4631 de
1309 4580 1619 4634 orationibus
1659 4592 1951 4636 sanctorum
1975 4582 2112 4639 idem

533 4662 730 4720 dicitur
757 4673 812 4719 et
838 4666 1118 4734 obtulisse,
1151 4669 1270 4737 quia
1304 4685 1399 4740 per
1422 4672 1592 4740 ipsum
1623 4674 1860 4729 omnium
1893 4684 2117 4746 possunt

533 4770 723 4829 preces
747 4758 813 4813 ad
851 4758 1019 4815 Deum
1059 4762 1294 4817 suaviter
1318 4766 1622 4835 pervenire.
1664 4766 1801 4823 Hinc
1828 4770 2116 4837 Apostolus

531 4849 722 4925 (Hebr.
746 4850 905 4922 xm):
943 4850 1047 4908 Per
1091 4852 1290 4922 ipsum,
1334 4857 1525 4925 inquit,
1568 4856 1843 4914 oderimus
1887 4859 2114 4918 hostiam

530 4940 707 4998 laudis
738 4958 949 5015 semper
978 4944 1109 5011 Deo,
1134 4945 1184 4999 id
1213 4956 1295 5001 est
1320 4946 1550 5004 fructum
1573 4949 1833 5005 labiorum
1857 4953 2119 5009 conﬁten-

530 5032 666 5091 tium
696 5036 896 5090 nomini
939 5033 1075 5104 ejus.
1119 5035 1202 5091 0b
1235 5035 1335 5092 hoc
1381 5037 1497 5108 ipse
1534 5039 1876 5108 interpellare
1922 5043 2117 5099 dicitur

532 5142 642 5184 non
677 5137 882 5182 tantum
930 5142 1028 5196 pro
1059 5129 1292 5198 peccatis
1339 5130 1563 5197 nostris,
1608 5131 1702 5187 sed
1749 5134 1910 5188 etiam
1954 5135 2116 5189 totius

532 5219 711 5275 Iaculi
734 5216 982 5292 [mundi],
1006 5219 1144 5275 sicut
1182 5218 1340 5275 etiam
1377 5219 1564 5276 beatus
1583 5221 1817 5293 Joannes
1847 5243 1860 5279 :
1890 5225 1954 5281 Et
1977 5228 2111 5296 ipse,

532 5320 743 5375 exorat,
780 5310 972 5381 inquit,
1006 5326 1105 5381 pro
1134 5312 1371 5379 peccatis
1408 5312 1624 5368 nostris.
1651 5311 1719 5368 Et
1752 5318 2000 5383 ascendit,
2036 5319 2118 5374 in-

533 5400 669 5470 quit,
706 5400 875 5469 fumus
906 5401 1376 5471 supplicationum,
1407 5404 1706 5460 orationum
1733 5417 2027 5463 sanctorum
2053 5411 2118 5466 de

532 5508 694 5547 manu
711 5493 882 5563 angeli
911 5504 1036 5549 ante
1054 5503 1378 5564 conspectus
1419 5495 1534 5553 Dei.
1558 5495 1628 5552 Et
1666 5501 1858 5569 accepit
1899 5502 2116 5570 angelus

535 5586 882 5651 thuribulum;
902 5594 951 5639 et
969 5586 1191 5657 impleuit
1210 5587 1343 5641 illud
1373 5589 1436 5644 de
1466 5589 1585 5659 igne
1623 5589 1716 5644 irte
1758 5590 1875 5657 Dei,
1906 5602 1951 5647 el
1982 5595 2118 5649 misit

534 5676 591 5732 in
623 5686 828 5731 terram.
863 5679 1003 5733 Bene
1036 5677 1367 5734 thuribulum
1392 5680 1512 5751 igne
1559 5681 1774 5752 plenum
1807 5684 1953 5741 dicit.
2002 5688 2117 5745 Non

538 5772 681 5826 enim
705 5772 769 5825 ad
804 5784 1131 5838 mensuram,
1165 5771 1333 5841 inquit
1364 5770 1545 5839 (Joan.
1578 5776 1686 5844 ιιι),
1727 5774 1819 5829 dat
1846 5776 1988 5833 Deus
2013 5782 2121 5845 Spi-

542 5862 737 5925 ritum,
772 5860 911 5925 quod
955 5860 1167 5924 proprie
1195 5862 1262 5918 de
1286 5861 1487 5920 Christi
1511 5865 1845 5925 humanitate
1871 5872 2122 5931 novimus

2215 3366 2261 3421 si
2311 3365 2553 3421 diceret:
2607 3365 2869 3423 Vasorum
2932 3370 3199 3425 inutilium
3252 3381 3462 3440 partem
3518 3374 3796 3442 reprehens

2216 3459 2469 3531 perdidit.
2502 3461 2615 3515 sive
2639 3461 2897 3527 exterius,
2930 3463 3045 3519 sive
3068 3464 3203 3520 intra
3239 3465 3545 3521 Ecclesiam
3570 3469 3795 3537 positam.

2215 3549 2273 3608 Si
2302 3552 2421 3623 quis
2448 3554 2591 3608 enim
2637 3553 3149 3624 supermdillcaverit
3197 3572 3360 3628 supra
3407 3559 3795 3615 fundamentum

2217 3644 2357 3715 ligna
2392 3687 2406 3713 ,
2466 3647 2643 3702 fenum
2676 3688 2693 3714 ,
2742 3649 3039 3719 stipulam,
3091 3652 3211 3722 igne
3270 3663 3470 3708 cuncta
3521 3652 3794 3723 depereunt

2217 3735 2268 3808 (I
2303 3733 2423 3791 Cor.
2462 3736 2562 3808 ιιι).
2590 3739 2802 3795 Aliter:
2831 3739 2898 3792 Et
2920 3742 3108 3811 accepit
3135 3743 3346 3813 angelus
3386 3744 3716 3806 thuribulsm,
3743 3754 3792 3798 et

2215 3830 2437 3900 implevit
2466 3828 2598 3884 illud
2635 3846 2698 3885 ei:
2724 3832 2840 3904 igne
2869 3846 2981 3887 arte
3010 3832 3128 3899 Dei,
3162 3844 3205 3887 et
3238 3834 3377 3887 misit
3409 3835 3465 3888 in
3500 3846 3703 3890 terram.
3729 3835 3790 3889 Et

2216 3923 2422 3993 accepit
2453 3923 2710 3980 Dominus
2738 3939 2936 3996 corpus
2962 3941 3142 3992 suum,
3176 3927 3225 3981 id
3259 3938 3344 3982 est
3399 3927 3725 3994 Ecclesisni;
3752 3939 3795 3983 et

2219 4017 2542 4087 perﬁciendo
2562 4017 2738 4073 Patris
2761 4019 3110 4086 voluntatem,
3150 4020 3393 4089 implevit
3418 4020 3569 4076 illam
3596 4035 3662 4076 ex
3683 4021 3792 4090 igne

2217 4124 2346 4176 arte,
2369 4108 2422 4165 id
2444 4119 2614 4166 estex
2646 4119 2909 4180 potestate
2935 4111 3177 4167 solvendi
3211 4123 3372 4183 atque
3409 4113 3653 4183 ligandi,
3694 4128 3799 4184 quae

2215 4203 2461 4258 consistit
2490 4205 2541 4260 in
2565 4202 2842 4259 sacriﬁciis
2864 4213 2918 4259 et
2954 4206 3331 4275 propitiatione
3367 4207 3495 4262 Dei.
3527 4208 3663 4263 Hine
3683 4207 3799 4261 dici-

2216 4302 2305 4350 tur
2343 4296 2502 4351 etiam
2528 4294 2699 4368 (Psal.
2747 4295 2861 4365 cnt)
2891 4312 2905 4351 :
2932 4297 3030 4364 Qui
3072 4297 3196 4353 iacit
3230 4298 3453 4368 angelos
3483 4313 3620 4354 suos
3656 4298 3798 4367 Spiri-

2217 4397 2323 4456 tus,
2355 4399 2407 4445 et
2432 4389 2707 4445 ministros
2737 4403 2863 4445 suos
2898 4390 3073 4460 ignem
3101 4390 3399 4447 ardentem.
3442 4390 3502 4444 1n
3529 4390 3613 4447 his
3662 4392 3793 4445 enim

2218 4480 2424 4551 accepit
2465 4481 2705 4537 Ecclesia
2755 4496 2967 4537 omnem
3012 4491 3332 4553 potestatem
3380 4483 3436 4539 in
3478 4483 3624 4540 coelo
3657 4495 3710 4540 et
3745 4485 3793 4537 is

2221 4583 2379 4641 terra,
2406 4574 2530 4629 dum
2555 4575 2646 4631 Dei
2670 4574 2988 4630 sacriﬁcium
3012 4578 3257 4646 perfecit,
3279 4577 3551 4633 oderente
3576 4579 3799 4634 Domino

2220 4682 2279 4723 se
2302 4666 2685 4737 principaliter,
2714 4676 2769 4723 et
2801 4668 3173 4727 exliibentibus
3201 4672 3403 4727 sanctis
3445 4687 3545 4727 sua
3580 4687 3805 4744 corpora

2224 4759 2448 4814 hostiam
2473 4759 2672 4825 vivam,
2701 4769 2939 4817 sanctam
2965 4762 3143 4835 (Rom.
3185 4764 3285 4835 ιι).
3332 4763 3399 4819 Ει
3431 4765 3578 4822 misit
3608 4781 3737 4822 eum
3761 4767 3807 4820 ia

2224 4859 2443 4906 terram.
2473 4850 2734 4917 Quoniam
2786 4867 2879 4922 per
2921 4853 3180 4909 Ecclesia:
3231 4856 3684 4925 praedicatioitem
3731 4874 3807 4913 ve-

2224 4942 2339 4997 niet
2378 4942 2569 4997 futura:
2614 4942 2998 5014 indignationis
3046 4946 3246 5001 mundo
3288 4948 3501 5012 notitia,
3534 4949 3680 5004 sicut
3721 4948 3813 5002 la-

2224 5034 2433 5091 charias
2455 5034 2587 5090 dicit
2623 5034 2807 5106 (Zach.
2858 5036 2953 5107 xu)
2985 5054 2997 5091 :
3026 5038 3226 5093 Ponam
3252 5039 3493 5095 tribunos
3515 5040 3657 5097 Juda
3684 5044 3816 5096 sicut

2222 5133 2514 5182 torrentem
2554 5126 2711 5195 ignis,
2742 5135 2852 5184 etc.
2902 5128 2986 5184 Ad
3032 5138 3318 5200 utrumque
3356 5143 3541 5188 autem
3592 5148 3815 5189 sensum

2222 5219 2324 5275 hoc
2370 5220 2511 5288 quod
2540 5220 2803 5290 sequitur,
2855 5224 3053 5293 poterit
3099 5227 3360 5294 cooptari,
3402 5240 3451 5281 et
3496 5229 3640 5293 {aeta
3700 5234 3817 5282 sunt

2222 5311 2445 5368 tonitrua
2470 5320 2519 5367 et
2554 5330 2696 5370 voces
2720 5324 2768 5370 et
2802 5315 3010 5386 fulgura
3038 5325 3085 5371 et
3112 5329 3446 5375 terminatus.
3475 5320 3683 5377 Omnia
3708 5322 3821 5376 hate

2220 5405 2483 5477 spiritalia
2504 5415 2647 5473 sunt,
2683 5407 2937 5465 Ecclesiae
2962 5419 3107 5477 sunt,
3133 5409 3188 5466 id
3226 5421 3311 5468 est
3332 5427 3493 5469 voces
3528 5415 3823 5485 increpan-

2221 5507 2354 5563 tium
2383 5507 2435 5563 in
2463 5509 2585 5581 igne
2614 5526 2628 5564 :
2661 5508 2945 5566 Genimina
2974 5512 3275 5582 viperarum
3298 5513 3512 5586 (Matth.
3544 5520 3657 5585 ιιι),
3688 5528 3821 5585 ξω..

2224 5601 2333 5663 vel,
2390 5602 2547 5672 Agite
2587 5603 2991 5673 paenitentiam,
3045 5607 3489 5678 apprOpinqnabit
3539 5612 3698 5666 enim
3744 5628 3826 5668 re-

2221 5705 2383 5761 gnum
2414 5692 2693 5749 cmlorum.
2734 5693 3008 5763 Tonitrua,
3050 5698 3459 5768 praedicationes
3487 5701 3615 5757 ﬁdei
3654 5702 3827 5759 Clario

2219 5785 2450 5850 stianae;
2500 5785 2728 5856 fulgura,
2775 5786 3000 5843 virtutes
3052 5791 3374 5857 sanitatum;
3424 5800 3826 5859 terraemotus.

2220 5877 2653 5948 persecutiones,
2701 5894 2835 5954 quas
2873 5892 2930 5939 et
2956 5882 3265 5953 praedicavit
3293 5893 3576 5959 venturas,
3625 5898 3696 5945 et
3735 5902 3832 5944 n-
