3968 6354
161 417 269 477 857

1157 390 1604 457 COMMENTAR.
1646 388 1710 446 IN
1750 388 2128 447 APOCALYP.
2171 384 2303 442 LIB.
2346 383 2436 444 Ill.

3338 375 3442 433 858

164 536 264 593 riis
290 532 490 606 patitur
509 525 842 599 temporibus
866 520 1163 580 venientes.
1190 518 1404 589 Repetit
1426 524 1603 589 autem
1638 523 1759 580 quae
1787 507 1939 572 Adit
1978 506 2252 562 evidenter
2300 497 2560 571 spiritualt
2612 509 2707 553 eos
2763 499 2935 551 morte
2990 500 3245 558 necatos,
3294 492 3438 548 sicut

164 636 547 706 proposuerat,
592 624 783 681 eadem
836 621 1041 676 dictare
1088 624 1376 673 consuetus
1421 627 1515 684 per
1551 618 1754 681 partes.

166 704 239 779 Et
269 730 458 789 septem
482 717 656 789 angeli
684 714 967 777 habentes,
994 710 1185 780 inquit,
1210 714 1402 773 septem
1433 704 1605 769 tubas,
1629 716 1761 772 pra:-

168 821 478 889 paraverunt
504 828 556 867 se
577 820 631 864 ut
652 811 773 864 tuba
796 816 1050 863 canerent.
1082 802 1317 860 Ecclesia
1342 798 1641 869 septiformi
1664 814 1764 853 nu-

169 925 326 966 rnero
350 902 745 967 commendata,
776 914 835 956 se
884 898 949 954 ad
995 894 1389 968 praedicandum
1443 890 1763 946 ﬁducialiter

169 1000 515 1074 prmparavit.
555 995 620 1051 Et
659 998 856 1066 primus
900 991 1112 1061 angelus
1160 987 1278 1042 tuba
1307 986 1508 1050 cecinit,
1533 993 1580 1039 et
1626 983 1764 1055 facta

170 1100 249 1147 es:
277 1089 498 1163 grando,
526 1097 573 1141 et
604 1087 814 1141 ﬂamma
846 1084 1132 1139 commixta
1163 1081 1220 1133 in
1258 1077 1596 1149 sanguinem,
1628 1085 1677 1129 et
1712 1075 1765 1128 in

174 1194 320 1241 terra
331 1183 528 1254 jactata
551 1190 652 1245 est,
667 1189 713 1233 et
734 1179 883 1233 tertia
902 1191 1021 1246 pars
1042 1183 1189 1228 terra:
1204 1170 1402 1225 dearsit
1423 1168 1609 1241 [Vulg.
1628 1182 1769 1222 com-

175 1278 335 1334 busta
361 1271 487 1343 est],
515 1282 562 1329 et
589 1274 737 1326 tertia
759 1286 877 1341 pars
901 1267 1143 1321 arborum
1175 1264 1393 1325 dearsit,
1420 1276 1567 1315 omne
1593 1261 1768 1329 fenum

178 1367 345 1423 viride
387 1366 607 1422 dearsit.
636 1362 788 1429 Quod
831 1369 913 1416 est
944 1368 1107 1423 terra,
1142 1356 1244 1411 hoc
1297 1354 1541 1417 arbores,
1570 1352 1663 1407 sed
1703 1351 1771 1405 de

182 1461 319 1530 ipsis
349 1458 506 1514 tertia
541 1471 689 1526 pars,
720 1455 789 1509 de
827 1452 952 1507 leno
982 1458 1159 1505 autem
1193 1454 1362 1500 totum
1395 1444 1524 1497 dicit
1550 1441 1770 1496 arsisse.

180 1551 347 1608 Terra
376 1550 516 1607 enim
549 1548 636 1602 hic
685 1545 906 1611 terreni,
973 1540 1254 1596 arboribus
1297 1546 1478 1591 autem
1528 1533 1774 1589 homines

185 1645 485 1715 ﬁgurantur
512 1638 831 1696 inﬁdelitate
859 1642 1129 1697 nutantes,
1165 1640 1417 1699 tanquam
1444 1626 1593 1681 omni
1613 1632 1775 1681 vento

182 1734 443 1791 doctrina».
468 1729 724 1786 commoti
754 1724 914 1798 (Eph.
966 1723 1065 1792 tv),
1108 1721 1175 1775 de
1214 1718 1409 1789 quibus
1437 1716 1603 1773 Judas
1644 1728 1776 1784 apo-

183 1828 359 1884 stolus
374 1826 503 1882 dicit
520 1822 671 1895 (Cap.
697 1822 760 1890 ι),
776 1818 999 1873 arbores
1017 1814 1375 1877 autumnales,
1406 1810 1778 1872 infructuosae,

1864 600 1931 655 de
1960 598 2114 653 vidua
2140 595 2425 665 Apostolus
2451 592 2581 646 dicit
2609 588 2660 661 (Ι
2684 588 2818 642 Tim.
2853 586 2903 657 v)
2931 604 2944 640 :
2976 586 3105 655 Quae
3150 586 3203 640 in
3228 584 3441 641 deliciis

1865 690 1973 761 agit
2004 689 2187 744 vivens
2230 696 2439 741 mortua
2494 691 2596 737 est.
2656 680 2864 736 idcirco
2893 678 3032 733 sicut
3074 687 3268 745 sonat,
3330 687 3449 733 tan-

1864 800 2023 854 quam
2081 784 2237 839 tcrtia
2271 782 2426 835 aliam
2478 778 2687 833 tertiam
2738 776 3019 839 occiderit,
3072 776 3229 829 noxia
3283 774 3448 829 tradi—

1863 876 2010 931 tione
2081 883 2135 928 et
2197 873 2402 927 inutilis
2459 870 2757 925 imitatione
2830 867 3107 923 doctrinae.
3167 865 3233 919 Et
3277 868 3451 921 tertius

1863 966 2075 1036 angelus
2137 963 2259 1018 tuba
2316 961 2536 1027 cecinit,
2605 970 2651 1015 et
2720 960 2899 1014 cecidit
2979 963 3042 1012 de
3116 957 3241 1012 caelo
3306 959 3453 1013 stella

1866 1073 2050 1127 magna
2105 1097 2119 1122 ,
2147 1056 2331 1109 ardens
2384 1062 2444 1107 ut
2483 1052 2655 1123 facula
2690 1092 2704 1116 ,
2784 1065 2945 1120 super
3004 1049 3209 1104 tertiam
3258 1060 3454 1119 partem

1868 1150 2184 1222 fluminum,
2242 1156 2288 1200 et
2353 1159 2515 1212 super
2565 1145 2730 1214 fontes
2795 1158 3091 1212 aquarum,
3165 1150 3210 1196 et
3276 1156 3458 1195 nomen

1869 1242 2032 1297 stella:
2060 1242 2247 1294 dicitur
2277 1236 2574 1300 absentius,
2603 1235 2709 1300 vel,
2744 1235 2883 1289 sicut
2929 1234 3053 1289 alibi
3098 1233 3317 1297 dicitur,
3367 1234 3461 1287 ab-

1872 1334 2125 1398 sentium,
2161 1341 2207 1385 et
2237 1334 2375 1400 facta
2405 1339 2477 1383 est
2509 1328 2657 1381 tertia
2686 1343 2807 1398 pars
2832 1343 3079 1395 aquarum
3112 1327 3250 1380 sicut
3270 1326 3461 1379 absen-

1875 1427 2028 1491 tium,
2057 1434 2103 1478 et
2132 1424 2281 1477 multi
2314 1422 2563 1477 homines
2594 1420 2782 1473 mortui
2828 1427 2946 1472 sunt
2996 1418 3063 1473 ab
3103 1417 3457 1471 amaritudine

1875 1531 2155 1586 aquarum.
2213 1514 2288 1569 De
2332 1514 2468 1568 caelo
2518 1520 2769 1581 tanquam
2813 1509 2881 1564 de
2923 1510 3161 1565 Ecclesia
3212 1508 3461 1563 homines

1877 1609 2137 1665 cecidisse
2167 1607 2434 1675 designat,
2469 1604 2603 1659 tales
2633 1604 2838 1658 scilicet
2864 1615 2997 1671 quos
3027 1601 3272 1656 homines
3302 1609 3456 1671 puta-

1880 1703 2008 1758 bant
2038 1702 2194 1756 bonis
2220 1699 2423 1755 meritis
2453 1697 2791 1767 prmiulgere.
2827 1696 2951 1751 Ideo
2978 1694 3150 1749 stella:
3182 1701 3237 1749 et
3276 1692 3463 1747 laculze

1883 1801 2284 1862 comparantur,
2332 1804 2465 1860 quos
2494 1787 2658 1843 Judas
2704 1787 2979 1857 apostolus
3017 1788 3228 1857 arguit,
3277 1784 3467 1839 dicens

185 1920 488 1981 eradicatur,
516 1916 599 1972 bis
626 1921 881 1975 mortuae;
917 1909 1099 1965 fenum
1129 1915 1306 1961 autem
1338 1914 1391 1959 et
1421 1900 1616 1967 viride,
1649 1898 1778 1953 dicit
1809 1886 1855 1947 B
1884 1885 2036 1957 (Iud.
2069 1886 2148 1956 t):
2191 1884 2371 1939 sidera
2402 1881 2753 1937 seductionis.
2808 1879 3083 1935 Seducunt
3109 1880 3250 1933 enim
3282 1891 3466 1946 super-

186 2027 403 2069 carnetn
435 2008 649 2064 luxibus
695 2004 1024 2075 saginatam;
1058 1999 1233 2053 omnis
1262 1995 1405 2051 enim
1434 2007 1561 2049 caro
1593 1991 1776 2047 fenum

188 2104 324 2178 (Isa.
368 2103 481 2175 ιι).
532 2100 637 2158 Sed
672 2099 797 2154 licet
842 2106 949 2152 tres
980 2103 1198 2164 quartas
1227 2098 1412 2145 contra
1445 2100 1631 2152 unam,
1662 2097 1783 2154 qua:

189 2208 273 2253 est
306 2195 566 2258 Ecclesia,
595 2188 983 2259 anteposuerit,
1018 2185 1177 2240 modo
1223 2192 1403 2238 tamen
1447 2178 1780 2235 contrariam

194 2287 452 2343 Ecclesia:
502 2295 706 2355 partem
752 2280 817 2335 ad
846 2280 977 2334 duas
1009 2276 1191 2331 tertias
1222 2272 1535 2335 coarctavit,
1571 2268 1781 2324 tertiam

188 2380 399 2436 SCiliCcl
426 2378 579 2431 bonis
607 2376 747 2429 intra
792 2369 1084 2427 Ecclesiam
1132 2367 1352 2420 mixtam
1383 2364 1437 2417 in
1480 2360 1631 2414 falsis
1676 2359 1784 2412 fra-

190 2474 389 2537 tribus,
423 2480 476 2525 et
523 2470 679 2523 aliam
730 2466 781 2520 in
813 2477 1050 2519 errorem
1079 2457 1388 2529 gentilitatis
1428 2464 1482 2509 et
1512 2453 1780 2508 haereseos

193 2566 508 2638 pravitatem
541 2569 727 2631 aperto
765 2558 1076 2621 schismate,
1110 2551 1405 2623 separatis,
1438 2558 1499 2605 ut
1532 2543 1779 2604 Ecclesia

191 2658 266 2729 (id
312 2666 395 2711 est
424 2670 526 2709 una
559 2650 740 2723 tertia)
771 2658 954 2705 contra
988 2647 1259 2715 gemimun
1292 2641 1509 2697 dimicet
1549 2639 1774 2703 malum,

191 2759 442 2821 tanquam
483 2746 799 2815 simplicitas
853 2737 1152 2807 duplicitati
1203 2738 1482 2791 resistens.
1541 2730 1632 2786 Sic
1683 2745 1779 2785 rex

193 2860 317 2901 cum
349 2844 535 2898 decem
578 2838 813 2894 millibus
842 2842 1032 2890 contra
1064 2830 1251 2901 viginti
1297 2828 1461 2882 millia
1494 2825 1779 2879 habentem

190 2938 248 2997 in
290 2932 580 3003 Evangelio
610 2929 757 3003 (Luc.
790 2928 901 2996 xtv)
954 2930 1282 2994 pugnaturus
1326 2918 1524 2973 dicitur
1566 2929 1782 2987 proces-

189 3030 364 3094 sisse;
420 3029 501 3082 sic
549 3026 688 3080 Deus
744 3036 837 3092 per
886 3017 1201 3073 Zachariam
1256 3012 1550 3083 promittit,
1600 3010 1782 3065 dicens

190 3118 383 3191 (Zach.
417 3114 570 3185 xm):
606 3115 669 3168 Et
698 3121 857 3167 erunt
888 3110 939 3163 in
971 3107 1116 3161 omni
1150 3115 1313 3167 terra,
1340 3103 1473 3158 dicit
1501 3100 1779 3165 Dominus,

191 3222 375 3285 partes
419 3210 538 3265 dua:
573 3208 626 3263 in
658 3222 718 3262 ea
751 3201 1129 3273 disperdentur
1160 3208 1213 3251 et
1243 3194 1514 3261 deﬁcient,
1546 3202 1599 3247 et
1627 3192 1779 3247 tertia

1889 1980 2007 2034 ficie
2052 1979 2166 2049 ipsa
2198 1976 2406 2031 nitoris.
2464 1974 2573 2027 Hos
2616 1971 2872 2026 Dominus
2895 1969 3113 2038 (Matth.
3148 1971 3275 2037 xxv)
3306 1969 3467 2023 etiam

1886 2072 2179 2143 parietibus
2208 2079 2263 2124 et
2290 2067 2552 2134 sepulcris
2593 2072 2869 2133 comparat
2898 2062 3181 2117 dealbatis.
3232 2062 3301 2115 Et
3342 2062 3467 2130 quia

1888 2166 2040 2219 ruina
2081 2162 2345 2231 majorum
2378 2160 2512 2215 solet
2541 2172 2737 2212 vexare
2769 2154 3106 2224 complures,
3148 2152 3270 2206 ideo
3308 2166 3468 2219 super

1888 2265 2088 2327 partem
2123 2253 2401 2309 ﬂuminum
2430 2261 2477 2305 et
2510 2250 2736 2304 fontium
2770 2246 2978 2301 stellam
3020 2252 3283 2299 memorat
3319 2242 3470 2296 deci-

1885 2347 2049 2412 disse,
2091 2347 2246 2414 cujus
2288 2359 2482 2399 nomen
2512 2340 2814 2396 absentium
2840 2349 2889 2405 δ,
2941 2351 3038 2406 pro
3082 2334 3272 2404 grandi
3318 2348 3469 2387 ama-

1886 2438 2118 2494 ritudine
2173 2436 2340 2504 ponit.
2408 2432 2631 2487 Talibus
2676 2430 2821 2484 enim
2872 2426 3230 2489 cadentibus,
3288 2423 3470 2493 plures

1888 2529 2136 2584 novimus
2181 2524 2465 2589 inlirmari,
2519 2532 2573 2578 et
2620 2521 2851 2591 pessima
2883 2518 3143 2573 doctrina:
3174 2514 3471 2569 imitatione

1886 2620 2181 2690 corrumpi.
2233 2619 2344 2674 llos
2389 2623 2569 2671 autem
2618 2622 2765 2669 recte
2807 2611 3053 2666 absentia
3102 2607 3470 2678 comparavit,

1884 2715 2039 2785 cujus
2067 2715 2114 2769 si
2144 2711 2445 2767 amaritudo
2473 2708 2681 2763 modica
2719 2706 2865 2761 dulci
2905 2704 3104 2774 potioni
3150 2703 3464 2769 misceatur,

1886 2808 2061 2865 omnis
2090 2807 2140 2859 in
2168 2801 2581 2859 amaritudinem
2609 2798 2852 2853 vertitur.
2898 2795 3010 2849 Hoc
3035 2792 3312 2859 Scriptura
3342 2792 3473 2845 alibi

1886 2914 2099 2973 quoque
2129 2898 2456 2968 signiﬁcans,
2492 2892 2688 2947 talibus
2716 2889 2843 2944 dicit
2871 2885 3086 2957 (Jerem.
3110 2882 3200 2954 u):
3230 2882 3469 2937 Plantavi

1889 3002 1941 3048 te
1969 2992 2120 3062 quasi
2147 2992 2354 3045 vineam
2383 2986 2607 3041 electam
2627 3027 2641 3050 ,
2672 2979 2942 3052 quomodo
2973 2989 3126 3031 versa
3155 2989 3214 3030 es
3244 2973 3295 3028 in
3330 2987 3476 3027 ama-

1888 3086 2175 3141 ritudinem
2217 3082 2340 3137 vitis
2382 3078 2613 3133 aliens?
2667 3076 2818 3130 lianc
2846 3080 3025 3126 autem
3070 3070 3218 3139 ponit
3262 3067 3475 3121 tertiam

1889 3189 2095 3250 partem
2128 3175 2415 3237 malorum,
2448 3185 2569 3226 cum
2606 3168 2695 3222 alii
2725 3167 2813 3237 qui
2840 3162 3148 3220 cadentium
3180 3158 3477 3214 debuerant

192 3249 375 3285 γυιινσ
419 3249 538 3265 νυυυ
573 3249 626 3263 ιιι
659 3249 718 3262 νι-
753 3249 1118 3273 ι--υισν-----ν.--
1166 3249 1210 3251 --
1250 3249 1260 3251 ἡ
1290 3249 1301 3251 ἡ
1499 3249 1514 3261 1

191 3320 322 3379 pars
352 3304 685 3372 relinquetur
714 3300 765 3352 in
792 3312 876 3363 ea,
908 3303 962 3350 et
989 3294 1183 3348 ducam
1216 3289 1427 3344 tertiam
1459 3298 1661 3356 partem
1686 3302 1782 3355 per
1808 3269 1855 3332 C
1888 3271 2255 3342 experimento
2283 3264 2434 3320 reddi
2462 3262 2752 3325 cautiores,
2795 3271 2982 3313 eorum
3024 3255 3310 3308 incurrunt
3349 3249 3469 3303 imi-

1894 3374 1905 3379 -
1949 3363 1982 3379 -·
2069 3375 2083 3379 -
2124 3357 2382 3379 ›-ρ--.--...
2458 3352 2517 3379 ι’,
2546 3359 2755 3379 -......e...
2794 3346 3002 3379 ιηηηΙιη
3042 3344 3160 3379 ηιΙιη
3189 3340 3368 3379 potius.)
3431 3351 3469 3379 nl

192 3399 396 3470 ignem,
436 3405 487 3451 et
536 3408 687 3449 uram
718 3405 812 3447 eos
856 3390 996 3443 sicut
1039 3384 1210 3439 uritur
1241 3390 1544 3452 argentum,
1589 3388 1641 3436 et
1664 3395 1788 3449 pro-

194 3492 338 3550 babo
382 3505 474 3546 eos
506 3489 647 3543 sicut
679 3486 934 3556 probatur
965 3494 1186 3543 aurum;
1227 3477 1340 3547 ipse
1372 3476 1639 3529 invocavit
1686 3487 1787 3527 no-

124 3572 129 3579 ’
196 3598 324 3638 men
357 3595 561 3644 meum,
593 3584 646 3631 et
677 3588 777 3645 ego
807 3569 1092 3627 exaudiam
1125 3582 1280 3630 eum;
1313 3574 1366 3617 et
1394 3564 1586 3628 dicam,
1618 3562 1790 3631 Popu—

197 3673 285 3731 lus
313 3686 462 3728 meus
487 3686 575 3736 es;
608 3677 662 3723 et
691 3666 793 3735 ipsi
822 3664 1020 3726 dicent,
1058 3660 1317 3713 Dominus
1348 3655 1487 3710 Dens
1519 3668 1667 3708 meus
1698 3668 1777 3708 es.

199 3766 547 3822 Memoratam
579 3762 840 3814 malorum
875 3761 1082 3823 partem
1115 3751 1167 3804 in
1208 3749 1417 3804 duabus
1449 3746 1621 3801 tertiis
1661 3759 1792 3798 con-

202 3860 517 3919 sistentem,
550 3860 770 3923 propter
802 3847 961 3902 unius
1002 3843 1247 3914 corporis
1278 3842 1505 3895 formam
1537 3847 1790 3904 tanquam

204 3964 364 4004 unam
418 3957 703 4017 personam
754 3938 1029 4006 Scriptura
1078 3934 1275 4003 sacpius
1324 3938 1606 3997 memorat,
1662 3927 1794 3981 alias

206 4040 549 4112 singulariter
577 4049 696 4090 eam
728 4033 1007 4086 inducens.
1042 4025 1112 4079 Et
1140 4024 1395 4078 secundus
1435 4021 1647 4088 angelus
1675 4016 1795 4069 tuba

209 4135 407 4196 cecinit,
453 4138 497 4184 et
529 4136 585 4184 ut
612 4140 756 4180 mons
797 4135 1012 4192 magnus
1036 4118 1152 4187 igne
1190 4116 1397 4175 ardens,
1439 4111 1624 4163 missus
1647 4118 1716 4161 est
1745 4108 1798 4160 in

211 4242 384 4293 mare;
412 4231 457 4277 et
476 4223 613 4294 facta
634 4226 707 4273 est
735 4216 881 4270 tertia
900 4226 1021 4283 pars
1040 4208 1192 4261 maris
1216 4206 1267 4258 in
1292 4201 1561 4272 sanguine.
1588 4208 1632 4252 et
1663 4213 1801 4250 mor-

213 4330 299 4374 tua
324 4326 397 4373 est
438 4316 583 4370 tertia
614 4327 734 4384 pars
777 4307 1026 4379 piscium,
1060 4310 1106 4356 et
1135 4298 1285 4353 tertia
1314 4312 1432 4368 pars
1471 4295 1676 4348 navium
1706 4306 1797 4360 pe-

216 4414 327 4469 riit.
357 4410 509 4465 Mons
536 4382 738 4461 ardens
788 4401 845 4455 in
877 4396 1011 4453 mari
1065 4392 1312 4447 diabolus
1353 4395 1454 4455 est,
1508 4384 1703 4439 missus
1750 4382 1803 4434 in

218 4501 474 4575 p0pulos;
505 4498 660 4552 tertia
691 4508 813 4563 pars
843 4488 1010 4545 maris
1039 4488 1090 4541 in
1119 4483 1455 4552 sanguinem,
1495 4475 1805 4546 sanguinem

219 4599 371 4670 ponit
398 4596 719 4663 sapientiam
766 4588 970 4651 carnis,
1002 4596 1119 4651 qum
1160 4577 1373 4634 inimica
1403 4583 1485 4629 est
1519 4572 1647 4627 Deo.
1679 4570 1809 4624 Pro-

226 4662 404 4761 pterea
449 4662 645 4740 dicitur
681 4680 803 4751 quia
839 4693 936 4747 per
965 4688 1083 4730 eam
1115 4671 1292 4725 anima
1326 4667 1555 4721 humana
1584 4662 1804 4732 pet-imi-

229 4754 330 4839 lur.
386 4778 519 4834 ilinc
564 4771 854 4845 Apostolus
889 4769 1065 4839 (Rom.
1110 4763 1261 4833 xvm)
1289 4801 1305 4827 ,
1338 4759 1561 4829 Sapere,
1614 4754 1805 4824 inquit,

223 4871 514 4930 secundum
543 4879 781 4931 carnem,
834 4874 981 4915 mors
1008 4865 1109 4924 est,
1144 4854 1268 4925 quia
1316 4864 1445 4907 caro
1498 4857 1555 4904 et
1591 4846 1810 4916 sanguis

224 4978 449 5037 regnum
479 4959 575 5015 Dei
600 4972 706 5012 non
738 4950 1108 5023 possidebunt.
1142 4943 1304 5000 Maris
1332 4956 1458 4996 vero
1503 4938 1719 4993 nomine
1760 4944 1813 4990 et

226 5028 502 5121 arborum,
533 5049 745 5104 navium
769 5052 820 5099 et
853 5040 1101 5112 piscium,
1133 5034 1393 5089 saeculum
1417 5045 1536 5085 cum
1562 5028 1812 5083 habitan-

228 5150 375 5205 tibus
418 5161 516 5204 suo
554 5155 706 5198 more
737 5133 1127 5205 complectitur.
1180 5127 1439 5197 Denique,
1484 5137 1605 5177 cum
1653 5135 1815 5176 unam

233 5245 447 5301 tertiam
498 5250 709 5294 versam
757 5231 979 5286 dixisset
1027 5226 1080 5280 in
1124 5221 1465 5292 sanguinem,
1521 5217 1816 5270 animarum

235 5335 549 5406 signiﬁcans
581 5334 759 5383 morte
780 5326 1175 5388 consumptam,
1207 5313 1451 5369 eamdem
1481 5307 1818 5379 postmodum

238 5398 453 5485 iuvduas
483 5422 673 5479 dividit
701 5416 910 5481 tertias,
939 5413 1125 5467 dicens
1154 5424 1167 5461 :
1206 5406 1271 5460 Et
1300 5414 1503 5458 mortua
1549 5411 1622 5455 est
1672 5398 1821 5454 tertia

240 5538 361 5593 pars
390 5517 640 5589 piscium,
681 5521 727 5567 et
757 5510 905 5564 tertia
949 5520 1069 5575 pars
1118 5501 1323 5557 navium
1381 5496 1560 5567 periit.
1608 5493 1662 5547 In
1718 5505 1822 5547 una

242 5586 334 5670 illa
366 5586 531 5681 genus
554 5605 742 5662 mortis
764 5598 1017 5663 ostendit,
1051 5597 1105 5650 in
1128 5595 1244 5649 istis
1273 5601 1555 5646 numerum
1585 5586 1827 5656 assigna-

242 5707 338 5763 vit.
374 5680 493 5760 Alia
523 5698 708 5764 editio,
752 5691 1000 5756 dicendo,
1036 5686 1347 5744 habentium
1394 5680 1602 5737 animas
1645 5684 1831 5733 osten-

1894 3340 2091 3419 tat—ioue
2118 3357 2405 3414 delectum.
2448 3352 2518 3406 Et
2541 3359 2755 3423 quartus
2791 3346 3002 3417 angelus
3042 3344 3160 3397 tuba
3189 3340 3399 3405 cecinit,
3431 3348 3478 3392 et

1894 3469 2131 3524 percussa
2168 3460 2243 3505 est
2281 3446 2426 3503 tertia
2468 3460 2587 3516 pars
2616 3442 2758 3506 solis,
2804 3448 2851 3493 et
2894 3437 3040 3491 tertia
3078 3449 3203 3506 pars
3244 3433 3402 3499 Iunce,
3434 3438 3479 3486 et

1894 3549 2041 3602 tertia
2071 3561 2189 3617 pars
2216 3541 2508 3605 stellarum,
2535 3545 2591 3590 ut
2616 3534 2789 3589 minus
2821 3532 3081 3592 Iucerent,
3116 3535 3170 3581 et
3194 3524 3309 3580 dies
3331 3538 3477 3578 etan-

1894 3639 2013 3695 dem
2054 3616 2257 3706 partem
2288 3632 2587 3694 amitteret,
2634 3635 2691 3681 et
2728 3639 2835 3679 nox
2864 3621 3127 3676 similiter.
3177 3618 3292 3685 Sol,
3327 3616 3472 3679 luna,

1894 3730 2085 3795 stellae,
2118 3724 2357 3781 Ecclesia
2390 3721 2627 3791 ponitur.
2682 3717 2871 3787 Aptius
2909 3726 3039 3767 sane
3070 3718 3259 3779 quarto
3290 3707 3482 3777 angelo

1896 3826 2225 3882 memorato,
2276 3815 2464 3868 horum
2510 3808 2677 3865 voluit
2724 3806 2899 3859 facere
2953 3801 3310 3864 mentionem,
3361 3809 3482 3863 qum

1896 3920 2087 3983 quarto
2116 3908 2202 3963 die
2232 3907 2285 3960 in
2314 3902 2619 3961 conditione
2660 3896 2843 3953 mundi
2886 3894 3025 3948 laeta
3073 3896 3380 3955 narrantur,
3423 3895 3485 3941 ut

1900 4007 2191 4072 praeessent
2218 3997 2325 4052 diei
2354 4003 2409 4050 et
2439 3993 2610 4057 nocti,
2651 3998 2705 4046 et
2734 3986 3043 4044 dividerent
3073 3984 3247 4038 lucem
3290 3995 3353 4035 ac
3399 3988 3482 4034 te-

1900 4093 2116 4158 nebras,
2147 4097 2204 4143 ut
2232 4102 2351 4142 cum
2388 4084 2476 4140 isti
2519 4082 2678 4146 mali,
2724 4092 2953 4149 quorum
2985 4090 3147 4130 unum
3177 4079 3482 4139 est-corpus

1902 4188 2138 4245 exterius
2167 4192 2410 4253 apertum
2454 4180 2700 4246 intusque
2730 4175 2924 4234 latens,
2957 4170 3024 4223 ab
3056 4167 3293 4222 Ecclesia
3321 4177 3485 4232 sepa-

1904 4292 2071 4348 ratur,
2094 4277 2374 4342 minusque
2404 4272 2582 4325 lucere
2613 4268 2723 4321 suis
2754 4257 3267 4329 transgressionibus
3296 4254 3485 4309 Eccle-

1906 4375 1997 4431 sia:
2026 4343 2230 4425 faciunt
2255 4366 2594 4435 dignitatem,
2644 4355 2793 4426 quasi
2842 4352 3053 4407 tertiam
3100 4357 3305 4416 partem
3336 4343 3490 4410 solis,

1908 4476 1960 4522 et
1990 4462 2196 4518 tertiam
2229 4467 2431 4527 partem
2463 4453 2621 4512 lunae,
2651 4456 2705 4504 et
2734 4444 2942 4501 tertiam
2972 4448 3178 4511 partem
3205 4436 3485 4493 stellarum

1910 4558 2020 4612 suis
2050 4547 2462 4608 obscuritatibus
2488 4542 2807 4603 adimentes,
2857 4545 3046 4589 contra
3098 4528 3491 4586 ordinationem

1836 4647 2293 4722 Dconvincantur
2346 4638 2526 4693 facere
2573 4629 2887 4687 Creatoris:
2940 4628 3055 4697 qui,
3106 4624 3245 4679 sicut
3291 4621 3494 4687 solem,

1914 4746 2117 4806 lunam,
2146 4736 2327 4792 stellas
2359 4735 2474 4787 loco
2503 4727 2584 4783 vel
2616 4724 2791 4796 Specie
2822 4721 3033 4789 caeteris
3060 4720 3299 4774 eminere
3326 4716 3495 4771 voluit

1915 4833 2197 4890 visibiliter
2223 4827 2473 4893 conditis,
2502 4823 2574 4877 ita
2604 4819 2898 4875 Ecclesiam
2932 4828 3103 4877 suam,
3136 4825 3293 4880 quam
3324 4807 3497 4879 digni~

1915 4936 2024 4984 tate
2048 4931 2103 4978 et
2125 4920 2291 4992 gloria
2318 4931 2413 4988 per
2439 4922 2607 4968 totum
2636 4906 2893 4963 mundum
2921 4899 3185 4957 dominari
3216 4896 3495 4970 prmcepit,

1918 5019 2054 5075 velle
2084 5016 2370 5070 obscurare
2405 5014 2659 5063 notantur
2693 5020 2706 5055 :
2742 4999 2949 5055 Nomen
2976 4995 3120 5049 enim
3154 4992 3284 5057 Dei,
3328 4988 3497 5058 inquit

1920 5108 2209 5180 Apostolus
2239 5102 2415 5175 (Rom.
2442 5098 2527 5167 tt),
2572 5110 2667 5165 per
2694 5108 2789 5146 vos
2817 5088 3215 5158 blasphematur
3246 5082 3301 5136 in
3329 5079 3501 5152 genti-

1922 5204 2041 5259 bus.
2088 5199 2193 5255 Per
2223 5209 2356 5266 quos
2386 5190 2530 5249 enim
2572 5185 2972 5257 blasphematur
3004 5180 3201 5234 bonum
3235 5183 3500 5239 nostrum,

1923 5298 2104 5354 lumen
2134 5290 2392 5346 videntur
2421 5284 2711 5339 obscurare
2738 5274 3048 5347 genuinum.
3085 5270 3277 5326 Verum
3311 5281 3379 5322 ne
3405 5279 3502 5337 pro

1924 5388 2077 5445 libito
2104 5385 2204 5439 hoc
2233 5380 2349 5437 ﬁeri
2378 5390 2535 5446 posse
2562 5382 2619 5429 et
2642 5372 2760 5427 sine
2787 5366 2948 5424 modo
2975 5365 3041 5419 ab
3065 5360 3369 5417 hominibus
3400 5374 3502 5429 pu-

1928 5490 2152 5546 taretur,
2185 5486 2455 5532 mensum
2493 5461 2889 5539 quodammodo
2931 5459 3214 5515 terminum
3253 5453 3500 5525 praeﬁgit,

1926 5576 2075 5632 illam
2117 5573 2287 5644 ipsam
2332 5566 2594 5622 malorum
2623 5567 2828 5631 partem
2859 5554 3069 5611 diversa
3098 5547 3403 5605 narratione
3429 5546 3503 5600 si-

1930 5668 2209 5741 gniﬁcaus.
2250 5664 2421 5731 Quam
2445 5657 2587 5716 enim
2611 5654 2667 5711 in
2690 5651 2849 5709 tertio
2878 5645 3070 5719 angelo
3101 5657 3262 5701 unam
3294 5652 3505 5699 memo-

322 5900 352 5934 ι
376 5885 699 5951 Absintltium
726 5877 831 5952 legi
856 5875 1077 5935 deberet
1111 5879 1164 5933 et
1190 5867 1467 5938 absinthio,
1498 5861 1603 5923 nisi
1630 5856 1925 5926 archetypa
1950 5847 2330 5919 repugnarent.
