3968 6354
136 401 238 462 361

1143 393 1588 455 COMMENTAR.
1632 392 1697 449 IN
1739 388 2116 450 APOCALYP.
2161 389 2288 449 UB.
2329 393 2417 449 Ill.

3315 398 3422 455 86?.

136 514 211 569 Et
240 512 505 583 octoginta
534 520 659 568 sunt
690 512 1024 577 concubinae,
1061 520 1312 580 tanquam
1346 525 1451 564 non
1483 508 1722 577 legitimo
1752 509 1804 568 Α
1832 516 1952 560 sunt
1980 522 2223 563 sessurcs
2270 508 2356 565 hic
2402 510 2455 563 iu
2503 508 2674 577 malo,
2716 508 2938 582 spiritus
2965 523 3214 580 nequam.
3270 511 3424 567 Sicut

138 608 359 664 sociata:
380 604 652 675 conjugio,
674 606 767 661 sed
793 608 968 676 potius
990 605 1351 660 fraudulento.
1384 604 1537 670 Quod
1560 603 1731 656 omni-

144 703 247 755 bus
274 698 490 769 proprie
520 698 783 753 hereticis
806 699 1074 769 congruit,
1104 698 1224 767 quia
1254 696 1331 751 sic
1364 694 1734 764 temporaliter

144 791 271 845 fidei
294 800 649 855 sacramenta,
673 790 871 844 Christi
894 789 1111 845 nomine
1133 789 1358 858 palliati,
1383 794 1730 856 pertractant,

142 896 207 940 ut
227 885 366 941 sicut
390 882 702 937 concubina:
726 898 830 938 non
858 898 1070 952 semper
1092 883 1146 937 in
1168 882 1327 936 domo
1350 896 1637 943 mansurae,
1656 878 1735 932 sic

144 988 206 1032 et
234 978 320 1032 isti
350 984 805 1042 momentaneum,
840 977 919 1031 vel
953 975 1332 1045 principatum,
1362 973 1447 1027 vel
1488 972 1734 1025 humana:

148 1071 325 1126 laudis
346 1071 592 1142 plausum
614 1069 682 1125 de
701 1067 896 1124 Christi
926 1069 1143 1123 nomine
1166 1067 1368 1122 habere
1393 1065 1734 1121 desiderent.

147 1164 259 1218 Nec
288 1162 489 1217 laboris
516 1170 599 1217 est
628 1162 767 1217 inter
795 1162 983 1216 merita
1022 1161 1328 1231 reginarum
1375 1168 1429 1213 et
1476 1157 1737 1213 concubi-

149 1272 340 1311 narum
387 1266 528 1310 recta
572 1255 780 1311 ratione
819 1255 1146 1319 discernere,
1185 1268 1307 1309 cum
1352 1253 1484 1323 ipsis
1521 1268 1739 1323 quoque

147 1348 459 1402 nominibus
490 1347 791 1416 reginarum
823 1347 1032 1401 eluceat
1059 1346 1323 1415 dignitas,
1376 1353 1433 1399 et
1478 1343 1738 1399 concubi-

146 1454 339 1493 narum
364 1438 674 1494 delbrtnitas
698 1446 895 1508 pateat.
929 1438 1045 1492 Alia
1071 1451 1231 1506 porro
1254 1436 1554 1500 translatio,
1579 1450 1738 1505 quant

146 1535 457 1605 Tychonius
479 1534 747 1600 exposuit.
768 1533 947 1600 habet,
969 1532 1037 1586 Et
1061 1548 1299 1586 numerus
1326 1530 1569 1601 equestris
1593 1545 1743 1583 exer-

146 1630 281 1683 citus
331 1630 411 1684 bis
467 1630 736 1700 myriades
796 1627 1118 1698 myriadum.
1186 1626 1284 1682 Ubi
1342 1625 1743 1696 expositionem

152 1727 487 1792 prteteriens,
523 1722 623 1776 hoc
654 1730 857 1776 tantum
889 1721 1119 1791 adjecit,
1165 1735 1269 1774 non
1298 1719 1436 1774 dixit
1465 1729 1595 1789 quot
1626 1735 1741 1791 my-

152 1814 381 1869 riadum.
421 1814 640 1869 Videtur
667 1822 846 1866 autem
886 1812 1039 1866 nobis
1069 1812 1231 1867 etiam
1277 1811 1330 1864 in
1373 1810 1472 1865 ista
1506 1810 1741 1865 transla-

1836 600 1980 654 euitn
2011 601 2062 655 in
2096 602 2233 656 bono
2278 602 2382 673 logi
2424 604 2811 674 praemisimus,
2854 604 2953 673 Qui
2984 604 3233 660 ascendis
3262 618 3424 675 super

1837 706 2002 760 equos
2034 703 2173 759 tuos,
2207 695 2257 748 id
2287 705 2401 762 est,
2446 696 2857 766 praedicatores.
2905 706 2960 751 et
2999 698 3269 767 equitatus
3301 706 3424 752 tuus

1838 783 2064 848 sonitus,
2094 785 2165 837 ita
2203 785 2288 839 hic
2324 787 2628 842 econtrario
2656 788 2813 843 malis
2839 787 3127 859 spiritibus
3152 789 3423 859 equitatus

1838 878 2221 948 adjuuguntur.
2280 881 2353 935 De
2395 883 2657 949 capitibus
2708 884 2921 938 leonum
2973 885 3105 940 satis
3152 897 3423 956 superque

1834 969 1943 1039 jam
1973 970 2171 1035 dictum
2199 981 2317 1036 cst;
2356 987 2543 1027 verum
2587 975 2729 1043 quod
2775 976 3037 1044 praeteriri
3078 988 3186 1030 non
3227 975 3415 1043 debet,

1841 1061 1940 1115 etsi
1969 1062 2141 1130 aliqua
2174 1062 2466 1116 similitudo
2497 1063 2820 1119 locustarum
2851 1066 2902 1118 in
2934 1066 3103 1134 equis,
3153 1073 3209 1120 et
3250 1080 3423 1136 equo-

1844 1166 1963 1208 rum
2010 1168 2118 1206 non
2158 1153 2428 1207 invenitur
2458 1155 2509 1207 in
2540 1155 2779 1223 locustis,
2814 1155 2953 1212 sicut
2980 1164 3034 1212 et
3063 1156 3115 1210 in
3148 1158 3413 1223 leonibus,

1844 1252 2067 1312 utraque
2091 1253 2266 1299 tamen
2300 1260 2396 1314 per
2423 1246 2867 1316 significationem
2892 1248 3266 1303 hatreticoruut
3292 1264 3427 1305 cou-

1843 1341 2042 1403 gruunt
2070 1333 2293 1390 adducta
2326 1338 2591 1406 personis.
2638 1338 2805 1394 Unam
2838 1339 2980 1394 enim
3009 1353 3121 1394 rem
3149 1339 3428 1395 dissimili-

1846 1436 1927 1482 ter
1954 1428 2205 1484 discrevit
2231 1430 2401 1484 divini
2442 1431 2639 1500 eluquii
2678 1431 2926 1486 latitudo.
2980 1433 3033 1487 In
3064 1434 3429 1503 descriptione

1845 1531 2023 1577 autem
2053 1523 2137 1577 vel
2172 1523 2516 1593 qualitatibus
2545 1524 2861 1594 loricarum,
2904 1539 3078 1594 ptenzc
3117 1527 3427 1596 signiﬁcatae

1845 1622 1969 1669 sunt
1997 1615 2316 1685 impiorum,
2351 1624 2408 1669 ut
2437 1615 2661 1685 legimus
2692 1617 2772 1672 eis
2819 1618 2905 1688 qui
2940 1618 3167 1673 adorant
3204 1618 3427 1673 bestiam

1847 1708 2125 1777 promitti:
2176 1708 2319 1778 ignis
2365 1716 2421 1763 et
2468 1709 2689 1779 sulphur
2727 1718 2782 1766 et
2825 1710 3003 1766 fumus
3039 1710 3106 1766 de
3149 1710 3431 1766 tormentis

1847 1817 2033 1857 eorum
2077 1803 2129 1857 in
2170 1804 2364 1857 saecula
2396 1802 2714 1857 saeculorum
2744 1804 3004 1859 ascendit.
3060 1804 3126 1858 Et
3157 1804 3278 1875 quia
3312 1803 3426 1857 haec

154 1909 301 1963 tione
330 1916 494 1962 totam
528 1907 851 1977 perditorum
883 1907 1155 1960 hominum
1186 1914 1389 1975 partem
1419 1921 1523 1959 non
1551 1905 1740 1959 incon-
1771 1888 1819 1951 Β
1848 1897 2123 1951 translatio
2153 1896 2353 1967 adjecit
2376 1897 2615 1966 spineas,
2640 1895 2948 1967 praecedens
2976 1898 3293 1951 monstravit
3317 1910 3426 1950 me-

152 2014 285 2069 grue
332 1999 608 2069 ligurasse.
665 1998 755 2053 Bis
797 1998 1067 2068 myriades
1128 1997 1273 2053 enim
1342 1997 1529 2067 viginti
1576 1996 1742 2052 millia

156 2090 374 2145 faciunt.
434 2091 584 2146 Hune
622 2099 802 2145 autem
844 2106 1125 2145 numerum
1172 2091 1427 2144 Dominus
1468 2092 1522 2146 in
1573 2090 1744 2145 Evam

154 2182 298 2252 gelio
328 2182 479 2252 ponit
502 2181 570 2237 de
597 2196 725 2251 rege
758 2181 987 2237 habente
1014 2180 1200 2251 viginti
1243 2181 1438 2249 millia,
1488 2191 1740 2251 tanquam

158 2275 417 2329 malorum
450 2274 735 2344 duplicitas
766 2273 1085 2329 Christianze
1128 2273 1455 2343 simplicitati
1505 2273 1740 2328 resiStat.

154 2367 459 2422 Secundum
510 2368 649 2421 hanc
694 2367 852 2437 igitur
893 2366 1262 2434 intelligentiae
1311 2365 1587 2435 regulam,
1636 2381 1739 2434 qua

159 2460 386 2529 simplici
416 2459 638 2514 denario
658 2459 957 2513 vicenarius
982 2458 1177 2526 duplex
1209 2457 1484 2527 objicitur,
1508 2458 1738 2527 subjecit

156 2552 363 2620 dicens,
408 2551 741 2623 myriadum;
795 2561 849 2606 et
891 2550 1118 2617 silendo,
1149 2561 1495 2621 quantorum,
1544 2552 1741 2607 multos

158 2642 591 2713 supernumerari
615 2644 878 2713 ﬁguravit,
905 2644 1052 2712 quasi
1076 2644 1408 2714 congregati,
1432 2658 1536 2697 non
1562 2652 1739 2698 tamen

160 2736 360 2792 fuerint
388 2736 649 2805 reputati,
691 2736 757 2791 de
787 2736 978 2805 quibus
1009 2735 1269 2804 propheta
1302 2733 1478 2805 (Psal.
1512 2734 1696 2804 xxxix)
1725 2754 1740 2792 :

157 2830 511 2895 Annuntiavi,
538 2829 731 2897 inquit,
759 2837 813 2883 et
840 2828 1047 2882 locutus
1074 2842 1212 2894 sunt,
1246 2827 1586 2896 multiplicati
1617 2836 1744 2881 sunt

157 2938 322 2991 super
352 2937 652 2978 numerum.
706 2921 874 2990 Hujus
902 2921 1256 2976 multitudinis
1289 2921 1573 2975 indiscreta
1600 2935 1737 2975 con—

160 3016 301 3071 lusio
341 3016 390 3070 in
432 3019 596 3084 prima
620 3028 829 3083 quoque
854 3014 1147 3083 piscatione
1174 3014 1559 3084 discipulorum
1585 3012 1735 3083 (Lac.

157 3108 217 3178 ν)
249 3120 372 3163 ante
400 3107 606 3161 Domini
634 3106 927 3175 signiﬁcata
956 3114 1041 3160 est
1069 3106 1409 3175 passionem,
1459 3119 1555 3173 per
1582 3121 1739 3174 quam

154 3210 216 3256 et
258 3201 463 3268 navigia
495 3197 893 3268 premebantur,
941 3206 996 3252 et
1024 3197 1159 3252 retia
1187 3195 1628 3261 excindebantur,
1686 3205 1743 3249 ιιι

160 3295 381 3366 proprie
426 3292 691 3347 haereticis
740 3291 989 3359 falsisque
1035 3288 1390 3357 Christianis,
1438 3258 1814 3343 contentio-6

157 3385 322 3441 nibus
365 3378 856 3456 [contendentibus]
906 3389 1144 3448 tantum,
1196 3382 1319 3451 quia
1370 3388 1425 3435 et
1474 3380 1746 3435 intestinis

156 3480 593 3538 contentionibus
624 3476 856 3533 Ecclesia
890 3476 1199 3545 plerumque
1228 3484 1500 3545 gravatur,
1545 3482 1599 3530 et
1630 3474 1745 3528 hae-

156 3574 452 3631 reticorum
481 3570 968 3641 impugnationibus
987 3575 1288 3633 exercetur,
1315 3574 1372 3619 ut
1394 3567 1523 3621 retia
1547 3567 1744 3631 scissa,

156 3665 453 3722 schismata
503 3669 893 3733 cognoscantur
941 3660 1105 3714 fuisse
1152 3658 1465 3715 commissa.
1536 3656 1593 3711 iu
1649 3658 1748 3711 hac

158 3756 460 3827 piscatione
506 3768 759 3809 numerus
789 3752 1038 3808 similiter
1064 3750 1278 3816 siletur,
1330 3750 1473 3803 sicut
1526 3747 1614 3802 hic
1663 3746 1746 3801 bis

159 3848 437 3920 myriades
465 3847 783 3919 myriadum.
835 3848 912 3901 Ac
949 3846 994 3901 si
1027 3844 1258 3909 diceret,
1291 3842 1473 3898 Vocati
1502 3842 1743 3913 quidem,

160 3956 266 3996 nec
288 3949 465 3996 tamen
489 3941 628 3994 inter
646 3940 936 3994 electorum
958 3938 1342 4009 plenitudinem
1371 3936 1741 4005 computandi.

162 4032 321 4088 Multi
366 4033 509 4086 enim
552 4038 678 4085 sunt
705 4030 912 4093 vocati,
959 4029 1165 4098 inquit,
1207 4029 1363 4096 pauci
1392 4041 1523 4081 vero
1564 4023 1743 4082 eiecti.

163 4125 227 4180 In
257 4123 357 4177 alia
379 4121 610 4192 denique
637 4120 929 4190 piscatione
947 4117 1159 4187 (Matth.
1180 4134 1281 4184 xx;
1308 4116 1465 4171 Joan.
1487 4118 1603 4187 xtl)
1630 4127 1751 4187 post

166 4215 381 4272 Dnmini
410 4211 877 4273 resurrectionem,
909 4218 965 4265 et
991 4221 1246 4263 numerus
1277 4208 1491 4273 dicitur,
1535 4217 1589 4262 et
1633 4222 1748 4261 ma-

165 4306 390 4379 gnitudo
411 4306 630 4377 piscium
654 4302 993 4375 prmdicatur,
1012 4310 1065 4356 et
1087 4301 1311 4355 illaesum
1338 4308 1451 4355 rete
1475 4309 1747 4354 narratur.

167 4401 432 4466 Quocirca
485 4399 623 4453 sicut
678 4398 759 4452 bis
813 4394 1083 4466 myriades
1136 4392 1435 4463 myriadum
1484 4390 1751 4445 litereticis

170 4492 427 4560 falsisque
455 4489 773 4545 Christianis
801 4492 1053 4544 convenit
1079 4487 1476 4557 applicandum,
1505 4486 1583 4539 sic
1614 4486 1746 4541 resi-

171 4582 293 4635 duis
324 4580 606 4645 malorum,
633 4594 765 4649 quos
793 4580 953 4632 etiam
985 4579 1038 4631 in
1078 4576 1324 4647 gentibus
1352 4590 1473 4631 esse
1501 4577 1751 4644 Superior

174 4674 436 4742 expositio
464 4674 728 4737 continet,
776 4682 831 4727 et
859 4671 1203 4741 subsequenti
1248 4686 1389 4725 nunc
1416 4670 1607 4724 ordine
1638 4684 1749 4723 tne-
1776 4650 1833 4713 Ῑ)

174 4776 429 4831 moratur,
461 4776 515 4820 ut
542 4781 605 4821 ex
638 4768 753 4821 istis
776 4766 1022 4819 omnibus
1048 4764 1293 4835 personis
1322 4763 1521 4818 diaboli
1553 4777 1754 4831 corpus

172 4872 332 4912 omne
359 4858 646 4921 consistat,
680 4858 786 4910 imo
816 4857 1113 4911 consistere
1138 4854 1561 4919 demonstretur,
1592 4854 1641 4908 id
1670 4861 1753 4909 est

171 4951 477 5006 .ludmorum
509 4956 564 5004 et
592 4948 996 5012 haereticorum,
1041 4948 1293 5003 falsorum
1324 4948 1749 5002 Christianorum

171 5054 224 5098 et
252 5043 549 5113 gentilium.
590 5041 715 5095 Post
750 5039 1023 5109 paululum
1050 5039 1280 5110 denique
1315 5042 1575 5110 sequitur,
1607 5040 1751 5108 ipso-

174 5151 289 5189 rum
322 5134 596 5189 insinuans
636 5128 946 5201 gentilitatis
988 5143 1265 5184 errorem:
1319 5128 1383 5182 Et
1429 5129 1617 5192 cwteri,
1664 5127 1752 5183 in-

172 5227 381 5296 quiens,
411 5227 638 5281 homines
668 5228 751 5297 qui
793 5226 875 5282 his
913 5228 1083 5297 plagis
1123 5243 1225 5281 non
1264 5240 1380 5282 sunt
1412 5229 1750 5297 interempti,

172 5333 333 5388 neque
353 5328 561 5389 egerunt
582 5319 923 5388 penitentiam
943 5318 1201 5372 factorum
1224 5332 1441 5373 suorum
1462 5320 1751 5386 maiorum,

173 5424 242 5465 ne
268 5410 537 5465 adorarent
567 5412 818 5465 dwmonia
847 5420 895 5464 et
921 5410 1197 5465 simulacra
1227 5426 1383 5464 aurea
1412 5419 1456 5465 et
1487 5420 1744 5480 argentea,

170 5512 218 5556 et
245 5517 379 5555 terea
404 5513 451 5555 et
481 5503 683 5572 lapidea
708 5512 754 5556 et
782 5504 971 5573 lignea,
998 5512 1052 5558 et
1075 5513 1268 5557 cmtera
1294 5504 1485 5571 quibus
1510 5504 1751 5559 ostendi-

175 5601 281 5656 tur,
330 5593 382 5646 in
430 5592 589 5661 pleno
635 5593 1093 5663 circumscriptum
1134 5594 1221 5649 hic
1247 5593 1525 5648 insinuare
1554 5609 1753 5664 corpus

174 5697 332 5736 omne
361 5684 641 5737 malorum.
692 5684 756 5736 Et
787 5685 890 5737 vidi
917 5701 1072 5754 equas
1103 5687 1155 5739 in
1184 5687 1395 5750 visione,
1426 5696 1472 5740 et
1501 5688 1754 5743 sedentes

173 5789 325 5841 super
347 5790 430 5826 eos
458 5774 712 5827 habt-lites
734 5774 917 5826 loricas
948 5777 1118 5843 igneus
1149 5785 1195 5829 ct
1224 5776 1436 5844 Spiueas
1463 5786 1507 5829 et
1533 5777 1752 5846 sulphu-

175 5879 309 5932 reas,
351 5872 397 5919 et
438 5871 592 5919 erant
620 5862 699 5918 cis
740 5864 911 5932 capita
945 5873 1000 5919 ut
1030 5866 1254 5920 leonum.
1306 5866 1475 5935 Equi,
1511 5866 1754 5923 homines

1845 1988 2005 2044 ritum
2039 1998 2448 2056 tormentorum,
2496 1990 2666 2059 spinis
2713 1989 3022 2059 signiﬁcans
3064 1991 3222 2055 vitia,
3275 1990 3431 2059 cujus

1843 2081 2206 2152 intelligentiae
2235 2083 2477 2138 ordinem
2524 2092 2580 2138 et
2625 2083 2914 2153 Apostolus
2946 2083 3202 2152 exprimit
3236 2082 3424 2153 (Hebr.

1846 2173 1945 2245 vr),
1974 2175 2157 2230 dicens
2188 2174 2253 2230 de
2283 2175 2445 2229 simili
2477 2183 2640 2242 terra,
2672 2189 2738 2230 eo
2767 2175 2907 2245 quod
2938 2176 3121 2245 spinas
3165 2182 3219 2230 et
3260 2173 3431 2228 tribu-

1844 2264 1926 2319 los
1952 2265 2276 2335 germinans,
2319 2264 2597 2321 maledicta
2628 2278 2732 2333 est,
2765 2268 2918 2336 cujus
2944 2266 3337 2321 consummatio
3373 2267 3426 2321 in

1843 2359 2293 2414 combustionem.
2320 2358 2473 2414 Unde
2495 2359 2689 2415 dicitur
2709 2368 2765 2415 et
2789 2361 2840 2415 in
2864 2361 2948 2415 illa
2972 2360 3248 2431 originalis
3274 2374 3430 2429 ptena

1844 2454 2047 2523 peccati
2073 2472 2085 2507 :
2124 2454 2317 2523 Spinas
2345 2464 2399 2510 et
2427 2455 2654 2510 tribulos
2682 2456 3005 2526 germinabit
3038 2457 3128 2511 tibi
3150 2455 3302 2528 (Gen.
3324 2458 3427 2530 lli).

1849 2545 1915 2600 Et
1941 2543 2195 2601 Salomon
2224 2545 2410 2615 (Prov.
2441 2545 2623 2617 xxvi):
2657 2547 2858 2617 Spinac,
2890 2546 3090 2618 inquit,
3135 2559 3429 2603 nascuntur

1848 2639 1900 2692 in
1933 2639 2176 2693 manibus
2205 2638 2502 2693 temulenti.
2537 2638 2605 2693 Et
2633 2640 2694 2692 de
2719 2654 2806 2693 ore
2834 2654 3008 2693 eorum
3044 2638 3264 2695 exiebat
3296 2641 3430 2711 ignis

1848 2740 1893 2784 et
1922 2732 2089 2801 fumus
2121 2740 2167 2785 et
2194 2731 2437 2800 sulphur.
2486 2730 2627 2788 Bene
2659 2730 2744 2785 hic
2773 2732 3103 2802 signiﬁcatur
3132 2731 3271 2800 quod
3307 2747 3431 2800 pro-

1847 2835 2095 2891 curatur,
2140 2839 2205 2881 eo
2243 2827 2331 2896 qui
2371 2833 2643 2895 procurat.
2683 2823 2760 2879 illi
2790 2826 2931 2880 enim
2962 2823 3285 2879 inducuntur
3317 2823 3431 2879 haec

1850 2916 2046 2973 habere
2083 2925 2136 2972 et
2174 2932 2241 2971 ex
2279 2932 2373 2973 ore
2412 2917 2678 2987 proferre,
2712 2932 2939 2987 quorum
2971 2917 3127 2973 noxia
3173 2916 3433 2988 prtedica~

1847 3009 1993 3065 tione
2021 3007 2224 3065 seducti
2252 3008 2543 3075 intereunt,
2579 3008 2856 3064 cruciandi
2885 3009 3028 3079 igne,
3072 3007 3219 3064 fumo
3245 3020 3298 3065 et
3326 3009 3433 3063 sul-

1848 3101 2039 3171 phure,
2080 3102 2220 3171 quod
2253 3102 2471 3156 exiebat
2496 3114 2562 3157 ex
2592 3116 2690 3157 ore
2718 3116 2929 3156 eorum.
2960 3100 3149 3157 Verbis
3183 3116 3312 3171 ergo
3342 3115 3433 3156 ca.

1849 3195 2016 3264 pitum
2048 3209 2289 3261 suorum,
2314 3195 2367 3249 id
2388 3202 2470 3250 est
2498 3195 2799 3265 principum
2828 3193 3109 3260 doctrinis,
3134 3193 3233 3248 has
3256 3195 3433 3265 plagas

1849 3285 2122 3342 incurrere
2151 3286 2519 3356 perhibentur.
2564 3285 2706 3340 Nam
2735 3295 2957 3355 potestas
2986 3300 3233 3356 equorum
3265 3288 3317 3340 in
3348 3302 3433 3341 ore

1847 3388 1899 3433 et
1923 3379 2100 3433 caudis
2122 3391 2299 3433 earum
2322 3388 2454 3445 erat,
2486 3378 2539 3434 id
2569 3387 2651 3435 est
2676 3378 2731 3433 in
2762 3378 3029 3435 sermonis
3057 3378 3255 3433 officio.
3293 3377 3432 3434 Cau-

1850 3470 1945 3526 das
1973 3472 2114 3527 enim
2147 3471 2524 3541 praedicatores
2563 3472 2824 3542 reprobos
2867 3472 3035 3542 ponit.
3083 3470 3223 3527 Nam
3254 3472 3432 3528 caudw

1848 3577 2025 3617 eorum
2054 3571 2209 3618 erant
2237 3562 2428 3617 similes
2468 3564 2802 3631 serpentibus,
2834 3563 3074 3619 habentes
3115 3564 3288 3633 capita
3319 3564 3434 3619 dra-

1848 3668 2075 3722 conum,
2106 3653 2175 3710 de
2199 3654 2391 3725 quibus
2421 3655 2702 3711 nocebant.
2760 3657 2904 3712 Bene
2947 3657 3035 3711 hic
3080 3656 3137 3710 in
3182 3655 3431 3711 similitu'

1850 3748 2026 3804 dinem
2054 3748 2510 3819 przevaricationis
2534 3749 2788 3819 antiquae,
2822 3756 3131 3818 serpentum
3164 3749 3432 3815 meminit,

1850 3843 2004 3912 cujus
2049 3841 2208 3896 sibilo
2262 3840 2453 3897 mulier
2503 3842 2758 3907 seducta,
2813 3840 3068 3897 audacter
3121 3842 3435 3897 inconce-sa

1850 3936 1989 4006 egit,
2017 3944 2072 3990 et
2095 3935 2237 4006 juste
2267 3935 2493 4004 perdidit
2523 3935 2664 4005 quod
2697 3935 2937 4005 accepit,
2980 3936 3118 3990 sicut
3146 3934 3230 3989 isti
3260 3933 3435 4001 capita

1851 4028 2166 4097 draconum,
2196 4027 2248 4080 id
2294 4036 2377 4083 est
2422 4027 2604 4081 mundi
2638 4027 2937 4096 principes;
2991 4027 3253 4081 dracones
3283 4025 3423 4079 enim

1852 4121 2103 4175 animalia
2149 4130 2274 4174 sunt
2322 4129 2562 4183 terrena,
2616 4134 2759 4189 saepe
2808 4123 2859 4173 in
2910 4120 3063 4189 aquis
3096 4119 3431 4184 habitantia,

1852 4210 2100 4267 omnibus
2145 4225 2282 4280 pene
2333 4210 2518 4264 bestiis
2565 4210 2872 4277 grandiora.
2945 4208 3253 4277 Principum
3303 4222 3432 4277 ergo

1854 4301 2151 4374 patrocinio
2182 4301 2336 4355 noxia
2371 4299 2743 4369 praedicantes,
2788 4299 3016 4368 amplius
3045 4306 3240 4353 nocent
3269 4312 3427 4367 quam

1854 4395 1898 4450 si
1925 4394 2041 4448 solo
2060 4407 2308 4447 sermone
2330 4393 2634 4447 suaderent.
2668 4393 2792 4445 ideo
2816 4391 2909 4458 ait,
2934 4391 3107 4459 capita
3134 4389 3425 4446 draconum

1856 4492 1922 4544 de
1947 4488 2139 4558 quibus
2168 4494 2383 4541 uocent.
2432 4485 2547 4541 Jam
2592 4499 2733 4539 nunc
2770 4483 2839 4539 de
2874 4484 3123 4554 gentibus
3154 4483 3317 4539 dicit:
3370 4483 3436 4537 Et

1856 4580 2022 4635 cwteri
2051 4578 2278 4633 homines
2305 4580 2392 4649 qui
2420 4578 2472 4632 in
2500 4578 2578 4631 his
2606 4577 2769 4647 plagis
2812 4591 2914 4630 non
2954 4585 3071 4630 sunt
3104 4577 3432 4645 interempti,

1856 4687 2015 4742 neque
2032 4678 2242 4741 egerunt
2264 4670 2607 4741 paenitentiam
2628 4668 2887 4724 factorum
2909 4684 3125 4725 suorum
3150 4670 3434 4739 malorum,

1856 4781 1920 4820 ne
1946 4764 2157 4819 adorent
2197 4764 2471 4827 dwmunia,
2509 4771 2557 4818 et
2596 4762 2873 4816 simulacra
2911 4778 3072 4816 aurea
3113 4771 3158 4815 et
3196 4772 3437 4834 argentea

1856 4869 1902 4913 et
1932 4874 2064 4913 terea
2090 4870 2137 4913 et
2163 4856 2367 4929 lapidea
2403 4866 2450 4913 et
2486 4857 2676 4928 lignea,
2704 4871 2818 4926 quae
2842 4872 3002 4926 neque
3026 4856 3194 4910 ridere
3222 4864 3435 4925 possunt

1856 4965 2014 5020 neque
2056 4950 2257 5015 audire,
2310 4965 2471 5019 neque
2517 4950 2800 5015 ambulare,
2847 4956 2895 5002 et
2943 4948 3285 5017 ptrnitentiam
3335 4964 3435 5001 non

1854 5048 2062 5109 egerunt
2104 5040 2168 5092 ab
2212 5038 2500 5093 homicidiis
2545 5055 2703 5108 neque
2748 5055 2781 5091 a
2825 5039 3081 5105 veneﬁciis
3124 5039 3254 5092 suis.
3312 5038 3436 5093 ilmc

1854 5144 2235 5201 praeoccupans
2273 5139 2398 5185 ante
2437 5132 2725 5199 praemisit,
2760 5140 2815 5183 ut
2845 5143 3032 5184 omnes
3064 5129 3127 5183 ad
3160 5129 3430 5185 sinistram

1855 5221 2063 5278 futuros
2089 5221 2578 5277 circumscribendo
2615 5220 2980 5277 concluderet.
3030 5220 3295 5276 Veneticia
3341 5220 3427 5276 hic

1856 5314 1914 5370 in
1940 5314 2079 5368 malo
2096 5320 2502 5377 commemorat,
2531 5312 2796 5368 venaticos
2822 5313 2965 5367 enim
2989 5327 3131 5380 saepe
3156 5313 3431 5368 maleficos

1855 5405 2204 5475 appellamus.
2258 5403 2590 5458 Narrationis
2632 5403 2857 5472 proinde
2897 5403 3318 5460 considerandus
3357 5412 3440 5461 est

1860 5505 2053 5565 textus,
2084 5496 2355 5565 descripto
2383 5495 2528 5551 enim
2557 5497 2851 5552 novissimo
2877 5500 3174 5553 certamine
3215 5509 3263 5554 et
3310 5513 3440 5571 gen-

1862 5588 1989 5644 tium
2022 5604 2189 5654 more,
2222 5588 2563 5657 praetermisit
2591 5587 2875 5657 septimum
2906 5590 3179 5659 angelum,
3206 5590 3305 5645 sub
3331 5605 3437 5661 quo

1861 5682 2151 5737 novissima
2184 5682 2482 5752 persecutio
2509 5690 2564 5738 et
2594 5682 2804 5737 Domini
2837 5684 3149 5739 manifestus
3191 5694 3441 5754 speratur

1861 5773 2139 5839 adventus,
2163 5784 2217 5829 et
2238 5774 2515 5843 prmsentis
2548 5774 2802 5842 temporis
2835 5776 3123 5832 Ecelesiam
3150 5786 3439 5845 memorat,

1861 5876 1917 5922 ut
1946 5866 2171 5925 diversis
2213 5865 2313 5922 hoc
2355 5864 2528 5921 modis
2574 5866 2877 5939 insinuans,
2921 5882 3042 5925 cum
3070 5882 3133 5925 ea
3160 5882 3279 5940 qua
3305 5867 3439 5925 omi-
