3968 6354
616 366 718 423 865

1753 362 2049 423 ιιιιιιιΑειι
2084 314 2783 422 Αιιιιιιιιετιιικιιειθιεο.
3832 370 3904 425 δα

604 490 756 539 serat
802 474 1214 553 recapitularet,
1263 480 1395 538 duos
1446 480 1578 537 lines
1625 494 1844 537 narrare
1889 480 2180 536 videretur.
2209 474 2499 536 Aritatem
2548 478 2753 533 firmam
2802 478 3131 537 fortitudinis
3159 495 3291 537 suas.
3326 480 3584 537 Etcum
3632 480 3896 551 clamasset

615 579 1005 636 Meminerimus
1034 580 1229 650 itaque,
1262 594 1380 636 cum
1410 579 1703 633 orationem
1734 570 1800 631 ad
1834 577 1991 631 ﬁnem
2022 592 2187 647 usque

616 672 948 741 perduxerit,
999 672 1178 727 deberi
1229 674 1387 727 finem
1435 672 1608 727 ordini
1652 673 1870 727 conciso
1912 671 2182 741 subjungi.

616 765 813 821 Praeter
840 766 1051 819 solitum
1096 767 1235 834 enim
1281 767 1434 833 fecit,
1478 767 1661 820 ambas
1703 767 2037 821 narrationes
2078 781 2185 820 non

616 871 719 909 uno
744 856 847 909 line
874 856 1261 911 concludendo.
1296 856 1554 912 Discrevit
1582 856 1720 911 enim
1751 857 2186 927 praedicationem

566 960 571 969 '
615 943 803 999 futurae
841 946 1005 1013 pacis,
1052 962 1211 1015 quam
1253 947 1322 1002 sit
1366 946 1539 1013 fortis,
1570 963 1729 1017 quam
1758 956 1916 1004 terra!
1948 951 2188 1019 marique

613 1037 907 1107 perapicua.

678 1128 805 1182 Car.
851 1144 903 1182 x.
946 1126 1012 1181 Et
1054 1129 1188 1195 vidi,
1233 1130 1435 1199 inquit,
1483 1132 1720 1202 angelum
1760 1130 1921 1185 alium
1964 1135 2185 1204 fortem,

612 1223 988 1277 descendentem
1030 1226 1092 1278 de
1134 1227 1256 1278 cazlo
1288 1225 1415 1278 nube
1441 1226 1712 1290 amictum,
1758 1236 1804 1281 et
1845 1241 2002 1280 arcus
2030 1242 2191 1297 super

613 1323 769 1383 caput
796 1317 935 1385 ejus,
985 1324 1029 1367 et
1063 1316 1243 1371 vultus
1272 1320 1381 1387 ejus
1405 1328 1509 1370 erat
1532 1326 1587 1371 ut
1614 1318 1689 1372 sol
1707 1356 1721 1382 ,
1750 1326 1797 1371 et
1826 1317 1977 1388 pedes
1999 1322 2111 1389 eius
2136 1327 2192 1373 ut

614 1408 875 1462 columnae
898 1409 1052 1479 ignis.
1087 1409 1368 1463 Dominum
1389 1409 1662 1464 Christum
1687 1410 2099 1465 descendentem
2126 1411 2191 1466 de

614 1500 768 1563 rmlo,
802 1500 942 1554 nube
971 1500 1245 1565 amictum,
1276 1500 1327 1554 id
1355 1511 1437 1556 est
1468 1502 1726 1567 Ecclesia,
1757 1504 1872 1558 sive
1902 1504 2042 1558 nube
2074 1518 2193 1558 car-

614 1594 693 1646 nis
722 1592 981 1656 indutum,
1008 1607 1127 1661 quae
1155 1608 1289 1647 nova
1315 1604 1473 1663 nupta
1504 1594 1627 1649 alibi
1649 1596 1833 1665 (Apoc.
1852 1596 1968 1666 ιιι)
1992 1596 2190 1651 dicitur

614 1683 675 1737 de
704 1683 843 1739 coelo
871 1684 1218 1741 descendere.
1250 1686 1345 1740 Vel
1374 1687 1509 1742 sicut
1537 1687 1719 1743 Daniel
1751 1689 1881 1744 dicit
1912 1689 2061 1762 (Cap.
2095 1690 2189 1760 vn)

615 1772 803 1828 Filium
850 1774 1079 1830 hominis
1122 1777 1329 1833 venisse
1372 1778 1425 1833 in
1468 1780 1697 1835 nubibus
1740 1781 1900 1847 caeli;
1941 1791 1996 1838 et
2036 1797 2193 1838 arcus

2290 570 2459 624 locuta
2479 581 2597 625 sunt
2634 582 2827 641 septem
2852 575 3096 627 tonitrua.
3130 575 3359 644 Propter
3386 574 3714 644 cognitam
3742 590 3895 644 septe-

2288 662 2423 716 narii
2442 664 2649 719 numeri
2671 667 3059 734 operationem,
3087 676 3289 737 septem
3308 666 3607 721 tonitruis
3632 670 3894 735 srgnilirzn’

2287 768 2419 829 puto
2442 760 2782 815 omnifariam
2823 761 3221 831 praedicationis
3249 763 3687 818 ecclesiastica
3716 766 3890 819 intulis-

2289 854 2580 909 cationem.
2616 854 2786 921 Quam
2824 854 3021 909 Paulus
3060 856 3339 923 apostolus
3382 870 3680 913 servans.
3710 858 3821 909 aliis
3842 860 3889 911 di.

2290 945 2447 999 cebat
2493 945 2545 1015 (Ι
2592 944 2711 1000 Cor.
2741 948 2822 1014 ιιι)
2858 965 2871 1001 :
2902 946 3175 1017 Tanquam
3208 948 3464 1016 parvulis
3500 947 3565 1000 in
3597 947 3806 1002 Christo
3832 956 3882 1005 is:

2290 1038 2443 1093 vobis
2474 1046 2656 1108 potum
2688 1038 2831 1102 dedi,
2864 1053 2971 1092 non
2999 1052 3197 1093 escam.
3228 1038 3303 1093 De
3325 1039 3462 1092 aliis
3498 1048 3708 1092 autem
3743 1040 3880 1105 (Her.

2291 1129 2751 1199 v),Perfectorum
2781 1140 2863 1187 est
2883 1131 3290 1196 solidus'cibus;
3318 1133 3420 1187 sed
3450 1139 3524 1187 et
3548 1131 3629 1186 de
3651 1134 3767 1187 aliis
3792 1136 3871 1203 (Tit

2293 1222 2397 1291 ιιι),
2434 1222 2753 1278 Ηωωιίειιιιι
2792 1208 3064 1278 hominem
3092 1232 3211 1293 post
3242 1226 3496 1293 primam
3533 1234 3600 1278 et
3639 1230 3872 1279 securim

2293 1316 2717 1371 admonitionem
2770 1316 2969 1373 devita.
3025 1317 3261 1373 Ecclesia
3306 1318 3494 1388 igitur
3548 1318 3734 1374 solitis
3772 1334 3867 1375 me

2296 1408 2696 1478 praedicationis
2720 1409 2913 1465 ofﬁciis
2937 1409 3133 1465 dicitur
3169 1412 3570 1481 proclamare.
3610 1411 3681 1464 Et
3703 1428 3801 1481 que
3823 1420 3867 1465 Ls-

2260 1544 2261 1547 η
2295 1510 2410 1554 cuta
2438 1510 2561 1554 sunt
2588 1510 2776 1570 septem
2821 1503 3063 1568 tonitrua,
3108 1504 3401 1569 scripturus
3436 1519 3631 1569 eram,
3666 1513 3713 1557 et
3745 1506 3861 1557 ages

2296 1607 2466 1645 vocem
2486 1592 2548 1645 de
2569 1592 2691 1645 creto
2723 1593 2973 1646 dicentem
2990 1609 3009 1647 :
3028 1594 3191 1665 Signa
3217 1609 3331 1661 qua:
3358 1597 3564 1648 locuta
3590 1604 3711 1647 sunt
3731 1607 3859 1661 septa:
3914 1604 3919 1611 ‘

2298 1685 2540 1748 tonitrua,
2572 1699 2639 1739 ne
2660 1685 2939 1753 scripseris
2968 1701 3045 1740 ea.
3078 1685 3299 1742 iubetur
3338 1702 3408 1742 ne
3458 1687 3621 1743 sicut
3642 1687 3855 1743 auditus

2298 1785 2483 1846 aperto
2525 1776 2875 1841 describeret,
2920 1776 3015 1832 sed
3066 1777 3296 1833 discrete
3328 1778 3571 1849 signata
3604 1780 3855 1833 modiﬁcatis

614 1880 771 1936 super
798 1878 954 1937 caput
981 1868 1122 1923 circa
1151 1869 1318 1924 bonos
1342 1871 1735 1940 propitiationis
1758 1875 2045 1944 promissio
2070 1891 2189 1943 per-
2221 1871 2268 1931 B
2296 1876 2640 1937 temperaret.
2674 1882 2740 1922 ne
2769 1875 2861 1922 θυι
2888 1868 3135 1924 omnibus
3164 1868 3477 1924 indiscrete
3524 1878 3777 1937 βεῑεΐεηιν
3797 1882 3853 1925 ιω

614 1972 886 2024 severans,
917 1959 1011 2014 sed
1054 1960 1214 2015 etiam
1257 1962 1377 2017 illos
1418 1964 1743 2034 significans,
1775 1980 1909 2036 quos
1936 1974 2061 2022 ante
2090 1969 2193 2023 Do-

613 2050 738 2103 mini
769 2052 1050 2105 adventum
1080 2054 1335 2123 martyrio
1365 2056 1585 2125 contigit
1611 2056 1876 2126 decorari,
1904 2068 1960 2114 ut
1984 2059 2115 2115 Abel
2140 2069 2195 2115 et

611 2142 810 2197 caueri.
858 2143 1001 2198 Bene
1028 2152 1205 2199 autem
1237 2161 1395 2215 super
1420 2158 1581 2218 caput
1621 2166 1805 2207 arcum
1844 2152 2004 2220 dicit,
2052 2156 2190 2223 quod

611 2233 710 2288 alia
754 2236 1031 2291 translatio
1072 2235 1191 2291 irim
1237 2241 1414 2307 posuit
1456 2239 1607 2312 (Gen.
1637 2242 1756 2312 tv),
1800 2258 1905 2314 quo
1950 2245 2191 2301 Ecclesia

611 2325 1004 2382 circumamicta
1035 2328 1378 2397 describitur,
1408 2340 1660 2402 tanquam
1694 2336 1933 2391 membra
1959 2340 2036 2392 sic
2058 2347 2186 2394 tem-

611 2432 740 2485 pore
783 2420 1079 2486 praemissa,
1125 2429 1182 2473 ut
1224 2430 1399 2476 tamen
1428 2424 1589 2493 capiti
1616 2426 1938 2483 coluerentia
1969 2430 2191 2487 demon-

611 2517 863 2563 strentur.
910 2508 977 2563 Et
1007 2513 1184 2567 vultus
1213 2515 1323 2584 ejus
1351 2524 1460 2569 erat
1503 2526 1559 2570 ut
1590 2520 1689 2584 sol,
1721 2520 2064 2578 manifestato
2096 2539 2191 2593 per

612 2604 1013 2659 resurrectionis
1056 2608 1279 2678 gloriam
1313 2609 1536 2666 Domino
1564 2612 1691 2668 Jesu
1720 2614 1952 2684 Christo,
1986 2616 2053 2672 de
2081 2634 2187 2689 quo

611 2695 837 2768 legimus
878 2699 1047 2770 (Psal.
1082 2705 1276 2773 xvm):
1318 2706 1373 2761 In
1414 2707 1527 2762 sole
1564 2710 1745 2779 posuit
1785 2711 2186 2771 tabernaculum

610 2800 794 2855 suum,
838 2790 924 2845 ubi
971 2791 1176 2848 scilicet
1217 2795 1465 2851 clareret.
1532 2797 1589 2852 ln
1630 2800 1779 2855 vultu
1825 2804 1969 2858 enim
2016 2807 2188 2860 mani-

610 2876 817 2933 festatio
860 2885 1160 2950 praesentire
1199 2885 1527 2956 designatur,
1573 2905 1730 2959 quam
1770 2902 2059 2962 expetens,
2107 2896 2188 2951 di.

611 2970 761 3024 cebat
788 2970 957 3042 (Psal.
990 2976 1173 3046 Lxxtx)
1201 2978 1492 3060 :rOstende
1521 2982 1708 3039 faciem
1740 2992 1913 3051 tuam,
1967 2999 2021 3041 et
2051 2989 2186 3044 salvi

610 3061 826 3116 erimus.
906 3064 1037 3135 Ejus
1098 3068 1302 3136 pedes,
1366 3070 1417 3125 id
1478 3084 1601 3143 est,
1670 3077 1897 3144 apostoli
1960 3079 2187 3150 eloquiis

608 3156 702 3211 Dei
745 3166 798 3212 ct
839 3159 1040 3230 Spiritu
1083 3173 1271 3219 sancto
1322 3167 1388 3221 ad
1446 3170 1842 3237 praedicandum
1890 3172 2183 3243 igniuntur.

2298 1960 2453 2016 facile
2484 1959 2753 2014 intellecta
2777 1958 3045 2014 fastidium
3067 1972 3415 2031 generarent.
3457 1962 3752 2031 Propterea
3770 1980 3851 2031 erga

2295 2054 2454 2109 dicit:
2476 2052 2607 2107 Nota
2633 2052 2749 2119 tibi,
2770 2052 2873 2118 vel,
2891 2053 3029 2106 sicut
3049 2052 3149 2108 alia
3174 2053 3471 2109 translatio
3500 2054 3696 2119 habet;
3719 2056 3845 2124 Signa,

2299 2145 2489 2214 inquit,
2524 2144 2638 2213 tibi,
2671 2154 2725 2200 et
2772 2160 2838 2199 ne
2868 2146 3146 2213 scripseris
3172 2160 3257 2211 ea,
3291 2156 3351 2199 ut
3384 2147 3560 2217 signo
3603 2150 3844 2217 allegorian

2292 2236 2577 2301 indicaret,
2604 2252 2708 2291 non
2732 2248 2941 2306 pastum
2966 2237 3336 2308 intelligentia:
3360 2238 3690 2310 denegaret.
3712 2241 3844 2295 Merita
3928 2308 3929 2319 χ

2293 2338 2349 2384 et
2374 2328 2574 2383 Danieli
2605 2329 2801 2383 dicitur
2827 2328 2988 2399 (Dan.
3018 2330 3152 2400 xu):
3185 2330 3351 2400 Signa
3377 2332 3681 2398 librum,et
3702 2334 3844 2388 claude

2295 2439 2599 2480 sermonem
2632 2438 2799 2492 usque
2822 2424 2887 2477 ad
2910 2433 3119 2493 tempus
3145 2434 3409 2481 statutum
3434 2444 3450 2489 ;
3492 2429 3839 2496 pertransibunt

2294 2516 2528 2585 plurimi,
2558 2525 2613 2572 et
2651 2518 2928 2586 multiplex
2957 2518 3062 2572 erit
3089 2520 3337 2583 scientia,
3393 2520 3450 2575 id
3485 2532 3592 2583 est,
3616 2534 3687 2575 aut
3714 2522 3836 2575 diﬁc-

2292 2610 2455 2663 renda
2482 2621 2744 2679 tempore,
2771 2619 2862 2662 aut
2890 2624 2987 2679 pro
3008 2611 3332 2679 capientium
3365 2612 3726 2667 distribuentis
3744 2629 3839 2681 qua.

2291 2701 2459 2759 litate.
2494 2703 2625 2757 llinc
2657 2702 2915 2755 Dominus
2945 2700 3124 2771 (Joan.
3157 2704 3264 2773 xvt)
3295 2722 3305 2755 :
3338 2703 3507 2758 Multa
3538 2706 3700 2759 habeo
3722 2707 3835 2759 vobis

2291 2795 2490 2860 dicere,
2516 2793 2610 2849 sed
2635 2809 2737 2848 non
2765 2794 2986 2861 potestis
3008 2809 3069 2848 ea
3098 2804 3314 2862 portare
3337 2795 3520 2850 modo.
3547 2795 3615 2849 Et
3641 2799 3839 2867 angelus,

2291 2894 2482 2964 inquit,
2514 2911 2665 2965 quem
2686 2895 2787 2948 vidi
2813 2902 3026 2949 stantem
3051 2910 3203 2963 super
3242 2910 3387 2947 mare
3405 2905 3449 2948 et
3470 2913 3621 2965 super
3641 2906 3829 2954 Iernun.

2290 2986 2504 3040 sustulit
2550 3003 2756 3039 manum
2789 3002 2935 3039 suam
2975 2985 3257 3040 dexteram
3288 2986 3336 3041 in
3369 2988 3560 3049 calum,
3587 2997 3635 3040 et
3651 2990 3841 3057 juratu‘t

2289 3094 2379 3148 per
2417 3078 2660 3133 viventem
2686 3079 2739 3131 in
2769 3079 2956 3132 saecula
2979 3080 3307 3143 saeculorum,
3334 3080 3419 3148 qui
3458 3079 3635 3132 cretum
3660 3080 3837 3133 censu-

2292 3169 2391 3234 tuit
2415 3180 2461 3223 et
2496 3186 2608 3239 qua:
2637 3169 2689 3221 in
2719 3185 2798 3234 eo,
2842 3179 2887 3222 et
2926 3179 3138 3234 terram,
3176 3178 3226 3223 et
3255 3184 3371 3235 qua:
3408 3171 3458 3222 in
3481 3185 3544 3223 ea
3574 3185 3591 3222 :
3621 3171 3832 3239 quoniam

606 3251 793 3307 Nonne
834 3267 928 3309 cor
968 3264 1231 3328 nostrum,
1278 3260 1447 3330 inquit
1474 3262 1623 3333 (Luc.
1653 3266 1822 3337 xxiv),
1853 3268 2046 3323 ardens
2074 3278 2185 3325 erat

2293 3267 2486 3331 tempus
2503 3258 2614 3328 jam
2643 3275 2742 3313 non
2766 3260 2881 3324 erit,
2913 3262 2998 3313 sed
3017 3263 3070 3313 in
3093 3260 3268 3315 diebus
3298 3261 3441 3315 vocis
3466 3262 3662 3330 septimi
3683 3264 3825 3339 angeli,

608 3346 660 3402 in
690 3349 793 3414 via,
826 3350 953 3406 dum
984 3352 1291 3423 loqueretur
1320 3366 1370 3410 et
1399 3359 1634 3426 aperiret
1664 3361 1817 3415 nobis
1847 3362 2190 3432 Scripturas?

607 3437 883 3497 Columna:
925 3456 1099 3500 autem
1135 3456 1352 3516 propter
1389 3440 1693 3507 ﬁrmitatem
1720 3452 1971 3509 dicuntur
2000 3454 2192 3511 Eccle-

607 3533 736 3601 siae;
768 3535 832 3590 de
861 3534 945 3590 bis
979 3551 1075 3606 per
1105 3540 1419 3608 prophetam
1450 3540 1649 3597 dicitur
1683 3561 1695 3593 :
1731 3544 1841 3613 Ego
1877 3545 2189 3601 confirmavi

605 3626 883 3683 columnas
908 3628 1023 3698 ejus
1045 3628 1219 3699 (Psal.
1252 3630 1464 3701 Lxxw);
1489 3642 1563 3697 et,
1591 3634 1763 3699 Quam
1790 3636 1998 3703 pulchri
2029 3652 2189 3706 super

606 3732 816 3776 montes
867 3723 1030 3790 pedes
1087 3725 1450 3779 annuntiantis
1501 3736 1555 3780 et
1612 3728 1951 3797 praedicantis
2002 3747 2184 3800 pacem

607 3808 753 3880 (Isa.
797 3812 929 3879 Lit)!
980 3823 1033 3865 et
1064 3811 1385 3882 Apostolus,
1432 3815 1529 3883 Qui
1573 3817 1888 3874 videbantur
1925 3821 2186 3879 columna:

605 3914 727 3955 esse
768 3902 1021 3959 Ecclesia:
1050 3904 1246 3977 (Galat.
1279 3908 1361 3979 ιι),
1386 3910 1574 3980 inquit.
1606 3909 1675 3965 Et
1710 3913 1922 3969 habebat
1946 3917 1997 3970 in
2027 3934 2185 3973 manu

606 4008 702 4047 sua
750 3994 943 4049 librutn
990 4008 1241 4067 apertum,
1274 4010 1321 4055 et
1368 4004 1535 4072 posuit
1564 4006 1743 4076 pedem
1774 4025 1921 4063 suum
1949 4012 2184 4067 dextrum

607 4100 755 4153 super
801 4101 961 4153 mare,
988 4098 1036 4143 et
1063 4089 1324 4145 sinistrum
1350 4109 1500 4164 super
1533 4105 1735 4152 terram.
1767 4101 1823 4155 Si
1857 4103 2101 4169 superius
2131 4106 2181 4159 in

605 4175 742 4232 libro
788 4179 995 4250 signato
1039 4182 1244 4240 Veteris
1298 4185 1627 4244 Testamenti
1680 4193 1939 4262 profunda
1989 4211 2186 4267 cogno-

512 4326 519 4337 ,
601 4279 825 4327 scuntur
856 4274 1076 4331 latuisse
1125 4286 1355 4346 secreta,
1390 4282 1566 4350 aptius
1602 4282 1686 4339 hic
1734 4285 1787 4339 in
1832 4287 1966 4342 libro
1996 4301 2183 4359 aperto

602 4365 740 4421 Novi
789 4367 1116 4426 TeSIamenti
1150 4375 1380 4429 revelata
1411 4375 1671 4433 claruisse
1714 4381 1951 4437 creditur
1988 4384 2178 4453 gratia,

602 4459 759 4550 itaut
808 4466 1140 4521 contidenter
1183 4469 1472 4537 Apostolus
1509 4472 1710 4528 dixerit
1760 4474 1845 4543 (II
1882 4477 2001 4533 Cor.
2051 4482 2179 4550 tu):

605 4546 710 4603 Nos
736 4560 913 4606 autem
939 4558 1174 4613 revelata
1195 4560 1328 4616 facie
1350 4564 1572 4633 gloriam
1600 4567 1803 4623 Domini
1821 4546 2178 4640 speculantes,

2295 3371 2409 3409 cum
2447 3353 2649 3425 eruperit
2685 3352 2803 3406 tuba
2841 3369 3049 3415 canere,
3086 3352 3303 3408 finietur
3332 3364 3721 3408 sacramentum
3747 3352 3821 3417 Dei,

2293 3444 2737 3517 quemadmodum
2753 3443 3107 3515 evangelisavit
3126 3459 3214 3515 per
3236 3445 3519 3514 praphetas
3540 3461 3697 3499 sertos
3714 3460 3807 3498 sset.

2294 3535 2515 3605 Septimi
2544 3534 2713 3604 angeli
2745 3535 2888 3602 tuba,
2918 3534 3037 3590 finis
3061 3544 3144 3589 est
3173 3537 3581 3604 persecutionis
3604 3544 3651 3590 et
3675 3536 3812 3589 adves-

2294 3636 2377 3683 tus
2404 3628 2636 3683 Domini.
2660 3627 2951 3693 PrOpterea
2973 3638 3025 3682 et
3050 3627 3342 3696 Apostolus
3368 3627 3507 3683 dicit
3539 3626 3590 3699 (Ι
3615 3628 3712 3682 Car.
3731 3630 3816 3693 xv):

2292 3725 2348 3781 In
2379 3725 2670 3781 novissima
2701 3724 2846 3787 tuba,
2882 3732 3040 3779 canet
3064 3725 3228 3789 enim,
3270 3734 3324 3779 et
3371 3728 3575 3781 mortui
3601 3730 3814 3795 resurgant

2292 3816 2605 3886 incorrupti.
2630 3816 2863 3885 Tempus
2883 3831 3011 3886 ergo
3035 3815 3291 3872 Ecclesiae
3313 3818 3635 3886 praedicitde
3654 3816 3811 3873 loturo.

2289 3924 2409 3963 cum
2441 3923 2556 3963 eam
2581 3908 2877 3977 susceperit
2900 3907 3162 3976 promissa
3192 3910 3467 3964 bonorum
3498 3910 3729 3965 aeternitas
3749 3923 3816 3958 su-

2290 4014 2599 4070 pernorum,
2632 4007 2688 4055 ut
2709 4015 2814 4056 non
2838 3999 2949 4070 jam
2974 4008 3272 4069 temporum
3297 4000 3559 4055 varietati
3582 4000 3816 4066 subiaceat.

2287 4094 2381 4149 sed
2421 4093 2596 4148 stabili
2626 4093 2899 4149 felicitatis
2928 4092 3228 4148 aeternitate
3257 4092 3502 4148 fruatur.
3556 4094 3733 4148 Finitur
3759 4104 3817 4147 sa-

2287 4196 2640 4252 cramentum,
2692 4188 2827 4241 dixit
2852 4188 2992 4256 quod
3046 4186 3356 4257 perficiatur
3384 4192 3821 4257 promissum.nnn

2286 4279 2429 4349 quod
2457 4288 2857 4335 consummatur
2883 4279 3137 4333 ablatum.
3172 4278 3239 4333 Et
3267 4281 3446 4333 audiui
3472 4298 3647 4336 vocem
3668 4278 3819 4332 decdo

2285 4371 2467 4425 iterum
2508 4370 2790 4442 loquentem
2816 4366 3013 4424 mecum
3038 4387 3055 4425 .'
3088 4370 3228 4425 Vade
3248 4382 3293 4425 et
3314 4373 3508 4443 accipe
3537 4375 3707 4427 librum
3722 4384 3824 4437 apte

2287 4474 2396 4520 tum
2419 4469 2482 4520 de
2515 4483 2671 4519 manu
2694 4466 2861 4536 angeli
2882 4466 3064 4519 stantis
3084 4482 3238 4533 super
3260 4482 3401 4520 mare
3423 4477 3479 4520 et
3506 4484 3657 4539 super
3675 4478 3823 4519 terres.

2286 4568 2397 4622 Vox
2427 4583 2458 4622 e
2486 4568 2643 4631 cmlo,
2673 4566 2955 4635 imperium
2985 4574 3068 4619 est
3104 4566 3217 4630 Dei,
3249 4566 3341 4636 qui
3376 4567 3649 4624 Ecclesia:
3682 4581 3755 4620 eor
3775 4565 3824 4615 in-

605 4640 658 4694 itt
702 4644 940 4700 eamdem
971 4647 1256 4719 imaginem
1299 4658 1740 4715 transformamur
1769 4678 1797 4716 a
1842 4664 2085 4720 claritate
2130 4668 2180 4721 in

2289 4660 2471 4728 spirat,
2502 4670 2554 4714 et
2572 4658 2724 4726 jubet
2754 4656 3030 4727 percipere
3051 4671 3112 4711 ea
3135 4672 3253 4726 quae
3280 4657 3540 4713 Ecclesia
3564 4661 3721 4713 futura
3741 4669 3826 4725 pars

602 4734 921 4806 claritatem,
972 4748 1222 4812 tanquam
1270 4761 1299 4800 a
1332 4747 1539 4802 Domini
1572 4752 1787 4819 spiritu.
1842 4754 1967 4809 ldeo
2004 4756 2185 4827 utique

601 4829 850 4884 etvnltus
879 4832 997 4901 ejus
1024 4845 1079 4890 ut
1110 4836 1190 4892 sol
1231 4838 1428 4895 dicitur
1463 4842 1766 4910 relulsisse;
1801 4847 1989 4915 pedem
2025 4864 2184 4917 porro

602 4920 849 4980 dextrum
879 4942 1044 4997 super
1074 4946 1240 4995 mare,
1274 4932 1429 4987 fortia
1466 4950 1689 5007 quasque
1717 4940 1954 4995 membra
1980 4941 2044 4996 ad
2074 4945 2184 4996 suf-

600 5012 848 5070 ferendos
872 5021 1260 5085 persecutionis
1289 5023 1538 5094 impetus,
1567 5036 1816 5099 tanquam
1841 5033 2045 5087 marina
2073 5033 2183 5089 dis-

600 5105 824 5161 erimina
849 5110 1139 5176 prudenter
1162 5114 1372 5170 misisse
1397 5118 1684 5186 probatur;
1703 5123 1977 5180 sinistrum
1998 5134 2175 5181 autem

599 5212 761 5267 super
790 5210 1010 5272 terram,
1048 5204 1169 5259 illos
1191 5206 1282 5275 qui
1306 5224 1411 5262 non
1453 5220 1578 5265 sunt
1606 5215 1858 5283 periculis
1886 5219 2179 5289 majoribus

600 5292 989 5371 committendi.
1016 5294 1130 5351 Non
1158 5298 1303 5353 enim
1348 5302 1548 5370 patitur
1575 5319 1671 5360 nos
1698 5306 1837 5362 Deus
1860 5312 2056 5365 tentari
2085 5326 2179 5365 su-

599 5396 695 5450 per
736 5383 786 5438 id
825 5385 967 5455 quod
1016 5402 1319 5457 possumus,
1371 5393 1465 5448 sed
1508 5393 1667 5451 faciet
1707 5413 1829 5453 cum
1881 5403 2179 5458 tentatione

594 5476 758 5530 etiam
791 5488 1125 5549 proventum,
1155 5490 1211 5537 ut
1240 5484 1509 5553 possimus
1535 5488 1823 5543 sustinere.
1853 5490 2069 5545 Certum
2103 5502 2180 5547 ta-

599 5585 720 5625 men
750 5573 890 5641 quod
917 5582 1057 5631 terra
1085 5578 1325 5648 marique
1353 5578 1471 5649 ejus
1496 5580 1804 5649 praedicatio
1834 5594 2173 5654 propagetur.

599 5662 665 5717 Et
691 5666 1005 5723 exclamavit
1025 5684 1141 5723 voce
1161 5686 1347 5741 magna
1372 5681 1620 5742 tauquam
1643 5673 1720 5726 leo
1745 5674 1977 5742 rugiens,
2006 5677 2055 5730 id
2072 5687 2174 5747 est,

598 5773 692 5829 per
719 5774 907 5817 servos
934 5778 1060 5819 suos
1089 5778 1207 5818 cum
1234 5765 1545 5823 fortitudine
1577 5766 1895 5822 fiducialiter
1922 5770 2180 5840 praxlica-

595 5858 684 5913 tus
709 5853 968 5923 obtinuit;
1003 5856 1126 5917 inde
1170 5860 1431 5932 propheta
1464 5862 1567 5919 :Et
1599 5862 1793 5935 posuit,
1819 5864 2007 5934 inquit,
2050 5865 2179 5923 cha-

2288 4759 2474 4819 aperto
2522 4751 2658 4804 libro
2691 4749 3020 4817 praedicavit.
3054 4749 3280 4804 Videtur
3316 4751 3490 4806 etiam
3538 4754 3704 4815 nobis,
3744 4751 3829 4817 quia

2289 4842 2392 4898 hoc
2437 4849 2520 4896 est
2550 4842 2742 4896 librum
2774 4852 3015 4910 apertum
3046 4841 3114 4895 de
3159 4856 3321 4896 manu
3377 4846 3568 4912 angeli
3620 4844 3826 4907 accipere.

2286 4938 2417 5007 legis
2446 4945 2501 4992 et
2531 4936 2909 5005 prophetarum
2940 4936 2992 4989 in
3024 4934 3239 4990 Christo
3275 4934 3681 4992 manifestatam
3716 4932 3829 4986 intel‘

2287 5032 2452 5102 ligere
2492 5031 2793 5084 veritatem.
2823 5028 2947 5083 ldeo
2979 5044 3083 5083 non
3129 5030 3270 5083 sicut
3297 5032 3563 5097 superius
3595 5034 3831 5099 signatum.

2283 5125 2375 5180 sed
2417 5131 2656 5193 apertum
2687 5121 2817 5175 dicit
2855 5121 3049 5175 librum
3082 5122 3347 5188 accipere.
3386 5121 3551 5178 Finis
3582 5124 3717 5177 cnim
3740 5118 3835 5186 legis

2282 5214 2525 5270 Cltristns
2555 5213 2622 5267 ad
2656 5212 2917 5281 justitiam
2973 5213 3121 5266 omni
3156 5212 3425 5268 credenti.
3471 5214 3582 5280 Qui
3613 5210 3834 5269 Christus.

2282 5306 2334 5361 id
2365 5314 2447 5360 est
2478 5304 2708 5368 Veritas,
2744 5311 2870 5357 tunc
2894 5302 2961 5357 de
3007 5310 3174 5367 terra,
3208 5303 3260 5358 id
3292 5312 3376 5358 est
3404 5302 3476 5358 de
3510 5305 3697 5368 Maria,
3724 5295 3836 5354 ιιιςεί

2260 5396 2464 5461 .voluit,
2521 5394 2734 5463 quando
2784 5393 2991 5461 justitia
3046 5394 3115 5448 de
3161 5395 3302 5451 cosio
3359 5398 3645 5464 prOSpexit
3699 5390 3836 5466 (Pist.

2282 5486 2517 5555 Lxxxtv).
2544 5485 2832 5551 Propterea
2880 5484 2965 5538 liic
3012 5484 3120 5538 dici
3152 5494 3301 5554 puto,
3351 5485 3561 5541 Vocem
3594 5486 3759 5541 audivi
3792 5482 3839 5535 de

2282 5576 2421 5632 coelo
2450 5576 2751 5644 loquentem
2781 5588 3012 5640 mecum,
3037 5574 3178 5629 sicut
3208 5578 3321 5642 ipse
3341 5575 3474 5632 dicit
3506 5576 3690 5649 (Joan.
3717 5577 3838 5639 rm):

2285 5670 2396 5738 Ego
2425 5681 2539 5721 sum
2574 5665 2918 5736 principium,
2951 5667 3041 5737 qui
3073 5676 3127 5721 et
3156 5666 3344 5735 loquor
3374 5669 3553 5730 vobis.
3591 5668 3657 5722 Et
3686 5668 3839 5720 abiisd

2285 5772 2541 5845 angelum,
2575 5770 2747 5823 dicens
2774 5779 2827 5823 ut
2849 5770 2994 5823 daret
3022 5770 3148 5822 mihi
3182 5768 3392 5823 librum.
3426 5772 3665 5828 Ecclesia
3696 5768 3839 5823 divina

2286 5862 2641 5936 inspiratione
2668 5861 3048 5934 compnngitur
3075 5877 3237 5934 super
3258 5862 3362 5922 hoc
3395 5867 3656 5936 mysterio
3678 5860 3839 5934 perdo-
