3968 6354
76 362 201 423 865

1094 358 1537 419 COMMENTAR.
1578 356 1645 413 IN
1684 356 2063 415 APOCALYP.
2102 357 2230 417 LIB.
2272 358 2358 415 111.

3255 356 3362 416 866

77 482 227 536 ceri.
264 479 330 532 Et
361 478 485 537 dicit
508 477 632 533 milii
664 477 873 535 :.Sumc
905 487 958 535 ct
985 478 1206 533 comede
1237 493 1379 542 eum,
1411 476 1460 530 id
1495 483 1595 540 est,
1624 475 1677 529 in
1709 478 1760 538 Α
1790 486 1842 528 et
1873 477 2135 541 scientiae,
2180 486 2232 531 et
2276 476 2329 529 in
2374 487 2481 544 quo
2528 473 2706 529 omnis
2753 471 3031 543 plenitudo
3076 472 3366 533 diiiaitatis

78 574 319 627 secretis
348 572 579 626 reconde
611 572 923 636 visceribus,
943 583 989 625 et
1019 587 1257 624 amarum
1283 570 1435 640 faciet
1458 575 1677 621 ventrem

76 675 259 733 tuum,
287 664 376 718 sed
401 665 453 716 in
475 680 561 717 ore
588 674 675 716 tuo
700 663 869 718 dulcis
899 663 999 717 erit
1027 664 1181 734 quasi
1205 662 1323 715 mel.
1345 661 1398 715 Id
1423 668 1524 725 est,
1556 674 1675 713 cum

75 754 426 825 perceperis,
460 752 821 809 oblectaberis
869 753 1032 808 divini
1063 753 1256 823 eloquii
1298 751 1581 806 dulcedine
1627 760 1682 804 et

74 862 191 915 spe
207 846 393 900 salutis
416 846 721 916 promissae,
748 854 802 901 et
825 845 1016 899 divina:
1039 845 1300 899 suavitate
1318 844 1561 913 justiti'e,
1585 842 1681 897 sed

76 937 512 993 amaritudinem
554 937 798 1005 profecto
850 938 1074 1004 senties,
1106 953 1224 991 cum
1259 936 1359 991 hoc
1389 944 1441 989 et
1472 935 1683 989 devotis

76 1040 146 1085 et
175 1030 442 1085 indevotis
471 1030 701 1099 cmperis
742 1032 1055 1101 praedicare.
1089 1028 1281 1083 Audita
1306 1028 1449 1081 enim
1493 1025 1686 1095 praedi-

74 1122 307 1176 c:itione
330 1121 493 1176 divini
521 1122 732 1191 judicii,
763 1122 851 1177 alii
892 1132 1040 1177 certe
1070 1120 1399 1191 paenitentia:
1429 1119 1687 1172 amaritu-

75 1212 221 1268 dine
252 1213 305 1267 in
336 1212 525 1267 melius
566 1215 814 1269 conversi
865 1223 1161 1280 mutantur,
1193 1213 1283 1266 alii
1336 1226 1464 1267 vero
1495 1211 1686 1265 offensi

80 1304 316 1375 insuper
357 1304 693 1371 iudurautur,
723 1316 777 1360 et
815 1306 935 1361 odia
958 1306 1103 1360 circa
1137 1304 1515 1371 pl‘iﬂdiCﬂlOl‘eS
1541 1304 1685 1356 acri-

83 1407 183 1451 ter
230 1407 439 1468 gerunt.
487 1397 726 1468 Corripis
758 1399 978 1471 (inquit)
1034 1398 1356 1467 sapientem,
1407 1407 1461 1451 et
1489 1396 1689 1450 amabit

84 1497 183 1554 te;
225 1493 472 1559 coarguis
520 1490 887 1559 insipientem,
918 1499 971 1544 et
996 1488 1211 1558 adjiciet
1239 1488 1393 1543 odire
1425 1498 1477 1543 te
1505 1486 1686 1556 (Prov.

83 1581 206 1646 Ix).
259 1580 336 1634 Ex
389 1582 629 1651 utrisque
678 1592 856 1637 autem
907 1582 1227 1651 prmdicator
1276 1581 1686 1635 amaritudinem

85 1672 286 1741 sumit,
319 1672 431 1727 sive
477 1675 867 1742 compassionis
910 1674 1101 1728 affectu
1133 1688 1255 1729 cum
1308 1674 1689 1742 pcenitentibus

86 1766 506 1819 communicans
530 1765 817 1838 lacrymas,
846 1767 959 1820 sive
976 1765 1044 1821 de
1064 1766 1273 1820 illorum
1302 1764 1513 1820 delectu
1547 1779 1692 1819 ama-

1784 567 2045 621 iubabitat
2074 569 2265 639 (Catos.
2294 566 2377 639 tt),
2410 568 2549 621 nulla
2581 583 2703 622 eum
2744 583 2989 622 mensura
3014 568 3359 628 determinat.

1852 656 1985 714 Car.
2015 676 2087 714 χι.
2122 658 2275 715 Dedit
2302 660 2458 725 mihi,
2490 661 2681 729 inquit,
2713 659 3029 714 arundinem
3057 674 3272 715 anream
3298 663 3363 713 si-

1784 756 1968 811 milem
2006 752 2189 822 virgae,
2227 752 2411 808 dicens
2440 768 2453 805 :
2486 752 2655 823 Surge
2687 762 2732 806 et
2763 754 2938 807 metire
2964 755 3204 823 teMplum
3247 753 3365 821 Dei,

1785 859 1831 902 et
1856 864 2002 903 aram
2036 848 2150 910 Dei,
2182 857 2228 903 et
2254 847 2529 901 adorantes
2556 848 2608 900 in
2631 864 2707 901 eo.
2738 847 2930 917 Surge.
2962 850 3196 903 Allectus
3218 850 3366 903 exci-

1786 939 2000 993 tationis
2034 938 2285 992 indicitur
2326 937 2547 993 Joannis
2580 941 2659 993 vel
2715 939 2967 994 Ecclesia:
3010 941 3365 1009 cooptandus.

1787 1040 1843 1086 ut
1874 1032 2270 1100 impedimentis
2290 1031 2636 1087 saecularibus
2666 1033 2905 1099 enodati,
2931 1044 3252 1087 :cternorum
3277 1036 3369 1085 bo-

1788 1136 1977 1177 noram
2016 1124 2184 1177 simus
2212 1123 2404 1177 ofﬁciis
2454 1124 2711 1192 aptiores.
2766 1124 2955 1180 Metire
2986 1126 3258 1194 templum,
3315 1136 3370 1203 et

1788 1228 1956 1278 aram,
2013 1220 2067 1267 et
2118 1214 2402 1267 adorantes
2434 1213 2485 1267 in
2536 1230 2623 1269 eo.
2667 1215 2958 1270 Ecclesiam
2989 1216 3162 1285 jubet,
3207 1215 3259 1270 id
3290 1227 3371 1270 est

1791 1306 2047 1374 templum
2081 1304 2173 1359 Dei
2209 1306 2481 1373 praemissa
2510 1306 2811 1361 divinorum
2838 1324 3085 1363 mensura
3108 1309 3368 1362 donorum

1790 1395 2102 1464 Spiritaliter
2132 1394 2444 1461 informare,
2470 1400 2739 1465 praecipue
2763 1398 2813 1451 in
2846 1412 2954 1461 ara,
2983 1397 3033 1451 id
3058 1406 3140 1453 est
3161 1400 3213 1452 in
3243 1399 3365 1463 fide,

1790 1486 1907 1540 sine
1936 1501 2036 1555 qua
2071 1486 2399 1556 impossibile
2429 1496 2511 1542 est
2541 1489 2750 1557 placere
2784 1491 2892 1543 Deo
2915 1488 3070 1561 (Heb.
3103 1491 3200 1559 χι).
3226 1490 3371 1545 Ado-

1792 1593 1973 1636 rantes
2020 1594 2200 1635 aulent
2243 1583 2295 1636 in
2341 1598 2405 1637 eo
2434 1584 2747 1651 expressius
2798 1583 3103 1649 inculcavit,
3150 1584 3270 1654 quia
3316 1584 3369 1638 in

1791 1672 1981 1740 Spiritu
2034 1680 2089 1725 et
2126 1671 2354 1727 veritate
2381 1673 2595 1726 student
2628 1674 2910 1728 Dominum
2953 1676 3199 1743 adorare,
3235 1676 3373 1732 utin

1795 1764 2023 1819 veritate
2055 1763 2367 1831 credulitas,
2418 1773 2471 1817 et
2500 1763 2552 1819 in
2584 1766 2774 1835 Spiritu
2815 1768 2922 1820 vita
2950 1767 3241 1837 probabilis
3268 1768 3375 1821 ειυς

88 1856 356 1913 ritudinis
401 1859 621 1927 capiens
676 1859 992 1913 cruciatum.
1052 1858 1182 1913 lliuc
1229 1858 1515 1927 Apostolus
1559 1857 1688 1913 dicit
1722 1862 1763 1921 Β
1793 1864 1928 1912 reat.
1978 1855 2110 1910 Nam
2164 1866 2219 1913 et
2250 1858 2424 1924 Pater,
2477 1858 2664 1927 inquit,
2724 1862 2857 1913 tales
2900 1862 3088 1929 quatrit
3118 1860 3207 1929 qui
3254 1875 3375 1914 eum

90 1950 281 2022 (Rom.
315 1953 565 2021 tx):Qnia
592 1953 803 2006 tristitia
833 1963 917 2008 est
940 1952 1070 2006 mihi
1101 1966 1290 2023 magna
1316 1962 1371 2006 et
1402 1953 1689 2007 continuus

88 2044 257 2099 dolor
284 2044 432 2099 cordi
471 2060 610 2098 meo.
645 2044 907 2113 Optabam
944 2045 1085 2099 enim
1120 2044 1235 2114 ipse
1265 2058 1364 2113 ego
1406 2042 1689 2096 anathema

88 2152 223 2192 esse
254 2152 284 2191 a
309 2136 520 2192 Christo
544 2153 638 2207 pro
668 2136 923 2192 fratribus
953 2138 1109 2192 meis.
1147 2137 1296 2192 Hanc
1328 2152 1470 2190 nunc
1492 2133 1692 2203 amari-

90 2230 340 2285 tudinem
372 2239 649 2285 memorat.
683 2230 834 2297 Quod
868 2231 914 2285 si
945 2246 1009 2284 ex
1039 2229 1247 2284 devotis
1266 2226 1518 2292 dulcedo,
1550 2236 1603 2281 et
1626 2242 1690 2281 ex

90 2321 366 2376 indcv0tis
380 2323 507 2375 solis
526 2322 823 2376 amaritudo
843 2320 1126 2375 tribuenda
1162 2318 1500 2387 intelligitur,
1515 2318 1690 2385 aptius

88 2414 310 2465 aestimo
340 2413 649 2466 convenire.
683 2411 959 2479 Spiritales
1010 2412 1155 2464 enim
1185 2410 1370 2464 dicere
1420 2416 1643 2477 possunt
1674 2424 1688 2461 :

89 2504 270 2568 Quam
302 2503 476 2557 dulcia
520 2502 764 2556 faucibus
796 2502 929 2555 meis
968 2501 1178 2571 eloquia
1212 2511 1297 2555 tua
1325 2500 1338 2553 l
1394 2514 1558 2567 super
1586 2498 1691 2553 mel

90 2604 157 2653 et
185 2596 360 2651 favum
388 2597 467 2651 ori
494 2610 613 2652 meo
642 2594 813 2664 (Psal.
845 2594 1050 2663 cxvut).
1084 2592 1149 2646 Et
1186 2608 1307 2648 cum
1339 2593 1689 2661 accepissem,

91 2690 300 2757 inquit,
334 2688 572 2743 libellum
603 2690 668 2741 de
694 2705 849 2741 manu
872 2688 1064 2758 angeli,
1099 2694 1147 2739 et
1189 2702 1303 2739 cum
1336 2685 1692 2741 comedissem

92 2796 248 2845 eum,
282 2784 461 2835 statim
509 2781 744 2848 repletus
789 2788 862 2834 est
901 2788 1070 2833 venter
1112 2792 1294 2842 meus;
1331 2786 1377 2830 et
1422 2777 1495 2830 ait
1527 2776 1694 2829 mihi:

94 2873 320 2941 Oportet
342 2882 387 2926 te
412 2874 599 2927 iterant
626 2873 932 2942 prophetare
955 2870 1009 2924 in
1043 2872 1257 2940 p0pulo,
1283 2878 1335 2925 et
1362 2868 1413 2923 in
1446 2869 1694 2924 nationes

94 2972 153 3021 et
194 2967 403 3035 linguas
432 2974 484 3019 et
521 2980 677 3034 reges
700 2966 918 3019 multos.
952 2963 1100 3019 Sicut
1126 2964 1262 3018 solet
1302 2962 1577 3030 Scriptura
1608 2961 1691 3014 di-

95 3058 222 3111 vina
256 3057 326 3112 de
355 3072 552 3127 genere
582 3058 647 3110 ad
678 3057 910 3125 speciem
946 3070 1251 3111 sermonem
1278 3069 1421 3121 stepe
1448 3053 1695 3109 deﬂecte-

95 3163 182 3216 re,
208 3150 303 3205 sed
334 3150 496 3204 etiam
523 3158 919 3218 consequenter
942 3158 1166 3215 utraque
1196 3145 1505 3213 complecti,
1538 3146 1617 3199 sic
1638 3153 1694 3201 et

1794 1946 2042 2013 adorent,
2072 1962 2229 2002 veros
2255 1947 2587 2002 adoratores.
2615 1949 2815 2003 Aliter:
2843 1949 2896 2003 In
2929 1964 3021 2004 ara
3047 1952 3375 2017 sacerdotes,

1793 2041 1846 2095 in
1897 2041 2099 2109 templo
2156 2040 2342 2095 fideles
2390 2039 2674 2109 signiﬁcat.
2723 2040 2873 2094 Multi
2905 2042 3048 2095 enim
3097 2024 3376 2109 superﬁcie

1795 2141 1948 2187 tenus
1980 2135 2207 2187 adorare
2242 2132 2510 2197 videntur,
2547 2142 2600 2187 et
2645 2134 2699 2187 in
2740 2134 2879 2187 libro
2916 2150 3020 2187 non
3050 2134 3374 2189 scribentur.

1794 2224 1906 2279 lloc
1933 2224 2243 2295 significans
2266 2225 2507 2294 sequitur
2534 2243 2545 2277 :
2574 2228 2731 2280 Aram
2760 2238 2926 2281 autem
2954 2244 3071 2297 qua:
3097 2237 3171 2281 est
3193 2244 3223 2282 a
3248 2228 3377 2284 foris

1794 2317 1999 2386 templi,
2051 2333 2119 2372 ne
2168 2319 2429 2372 metiaris.
2486 2320 2673 2374 Omnis
2718 2321 2859 2374 enim
2902 2322 3070 2389 gloria
3106 2321 3223 2391 ejus
3256 2322 3378 2378 filim

1794 2412 1936 2479 regis
1968 2412 2289 2465 intrinsecus
2317 2409 2488 2484 (Psal.
2522 2412 2664 2481 XLIV)
2691 2430 2703 2476 ;
2732 2415 2973 2483 quoniam
2998 2414 3118 2468 data
3148 2424 3222 2467 est
3259 2432 3379 2487 gen-

1795 2505 1949 2575 tibus,
1980 2516 2027 2560 et
2057 2508 2309 2561 civitatem
2324 2518 2556 2561 sanctam
2585 2508 2853 2563 calcabunt
2880 2511 3132 2564 mensibus
3157 2514 3379 2581 quadra-

1795 2598 1935 2669 ginta
1973 2600 2194 2653 duobus.
2239 2600 2582 2655 Credulitatis
2622 2601 2776 2656 malae
2820 2603 3117 2657 doctrinam
3156 2612 3213 2657 et
3248 2618 3379 2657 con-

1795 2691 2092 2747 suetudinis
2130 2692 2377 2746 infaustte
2412 2693 2658 2762 contagia
2688 2695 2737 2748 iu
2771 2693 3061 2766 brereticis,
3096 2695 3296 2750 Judaeis
3325 2705 3381 2752 et

1796 2782 2046 2851 gentibus
2098 2782 2227 2837 foris
2254 2783 2513 2853 jubeutnr
2557 2787 2777 2854 expelli,
2810 2789 3060 2856 quoniam
3092 2789 3158 2843 ad
3187 2789 3380 2845 Sancta

1796 2882 2108 2929 sanctorum
2156 2875 2290 2929 tales
2322 2877 2595 2944 indignum
2624 2885 2707 2933 est
2739 2893 3047 2947 properare.
3073 2880 3208 2946 Quid
3240 2881 3382 2937 enim

1798 2968 1949 3035 mihi,
1984 2969 2056 3022 ait
2095 2968 2383 3037 Apostolus
2411 2968 2465 3037 (I
2498 2969 2616 3024 Cor.
2648 2968 2722 3041 ν),
2764 2972 2831 3026 de
2862 2972 2944 3027 bis
2975 2972 3063 3042 qui
3096 2973 3224 3028 foris
3259 2981 3382 3030 sunt

1794 3061 2069 3129 judicare?
2093 3062 2292 3116 Omnes
2314 3064 2452 3117 enim
2486 3062 2680 3130 Judmi,
2712 3064 2945 3119 haeretici
2975 3076 3136 3136 atque
3156 3068 3382 3135 gentiles

1799 3155 2094 3210 Ecclesiam
2140 3154 2366 3210 diversis
2398 3156 2570 3210 modis
2613 3158 2983 3213 indesinenter
3014 3161 3375 3230 impugnanda

100 3260 254 3301 nunc
301 3248 365 3299 ad
415 3244 677 3299 Joannem
731 3243 945 3314 quidem
996 3242 1221 3296 inlenlio
1249 3248 1393 3294 certa
1424 3238 1692 3307 ἀίτίείιυΐι
1723 3229 1770 3292 C
1801 3246 1954 3314 quasi
1992 3248 2328 3301 conculcant.
2360 3246 2623 3303 Numerus
2656 3258 2831 3304 autem
2867 3252 3127 3306 mensium
3154 3229 3255 3306 non
3287 3269 3381 3308 no-

98 3354 265 3409 quem
292 3337 467 3393 adhuc
490 3338 774 3407 oportebat
794 3336 862 3391 de
891 3336 1079 3389 exsilio
1111 3334 1417 3399 liberatum,
1448 3346 1552 3385 non
1586 3340 1697 3384 tan-

99 3440 219 3486 tum
253 3430 389 3484 bane
426 3428 812 3484 revelationem
845 3428 895 3480 iu
927 3427 1169 3480 notitiam
1215 3423 1469 3478 Ecclesim
1494 3419 1696 3476 Christi

99 3524 343 3589 deferre,
374 3522 466 3577 sed
497 3521 657 3577 etiam
691 3519 1040 3591 Evangelium
1074 3520 1126 3571 in
1160 3518 1406 3586 populos,
1438 3516 1489 3569 in
1522 3515 1695 3569 natio-

100 3632 229 3683 nes,
254 3617 305 3670 in
328 3616 536 3685 linguas
563 3623 613 3668 et
646 3628 799 3682 reges
829 3614 1025 3665 multos
1054 3609 1214 3664 altius
1240 3608 1557 3678 praedicare.
1594 3605 1699 3661 Ve-

101 3717 411 3763 rumtamen
444 3705 588 3760 omni
617 3719 827 3776 quoque
854 3702 1108 3757 Ecclesia:
1140 3701 1274 3753 banc
1303 3714 1488 3754 vocem
1520 3699 1697 3753 nullus

102 3801 329 3870 ambigit
361 3800 672 3863 convenire,
708 3814 827 3865 qum
873 3784 1144 3866 nunquam
1177 3792 1335 3848 debet
1366 3807 1393 3845 a
1437 3791 1696 3862 prtedica-

102 3894 260 3949 tione
296 3892 580 3947 desistere.
617 3891 766 3944 Hanc
803 3898 980 3942 autem
1012 3883 1421 3954 evangelizandi
1450 3882 1694 3939 ﬁduciam

105 3984 163 4040 iu
197 3982 461 4038 arundine
492 3990 709 4050 accepta
730 3981 795 4034 ad
820 3979 1222 4035 similitudinem
1248 3979 1433 4045 virg-.e,
1457 3992 1564 4030 non
1582 3976 1698 4029 sine

104 4074 422 4133 rationabili
468 4071 858 4145 significatione
904 4068 1226 4122 monstravit
1252 4066 1319 4119 ab
1357 4080 1421 4119 eo
1450 4064 1590 4133 quod
1621 4065 1700 4118 ef-

107 4172 249 4235 ficit,
277 4169 327 4223 id
358 4166 499 4239 quod
533 4165 785 4220 eflicitur.
820 4160 1165 4232 Evangelium
1197 4158 1393 4227 quippe
1424 4154 1701 4209 arundinis

108 4262 296 4317 ofﬁcio
326 4258 613 4323 scribitur;
648 4268 837 4310 verum
879 4269 944 4307 ne
982 4252 1159 4321 aliqua
1200 4248 1428 4304 inanitas
1459 4246 1510 4301 in
1542 4261 1703 4300 arun-

110 4355 245 4410 dine
291 4363 582 4423 putaretur,
618 4358 762 4405 recte
793 4348 959 4417 virga:
1008 4344 1199 4399 similis
1253 4340 1466 4406 dicitur,
1516 4339 1570 4393 iu
1599 4352 1703 4407 qua

111 4458 341 4515 propter
372 4441 612 4496 naturale
642 4440 807 4511 robur
834 4437 1079 4492 soliditas
1120 4432 1453 4504 designatur,
1487 4444 1605 4499 qua:
1635 4428 1703 4483 ad

114 4537 247 4591 fidei
274 4534 552 4590 referenda
580 4541 662 4588 est
690 4533 1017 4597 ﬁrmitatem,
1042 4533 1155 4584 sive
1183 4534 1442 4597 porrecta:
1471 4522 1700 4578 creduli-

1812 3341 2079 3395 vissimam
2111 3350 2310 3393 tantum
2346 3343 2773 3409 persecutionem
2798 3344 3077 3410 significat,
3103 3345 3196 3399 sed
3220 3347 3381 3402 etiam

1804 3430 2220 3487 Christianitatis
2268 3442 2475 3503 tempus
2512 3449 2668 3489 omne
2716 3435 2978 3506 designat,
3024 3451 3239 3506 propter
3279 3455 3370 3492 sex

1802 3525 1982 3579 mundi
2012 3534 2195 3579 aetates
2225 3536 2277 3579 et
2308 3536 2510 3594 septem
2544 3526 2678 3590 dies,
2726 3528 2915 3597 quibus
2956 3533 3382 3597 prtetermeanti-

1802 3617 1901 3672 bus
1937 3628 1990 3672 et
2035 3616 2424 3680 remeantibus,
2473 3632 2632 3673 omne
2662 3628 2870 3685 tempus
2922 3620 3203 3674 evolvitur.
3250 3620 3378 3675 Nam

1801 3708 1977 3762 sexies
2007 3717 2234 3777 septem,
2279 3708 2628 3777 quadraginta
2660 3708 2860 3781 et_duo
2899 3710 3158 3777 efﬁciunt,
3191 3714 3282 3766 sed
3315 3715 3380 3769 ad

1802 3808 2085 3869 utrumque
2110 3799 2341 3853 arbitror
2370 3799 2730 3855 referendum.
2758 3798 2824 3854 Et
2853 3801 3005 3865 dabo,
3042 3802 3231 3870 inquit,
3255 3803 3384 3857 dao-

1802 3889 1893 3943 btts
1936 3890 2263 3960 martyribus
2291 3890 2435 3955 meis,
2466 3899 2521 3943 ut
2552 3890 2871 3960 prophetent
2916 3891 3095 3945 diebus
3122 3891 3260 3947 mille
3288 3895 3385 3946 du-

1803 3981 1959 4034 centis
1990 3982 2280 4051 sexaginta,
2311 3981 2471 4033 saccis
2496 3982 2688 4035 amicti.
2723 3980 2870 4047 Quod
2903 3981 3135 4049 dixerat,
3166 3981 3389 4053 Oportet

1805 4078 1857 4125 te
1896 4072 2090 4125 iterum
2139 4070 2482 4139 prophetare,
2516 4073 2618 4125 hoc
2647 4081 2751 4133 est.
2794 4073 2923 4127 dabo
2956 4074 3153 4127 duobus
3181 4078 3388 4132 testibus

1805 4162 1948 4225 meis,
1981 4171 2027 4215 et
2065 4162 2461 4231 praphetabunt.
2507 4162 2658 4228 Quod
2690 4171 2772 4215 est
2808 4178 2951 4216 enim
2989 4163 3242 4230 Joannes,
3284 4168 3386 4223 hoc

1803 4252 1911 4307 duo
1940 4262 2120 4317 testes,
2156 4253 2206 4307 id
2238 4262 2342 4317 est,
2378 4252 2610 4307 Ecclesia
2642 4254 2849 4308 duobus
2870 4253 3227 4312 Testamentis
3252 4274 3390 4327 prae-

1807 4348 1990 4403 dicans
2016 4358 2070 4402 et
2096 4347 2441 4415 prophetaus.
2478 4347 2648 4399 Aliter
2680 4364 2691 4399 :
2733 4347 2844 4401 Duo
2871 4362 3066 4415 genera
3100 4364 3218 4403 esse
3249 4367 3391 4405 mar.

1808 4438 1927 4510 tyrii
1952 4437 2161 4493 Veritas
2187 4445 2536 4507 protestatur,
2562 4453 2725 4491 unum
2751 4438 2802 4492 in
2833 4440 3039 4507 habitu,
3071 4442 3297 4499 alterum
3330 4448 3382 4502 in

1809 4538 1948 4585 actu.
2000 4530 2055 4584 lu
2089 4530 2295 4595 habitu,
2346 4530 2445 4585 soli
2475 4529 2584 4585 Deo
2614 4532 2910 4601 cognitum,
2941 4535 3101 4591 corde
3127 4549 3385 4611 gestator,

118 4629 252 4686 tatis
283 4626 765 4697 transgressibilem
818 4625 1077 4695 regulam,
1127 4622 1180 4676 in
1227 4635 1327 4690 qtta
1369 4628 1423 4673 et
1453 4630 1703 4672 mensura
1734 4604 1785 4666 D
1811 4624 2023 4682 etiamsi
2054 4624 2339 4695 aliquando
2365 4624 2598 4694 patiendi
2632 4635 2840 4697 tempus
2869 4629 3084 4686 minime
3132 4604 3389 4699 gum-3“;

119 4722 429 4779 necessario
468 4730 818 4788 memoratur,
858 4727 1079 4789 prepter
1114 4719 1315 4770 variam
1368 4711 1704 4768 distributio-

120 4834 249 4875 nem
279 4818 591 4887 gratiarum,
646 4832 805 4885 quam
852 4814 1142 4885 Apostolus
1189 4819 1470 4879 memorat,
1515 4809 1703 4885 dicens

125 4910 346 4985 (Ep/tes.
380 4910 451 4980 tv)
488 4926 501 4965 :
534 4908 831 4975 Unicuique
876 4916 1115 4961 nostrum
1149 4906 1269 4959 data
1298 4913 1382 4958 est
1418 4902 1586 4973 gratia
1612 4915 1701 4955 se-

120 5007 357 5063 cundum
393 5017 698 5058 mensuram
746 4998 1051 5055 donationis
1100 4998 1321 5053 Christi.
1355 4998 1410 5050 In
1456 4997 1556 5051 hac
1601 4995 1706 5051 ﬁde

122 5098 348 5155 nitorem
379 5112 588 5169 quoque
613 5094 894 5166 sapientiae
922 5093 975 5147 in
993 5106 1127 5147 auro
1152 5104 1419 5160 cognosce
1449 5105 1569 5144 cum
1600 5104 1707 5143 ma-

122 5190 466 5246 nifestatione
508 5189 686 5245 carnis
737 5196 980 5257 accepta,
1032 5200 1191 5255 quam
1225 5184 1277 5238 in
1316 5198 1431 5249 ,una
1460 5181 1706 5239 Christus

125 5300 352 5353 persona
406 5295 616 5354 gestare
646 5282 894 5353 dignatus
917 5290 1021 5348 est,
1054 5279 1191 5335 sicut
1225 5294 1343 5335 eam
1392 5277 1622 5334 Joannes
1654 5290 1707 5334 et

126 5390 420 5445 agnoscere
451 5378 666 5439 meruit,
699 5384 752 5429 et
783 5373 1076 5443 praedicare
1123 5371 1348 5427 curavit.
1397 5371 1707 5441 Opportune

124 5476 300 5520 autem
327 5468 411 5521 hic
442 5467 695 5521 membris
724 5464 788 5519 ad
821 5480 1125 5519 mensuram
1161 5464 1380 5518 donatio
1408 5465 1698 5533 gratiarum

126 5555 238 5613 deri
268 5557 611 5621 describitur,
641 5567 696 5610 ut
723 5558 879 5624 capiti
912 5555 1127 5610 Christo
1158 5570 1263 5612 non
1299 5555 1363 5609 ad
1395 5569 1699 5609 mensuram

126 5650 248 5707 data
294 5649 595 5720 specialiter
632 5647 954 5711 declaretur,
989 5646 1053 5700 de
1098 5663 1203 5716 quo
1245 5647 1438 5701 ibidem
1471 5646 1701 5702 Joannes

126 5743 256 5798 dicit
297 5741 475 5811 (Joan.
512 5740 592 5811 tu)
625 5756 638 5792 :
671 5740 785 5792 Non
816 5739 958 5793 enim
991 5739 1056 5792 ad
1088 5753 1395 5793 mensuram
1434 5739 1524 5791 dat
1566 5740 1705 5793 Dens

133 5835 409 5913 Spiritum.
436 5833 491 5893 lit
512 5848 617 5909 quo
639 5834 779 5890 enim
803 5841 925 5890 sunt
950 5846 1138 5891 omnes
1164 5832 1398 5890 thesauri
1422 5832 1700 5907 sapientiae

1814 4727 1920 4773 tur.
1978 4717 2031 4772 la
2080 4728 2202 4772 actu
2250 4732 2377 4772 vero
2408 4717 2569 4773 etiam
2615 4718 2829 4787 publice
2878 4735 3059 4776 coram
3088 4722 3394 4780 hominibus

1810 4808 2151 4878 adimpletur,
2196 4809 2409 4879 quando
2457 4811 2826 4879 opportunitas
2876 4814 3262 4881 persecutionis
3304 4815 3389 4870 in-

1815 4906 2069 4958 nascitur.
2102 4903 2399 4972 Aliquando
2438 4904 2578 4958 enim
2609 4904 2817 4959 videtur
2856 4905 3169 4976 martyrium
3200 4906 3391 4962 deesse

1815 4996 2015 5057 animo,
2056 4992 2342 5059 aliquando
2372 4993 2422 5047 in
2451 4994 2568 5047 aliis
2597 4996 2829 5048 animum
2870 4994 3057 5049 deesse
3106 4999 3385 5063 martyrio.

1816 5087 1951 5143 Hinc
1981 5088 2165 5142 beatus
2194 5084 2486 5156 Cyprianus
2515 5088 2642 5141 dicit
2672 5106 2683 5140 :
2721 5088 2930 5143 Primus
2952 5098 3037 5143 est
3066 5089 3300 5144 victoria!
3327 5092 3395 5143 ti-

1818 5181 1982 5248 tulus,
2034 5178 2309 5251 gentilium
2350 5180 2592 5234 manibus
2636 5181 3055 5251 apprehensum,
3107 5181 3389 5238 Dominum

1815 5274 2058 5332 conﬁteri
2094 5290 2108 5327 :
2136 5272 2401 5328 secundus
2424 5271 2488 5326 ad
2518 5274 2742 5342 gloriam
2772 5274 2969 5345 gradus
2993 5285 3097 5341 est,
3124 5286 3278 5330 cauta
3306 5291 3398 5335 se-

1816 5366 2061 5423 cessione
2103 5366 2428 5421 subtractum
2465 5366 2689 5421 Domino
2722 5368 3002 5422 reservari.
3034 5369 3125 5423 Illa
3158 5370 3394 5440 publica,

1818 5463 1933 5517 baac
1967 5461 2175 5529 privata
2205 5459 2473 5515 confessio
2504 5470 2605 5514 est.
2641 5458 2729 5514 llle
2752 5458 2987 5529 judicent
3007 5461 3186 5517 saeculi
3212 5465 3396 5531 vincit,

1817 5555 1905 5610 ltic
1930 5562 2213 5609 cantentus
2235 5552 2343 5607 Deo
2366 5568 2462 5605 suo
2488 5551 2689 5621 judice,
2714 5554 3039 5609 conscientia
3062 5570 3192 5625 pura
3218 5557 3397 5611 cordia

1816 5648 2175 5717 integritatem
2221 5656 2529 5698 conservat.
2564 5645 2713 5710 Quod
2749 5647 2906 5699 etiam
2936 5647 3001 5700 de
3031 5648 3237 5702 duobtts
3278 5650 3399 5705 filiis

1812 5740 2057 5795 Zebedazi
2092 5738 2527 5795 manifestissime
2560 5739 2956 5807 comprobatur,
2987 5741 3125 5809 quod
3164 5742 3397 5798 Jacobus

1808 5832 1878 5892 ab
1898 5831 2108 5891 llet'odc
2138 5839 2377 5901 necatus,
2413 5827 2625 5903 publica
2654 5829 2992 5891 confessione
3015 5836 3275 5911 martyrio
3298 5834 3385 5896 de-
