3974 6502
163 369 287 437 κω

1152 367 1604 435 (ΖΟΜΜΕΝΤΑΗ.
1646 364 1713 424 ΙΝ
1750 359 2133 425 APOCALYP.
2177 364 2303 423 LIB.
2336 363 2425 423 Ill.

3324 360 3447 426 ii?!)~

158 492 629 563 hebdomadarum,
651 508 809 567 quam
839 492 1132 551 secretiore
1158 505 1407 563 superna:
1432 486 1742 558 inspiratio-
1768 487 1821 547 Α
1847 492 1961 539 tuet
1986 484 2184 539 omnia.
2210 482 2436 551 Quando
2457 481 2600 538 enim
2626 481 2868 563 implebit
2892 483 3321 554 promissa,tnne
3344 500 3431 539 re-

157 591 236 645 nis
282 599 407 659 typo
432 587 722 653 distribuit,
764 590 991 659 primum
1034 600 1341 643 memorans
1372 580 1736 652 septuaginta,

157 690 328 752 postea
350 683 625 753 sexaginta
649 681 1089 751 duas,postremo
1113 694 1290 741 unam,
1308 692 1464 747 quam
1489 684 1542 731 et
1571 675 1739 743 ipsam

154 778 351 833 induas
373 776 565 831 dividit
587 788 792 845 partes,
816 792 922 831 non
945 777 1236 845 incongrue
1254 785 1307 831 et
1322 774 1389 827 ad
1411 772 1569 827 finem
1583 768 1741 838 primi

154 871 412 926 adventus
450 869 653 925 Christi
704 869 1040 925 hebdomada
1087 869 1203 938 ipsa
1253 866 1427 920 linalis
1492 871 1736 932 aptatur,

152 963 356 1032 quando
378 972 433 1018 et
477 962 744 1017 secundus
776 963 1078 1018 inchoatur.
1133 960 1286 1028 Quod
1316 967 1373 1013 ut
1404 958 1601 1012 clarius
1628 955 1738 1011 dis-

152 1064 381 1120 seratur,
412 1054 481 1108 ad
514 1062 802 1124 utrumque
834 1063 962 1124 puto
992 1068 1112 1108 cum
1143 1067 1377 1121 congrua
1404 1049 1741 1118 expositione

153 1146 459 1202 necessario
484 1146 849 1202 referendum.
884 1146 1015 1202 Nam
1048 1146 1188 1216 quod
1233 1155 1353 1215 post
1398 1143 1738 1213 septuaginta

152 1248 199 1291 rt
226 1239 503 1308 sexaginta
534 1241 669 1294 duas
702 1238 1065 1294 hebdomades
1094 1238 1340 1293 Christus
1380 1236 1600 1291 veniens
1637 1248 1733 1290 oc-

155 1328 378 1396 ridatur,
425 1344 591 1399 seque
633 1332 942 1387 occidentes
986 1331 1301 1401 reprobaus,
1350 1330 1489 1384 sicut
1536 1328 1739 1384 dictum

155 1432 247 1489 rst,
278 1425 470 1481 eadem
518 1442 648 1496 gens
694 1442 801 1481 non
849 1425 987 1496 ejus,
1037 1435 1089 1480 et
1137 1424 1279 1494 quod
1330 1422 1739 1479 conﬁrmaverit

150 1523 361 1583 pactum
410 1517 590 1572 multis
641 1517 997 1583 hebdomada,
1042 1530 1162 1569 cum
1193 1515 1371 1569 omnia
1406 1512 1739 1568 Testamenti

151 1606 360 1663 Veteris
388 1608 528 1662 dicta
557 1608 641 1662 vel
680 1617 852 1678 gesta,
885 1622 1004 1677 quae
1031 1605 1237 1660 Christi
1275 1604 1525 1659 adventui
1560 1604 1743 1675 typiee

144 1700 475 1765 serviebant,
511 1701 680 1767 ipsius
708 1700 1011 1769 praesentiae
1037 1700 1261 1753 veritate
1288 1697 1558 1766 completa
1592 1704 1735 1764 sunt,

144 1791 234 1860 qui
267 1792 391 1845 ﬁnis
414 1800 499 1846 est
527 1791 657 1862 legis
689 1791 871 1863 (Rom.
906 1792 984 1863 x),
1018 1800 1166 1846 recte
1192 1790 1407 1861 quidem
1443 1790 1736 1859 accipitur;

1845 578 2036 632 stituet
2065 575 2404 631 adumbrata.
2451 576 2602 631 Tune
2649 576 2807 631 etiam
2851 577 3184 632 conﬁrmabit
3216 586 3426 647 pactum

1841 670 2028 725 multis
2059 670 2393 726 hebdomada
2441 686 2569 735 una,
2616 686 2734 742 qua:
2780 671 2955 726 omnia
3000 673 3053 726 in
3085 673 3250 741 ipsius
3298 672 3430 728 Ειεω

1842 778 2071 834 persona
2132 763 2446 833 prophetice
2493 774 2893 835 cognoscuntur
2947 766 3214 836 quondam
3263 767 3430 823 fuisse

1842 857 2141 927 prtemissa,
2164 857 2383 928 quando
2412 858 2602 913 eodem
2646 858 2903 928 temporis
2930 860 3231 926 intervallo,
3257 860 3309 917 id
3347 870 3433 917 est

1842 946 2011 1002 tribus
2032 950 2187 1004 annis
2221 959 2276 1006 et
2313 965 2411 1006 sex
2453 950 2749 1017 mensibus,
2781 967 2849 1007 ne
2880 953 3086 1022 plueret
3127 953 3278 1009 latuit
3305 952 3428 1024 (III

1843 1039 1973 1110 Reg.
1998 1041 2168 1112 xvtt);
2202 1042 2496 1114 divinoque
2526 1051 2654 1098 nutu
2703 1044 2898 1100 iterum
2930 1044 3135 1113 pluvias
3176 1044 3432 1114 impetra-

1844 1143 2014 1202 turus,
2073 1136 2351 1205 apparuit;
2397 1146 2451 1191 et
2494 1151 2590 1206 per
2632 1136 2955 1192 sacriﬁcium
3000 1137 3141 1207 quod
3193 1137 3428 1193 oblatum

1842 1226 2037 1291 fuerat,
2071 1244 2288 1284 aversos
2320 1230 2626 1285 Israelitica
2656 1230 2828 1300 plebis
2858 1232 3068 1287 animos
3099 1232 3209 1288 Deo
3238 1247 3432 1288 recon-

1844 1318 2037 1374 cilians
2076 1321 2362 1390 acquisivit
2401 1319 2520 1391 (III
2561 1321 2687 1394 Reg.
2723 1328 2899 1393 xvtn).
2945 1323 3053 1379 Nec
3104 1324 3299 1379 frustra
3351 1325 3433 1382 hic

1842 1410 2010 1480 ipsius
2030 1427 2240 1483 quoque
2258 1413 2451 1481 pluviae
2474 1415 2665 1468 factam
2694 1413 2945 1470 existimo
2960 1416 3284 1472 mentionem
3297 1457 3310 1477 ,
3330 1417 3430 1471 nisi

1844 1512 1903 1557 ut
1941 1504 2011 1560 de
2049 1505 2475 1574 praecedentibus
2517 1516 2894 1575 exspectemus
2930 1509 3118 1562 futuris
3158 1508 3433 1563 reddenda

1841 1595 1911 1653 sit
1936 1596 2189 1665 operibus
2214 1597 2488 1652 veritatem
2520 1595 2713 1669 (Sic),
2754 1597 2873 1653 aliis
2916 1598 3163 1655 videlicet
3203 1600 3433 1654 residuis

1843 1687 2016 1744 tribus
2046 1689 2199 1743 anuis
2230 1697 2284 1744 et
2324 1703 2418 1744 sex
2448 1690 2741 1755 mensibus,
2772 1692 3144 1760 persecutione
3174 1692 3437 1746 Anticltri

1843 1782 1915 1837 sti
1942 1784 2124 1838 occiso
2151 1782 2289 1849 Elia,
2316 1793 2613 1853 grassante,
2635 1794 2918 1853 antequam
2944 1784 3121 1840 medio
3146 1784 3436 1840 hebdoma-

146 1884 422 1953 praccipne
450 1892 625 1939 tamen
645 1887 805 1939 etiam
823 1885 887 1939 ad
908 1884 1118 1940 finalem
1142 1882 1623 1938 mundidecursum
1643 1883 1744 1937 hu-
1773 1872 1819 1932 B
1845 1876 1928 1933 dis
1980 1878 2209 1949 hostiam
2260 1876 2391 1932 dicit
2422 1875 2851 1948 sacriﬁciumque
2893 1878 3143 1946 deﬁcere,
3189 1877 3330 1948 quod
3383 1876 3441 1932 in

142 1973 231 2043 jus
247 1973 603 2031 hebdomadis
626 1974 1036 2046 intelligentiam
1062 1985 1337 2045 pertinere
1355 1976 1743 2031 convenienter

144 2067 421 2132 existimo,
439 2083 563 2121 cum
578 2067 775 2123 ibidem
794 2082 915 2122 mox
934 2068 1095 2122 audio
1112 2084 1128 2123 :
1146 2066 1211 2121 Et
1228 2067 1281 2121 in
1299 2066 1520 2123 dimidio
1540 2066 1743 2123 hebdo-

143 2158 317 2215 madis
343 2158 559 2213 deﬁciet
587 2159 760 2213 hostia
791 2169 845 2214 et
866 2159 1212 2214 sacriﬁcium.
1244 2157 1375 2213 Nam
1398 2169 1452 2214 et
1475 2160 1526 2213 in
1556 2158 1746 2215 subse-

141 2250 441 2318 quentibus
464 2250 769 2321 dicit(Dau.
790 2252 893 2321 ix),
914 2252 1037 2322 quia
1060 2251 1114 2306 in
1141 2260 1345 2322 tempus
1366 2262 1665 2323 temporum
1688 2261 1745 2311 et

141 2343 433 2398 dimidium
461 2346 740 2413 temporis.
772 2346 838 2399 Et
863 2360 985 2400 cum
1008 2344 1275 2414 completa
1298 2346 1456 2401 fuerit
1478 2346 1745 2415 dispersio

143 2449 344 2490 manus
363 2435 498 2508 [Sic.
516 2436 676 2490 Forte
700 2436 898 2509 omnis]
922 2437 1104 2507 μορυιὶ
1120 2438 1314 2505 sancti,
1331 2438 1743 2508 compltsbuntur

142 2528 400 2586 universa
431 2530 575 2597 hac;
601 2541 655 2586 et
684 2540 807 2600 post
834 2531 1109 2600 paululum
1144 2549 1158 2587 :
1193 2532 1326 2586 Cum
1363 2531 1626 2599 ablatum,
1658 2533 1741 2586 in-

137 2624 279 2693 quit,
314 2624 483 2679 fuerit
506 2624 632 2693 juge
662 2624 1011 2693 sacriﬁcium,
1048 2634 1101 2679 et
1134 2626 1305 2693 posita
1338 2625 1498 2680 fuerit
1535 2625 1744 2679 abomi-

137 2716 295 2769 uatio
345 2715 401 2767 in
457 2715 815 2782 desolatione,
846 2715 961 2771 dies
992 2715 1142 2771 mille
1185 2715 1398 2770 ducenti
1430 2716 1739 2785 nonaginta,

138 2807 241 2876 qui
274 2819 538 2859 numerus
580 2806 721 2861 circa
752 2806 911 2861 trium
940 2820 1203 2862 annorum
1243 2816 1297 2861 et
1340 2822 1433 2861 sex
1477 2806 1741 2861 mensium

137 2897 419 2952 curricula
448 2897 775 2963 diversatur,
823 2897 1038 2968 quando
1087 2898 1320 2953 maxime
1348 2898 1436 2952 illa
1467 2898 1574 2953 duo
1600 2914 1743 2954 mar-

136 2994 267 3066 tyrii
302 3008 528 3065 genera,
560 3009 682 3064 quat
711 2994 763 3047 in
788 2992 972 3048 habitu
1001 3002 1229 3063 actuque
1255 3004 1501 3048 constare
1528 2994 1744 3064 prtemi-

134 3087 342 3151 simus,
395 3085 475 3140 sic
507 3084 731 3141 dimidio
773 3085 1127 3142 hebdomadis
1167 3086 1563 3155 praedicationis
1609 3087 1741 3143 Elia:

132 3178 459 3244 ﬁrmantur,
493 3188 550 3232 ut
580 3178 726 3232 nullo
753 3180 964 3248 possint
987 3186 1225 3233 venturre
1256 3192 1385 3232 mox
1416 3177 1742 3246 persecutio-

1846 1974 2091 2031 Ecclesia
2119 1988 2261 2028 nunc
2290 1973 2959 2040 soletnniterimmolatnr,
2990 1973 3303 2029 Antichristi
3333 1973 3438 2027 sci-

1845 2070 1972 2127 licet
2000 2078 2127 2125 tunc
2162 2067 2363 2123 saevitia
2394 2066 2740 2137 praevalente.
2795 2066 2914 2137 Ipso
2956 2066 3187 2136 denique
3234 2065 3432 2134 pracdi-

1844 2172 2022 2229 cante,
2053 2163 2105 2217 in
2136 2162 2406 2217 Christum
2434 2159 2603 2215 Judaei
2646 2168 2770 2215 sunt
2796 2159 3071 2225 credituri,
3111 2174 3217 2228 quo
3248 2159 3430 2212 iocre.

1846 2268 2024 2329 pante,
2046 2256 2117 2311 ab
2138 2255 2435 2311 idololatria
2460 2253 2727 2325 quondam
2759 2269 3002 2309 meruere
3030 2254 3292 2309 converti.
3318 2252 3435 2307 Jam

1846 2364 1986 2405 nunc
2014 2349 2179 2419 qua-ri
2209 2356 2385 2418 potest
2420 2356 2595 2401 utrum
2622 2346 2685 2401 ad
2718 2356 2925 2415 tempus
2950 2347 3108 2400 trium
3170 2359 3435 2398 annorum

1845 2456 2054 2511 sexque
2082 2441 2344 2493 mensium
2373 2438 2684 2508 prtcdicatio
2716 2438 2867 2505 Elite,
2894 2438 3085 2491 horum
3116 2435 3445 2492 resurrectio

1847 2533 2043 2589 debeat
2071 2531 2332 2602 coaptari,
2362 2547 2427 2585 an
2458 2532 2525 2585 ad
2554 2530 2799 2585 residuos
2840 2542 2948 2585 trcs
2976 2544 3145 2586 annos
3190 2545 3440 2599 persecu-

1846 2625 2007 2679 tionis
2051 2623 2388 2690 Antichristi,
2428 2630 2648 2693 propter
2684 2623 2823 2694 quod
2864 2624 3121 2693 praemisit
3160 2641 3173 2678 :
3214 2623 3279 2679 Et
3314 2639 3435 2679 cor-

1847 2731 1977 2786 pora
2002 2730 2189 2771 eorum
2221 2730 2328 2771 non
2354 2716 2495 2770 sinet
2522 2717 2649 2786 poni
2676 2719 2728 2771 in
2752 2717 3037 2785 sepulcris,
3060 2727 3113 2772 et
3139 2717 3443 2773 inhabitan-

1844 2816 1928 2865 tes
1957 2816 2155 2864 terram
2194 2809 2502 2880 gaudebunt
2529 2792 2692 2879 super
2724 2824 2840 2879 cos,
2884 2820 2937 2865 et
2967 2822 3161 2865 caetera
3195 2826 3314 2881 qum
3346 2819 3442 2867 aut

1848 2911 2221 2971 prteoccupata
2243 2913 2549 2968 narrantur,
2566 2918 2685 2958 cum
2711 2906 2883 2957 futura
2904 2912 3151 2974 tanquam
3173 2905 3438 2972 prmterita

1844 2993 2288 3061 conscribuntur,
2331 3001 2419 3049 aut
2451 2994 2571 3049 ideo
2615 2994 2835 3050 forsitan
2866 2996 3116 3067 ambigue
3147 3006 3443 3052 contexun-

1845 3092 1955 3154 tur,
2002 3085 2127 3155 quia
2179 3095 2231 3139 et
2275 3086 2326 3138 in
2377 3085 2592 3140 dimidia
2642 3086 2973 3142 hebtlomada
3026 3087 3442 3158 prmdicationis,

1848 3176 1982 3230 etin
2026 3176 2244 3229 dimidia
2287 3176 2621 3231 ltcbdomada
2670 3180 3055 3244 persecutionis
3109 3179 3241 3233 tales
3281 3179 3442 3235 futuri

136 3272 227 3328 nis
258 3273 475 3339 impetu
523 3272 705 3342 dejici,
738 3273 862 3343 quia
888 3273 1025 3328 sicut
1054 3283 1179 3328 tunc
1205 3273 1380 3328 acrior
1416 3275 1736 3343 persecutio,
1770 3261 1817 3326 C
1848 3284 1956 3323 non
1980 3268 2226 3323 deerunt.
2278 3267 2343 3322 Et
2374 3270 2425 3323 in
2454 3270 2545 3323 illa
2579 3271 2704 3324 liora
2730 3274 2893 3341 {actus
2916 3280 2989 3326 est
3020 3288 3233 3342 magnus
3260 3281 3442 3327 terra:-

131 3364 210 3422 ita
249 3366 310 3421 iu
363 3365 628 3420 militibus
652 3365 852 3421 Christi
896 3367 1091 3422 invicte
1139 3366 1475 3424 certantibus
1516 3368 1739 3424 enitebit

128 3456 379 3527 amplior
413 3454 693 3511 fortitudo.
749 3456 826 3512 De
864 3457 995 3525 ipsis
1025 3456 1168 3512 enim
1196 3466 1251 3513 et
1278 3456 1512 3512 Joannes
1565 3457 1694 3512 dicit
1724 3474 1738 3510 :

125 3548 199 3605 Et
251 3547 413 3605 dabo
461 3547 674 3603 duobus
716 3546 1047 3615 martyribus
1098 3549 1255 3611 meis,
1312 3556 1371 3602 ut
1422 3548 1744 3618 prophetent

123 3642 327 3698 ditibus
357 3640 519 3695 mille
546 3640 787 3694 ducentis
810 3640 1104 3710 sexaginta,
1138 3643 1308 3695 saccis
1347 3639 1553 3696 amicti.
1594 3639 1745 3696 Licet

119 3737 271 3798 enim
312 3733 564 3791 residuis
592 3734 762 3789 tribus
786 3733 941 3788 annis
962 3742 1017 3788 et
1037 3748 1138 3788 sex
1178 3732 1456 3789 mensibus
1484 3742 1610 3787 ante
1636 3732 1743 3785 An-

121 3829 363 3887 tichristi
397 3826 739 3896 violentiam,
766 3835 860 3881 aut
883 3827 1193 3881 secessione
1218 3826 1459 3881 locorum
1490 3834 1743 3894 tauquam

118 3922 332 3991 mortui
384 3919 610 3986 cedant,
660 3927 753 3974 aut
798 3934 1036 3990 congrue
1087 3919 1325 3975 latibulis
1369 3920 1572 3989 recepti
1628 3931 1739 3972 non

120 4020 391 4082 pareant,
434 4023 502 4064 eo
541 4008 683 4079 quod
709 4008 961 4065 divinitus
1006 4010 1194 4064 moniti
1237 4010 1559 4066 delitescant
1602 4027 1616 4063 :
1667 4009 1746 4066 sic

119 4114 314 4163 tamen
342 4101 613 4164 stabiliri,
642 4104 868 4170 ejusque
898 4116 1089 4171 pugnat
1111 4102 1408 4155 certamine
1449 4102 1747 4156 instaurata

117 4196 407 4255 reddendi
442 4205 750 4259 narrantur,
784 4203 840 4247 ut
886 4206 981 4261 per
1023 4191 1273 4261 spiritum
1306 4191 1430 4245 vita
1460 4206 1622 4260 super
1651 4205 1745 4261 pe-

119 4290 225 4347 des
254 4303 401 4345 suos
433 4285 659 4341 stabiles
688 4291 1056 4354 perseverent,
1087 4282 1300 4353 quando
1326 4283 1617 4338 novissima
1660 4281 1744 4337 vel

117 4379 540 4453 praedicatione
590 4377 674 4432 vel
725 4377 1099 4445 persecutione
1146 4373 1488 4429 conﬁrmabit
1531 4381 1745 4443 pactum

120 4475 327 4531 multis
360 4466 703 4524 hebdomada
724 4482 847 4532 una,
877 4467 973 4522 sed
996 4467 1159 4523 etiam
1188 4467 1310 4520 aliis
1332 4466 1590 4535 martyrio
1618 4479 1749 4520 con-

116 4570 425 4623 summato
452 4560 762 4629 peremptis,
790 4559 1015 4627 aliisque
1051 4556 1265 4627 fugatis,
1293 4571 1389 4626 pro
1412 4557 1571 4613 unius
1597 4553 1744 4612 com-

1847 3369 2038 3426 motus,
2069 3370 2119 3415 et
2150 3360 2345 3414 decima
2376 3378 2496 3430 pars
2525 3362 2745 3415 civitatis
2773 3362 2972 3425 cecidit,
3000 3374 3046 3417 et
3074 3365 3241 3417 occisa
3266 3372 3387 3419 sunt
3409 3380 3442 3419 a

1846 3459 2139 3507 terrwmotu
2166 3469 2391 3508 numero
2425 3466 2611 3524 septem
2643 3454 2804 3509 millia
2833 3455 2951 3510 hom
2974 3473 3115 3510 num.
3158 3457 3213 3511 ln
3256 3467 3445 3513 terra:-

1845 3554 1994 3601 motu
2020 3549 2449 3614 persecutionem
2481 3556 2573 3603 aut
2596 3549 2999 3617 recapitttlando
3030 3548 3314 3619 signiﬁcat.
3342 3557 3435 3606 aut

1844 3637 2044 3693 clarius
2112 3637 2223 3693 illis
2270 3638 2438 3703 visis,
2488 3640 2577 3709 qui
2638 3638 2750 3709 jam
2806 3641 3001 3695 mortui
3075 3640 3439 3711 putabantur,

1846 3740 2221 3801 exaggeratam
2293 3730 2457 3786 fuisse
2540 3731 2838 3787 denuntiat.
2918 3731 3058 3787 Hora
3142 3732 3285 3787 enim
3350 3740 3438 3788 est

1845 3838 2007 3879 omne
2074 3832 2324 3893 tempus,
2395 3835 2449 3879 et
2513 3822 2766 3879 denarius
2835 3838 3091 3880 numerus
3165 3822 3439 3895 perfectus

1846 3926 1968 3986 est,
2017 3927 2070 3972 et
2113 3917 2472 3987 septenarius.
2518 3915 2671 3984 Quod
2719 3915 2762 3971 si
2815 3931 2921 3971 non
2966 3927 3154 3983 esset,
3208 3930 3238 3969 a
3292 3926 3445 3987 parte

1849 4016 2019 4063 totum
2086 4007 2489 4079 intelligendum
2553 4019 2691 4063 erat.
2769 4007 2909 4063 Dicit
2961 4009 3106 4063 enim
3174 4017 3444 4063 cmtatem

1846 4099 1905 4155 in
1948 4108 2098 4169 parte
2138 4100 2347 4156 scilicet
2394 4101 2656 4155 malorum
2710 4099 2959 4155 interisse
3008 4100 3323 4169 collapsum,
3373 4101 3447 4156 ita

1849 4191 2092 4245 utetiam
2141 4190 2215 4244 illi
2265 4192 2649 4261 intelligantur,
2693 4202 2746 4247 et
2776 4192 2842 4247 de
2889 4193 3080 4263 quibus
3128 4193 3354 4262 legimus
3389 4190 3443 4265 (1

1848 4280 2004 4335 Joan.
2032 4280 2128 4350 tt):
2164 4281 2239 4335 Ex
2267 4282 2418 4336 nobis
2440 4284 2710 4347 exierunt,
2736 4282 2832 4337 sed
2864 4299 2967 4336 non
2994 4282 3207 4336 fuerunt
3245 4298 3312 4337 ex
3348 4297 3448 4337 no-

1851 4374 1952 4429 bis.
1981 4373 2112 4427 Nam
2151 4374 2196 4428 si
2229 4375 2453 4430 fuissent
2487 4391 2551 4430 ex
2588 4375 2765 4443 nobis,
2800 4375 3222 4445 permansissent
3261 4376 3445 4445 utique

1850 4465 2154 4520 nobiscum.
2207 4465 2323 4519 Duo
2366 4467 2563 4535 quippe
2613 4476 2739 4521 sunt
2779 4466 3023 4531 aediﬁcia,
3072 4482 3236 4522 unum
3284 4483 3444 4538 supra

1850 4565 2084 4626 petram,
2115 4556 2344 4611 alterum
2368 4571 2533 4627 super
2559 4572 2778 4612 arenam
2798 4557 3015 4630 (Matth.
3047 4559 3165 4631 vit),
3190 4559 3292 4616 hoc
3319 4560 3447 4618 dicit

114 4672 270 4732 page
302 4652 557 4720 corporis
603 4652 705 4721 ipsi
748 4665 1028 4722 resurgere
1057 4648 1440 4720 praedicentur,
1488 4663 1555 4705 eo
1600 4647 1743 4719 quod
1771 4642 1829 4705 Β
1852 4648 2133 4703 cecidisse.
2162 4647 2228 4702 Et
2248 4649 2441 4726 reliqui
2467 4650 2520 4703 in
2553 4650 2782 4703 timorem
2804 4660 2925 4705 sunt
2948 4644 3109 4718 missi,
3131 4661 3177 4707 et
3198 4653 3447 4707 dederunt

114 4772 236 4809 uno
272 4746 482 4818 Spiritu
522 4747 738 4813 armati,
768 4756 824 4802 et
857 4761 964 4802 una
1013 4746 1118 4802 ﬁde
1165 4746 1393 4818 fundati,
1427 4746 1746 4818 spiritaliter

116 4846 479 4915 demigrant,
543 4841 663 4912 quia
706 4842 750 4897 si
794 4841 920 4912 quid
968 4842 1167 4912 patitur
1207 4857 1371 4898 unum
1417 4843 1741 4909 membrum,

113 4938 556 5010 compatiuntur
583 4935 764 4990 omnia
794 4936 1035 4992 membra
1063 4935 1120 5002 (Ι
1149 4934 1269 4991 Cor.
1302 4936 1425 5008 xu).
1450 4936 1742 5007 Propterea

112 5046 173 5092 et
208 5032 494 5090 Dominus
523 5028 590 5086 de
624 5028 831 5085 Joanne
857 5030 988 5085 dicit
1029 5030 1179 5097 (Luc.
1208 5028 1248 5101 ι)
1282 5048 1295 5084 :
1343 5030 1401 5084 In
1446 5030 1639 5098 spiritu
1689 5040 1747 5086 et

110 5133 337 5181 virtute
372 5121 547 5186 Elite;
585 5120 668 5177 vel
696 5120 826 5176 illud
857 5120 1040 5190 (Matt.
1065 5121 1222 5191 xvn),
1257 5122 1400 5177 Elias
1431 5122 1539 5191 jam
1572 5124 1738 5190 venit,

110 5229 171 5273 ct
203 5218 477 5272 fecerunt
497 5214 544 5269 ei
570 5228 905 5285 quascunque
940 5214 1243 5278 voluerunt,
1265 5214 1528 5270 Joannem
1554 5214 1745 5270 volens

111 5310 231 5367 hoc
266 5309 438 5364 dicto
472 5306 718 5376 intelligi,
735 5305 801 5362 de
823 5321 928 5376 quo
946 5307 1217 5361 nascituro
1243 5307 1587 5375 promiserat,
1604 5305 1749 5375 quod

109 5402 171 5458 in
202 5399 428 5471 spiritu
459 5405 511 5452 ct
538 5399 735 5455 virtute
764 5399 893 5455 Eliae
924 5398 1096 5454 fuerat
1135 5410 1526 5467 prtecursurns,
1556 5409 1614 5454 ut
1650 5414 1746 5469 per

105 5492 393 5565 ejusdem
420 5489 642 5560 spiritus
673 5491 898 5561 gratiam
927 5500 981 5547 et
1026 5490 1184 5546 unius
1213 5489 1379 5544 ofﬁcii
1419 5489 1646 5546 formam
1674 5491 1746 5546 al-

106 5597 305 5646 teram
343 5597 455 5655 pro
479 5584 646 5639 altera
671 5593 1031 5656 cognoscatur
1052 5583 1227 5654 aptius
1251 5583 1527 5639 insinuare
1551 5598 1741 5654 perso-

104 5696 279 5747 nam,
337 5676 485 5732 Elite
536 5676 737 5732 scilicet
779 5692 875 5747 pro
914 5677 1156 5743 Joannis,
1189 5676 1315 5747 quia
1355 5676 1496 5733 sicut
1550 5677 1642 5732 ille
1690 5678 1745 5732 in

103 5776 332 5848 primo,
372 5771 453 5824 ita
486 5769 589 5826 iste
618 5770 670 5823 in
710 5770 948 5825 secundo
975 5769 1231 5839 praecedit
1259 5770 1514 5825 adventu.
1551 5768 1649 5823 Hic
1688 5779 1744 5825 et

103 5869 440 5929 Dominus,
468 5863 634 5930 Elius,
667 5862 836 5933 inquit
861 5862 1079 5935 (υἱώ),
1112 5863 1313 5931 veniet,
1353 5872 1410 5920 et
1438 5861 1555 5933 ipse
1578 5862 1740 5919 resti-

1852 4742 2148 4797 claritatem
2176 4741 2288 4797 Deo
2315 4744 2431 4797 cali
2458 4752 2511 4798 et
2549 4752 2729 4799 terrm.
2770 4746 2859 4801 lsti
2891 4755 3016 4801 sunt
3055 4760 3214 4815 supra
3241 4757 3445 4819 petram

1853 4833 2096 4889 aediﬁcati
2123 4834 2276 4907 (Luc.
2308 4837 2402 4906 vt),
2431 4836 2521 4905 qui
2551 4836 2672 4891 aliis
2700 4845 3031 4906 terrzemotu,
3060 4830 3111 4890 id
3147 4844 3231 4891 est
3262 4852 3447 4905 persc-

1851 4927 2067 4981 cutione
2115 4926 2434 4983 cadentibus
2482 4927 2551 4983 de
2588 4928 2883 4983 stabilitate
2934 4927 3017 4982 sui
3065 4935 3233 4995 recta,
3281 4928 3448 4981 Deum

1851 5020 2192 5076 confessione
2218 5022 2539 5075 clarillcant.
2592 5020 2764 5077 Finita
2795 5020 3262 5091 recapitulatione,
3288 5035 3445 5089 quam

1854 5115 2225 5185 praetermisso
2247 5115 2477 5182 septimo
2498 5117 2692 5185 angelo
2728 5117 3046 5187 ingesserat,
3083 5115 3276 5184 repetit
3306 5116 3451 5169 ordi-

1853 5224 2001 5273 nem,
2024 5207 2212 5263 dicens
2238 5226 2251 5263 :
2289 5208 2382 5263 Vw
2425 5212 2703 5263 secundum
2733 5210 2879 5277 abiit,
2916 5219 2961 5263 et
3002 5225 3113 5265 ecce
3143 5225 3216 5263 υτε
3246 5210 3450 5263 tertium

1853 5307 2015 5361 ueniet
2040 5305 2163 5361 cito.
2190 5306 2406 5360 Dixerat
2427 5307 2594 5375 enim,
2616 5306 2861 5361 confecto
2884 5305 3070 5376 prrclio
3097 5305 3449 5371 locustarum,

1856 5413 1936 5453 vae
1966 5408 2130 5453 unum
2161 5397 2379 5465 abiisse,
2404 5406 2457 5453 et
2488 5398 2658 5452 altera
2697 5397 2827 5452 dicit
2855 5396 2962 5452 duo
2994 5397 3199 5461 venire,
3231 5410 3299 5451 ne
3341 5405 3454 5449 sta-

1856 5494 1955 5547 tim
1985 5493 2200 5547 tertium
2226 5491 2538 5548 describere
2566 5500 2866 5562 putaretur,
2899 5491 3154 5561 quoniam
3185 5489 3455 5559 recapitu-

1862 5586 2079 5641 landum
2128 5595 2265 5641 erat.
2315 5583 2467 5640 Nunc
2512 5584 2664 5639 ﬁnita
2713 5585 2825 5653 ipsa
2860 5583 3328 5655 recapitulatione,
3372 5597 3455 5637 vas

1862 5679 2065 5747 inquit,
2116 5676 2411 5734 secundum
2463 5675 2614 5743 abiit,
2660 5692 2764 5731 non
2813 5675 3309 5747 recapitulationis,
3356 5673 3452 5732 sed

1858 5784 2115 5840 equorum
2162 5785 2177 5823 :
2232 5763 2425 5839 quibus
2470 5769 2774 5841 descriptis.
2828 5786 2907 5826 va:
2955 5787 3061 5825 non
3116 5769 3451 5825 reddiderat.

1857 5860 1951 5919 Vae
1999 5879 2128 5933 ergo
2175 5866 2461 5920 secundum
2511 5863 2654 5931 abiit,
2707 5879 2967 5939 equorum
3019 5872 3126 5934 est,
3175 5862 3320 5935 quod
3361 5875 3458 5920 se-
