3968 6354
542 323 630 380 871
1660 310 1961 371 PRIMASII
1997 309 2147 369 ΑΒΝ

2254 307 2452 367 sum
2489 304 2710 366 srtsc.
3776 290 3873 349 επ

543 438 717 509 quitur
748 432 957 491 tertium
987 446 1088 488 vat.
1124 431 1188 487 Et
1214 433 1459 502 septimus
1477 431 1712 503 angelus,
1738 432 1790 485 in
1822 444 1927 500 quo
1958 430 2078 483 linis
2109 444 2122 479 :
2157 429 2199 486 A
2232 427 2423 480 ritttale
2458 424 2709 495 pabulum
2740 421 2880 475 intra
2910 427 3109 485 corpus
3134 412 3419 489 sapientia
3484 408 3757 509 fulgore»

543 500 668 589 hinc
690 532 897 588 videtur
940 530 1073 584 duos
1118 530 1247 585 lines
1269 500 1343 583 iet
1364 530 1489 594 isse,
1517 500 1685 582 unum
1724 526 2129 595 recapitulatio-
2237 533 2425 573 eorum
2467 518 2607 587 gerit
2647 514 2974 608 intellectum
3006 511 3130 608 aliis
3169 504 3664 608 prmo-gantiam.
3720 500 3867 608 Panis

548 628 669 697 nis,
706 628 929 681 alterum
978 624 1201 680 ordinis.
1255 623 1394 679 Dicit
1422 622 1566 677 enim
1598 622 1755 676 linem
1794 621 1845 674 in
1892 636 2133 676 resurre-

2254 607 2374 663 tnim
2405 606 2497 661 Dei
2535 614 2639 671 est,
2680 604 2773 673 qui
2821 602 2888 657 de
2928 601 3070 657 calo
3099 598 3381 655 descendit
3432 604 3507 651 et
3564 592 3673 647 dat
3718 592 3863 645 vitam

543 686 727 779 ctione
769 721 1006 785 tertium,
1037 726 1091 773 et
1135 718 1319 773 indicit
1355 717 1603 783 alterum,
1629 716 1718 785 qui
1757 731 1942 785 pugnae
1970 713 2133 770 debe-
2234 702 2434 758 mundo
2459 699 2639 772 (Ιοαη-
2672 698 2770 770 VI)-
2824 698 2889 752 Ει
2918 697 3123 767 Virsam
3153 695 3354 761 Δποιι,
3406 705 3495 747 eo
3533 686 3705 790 quod
3744 686 3863 787 inle-

553 812 733 878 batur,
757 812 941 866 dicens
969 827 982 863 :
1019 807 1111 864 Vae
1138 808 1419 863 secundum
1440 808 1583 875 abiit,
1616 817 1662 861 et
1691 822 1803 861 ecce
1827 822 1898 860 va:
1928 808 2132 860 tertium
2236 804 2437 850 merata
2464 794 2669 864 virgine
2698 790 3041 860 singulariter
3070 801 3207 842 novo
3228 797 3351 841 ortu
3377 792 3772 878 progenitum
3798 794 3863 832 tn-

544 910 703 961 ueulet
722 870 849 958 Icito.
883 901 951 955 Et
987 903 1233 969 septimus
1260 902 1474 973 angelus
1506 870 1625 954 tuba
1653 900 1854 966 cecinit,
1892 907 1941 953 et
1982 899 2133 970 facta:
2238 899 2317 944 ll’a
2348 888 2626 943 ῑθοιοτῖυιη
2646 884 2826 939 eam“
2856 885 3023 938 ίηειπ
3044 878 3363 950 amygdala:
3388 888 3631 931 omnes
3662 870 3859 924 mea"

544 1008 656 1053 sunt
696 998 748 1049 in
785 995 910 1050 caelo
934 1011 1079 1049 voces
1110 1011 1331 1065 magna’,
1363 996 1582 1047 dicentes
1615 1010 1632 1049 :
1664 990 1888 1045 Factum
1925 1001 2001 1045 est
2044 1007 2131 1045 re-
2235 998 2326 1039 ros
2350 982 2627 1052 sapientia:
2663 990 2718 1035 et
2764 979 3004 1035 scientia:
3034 990 3200 1047 penes
3226 990 3287 1030 se
3326 973 3571 1065 habere
3627 978 3855 1065 narratur

543 1104 699 1161 gnum
726 1087 820 1142 Dei
840 1089 1003 1141 nostri
1042 1099 1091 1141 et
1126 1062 1322 1145 Christi
1354 1100 1486 1155 eius,
1520 1097 1565 1140 et
1593 1086 1821 1155 regnabit
1852 1086 1903 1138 in
1943 1085 2132 1139 sarcula
2238 1074 2433 1146 (C0108.
2468 1074 2525 1142 ll)
2555 1072 2920 1127 absconditos.
2955 1070 3091 1125 llinc
3120 1069 3356 1138 psalmus
3388 1084 3405 1119 :
3450 1064 3756 1132 Exsurge,
3788 1062 3861 1162 -

543 1154 864 1233 iwculorum.
898 1176 965 1230 Et
987 1177 1401 1248 vigintiqnatuer
1421 1154 1754 1245 senioresiqui
1782 1176 1835 1227 in
1862 1184 2133 1242 conspectu
2236 1165 2371 1236 quit,
2406 1164 2654 1231 Domine,
2686 1166 2737 1217 in
2772 1164 3010 1232 requiem
3042 1171 3209 1255 tuam,
3248 1170 3305 1214 tu
3335 1169 3390 1212 et
3425 1171 3581 1255 arca
3634 1154 3857 1255 sanctis

546 1268 639 1322 Dei
668 1270 844 1322 sedent
875 1270 926 1322 in
945 1268 1151 1322 sedibus
1178 1267 1306 1333 suis,
1338 1268 1624 1320 ceciderunt
1651 1268 1706 1321 in
1729 1268 1886 1337 facies
1915 1283 2057 1332 suus,
2081 1275 2134 1322 et

545 1360 881 1414 adorauerunt
908 1360 1091 1422 Deum,
1122 1360 1346 1413 dicentes
1370 1374 1389 1413 :
1418 1356 1625 1412 Gratias
1656 1360 1855 1429 agimus
1881 1358 1991 1422 tibi,
2018 1357 2131 1412 Do-

545 1454 680 1506 mine
709 1452 842 1505 Deus
867 1453 1208 1519 omnipotens,
1237 1452 1324 1518 qui
1353 1466 1428 1517 es,
1453 1461 1498 1503 et
1523 1450 1695 1515 fuisti,
1721 1451 1862 1519 quod
1896 1460 2135 1521 potesta-

546 1554 653 1600 tern
703 1554 842 1598 tuam
885 1561 1124 1613 maqnam
1174 1545 1439 1612 aroepistt',
1491 1554 1539 1597 et
1588 1545 1835 1615 regnasti.
1867 1544 1935 1597 Et
1965 1555 2135 1615 gentes

547 1636 690 1690 irata:
714 1644 866 1702 sunt,
892 1646 940 1690 et
966 1637 1169 1690 advenit
1204 1636 1281 1689 ira
1312 1644 1421 1703 tua,
1475 1644 1521 1689 et
1572 1645 1772 1705 tempus
1818 1646 2137 1693 mortuorum

547 1729 798 1798 iudicare,
832 1738 878 1783 et
910 1729 1120 1782 reddere
1149 1727 1427 1782 mercedem
1472 1728 1627 1781 servis
1666 1728 1945 1798 prophetis,
1977 1739 2025 1784 et
2073 1730 2140 1784 ti.

2242 1257 2470 1312 cationis
2503 1267 2629 1321 tum,
2656 1264 2713 1310 et
2733 1265 2930 1311 cratera
2954 1270 3071 1321 qua:
3095 1254 3270 1308 eidem
3301 1251 3642 1306 concinnat

2240 1349 2331 1406 Sic
2355 1350 2499 1404 enim
2525 1348 2787 1417 promittit
2819 1348 2957 1401 Deus
2986 1362 3081 1414 per
3106 1344 3392 1400 Jeremiam
3421 1340 3615 1395 abole
3649 1338 3667 1393 i
3694 1354 3837 1393 arcam

2240 1440 2546 1497 testamenti
2577 1438 2644 1494 de
2686 1440 2938 1493 cordibus
2982 1437 3280 1499 hominun,
3314 1435 3476 1488 illam
3534 1434 3730 1500 utique
3758 1431 3837 1484 llec

2239 1534 2533 1599 bratorum,
2557 1541 2611 1587 et
2631 1530 2953 1595 Jerusalem,
2985 1529 3035 1584 id
3060 1537 3142 1583 est
3164 1528 3473 1583 Ecclesium
3511 1525 3707 1578 vocari
3732 1523 3835 1576 thro-

2246 1642 2377 1683 num
2423 1626 2650 1692 Domini,
2694 1625 2879 1680 dicens
2915 1641 2929 1677 :
2970 1622 3103 1679 Cum
3151 1620 3513 1685 multiplicati
3570 1616 3776 1671 fueritis
3796 1626 3834 1668 et

2242 1721 2523 1777 creveritis
2562 1733 2725 1789 super
2766 1727 2998 1783 terram,
3034 1715 3162 1771 dicit
3196 1715 3499 1777 Dominus,
3541 1727 3658 1766 non
3688 1710 3830 1765 diceet

549 1824 797 1879 mentibus
822 1839 1002 1876 nomen
1029 1832 1192 1888 tuum,
1226 1820 1430 1890 pusillis
1459 1830 1506 1874 et
1534 1822 1756 1893 magnis,
1787 1832 1937 1893 atque
1961 1831 2141 1877 exter-
2172 1823 2220 1883 B
2242 1815 2376 1885 jam,
2424 1830 2545 1870 arca
2580 1813 2885 1871 testamenti
2918 1811 3150 1875 Domini,
3183 1824 3357 1879 neque
3386 1806 3677 1862 ascendet
3706 1820 3828 1871 super

550 1917 777 1970 minandi
824 1934 907 1971 eos
951 1918 1037 1983 qui
1082 1926 1270 1970 terram
1312 1924 1671 1983 corruperunt.
1724 1916 1801 1971 De
1840 1918 2144 1973 senioribus

550 2010 681 2063 satis
712 2009 869 2062 luerit
913 2022 1180 2078 superque
1227 2006 1582 2076 praemissum,
1630 2006 1753 2076 quid
1795 2008 2015 2079 intelligi
2048 2009 2146 2065 de—

551 2099 694 2155 beat.
731 2100 940 2154 Initium
974 2111 1151 2155 autem
1182 2115 1323 2155 nunc
1364 2100 1701 2165 memoravit,
1745 2110 1801 2155 et
1842 2100 2001 2156 ﬁnem
2028 2101 2145 2156 dis-

554 2193 887 2261 pensationis
926 2190 1125 2247 Christi
1155 2209 1169 2247 :
1203 2207 1326 2247 nam
1352 2193 1601 2259 dicendo,
1648 2194 1905 2261 regnasti,
1940 2202 1993 2246 et
2015 2209 2142 2264 gen-

552 2291 633 2338 tes
659 2284 805 2338 irataa
828 2294 971 2349 sunt,
1002 2284 1230 2354 primum
1250 2283 1447 2339 Christi
1474 2286 1808 2341 demonstrat
1829 2286 2141 2341 adventum.

552 2374 705 2442 Quod
736 2390 863 2430 vero
889 2377 1150 2444 sequitur,
1184 2375 1344 2430 Venit
1369 2377 1446 2430 ira
1472 2386 1558 2431 tua
1582 2386 1636 2431 et
1667 2388 1875 2445 tempus
1905 2387 2144 2431 mortuo-

553 2478 694 2536 rum,
716 2468 822 2533 vel,
848 2467 989 2521 sicut
1015 2467 1117 2521 alia
1147 2467 1423 2521 translatio
1451 2468 1629 2537 habet,
1649 2484 1755 2538 quo
1779 2469 1968 2542 [quod]
2003 2485 2147 2524 mor-

554 2557 662 2613 tuis
684 2557 973 2627 judicetur,
1002 2558 1268 2613 secundus
1298 2558 1560 2615 adventus
1588 2560 1912 2627 Ostenditur,
1931 2561 2146 2630 quando

555 2658 611 2704 ct
642 2650 946 2705 mercedem
974 2652 1145 2705 Sancti
1174 2662 1227 2705 et
1254 2652 1523 2721 propheta)
1555 2653 1912 2724 timentesque
1950 2668 2144 2709 nomen

555 2743 671 2812 ejus
698 2743 969 2812 recipiunt
1016 2743 1193 2812 pusilli
1224 2752 1279 2798 et
1331 2745 1528 2814 magni,
1575 2745 1797 2815 perfecti
1829 2756 1882 2800 et
1916 2748 2141 2816 parvuli,

556 2837 679 2906 quia
708 2838 1077 2907 imperiectum
1120 2854 1324 2902 meum,
1358 2824 1551 2908 inquit,
1584 2839 1834 2895 viderunt
1862 2841 2006 2895 oculi
2040 2841 2135 2909 ttti,

556 2929 685 2983 etin
715 2927 852 2983 libro
884 2937 975 2982 tuo
998 2944 1183 2983 omnes
1207 2931 1509 2984 scribentur
1532 2930 1648 3001 (Ps.
1677 2932 1961 3004 cxxxvttt).
1993 2933 2057 2987 Et
2080 2948 2148 2990 ne

560 3020 662 3076 sibi
694 3023 1060 3091 impunitatem
1090 3022 1213 3076 mali
1248 3024 1640 3091 promitterent,
1672 3025 1941 3095 subjecit:
1974 3030 2147 3098 Atque

559 3115 957 3169 cxterminandi
1011 3130 1105 3171 eos
1156 3116 1243 3186 qui
1297 3124 1495 3172 terram
1563 3128 1943 3189 corruperunt,
2009 3121 2148 3177 sicut

2250 1924 2363 1965 cor.
2397 1909 2453 1963 In
2478 1909 2584 1965 illis
2613 1908 2803 1963 diebus
2831 1917 2884 1963 et
2907 1909 2959 1962 in
2985 1915 3226 1975 tempore
3255 1903 3349 1958 illo
3376 1902 3674 1956 vocabunt
3701 1899 3824 1955 Jeru-

2248 2006 2415 2061 salem
2446 2004 2698 2059 thronum
2747 2003 2985 2067 Domini,
3016 2010 3073 2057 et
3120 1998 3620 2069 congregabantur
3647 1994 3710 2048 ad
3738 2009 3824 2049 eam

2247 2111 2436 2153 omnes
2462 2107 2651 2168 gentes
2674 2098 2726 2150 in
2755 2094 2971 2149 nomine
2998 2094 3203 2147 Domini
3231 2090 3459 2162 (Jerem.
3498 2090 3611 2157 ιη).
3639 2086 3703 2140 Et
3716 2090 3821 2156 [ccta

2248 2200 2365 2245 sunt
2394 2190 2605 2259 fulgura
2630 2198 2676 2242 et
2700 2204 2841 2242 uoces
2857 2197 2904 2241 et
2922 2188 3148 2240 tonitrua
3169 2195 3215 2238 et
3235 2191 3573 2238 terrarth
3596 2190 3642 2234 et
3660 2179 3819 2246 grande

2248 2299 2457 2353 magna.
2495 2282 2745 2351 Fulgura,
2776 2280 3022 2343 virtutes,
3054 2278 3247 2349 quibus
3283 2291 3417 2332 suos
3459 2273 3709 2329 Chi-isms
3732 2272 3816 2326 Da-

2251 2373 2431 2427 minus
2484 2372 2609 2427 fecit
2654 2372 2858 2441 fulgere
2901 2371 3212 2441 discipulos.
3254 2368 3438 2425 Voces
3489 2379 3551 2424 et
3596 2367 3808 2430 touitrm,

2250 2467 2679 2537 prmdicationes.
2709 2467 2901 2537 quibus
2927 2475 3179 2537 tanquam
3204 2466 3378 2521 nubes
3409 2464 3645 2533 apostoli
3668 2474 3799 2530 popu-

2251 2562 2317 2618 lis
2343 2562 2680 2618 intonabant.
2712 2561 3076 2616 Terremotus
3105 2560 3386 2627 Strepitus,
3418 2560 3703 2612 concitatus
3725 2566 3801 2622 po-

2251 2655 2522 2723 pulorum,
2540 2655 2628 2724 qui
2649 2654 3048 2724 persecutiones
3070 2651 3362 2707 crescentis
3375 2648 3635 2705 Ecclesia
3650 2645 3810 2714 satis:

2253 2747 2589 2819 ingerebant.
2618 2745 2834 2803 Grando
2862 2759 3073 2814 semper
3100 2760 3159 2799 se
3187 2744 3309 2815 plus
3341 2741 3627 2812 frangendt
3665 2738 3811 2793 ﬂucti-

2250 2839 2352 2895 bus
2406 2839 2542 2894 illisa
2591 2847 2768 2902 nocet,
2825 2852 2993 2908 seque
3042 2836 3301 2891 vastando
3350 2835 3679 2893 comminuit.
3741 2831 3814 2886 Sic

2252 2932 2413 2988 etiam
2444 2945 2585 2986 saeva
2615 2931 2891 3001 gentilium
2937 2929 3245 2996 multitudo,
3285 2945 3399 3001 qua:
3438 2928 3588 2983 ﬁdem
3617 2925 3811 2981 Christi

2253 3023 2700 3094 perchuebatur,
2746 3025 2919 3094 ipsum
2948 3030 3133 3093 postea
3161 3021 3416 3085 sectanda,
3447 3017 3582 3073 facta
3608 3026 3690 3071 est
3715 3032 3807 3070 nu~

2254 3134 2405 3174 mero
2436 3119 2520 3174 vel
2553 3132 2715 3187 parva
2740 3117 2825 3172 vel
2863 3116 3030 3172 nulla.
3092 3114 3220 3171 Haec
3243 3116 3445 3170 dixerat
3476 3114 3609 3167 iacta
3660 3120 3717 3166 et
3763 3111 3811 3165 in

560 3209 799 3278 psalmus
824 3208 948 3263 dicit
982 3207 1153 3280 (Psal.
1196 3211 1385 3286 sunt)
1424 3230 1437 3265 :
1487 3211 1680 3267 Vultus
1708 3221 1885 3269 autem
1931 3215 2141 3270 Domini
2172 3223 2217 3286 ί]
2253 3210 2617 3279 descriptione
2644 3209 3044 3280 praedicationis
3066 3219 3272 3278 septem
3302 3209 3609 3277 angelorum
3631 3205 3694 3260 ab
3714 3206 3810 3273 ipso

561 3316 723 3373 super
753 3302 1011 3358 facientes
1039 3283 1214 3359 mala:
1234 3306 1394 3373 Ecce,
1429 3306 1623 3377 inquit,
1653 3325 1732 3363 va:
1764 3310 1977 3364 tertium
2004 3311 2151 3366 venit

561 3393 614 3448 in
644 3408 776 3450 voce
805 3396 1014 3465 septimi
1038 3398 1243 3468 angeli;
1291 3409 1345 3453 et
1384 3414 1505 3454 cum
1542 3401 1846 3467 cecinisset,
1890 3418 1996 3457 non
2045 3404 2150 3458 nisi

562 3485 855 3545 Ecc'csiam
885 3490 1017 3545 dixit
1038 3491 1340 3547 laudantem
1375 3492 1655 3548 Dominum
1679 3506 1730 3549 et
1764 3497 1963 3564 gratias
1986 3508 2151 3565 agen-

561 3590 689 3648 tem,
712 3581 854 3637 unde
880 3582 1226 3653 intelligimus
1253 3583 1513 3639 bonorum
1531 3586 2020 3640 remunerationem
2042 3601 2149 3640 non

566 3688 689 3729 esse
714 3673 829 3728 sine
865 3690 945 3728 va:
974 3675 1261 3729 malomm.
1288 3674 1415 3730 lnde
1432 3676 1668 3746 psalmus
1693 3674 1861 3748 (Psal.
1894 3674 1953 3746 ll)
1981 3694 1992 3729 :
2019 3677 2151 3733 Cum

569 3764 853 3829 exarserit,
885 3764 1078 3833 inquit,
1112 3764 1162 3818 in
1193 3765 1347 3819 brevi
1378 3764 1452 3819 ira
1477 3766 1614 3836 ejus,
1647 3768 1831 3837 utique
1860 3782 2021 3838 super
2042 3784 2156 3823 ma-

562 3854 666 3919 los,
698 3854 835 3911 beati
861 3870 1050 3911 omnes
1072 3857 1163 3925 qui
1188 3857 1460 3912 contidunt
1493 3858 1545 3912 in
1575 3874 1660 3915 eo.
1684 3860 1772 3915 Sic
1795 3870 1850 3916 et
1879 3876 2018 3917 nunc
2040 3864 2154 3932 ipsa

562 3946 802 4002 Ecclesia
816 3948 946 4002 dicit
963 3966 974 4001 :
991 3948 1150 4004 Venit
1172 3950 1249 4003 ira
1269 3959 1356 4005 tua
1373 3959 1426 4005 et
1443 3960 1649 4022 tempus
1668 3964 1995 4010 mortuorum
2010 3956 2155 4027 judi-

563 4051 707 4102 care,
723 4048 775 4092 et
793 4038 922 4093 dare
940 4040 1109 4094 servis
1129 4041 1231 4095 tuis
1253 4042 1580 4111 mercedem,
1603 4052 1707 4099 etc.
1736 4045 1846 4101 lloc
1868 4056 1950 4102 est
1966 4064 2041 4103 vae
2068 4064 2157 4103 no-

561 4131 861 4186 vissimum.
887 4131 1254 4203 Rccapitulata
1276 4148 1406 4190 sane
1420 4134 1633 4190 Domini
1655 4140 1934 4195 nativitate
1964 4157 2150 4211 corpoo

560 4237 673 4290 rea,
704 4223 889 4279 eadem
920 4225 1077 4281 aliter
1098 4240 1160 4280 ac
1182 4226 1339 4281 latius
1361 4227 1599 4284 dicturus
1630 4229 1881 4285 insinuat.
1916 4232 1982 4287 Et
2003 4250 2156 4301 aper-

559 4328 665 4371 tum
696 4327 768 4373 est
794 4320 1040 4390 templum
1074 4318 1173 4374 Dei
1202 4320 1421 4388 iucwlo,
1464 4321 1515 4377 id
1560 4336 1645 4379 est
1683 4324 1943 4380 Ecclesia.
1993 4326 2155 4381 Tem-

560 4412 706 4481 plum
739 4412 852 4479 Dei,
887 4412 1083 4467 Christi
1114 4428 1307 4480 corpus
1337 4414 1565 4486 intelligi
1598 4425 1795 4487 potest.
1824 4418 1977 4475 Unde
2006 4420 2149 4475 idem

562 4505 855 4559 Dominus:
891 4506 1118 4571 Solvite,
1154 4506 1324 4578 inquit
1361 4505 1545 4579 (Joan.
1591 4510 1671 4582 ιι),
1722 4513 1980 4582 templum
2026 4513 2151 4580 hoc,

2255 3303 2487 3359 adventu
2515 3303 2746 3367 Domini,
2775 3313 2828 3357 ct
2852 3303 3177 3373 generaliter
3203 3302 3271 3357 ab
3306 3302 3517 3372 origine
3555 3303 3607 3356 in
3637 3299 3802 3361 ﬁnem;

2255 3393 2453 3450 deinde
2485 3410 2578 3462 per
2611 3404 2792 3465 partes
2828 3394 3277 3464 quemadmodum
3321 3395 3464 3449 facta
3496 3396 3625 3461 sint,
3670 3395 3731 3447 ita
3761 3400 3800 3445 et

2256 3502 2398 3542 nunc
2424 3494 2480 3540 ut
2510 3486 2763 3556 templum
2791 3485 2887 3542 Dei
2930 3486 2985 3542 in
3014 3486 3152 3543 cutio
3178 3494 3424 3558 apertum
3454 3486 3545 3554 sit,
3579 3494 3631 3541 et
3655 3497 3794 3556 pugna

2254 3588 2477 3651 secutae,
2499 3582 2718 3637 dicens:

2336 3672 2467 3728 CAP.
2505 3688 2597 3728 xu.
2649 3672 2869 3743 Signum
2921 3688 3163 3743 magnum
3188 3672 3364 3727 visum
3407 3674 3470 3727 in
3498 3674 3634 3729 celo.
3681 3668 3795 3736 Quod

2265 3780 2407 3820 nunc
2432 3780 2644 3837 quoque
2668 3766 2875 3820 videtur
2904 3765 2958 3821 in
2978 3764 3238 3833 Ecclesia,
3263 3766 3313 3821 id
3342 3776 3424 3821 est
3458 3768 3697 3837 sapientia:
3715 3762 3787 3815 Dei

2260 3859 2553 3915 humanam
2586 3866 2829 3914 naturam
2850 3870 3035 3914 sancto
3061 3859 3259 3930 Spiritu
3284 3874 3557 3930 operante
3576 3856 3790 3927 cnnjungi,

2259 3962 2314 4009 et
2360 3968 2429 4008 ex
2479 3964 2703 4022 utraque
2755 3968 2916 4007 unum
2958 3953 3312 4023 eamdemque
3333 3953 3614 4009 Christum
3646 3950 3796 4006 media-

2262 4055 2433 4101 torem
2463 4045 2554 4099 Dei
2576 4053 2631 4099 et
2658 4044 2933 4100 hominum
2958 4047 3095 4111 llcri,
3128 4046 3408 4114 praedicari
3437 4047 3529 4101 vel
3551 4044 3695 4107 credi,
3717 4043 3798 4111 ipso

2259 4138 2473 4195 dicente
2502 4136 2680 4209 (Joan.
2716 4136 2780 4209 ιι)
2803 4156 2817 4193 :
2841 4139 3048 4195 Solvite
3073 4138 3330 4208 templum
3362 4138 3493 4207 hoc,
3525 4152 3573 4193 et
3610 4135 3799 4193 intubus

2259 4232 2450 4286 diebus
2494 4232 2829 4286 resuscitabo
2862 4231 3017 4297 illud;
3060 4241 3113 4287 et
3140 4232 3502 4302 evangelista,
3539 4232 3654 4302 ipse
3676 4238 3802 4282 autem

2257 4322 2472 4379 dicebat
2492 4322 2560 4377 de
2585 4323 2784 4392 templo
2804 4325 3045 4394 corporis
3066 4326 3169 4379 sui.
3205 4322 3401 4377 Mulier
3427 4327 3630 4378 amicta
3652 4326 3753 4377 sole,
3769 4328 3799 4372 et

2259 4416 2383 4470 luna
2412 4415 2505 4469 sub
2548 4416 2762 4486 pedibus
2789 4420 2921 4488 ejus.
2965 4416 3296 4488 Frequenter
3323 4418 3532 4474 dictum
3574 4430 3657 4475 est
3687 4427 3804 4487 genus

2262 4508 2314 4561 in
2344 4507 2536 4562 multas
2561 4508 2727 4563 dividi
2758 4510 2987 4578 species,
3019 4527 3139 4577 quae
3169 4528 3329 4566 unum
3356 4522 3511 4578 sunt,
3552 4531 3674 4568 nam
3708 4508 3805 4581 quod

563 4608 616 4651 et
646 4600 696 4650 in
743 4598 912 4653 tribus
952 4598 1141 4655 diebus
1179 4602 1512 4657 resuscitabo
1538 4603 1689 4658 illud.
1723 4606 1897 4660 Aliter
1937 4606 2023 4661 hic
2050 4607 2148 4663 sub
2180 4617 2233 4678 ι)
2263 4610 2347 4656 est
2374 4600 2591 4664 malum,
2636 4600 2739 4654 hoc
2785 4611 2866 4656 est
2907 4604 3159 4672 templum
3212 4604 3263 4657 in
3295 4606 3458 4672 caelo,
3511 4606 3624 4661 hoc
3664 4603 3807 4658 mulier

565 4688 850 4759 multiplici
878 4690 1329 4761 signiﬁcationum
1357 4695 1618 4751 varietate
1659 4705 1803 4750 certa
1842 4705 2016 4765 potest
2060 4697 2146 4752 in-

562 4781 854 4853 telligentia
888 4783 1165 4855 vestigari,
1201 4796 1256 4840 ut
1283 4800 1617 4856 unaquznque
1648 4801 1735 4843 res
1767 4802 1879 4842 sua:
1909 4788 2148 4858 prOprie-

561 4879 656 4932 tati
688 4880 866 4949 aptius
884 4870 1113 4945 reddita,
1135 4879 1364 4935 lucidius
1391 4880 1561 4949 possit
1591 4881 1829 4951 agnosci.
1857 4882 1989 4936 Cum
2007 4883 2149 4937 enim

561 4986 682 5026 arca
728 4972 1043 5041 plerumque
1091 4973 1360 5043 signiticet
1392 4973 1711 5042 Ecclesium,
1748 4974 1832 5030 hic
1862 4976 1916 5030 in
1948 4977 2148 5047 templo

562 5080 738 5119 arcam
771 5065 1075 5121 testamenti
1104 5065 1304 5135 aliquid
1332 5066 1492 5121 altius
1519 5066 1925 5138 intelligendum
1956 5069 2147 5126 admo-

564 5156 706 5219 nuit;
738 5154 963 5212 dicendo
977 5157 1136 5211 etiam
1156 5157 1207 5211 in
1232 5156 1390 5224 caelo,
1422 5168 1693 5214 secretum
1721 5175 1818 5217 nos
1840 5162 2036 5232 aliquid
2061 5178 2154 5232 pe-

563 5256 779 5302 netrare
819 5247 1127 5317 persuadet,
1166 5259 1226 5303 ut
1256 5249 1355 5304 iste
1394 5248 1465 5305 sit
1506 5250 1807 5308 intellectus
1845 5269 1859 5307 :
1897 5253 2152 5323 templum

563 5336 832 5405 Ecclesia;
877 5355 1001 5395 arca
1050 5342 1357 5397 testamenti
1413 5342 1729 5414 mysterium
1769 5344 2154 5403 incarnationis

562 5432 758 5489 Christi
789 5435 877 5506 qui
903 5436 970 5491 ad
1010 5446 1237 5492 mortem
1267 5437 1409 5492 illius
1437 5452 1576 5492 arcae
1604 5446 1659 5493 et
1690 5438 1895 5493 tabulas
1927 5440 2065 5493 intra
2093 5456 2153 5499 se

565 5528 869 5583 testamenti
899 5528 1141 5598 gerebat,
1174 5530 1264 5599 qui
1300 5528 1467 5599 legem
1512 5544 1619 5583 non
1648 5529 1861 5583 solvere
1906 5540 2152 5599 venerat,

563 5622 657 5677 sed
678 5622 968 5693 adimplere
993 5620 1207 5695 (Matth.
1224 5623 1298 5693 v).
1314 5622 1581 5691 Quotquot
1602 5622 1744 5677 enim
1768 5621 2151 5689 promissiones

567 5713 661 5767 Dei
692 5722 833 5783 sunt,
876 5714 950 5770 ait
997 5715 1286 5784 Apostolus
1335 5713 1421 5788 (Il
1451 5714 1572 5771 Cor.
1618 5715 1681 5783 ι),
1716 5715 1771 5769 in
1801 5713 1895 5772 illo
1924 5727 2025 5773 est.
2084 5720 2151 5775 Et

556 5820 724 5891 unam
753 5820 966 5868 auream
997 5807 1279 5869 habentem
1312 5825 1505 5876 manna
1530 5808 1712 5889 (Ilelir.
1743 5810 1818 5883 Ix)
1845 5829 1857 5869 :
1888 5814 2007 5886 quia
2036 5816 2149 5887 spi-

2257 4695 2455 4749 amicta
2487 4694 2619 4760 sole,
2651 4702 2706 4750 et
2732 4694 2853 4749 luna
2877 4695 2976 4750 sub
3004 4696 3229 4765 pedibus
3255 4698 3393 4767 ejus,
3422 4698 3476 4752 id
3504 4710 3599 4754 est
3624 4696 3806 4755 Ecclesi:

2256 4786 2475 4843 Christo
2515 4788 2720 4854 induta,
2774 4798 2994 4861 propter
3024 4790 3140 4861 ejus
3165 4789 3514 4847 dileCtionem
3574 4788 3808 4847 mutabilia

2257 4890 2452 4937 cuncta
2484 4881 2799 4937 calcantem.
2828 4882 3012 4952 Neque
3037 4884 3179 4938 enim
3211 4884 3293 4938 bis
3324 4885 3683 4941 mutabilibus
3708 4883 3814 4951 rapi-

2259 4984 2365 5043 tur,
2395 4993 2512 5048 qua:
2544 4977 2722 5033 stabili
2750 4978 3036 5033 cohaerens
3058 4977 3199 5034 bono
3222 4981 3485 5036 veraciter
3526 4980 3663 5039 dicit
3684 4978 3816 5051 (Pal.

2263 5070 2631 5141 Lxxn):Mibi
2679 5080 2857 5126 autem
2906 5070 3123 5141 adjungi
3175 5072 3285 5127 Deo
3312 5074 3515 5129 bonum
3559 5086 3668 5130 est.
3718 5069 3814 5126 Hinc

2266 5163 2368 5217 illae
2394 5176 2554 5218 voces
2581 5171 2705 5218 sunt
2743 5177 2874 5234 quas
2894 5163 2961 5219 de
2990 5164 3231 5220 Ecclesia
3261 5164 3491 5236 legimus
3528 5164 3705 5236 (Cant.
3725 5161 3814 5227 vi):

2263 5255 2515 5326 Speciosa
2538 5256 2796 5326 sicutsol,
2822 5257 3054 5327 perfecta
3078 5261 3214 5314 sicut
3240 5258 3394 5328 luna;
3420 5268 3477 5315 et
3499 5260 3698 5315 iterum
3724 5254 3815 5310 :Sic

2263 5360 2321 5407 ut
2351 5352 2474 5407 luna
2500 5351 2738 5424 perfecta
2770 5354 2822 5407 in
2852 5362 3135 5423 aeternum,
3157 5364 3211 5411 et
3239 5357 3392 5411 testis
3422 5355 3475 5408 in
3505 5354 3655 5410 caelo
3681 5347 3818 5407 ﬁdelis

2261 5443 2434 5514 (Psal.
2468 5444 2759 5512 Lxxxvttt).
2803 5446 3233 5515 Peregrinantem
3264 5462 3393 5501 sane
3431 5446 3729 5501 Ecclesium
3753 5439 3817 5493 di-

2261 5538 2363 5601 cit;
2400 5539 2555 5593 aliter
2577 5584 2591 5608 ,
2643 5546 2766 5609 post
2796 5538 3082 5593 humanam
3109 5537 3309 5594 Christi
3347 5538 3684 5594 nativitatem
3715 5531 3817 5587 vidi-

2258 5646 2376 5687 mus
2416 5632 2614 5687 multas
2649 5631 3022 5687 haereticorum
3053 5630 3378 5700 easdemque
3412 5629 3575 5684 falsas
3627 5618 3816 5697 proferri

2254 5724 2571 5780 sententias.
2604 5722 2680 5778 De
2710 5722 2811 5778 hoc
2850 5737 3081 5793 namque
3126 5723 3327 5792 templo
3373 5721 3519 5775 aliud
3546 5718 3815 5780 Valentius,

2251 5815 2395 5876 aliud
2426 5816 2780 5890 Bardezanes,
2814 5815 2958 5875 aliud
2990 5814 3335 5893 Apollinaris,
3366 5814 3509 5872 aliud
3544 5810 3799 5873 Nestoris:
