3968 6354
185 344 287 403 875

1179 345 1618 403 COMMENTAR.
1662 345 1727 402 IN
1759 346 2143 403 APOCALYP.
2187 346 2315 403 LIB.
2359 348 2445 404 111.

3351 351 3412 404 87
3423 354 3454 402 .ι

177 462 322 518 aliud
365 461 653 535 Eutyches,
681 463 825 519 aliud
869 461 1182 520 Timotheus
1214 463 1448 530 llilarus,
1482 463 1762 517 hmresiar-
1791 465 1840 522 Δ
1869 463 2129 531 gendum,
2164 465 2290 519 dicit
2340 464 2650 536 Apostolus,
2690 472 2744 518 et
2791 465 2840 517 iu
2887 463 3124 518 Ecclesia
3169 463 3329 534 (tfpi'z.
3376 466 3452 530 v).

177 556 326 623 chaa,
356 563 514 623 prout
544 555 699 611 libuit
726 557 954 621 mentiti,
987 557 1264 623 dixerunt,
1299 566 1354 611 ut
1388 568 1636 624 tanquam
1674 569 1765 610 ve-

177 647 312 700 ritas
337 647 406 701 tle
439 657 579 701 terra
604 657 718 702 orta
753 650 894 704 sitet
925 665 1114 719 pugna:
1144 659 1344 705 secutae
1375 649 1502 714 sint,
1537 660 1592 703 ut
1622 649 1765 704 unde

179 735 464 789 orthodoxi
492 747 547 790 et
578 736 761 793 ﬁdeles
785 739 1064 808 acquirunt
1097 741 1374 809 prtemium
1396 780 1410 804 ,
1445 740 1566 796 inde
1597 739 1766 793 luere-

180 827 274 882 tici
300 828 441 882 male
476 827 542 882 de
579 828 777 884 Christi
815 830 1184 886 incarnatione
1223 831 1544 896 sentientes,
1589 833 1766 885 incur-

178 929 301 973 rant
326 919 684 977 damnationis
704 934 918 979 aeterna:
945 925 1283 994 supplicium.
1331 924 1465 978 Hinc
1489 925 1557 979 de
1586 924 1702 994 ipso
1737 938 1764 976 a

175 1009 430 1067 Simeone
459 1013 660 1068 dictum
691 1015 745 1070 in
779 1016 1076 1086 Evangelio
1111 1018 1257 1089 (Luc.
1284 1016 1344 1087 ιι)
1375 1019 1719 1073 meminimus
1749 1035 1763 1070 :

179 1103 320 1159 Ecce
351 1105 551 1175 positus
593 1115 675 1162 est
720 1107 806 1163 hic
840 1109 892 1164 in
920 1111 1126 1165 ruinam
1156 1112 1282 1166 etin
1315 1114 1764 1166 resurrectiOnem

177 1193 470 1250 multorum
511 1199 562 1251 in
605 1198 790 1264 Israel,
819 1211 874 1255 et
905 1202 955 1254 in
987 1204 1195 1272 signum
1221 1207 1306 1257 cui
1346 1203 1765 1258 contradicetur.

178 1285 252 1341 Et
293 1285 347 1342 in
392 1290 559 1355 capite
617 1291 730 1357 eius
781 1308 969 1346 corona
1028 1295 1294 1348 stellarum
1351 1295 1657 1362 duodecim,
1714 1295 1766 1350 id

176 1388 261 1434 est
283 1377 566 1444 Ecclesiae;
629 1382 957 1448 duodenarip
1002 1389 1367 1455 apostolorum
1400 1403 1623 1442 numero
1659 1388 1768 1456 pri-

180 1469 388 1526 mordia
416 1471 546 1527 dicit
586 1472 820 1529 fundata:
850 1489 979 1530 mox
1020 1475 1293 1542 Ecclesite,
1329 1477 1598 1532 decorari.
1632 1478 1767 1533 llinc

179 1559 420 1630 psalmus
471 1561 600 1617 dicit
641 1562 815 1632 (Psal.
870 1565 960 1634 xx)
996 1581 1008 1618 :
1044 1565 1272 1622 Posuisti
1323 1568 1374 1622 in
1430 1569 1606 1638 capite
1651 1569 1769 1638 ejus

178 1664 431 1707 coronam
494 1653 562 1708 de
619 1653 798 1723 lapide
856 1655 1112 1724 pretioso.
1187 1658 1254 1712 Et
1306 1669 1422 1715 erat
1484 1676 1768 1730 prazgnans

179 1750 404 1811 mente,
457 1757 566 1798 non
625 1754 856 1811 ventre;
897 1757 946 1802 et
997 1748 1274 1802 clamabat.
1347 1750 1406 1805 In
1463 1753 1602 1808 valle
1653 1757 1769 1822 p'o-

1869 551 2068 622 Raptus
2105 565 2177 608 est
2218 555 2358 624 ﬁlius
2397 558 2508 627 ejus
2547 556 2614 608 ad
2658 556 2819 608 Deum
2852 567 2896 610 ct
2923 560 2991 608 ad
3037 556 3277 608 tiu-unum
3319 556 3450 621 eius.

1868 642 2018 698 Licet
2061 645 2113 699 in
2151 647 2328 716 capite
2355 647 2567 702 Christo
2597 647 2956 716 praecesserit,
2984 648 3071 718 qui
3101 647 3458 716 peracta-dis-

1870 735 2185 802 pensatione
2216 739 2457 792 ascendit
2500 738 2564 793 ad
2601 739 2846 811 Patrem,
2894 739 3138 807 congruit
3183 749 3357 794 tamen
3403 748 3459 792 et

1869 828 2105 894 corpori.
2134 827 2268 882 Ilinc
2298 839 2420 883 sunt
2446 830 2546 883 illae
2572 845 2734 886 voces
2766 830 3006 898 Apostoli
3032 830 3192 900 (Eph.
3218 833 3276 898 ιι)
3305 848 3315 882 :
3354 831 3455 898 Qui

1870 931 1968 970 nos
2013 921 2371 986 resuscitavit,
2421 931 2474 974 et
2516 923 2810 977 consedere
2844 923 2967 977 fecit
2999 923 3049 976 in
3097 925 3452 979 coelestibus:

1868 1018 1922 1062 et
1952 1007 2178 1078 (Philip.
2216 1011 2294 1080 ιιι)
2329 1027 2342 1065 z
2377 1014 2726 1068 Conversatio
2753 1025 2934 1068 nostra
2978 1016 3027 1068 in
3061 1017 3212 1071 coelis
3244 1026 3356 1082 est;
3400 1029 3456 1071 et

1870 1099 2062 1166 (Catos.
2089 1102 2169 1169 ιιι)
2196 1118 2210 1155 z
2243 1103 2298 1157 Si
2321 1106 2737 1159 consurrexistis
2767 1121 2886 1160 cum
2922 1107 3159 1173 Christo,
3191 1123 3310 1177 qua:
3337 1124 3454 1163 sur-

1869 1206 1986 1246 sum
2015 1203 2138 1249 sunt
2162 1197 2408 1266 quzerite,
2442 1199 2532 1252 ubi
2564 1199 2811 1254 Christus
2856 1209 2940 1254 est
2994 1202 3044 1254 in
3091 1201 3313 1256 dextera
3359 1201 3453 1255 Dei

1869 1285 2084 1340 sedens.
2113 1287 2264 1353 Quod
2290 1288 2331 1341 si
2366 1289 2526 1341 etiam
2554 1288 2622 1344 de
2647 1289 2844 1343 Christi
2878 1305 3105 1358 persona
3148 1291 3455 1359 specialiter

1871 1377 2004 1429 velis
2059 1378 2325 1446 accipere,
2385 1391 2610 1446 excepto
2655 1381 2928 1444 cruciatu,
2981 1398 3138 1450 quem
3193 1384 3242 1436 in
3302 1393 3453 1448 partu

1871 1466 1932 1521 Β.
1955 1466 2170 1522 Mariam
2187 1485 2292 1522 non
2309 1479 2389 1522 est
2407 1471 2732 1525 credendum
2751 1471 3017 1536 habuisse,
3034 1489 3188 1541 quam
3211 1475 3455 1528 novimus

1871 1557 2075 1611 nullum
2118 1559 2170 1612 in
2206 1570 2471 1628 conceptu
2505 1572 2777 1630 peccatum
2827 1563 3066 1618 libidinis
3096 1565 3451 1628 contraxisse,

1869 1656 2015 1702 recte
2045 1657 2195 1716 potes
2217 1659 2409 1704 caetera
2441 1661 2712 1720 coaptare,
2732 1655 2775 1708 si
2805 1655 2904 1708 ruﬁ
2927 1655 3178 1710 draconis
3209 1659 3451 1718 insidias,

1871 1741 2277 1807 persecutiones
2307 1756 2442 1810 quas
2481 1745 2548 1796 ab
2586 1744 2714 1810 ipsis
2751 1746 3088 1801 incunabulis
3133 1750 3200 1803 ab
3243 1749 3453 1804 lIerode

179 1834 406 1890 rationis
446 1837 778 1906 gemebunda
810 1847 866 1893 et
907 1855 1042 1908 quos
1088 1842 1338 1910 parturit,
1373 1844 1540 1911 parit;
1574 1853 1628 1900 et
1651 1845 1760 1912 jam

1873 1831 2082 1903 (Matth.
2116 1832 2155 1903 ι)
2195 1833 2440 1888 Christus
2483 1836 2732 1904 pertulit;
2768 1848 2822 1892 et
2870 1839 3122 1907 deinceps
3170 1856 3338 1911 usque
3385 1844 3453 1896 ad

177 1927 388 1998 genitos
416 1931 679 1998 parturire
709 1945 814 1985 non
838 1930 1056 1987 desiuit.
1089 1933 1222 1988 llinc
1242 1935 1532 2003 Apostolus
1562 1934 1762 2007 (Galat.

181 2019 295 2087 tv):
325 2017 501 2075 Filioli
531 2022 660 2089 mei,
685 2021 875 2093 inquit,
904 2038 1040 2094 quos
1073 2025 1265 2081 iterum
1297 2029 1562 2097 parturio,
1596 2029 1768 2084 donec

181 2109 425 2165 Christus
451 2110 712 2167 formetur
740 2114 792 2168 iu
813 2115 986 2170 vobis.
1012 2114 1080 2167 Et
1108 2117 1270 2171 visum
1299 2127 1371 2172 est
1400 2117 1546 2172 aliud
1563 2119 1769 2191 signum

182 2201 236 2254 in
261 2201 408 2268 caelo,
433 2212 481 2257 et
507 2219 622 2258 ecce
648 2205 804 2258 draco
831 2209 982 2276 rufus
1007 2223 1242 2279 magnus,
1274 2219 1536 2266 cruentus
1575 2209 1765 2265 videli-

181 2301 269 2348 cet
292 2303 346 2350 et
375 2309 570 2362 saevus,
611 2298 797 2352 habens
827 2300 999 2368 capita
1039 2311 1230 2370 septem
1262 2311 1313 2356 et
1349 2318 1541 2356 cornua
1570 2303 1765 2365 decem,

180 2392 230 2436 et
257 2399 417 2452 super
444 2387 616 2456 capita
647 2386 766 2455 ejus
793 2388 1084 2442 diademata
1105 2401 1314 2458 septem.
1345 2392 1530 2461 Capita
1560 2401 1766 2460 septem

184 2488 337 2543 reges
366 2483 491 2531 sunt
537 2487 763 2547 septem,
813 2492 1013 2534 cornua
1057 2494 1189 2535 vero
1231 2496 1418 2552 regna,
1459 2483 1526 2538 de
1572 2483 1766 2552 quibus

181 2581 280 2621 suo
319 2567 438 2622 loco
475 2568 579 2622 erit
632 2567 840 2638 plenius
886 2567 1299 2640 disputandum,
1347 2581 1393 2626 et
1435 2571 1603 2626 cauda
1654 2576 1766 2643 ejus

178 2660 415 2714 trahebat
442 2662 646 2716 tertiam
673 2671 872 2732 portent
892 2665 1158 2718 stellarum
1182 2666 1316 2732 caeli,
1338 2675 1384 2720 et
1407 2665 1590 2738 dejecit
1613 2683 1695 2720 eas
1714 2667 1768 2720 in

179 2762 391 2806 terram.
420 2752 624 2821 Cauda,
655 2754 928 2822 prophetat
959 2756 1122 2825 iniqui
1145 2767 1291 2821 sunt,
1327 2772 1420 2825 per
1451 2772 1585 2826 quos
1616 2771 1767 2812 suam

181 2845 432 2901 inimicus
452 2845 741 2917 nequitiam
760 2847 967 2916 implet.
992 2845 1129 2901 Ilinc
1152 2847 1316 2902 Isaias
1339 2847 1465 2903 dicit
1489 2846 1620 2918 (Isa.
1650 2847 1725 2916 ιι)
1749 2867 1760 2902 :

184 2936 453 3006 PrOpheta
491 2936 692 2994 docens
742 2939 1100 3004 mendacium,
1148 2940 1263 3008 ipse
1306 2949 1390 2994 est
1427 2939 1615 2992 cauda.
1667 2940 1766 3007 Qui

179 3043 370 3083 eorum
401 3028 662 3085 doctrinis
688 3029 972 3096 inhaerent,
1012 3029 1066 3084 iu
1100 3039 1297 3085 terram
1328 3030 1652 3100 praecipitari
1688 3031 1768 3085 di-

179 3130 400 3176 cuntur.
429 3122 666 3177 Tertiam
715 3137 876 3192 porro
906 3131 1110 3192 partem
1144 3124 1420 3178 stellarum
1457 3124 1603 3189 caeli,
1635 3122 1767 3178 illud

1871 1933 2098 1979 mortem
2131 1927 2304 1980 crucis
2332 1925 2511 1981 subire
2548 1927 2718 1981 voluit
2760 1943 3169 2000 cognoscamus,
3204 1933 3294 2002 qui
3333 1948 3454 1988 cum

1871 2027 2098 2072 mortem
2124 2019 2238 2087 ejus
2268 2018 2479 2073 inhians
2507 2021 2817 2090 appetisset,
2851 2023 2969 2090 ejus
2997 2028 3450 2082 resurrectionem

1872 2109 2177 2177 frustratus,
2210 2111 2275 2165 ad
2318 2111 2567 2165 thronum
2599 2112 2716 2175 Dei,
2765 2113 2813 2166 id
2841 2123 2921 2168 est
2948 2114 3012 2167 ad
3041 2116 3319 2170 dexteram
3351 2119 3451 2171 Pa-

1874 2203 1970 2257 tris
1991 2214 2200 2273 raptum
2253 2204 2496 2274 ingemit.
2528 2204 2592 2257 Et
2615 2206 2794 2259 mulier
2817 2206 2949 2275 fugit
2993 2208 3047 2260 in
3093 2209 3442 2272 solitudinem,

1872 2296 1958 2350 ubi
1985 2297 2145 2351 habet
2165 2298 2330 2350 locum
2361 2309 2716 2366 praeparatum
2741 2315 2773 2350 a
2801 2298 2930 2360 Deo,
2966 2307 3018 2351 ut
3047 2316 3156 2353 eam
3190 2301 3297 2356 illic
3329 2303 3454 2356 alat.

1872 2384 2061 2442 Diebus
2105 2387 2246 2441 mille
2287 2390 2519 2442 ducentis
2546 2393 2835 2459 sexiginta.
2890 2391 3250 2446 Solitudinem
3299 2396 3453 2461 ponit

1873 2478 2030 2548 hujus
2076 2480 2199 2534 vita:
2242 2479 2755 2549 peregrinationem,
2805 2482 2856 2533 in
2904 2496 3006 2549 qua
3056 2482 3314 2550 singulari
3359 2499 3456 2553 spe

1871 2571 2043 2626 beata:
2078 2572 2523 2626 remunerationis
2549 2581 2603 2626 ut
2635 2587 2820 2640 passer
2850 2573 3137 2642 singularis
3178 2573 3350 2643 (Psat.
3380 2583 3452 2643 ct)

1871 2665 2009 2720 vivit
2043 2665 2300 2729 Ecclesia,
2347 2681 2466 2735 qua:
2518 2680 2547 2718 a
2593 2681 2718 2734 rege
2753 2681 2852 2718 suo
2884 2675 3205 2734 potestatem
3250 2669 3456 2737 accepit

1872 2756 2110 2810 calcandi
2161 2771 2319 2824 supra
2361 2765 2640 2824 serpentes
2695 2756 2887 2827 (Marc.
2943 2773 3063 2822 xvi;
3113 2757 3240 2812 Luc.
3296 2759 3351 2828 χ)
3401 2770 3455 2812 et

1874 2847 2206 2916 scorpiones.
2239 2856 2294 2902 et
2340 2864 2502 2917 super
2548 2863 2761 2903 omnem
2810 2849 3058 2902 virtutem
3108 2849 3309 2904 inimici
3342 2853 3451 2920 jam

1873 2939 2123 2994 draconis
2189 2939 2288 2993 ruﬁ
2348 2956 2359 2992 :
2413 2954 2532 2993 nam
2602 2941 2764 2994 etiam
2829 2941 3054 3010 populus
3125 2941 3286 2997 Israel
3359 2959 3454 3012 per

1874 3044 2114 3085 eremum
2185 3029 2380 3084 ductus
2449 3030 2636 3100 (Num.
2703 3029 2857 3097 xxi),
2921 3031 3116 3100 ignitos
3179 3043 3458 3101 serpentes

1875 3123 2008 3175 τεηεί
2039 3120 2154 3174 visu
2184 3123 2356 3188 potuit
2385 3137 2661 3188 superare.
2694 3120 2895 3185 Omnia
2922 3123 3063 3175 cnim
3095 3123 3240 3189 haec,
3283 3125 3456 3193 inquit

183 3223 449 3268 memorat
480 3229 641 3270 omne
667 3228 866 3285 corpus
887 3215 1172 3279 malorum,
1195 3215 1308 3270 sive
1335 3215 1386 3269 in
1409 3215 1613 3283 angelis
1635 3229 1768 3284 quos
1799 3228 1844 3290 ρ
1878 3211 2164 3278 Apostolus
2191 3209 2245 3285 (Ι
2271 3210 2390 3265 Cor.
2425 3212 2480 3280 ιι)
2505 3254 2519 3277 ,
2560 3213 2613 3265 in
2644 3213 2807 3281 ﬁgura
2850 3215 3014 3268 nostri
3058 3215 3191 3267 facta
3222 3224 3378 3281 sunt,
3409 3229 3458 3272 et

179 3304 254 3361 de
279 3307 419 3364 casio
446 3321 629 3362 secum
657 3307 767 3375 pari
791 3307 942 3362 ruina
964 3307 1216 3376 detraxit,
1245 3309 1358 3363 sive
1381 3308 1434 3361 in
1465 3307 1767 3362 hominibus

175 3412 320 3466 quos
349 3395 584 3454 seduxit.
615 3397 812 3454 Stellas
841 3408 1043 3462 autem,
1075 3414 1211 3469 quos
1230 3399 1298 3454 de
1343 3400 1496 3454 bonis
1522 3398 1768 3454 diabolus

179 3489 446 3559 reprobos
477 3489 620 3544 facit.
667 3487 733 3542 Et
765 3489 923 3544 draco
957 3491 1093 3544 stetit
1125 3491 1177 3544 in
1207 3500 1500 3559 conspectu
1529 3490 1770 3546 mulieris

179 3597 301 3650 quae
324 3581 557 3650 paritura
584 3589 714 3646 erat,
739 3589 793 3633 ut
817 3597 931 3634 cum
953 3583 1439 3652 peperisset,natum
1460 3585 1572 3653 ejus
1591 3596 1773 3637 come-

180 3672 373 3729 disset.
405 3673 462 3728 Id
510 3682 595 3729 est
641 3672 916 3728 insidiator
964 3672 1209 3728 diabolus
1255 3687 1452 3728 novum
1499 3674 1769 3728 hominem

181 3760 275 3830 qui
305 3761 598 3816 secundum
628 3760 794 3817 Deum
823 3769 1037 3816 creatus
1079 3771 1181 3826 est,
1223 3773 1279 3816 et
1317 3763 1372 3817 in
1403 3778 1509 3833 quo
1540 3778 1771 3818 renova-

183 3869 306 3909 mur
333 3855 525 3924 Spiritu
571 3855 766 3910 mentis
789 3863 985 3910 nostra:
1013 3855 1216 3925 justitla
1238 3864 1291 3911 et
1317 3857 1600 3912 sanctitate
1626 3857 1770 3912 veri-

183 3943 310 3999 tatis
337 3943 550 4015 (Ephes.
579 3947 655 4014 ιν)
697 3948 749 4001 ἱιι
796 3945 1036 4000 Ecclesia
1085 3946 1298 4001 molitur
1329 3946 1599 4011 occidere,
1648 3961 1771 4000 cum

183 4037 239 4088 in
270 4049 591 4104 unoquoque
615 4033 850 4088 ﬁdelium
877 4033 994 4102 ejus
1025 4044 1273 4088 exortum
1302 4034 1540 4099 captiose
1585 4033 1773 4088 nititur

181 4128 398 4196 operire
452 4127 536 4181 vel
587 4127 882 4196 protectum
929 4125 1292 4194 exstinguere.
1347 4125 1459 4178 Iloc
1503 4126 1662 4178 etiam
1720 4125 1771 4178 in

184 4232 349 4274 unum
383 4215 694 4272 haereticum
726 4214 1016 4284 contigisse
1056 4216 1420 4282 meminimus,
1451 4215 1542 4284 qui
1588 4212 1772 4268 lethali

184 4311 542 4368 sornnoleutia
583 4325 737 4366 suum
779 4321 963 4365 natum
990 4324 1159 4380 usque
1200 4309 1266 4365 ad
1297 4318 1525 4364 mortem
1577 4307 1772 4375 legitur

187 4407 532 4475 pradocasse,
571 4407 624 4460 in
650 4421 758 4475 quo
789 4403 1038 4459 nativitas
1081 4405 1225 4473 vitae,
1260 4404 1312 4457 in
1348 4418 1450 4472 qua
1497 4401 1771 4456 ambulare

181 4499 454 4568 iubemur,
481 4498 659 4551 necari
689 4497 1001 4566 prophetice
1052 4494 1328 4565 ﬁguratur.
1376 4493 1432 4546 In
1477 4501 1770 4563 conspectu

1873 3304 2013 3358 sicut
2043 3305 2167 3359 illos
2195 3320 2390 3358 manna
2423 3304 2644 3368 visibili,
2675 3305 2754 3376 sic
2785 3320 2926 3360 nunc
2967 3305 3260 3360 Ecclesiam
3291 3311 3458 3376 pascit

1873 3411 2013 3467 pane
2053 3394 2280 3452 caelesti.
2313 3395 2677 3462 Prmparatum
2717 3375 2895 3452 autem
2939 3396 3118 3450 locum
3171 3375 3362 3464 habet,
3393 3400 3458 3452 de

1874 3505 1980 3559 quo
2007 3491 2265 3559 propheta
2292 3488 2420 3544 dicit
2443 3486 2612 3556 (Psal.
2645 3490 2901 3557 unm):
2935 3489 2990 3542 In
3025 3491 3141 3543 loco
3169 3506 3326 3559 quem
3355 3492 3461 3543 dis-

1875 3582 2056 3649 posuit
2099 3599 2113 3634 :
2155 3580 2406 3650 quodque
2437 3594 2558 3634 eum
2601 3594 2703 3635 nec
2751 3581 2936 3634 oculus
2966 3579 3134 3646 vidit,
3179 3596 3278 3635 nec
3319 3586 3460 3635 auris

1875 3673 2096 3738 audivit,
2129 3686 2228 3726 nec
2255 3671 2307 3726 in
2335 3685 2429 3725 cor
2457 3672 2684 3726 hominis
2716 3673 2956 3726 ascendit
2980 3669 3031 3740 (1
3058 3669 3174 3725 Cor.
3205 3671 3309 3741 ιιι),
3337 3675 3459 3742 quia

1875 3777 1972 3819 cor
2000 3763 2233 3818 hominis
2263 3762 2386 3818 illuc
2416 3762 2576 3816 debet
2613 3763 2930 3829 ascendere,
2956 3762 3172 3816 humani
3199 3766 3461 3818 sermonis

1878 3869 2007 3926 pace
2035 3865 2218 3909 mutua
2246 3854 2625 3923 compelleute,
2653 3854 2829 3908 locum
2854 3853 3172 3922 dispositum
3206 3865 3257 3909 et
3287 3856 3460 3910 locum

1879 3958 2234 4017 praeparatum
2287 3946 2458 4014 potuit
2508 3954 2792 4014 utrumque
2838 3947 3098 4015 proferre,
3142 3962 3262 3999 cum
3305 3956 3461 4001 antea

1877 4042 2250 4112 prazmitteret,
2275 4040 2458 4093 dicens
2487 4038 2657 4108 (Psal.
2686 4043 2910 4102 Lxxxnt)
2937 4057 2948 4091 :
2978 4037 3172 4091 Beatus
3204 4040 3285 4092 vir
3314 4040 3462 4106 cujus

1878 4141 1957 4186 est
1997 4131 2268 4198 susceptio
2311 4131 2426 4196 ejus
2471 4131 2566 4182 abs
2611 4139 2682 4189 te.
2730 4130 2973 4192 Domine,
3023 4131 3367 4186 ascensiones
3409 4133 3459 4184 in

1878 4222 2040 4278 corde
2062 4223 2178 4290 ejus
2206 4220 2470 4289 disposuit
2494 4223 2545 4272 in
2576 4220 2824 4274 convalle
2850 4221 3184 4288 plorationis,
3212 4221 3263 4274 in
3289 4221 3462 4276 locum

1879 4328 2036 4383 quem
2082 4312 2362 4380 disposuit.
2407 4310 2552 4364 Idem
2595 4325 2826 4378 nunque
2867 4319 2920 4362 et
2961 4309 3148 4377 relugii
3196 4310 3344 4364 locus
3383 4320 3484 4382 est

1880 4404 2196 4474 peregrinis,
2239 4413 2291 4458 et
2321 4403 2626 4458 reiectionis
2663 4401 2816 4455 cibus
2863 4402 3223 4456 esurientibus
3264 4387 3490 4467 servis,l

1879 4495 1970 4564 qui
2013 4509 2222 4548 merces
2270 4493 2599 4561 promittitur
2646 4493 2962 4560 regnaturis.
3009 4491 3134 4547 Ilaec
3174 4508 3303 4562 ergo
3343 4510 3464 4562 quae

185 4597 363 4644 autem
397 4589 634 4644 mulieris
661 4590 875 4645 stetisse
896 4589 1112 4652 dicitur,
1141 4587 1393 4658 quoniam
1424 4587 1534 4654 illa,
1571 4586 1763 4653 inquit,
1796 4609 1850 4669 Β
1880 4587 2086 4657 paravit
2124 4586 2264 4641 Deus
2303 4584 2562 4654 Apostolo
2594 4585 2806 4642 dicente
2839 4585 2888 4655 (Ι
2925 4585 3048 4640 Cor.
3083 4587 3163 4656 tt),
3195 4587 3465 4658 diligenti-

185 4679 498 4734 observabit
541 4688 701 4749 caput
745 4689 914 4745 tuum,
944 4690 998 4736 et
1041 4689 1096 4734 tu
1138 4677 1473 4733 insidiaheris
1514 4676 1768 4732 calcaneo

183 4772 303 4842 ejus
333 4770 489 4840 (Gen.
515 4772 617 4838 ιιι).
662 4770 727 4823 Et
749 4772 941 4840 peperit
970 4772 1254 4825 masculum
1279 4771 1364 4840 qui
1392 4778 1622 4822 recturus
1659 4775 1769 4820 crat

183 4879 359 4918 omnes
383 4871 554 4934 gentes
590 4863 644 4916 in
674 4864 816 4932 virga
857 4864 1042 4932 ferrea.
1101 4863 1225 4918 Ideo
1264 4862 1582 4925 masculum,
1627 4860 1768 4928 quod

182 4953 325 5011 virili
351 4955 500 5011 sexui
535 4955 839 5008 noverimus
863 4963 1110 5024 tanquam
1134 4955 1419 5022 superiori,
1440 4955 1560 5022 jure
1581 4953 1769 5008 deberi

185 5047 484 5102 victoriam.
517 5046 680 5100 Recte
708 5043 791 5099 hic
813 5055 974 5112 caput
1006 5045 1262 5100 Ecclesiae
1287 5046 1532 5100 Christus
1558 5050 1609 5097 in
1655 5046 1734 5098 sin
1753 5076 1770 5085 -

183 5137 323 5207 gulis
347 5137 602 5192 membris
631 5135 824 5190 dicitur
868 5135 1040 5201 nasci,
1075 5137 1164 5205 qui
1195 5136 1538 5206 cognoscitur
1570 5137 1765 5204 princi-

181 5233 321 5303 pari.
353 5232 470 5302 Ipse
496 5232 644 5287 enim
669 5240 855 5287 auctor
889 5237 947 5286 et
986 5239 1388 5286 consummator
1413 5241 1494 5286 est
1536 5231 1681 5297 ﬁdei,
1712 5233 1766 5287 in

182 5340 292 5393 quo
319 5325 576 5382 faciemus
604 5327 877 5380 virtutem.
909 5325 966 5379 In
995 5326 1141 5395 virga
1167 5325 1360 5388 ferrea,
1392 5325 1446 5380 id
1471 5335 1554 5380 est
1593 5327 1644 5380 in
1679 5325 1764 5380 in-

182 5415 402 5472 ﬁexibili
426 5415 652 5486 justitia.
685 5415 874 5486 Reget,
904 5415 955 5470 in
995 5415 1181 5481 bonis;
1213 5416 1538 5488 contringet,
1574 5417 1627 5470 in
1659 5432 1766 5470 ma-

183 5507 271 5563 lis.
328 5507 480 5575 Quod
529 5509 689 5564 etiam
742 5508 862 5577 ejus
912 5507 1171 5564 Ecclesiae
1231 5519 1486 5578 tanquam
1553 5509 1766 5578 corpori

182 5611 462 5673 coaptatur
483 5611 537 5658 et
564 5603 749 5671 capiti.
779 5603 980 5658 Omnes
1009 5605 1151 5658 enim
1171 5601 1388 5674 (inquit)
1408 5604 1498 5674 qui
1529 5605 1580 5657 in
1610 5603 1771 5659 Chri-

187 5704 270 5749 sto
295 5694 421 5750 Jesu
453 5692 703 5764 baptizati
723 5694 856 5748 estis
887 5692 1160 5751 Christum
1184 5694 1433 5750 induistis
1453 5693 1772 5764 (GulatJIt);

187 5792 264 5854 et,
294 5784 460 5841 Erunt
489 5784 595 5838 duo
641 5783 692 5837 iu
723 5798 884 5838 carne
905 5799 1028 5839 una.
1064 5787 1217 5855 Quod
1247 5787 1300 5843 in
1325 5786 1547 5846 Christo
1573 5787 1776 5844 intelli-

463 5876 732 5938 ιἈτιιοι..
781 5875 1057 5940 LXVIII.

1875 4678 1974 4733 bus
2003 4693 2062 4732 se
2098 4695 2110 4730 :
2145 4678 2330 4744 Nobis,
2362 4676 2574 4746 inquit,
2609 4676 2868 4731 revelavit
2909 4678 3047 4731 Deus
3079 4695 3170 4746 pcr
3202 4680 3460 4748 Spiritum

1872 4786 2050 4835 suum,
2082 4789 2188 4842 quo
2212 4787 2318 4826 uno
2345 4771 2638 4840 revelaute,
2672 4771 2786 4826 lucc
2809 4773 3068 4841 profunda
3090 4773 3250 4826 etiam
3274 4774 3460 4828 beatus

1872 4865 2111 4921 Joannes
2144 4867 2313 4935 potuit
2345 4875 2652 4934 penetrare,
2689 4866 2791 4920 isto
2821 4878 2951 4918 sane
2977 4865 3182 4918 dierum
3214 4881 3458 4926 numero,

1874 4959 1964 5028 qui
1997 4969 2103 5013 tres
2129 4973 2298 5012 annos
2335 4967 2390 5014 et
2435 4975 2526 5012 sex
2570 4972 2782 5012 menses
2822 4956 3049 5022 faciunt,
3082 4959 3262 5013 outuia
3309 4957 3463 5012 Chri-

1877 5050 2164 5103 stianitatis
2195 5058 2438 5117 tempora
2471 5049 2631 5102 etiam
2678 5049 2778 5102 hoc
2809 5048 2927 5102 loco
2954 5049 3215 5115 signiﬁcat
3254 5064 3319 5101 ex
3359 5065 3464 5114 quo

1873 5139 2072 5195 Christi
2108 5140 2418 5209 prtedicatio
2450 5141 2634 5206 cmpit,
2663 5149 2718 5194 et
2743 5154 2912 5207 usque
2953 5140 3004 5193 in
3035 5137 3194 5192 ﬁnem
3234 5139 3460 5194 fructiﬁ-

1875 5247 2003 5288 cans
2040 5235 2257 5289 crescit.
2284 5233 2350 5286 Et
2393 5233 2590 5288 accidit
2631 5233 2865 5302 praelium
2903 5233 2958 5286 iu
2987 5235 3111 5287 caelo
3154 5233 3380 5288 Michael
3416 5251 3456 5288 α

1873 5327 2076 5397 angelis
2120 5330 2231 5398 ejus
2258 5367 2272 5393 ,
2306 5337 2364 5380 ut
2411 5337 2705 5396 pugnarent
2748 5343 2866 5378 cum
2914 5328 3153 5392 dracone,
3193 5335 3300 5382 etc.
3344 5327 3460 5382 Non

1874 5421 1960 5476 hic
1994 5422 2280 5491 putandum
2309 5431 2423 5486 est,
2455 5421 2673 5490 angelos
2704 5420 2794 5474 Dei
2828 5421 2878 5474 in
2923 5421 3058 5476 caelo
3097 5436 3256 5476 ausos
3299 5421 3464 5477 fuisse

1874 5515 2210 5584 impugnare,
2245 5528 2366 5568 cum
2407 5527 2504 5566 nec
2545 5511 2646 5567 Job
2687 5512 2771 5567 hic
2814 5523 3014 5580 posset,
3050 5513 3151 5568 nisi
3191 5513 3302 5568 Deo
3339 5530 3461 5584 pcr-

1877 5607 2142 5670 mittcnte,
2175 5616 2378 5661 tentare
2416 5606 2539 5676 (Job
2584 5605 2645 5672 ι).
2679 5605 2784 5660 Sed
2816 5606 3009 5660 coelum
3053 5605 3137 5662 hic
3167 5606 3462 5664 Ecclesium

1881 5698 2216 5754 manifestius
2242 5697 2564 5760 declaravit,
2597 5696 2684 5750 ubi
2716 5708 2901 5752 contra
2930 5696 3248 5767 Spiritalium
3279 5703 3466 5771 nequi-

1883 5791 1981 5849 tias
2027 5792 2096 5848 ab
2133 5805 2452 5862 unoquoque
2494 5787 2734 5845 ﬁdelium.
2764 5790 2957 5860 jugiter
2985 5790 3288 5848 diuticatur.
3331 5793 3465 5851 Hinc

2948 5879 3026 5941 28
