3968 6354
556 314 660 369 875

1661 307 1859 362 PRIMA
1873 307 1954 361 Sl|
1996 306 2233 362 ADliUM
2248 306 2449 361 ETANI
2493 307 2707 365 EPISC.

3770 314 3853 369 εἲς

559 426 845 498 Apostolus
877 426 1093 498 (Ep/tes.
1120 426 1226 494 vi):
1265 425 1379 479 Non
1416 433 1497 479 est
1528 422 1681 477 nobis
1706 422 2012 476 colluctatio
2050 421 2144 474 ad-
2172 429 2219 483 Α
2248 423 2453 492 accepit
2482 423 2642 478 etiam
2677 432 2995 493 potestatem
3042 426 3239 495 ligandi
3277 428 3456 483 soluta
3504 438 3571 484 et
3619 429 3851 486 solvendi

561 535 747 576 versus
773 536 992 575 carnem
1032 528 1086 574 et
1116 519 1451 587 sanguinem,
1478 516 1569 570 sed
1594 515 1851 568 adversus
1880 514 2143 584 principes

559 624 615 669 et
638 623 949 685 poteStatcs,
971 622 1025 668 et
1049 612 1305 667 adversus
1331 611 1510 663 mundi
1538 618 1777 663 rectores
1805 608 2145 663 tenebrarum

562 707 772 762 harum.
806 707 930 762 Ideo
960 712 1133 758 autem
1166 704 1253 757 hic
1282 690 1598 758 Michaelem
1638 717 1758 755 cum
1797 700 2002 771 angelis
2038 702 2148 753 suis

561 808 749 853 contra
768 796 1039 853 diabolum
1074 795 1364 865 conﬂigere
1390 796 1549 859 dicit,
1589 796 1713 864 quia
1738 792 2030 848 secundum
2058 808 2151 845 vn-

563 893 819 946 luntatem
850 905 943 959 pro
989 889 1367 959 peregrinante
1406 889 1645 943 Ecclesia
1672 886 1878 941 orando
1916 896 1965 940 et
1999 885 2149 954 adju-

565 982 702 1038 torio
731 982 1103 1049 ministrando,
1130 991 1275 1036 recte
1296 979 1609 1050 intelligitur
1632 994 1729 1047 pro
1754 993 1814 1032 ea
1833 976 2143 1046 conﬂigere.

563 1074 750 1129 Nonne
783 1082 907 1127 sunt
931 1086 1141 1137 omnes,
1174 1072 1344 1141 inquit
1373 1070 1659 1141 Apostolus
1684 1068 1867 1139 (Hebr.
1892 1069 1931 1135 ι)
1951 1108 1965 1133 ,
1990 1068 2151 1121 admi-

566 1162 882 1217 nistratores
912 1164 1153 1232 spiritus,
1179 1162 1327 1217 missi
1354 1163 1405 1216 in
1431 1161 1781 1216 ministerium
1816 1169 2032 1230 propter
2056 1174 2151 1212 eos

564 1255 655 1325 qui
684 1255 1053 1311 hereditatem
1083 1255 1301 1325 capiunt
1324 1254 1514 1309 salutis
1544 1253 1796 1308 arternaa‘?
1820 1252 1951 1306 Nam
1975 1262 2027 1306 et
2056 1267 2149 1305 no-

565 1364 687 1404 men
717 1350 889 1419 ipsius
934 1349 1160 1405 Michael
1190 1394 1204 1416 ,
1232 1347 1554 1417 adjutorium
1597 1348 1693 1401 Dei
1740 1347 2148 1415 interpretatum

565 1442 782 1509 dicitur,
808 1452 863 1497 et
892 1456 1127 1510 congrue
1149 1441 1255 1495 hoc
1283 1442 1330 1495 ei
1358 1454 1493 1508 opus
1517 1439 1817 1508 specialiter
1838 1440 2146 1508 deputatur.

567 1532 746 1604 Ipsum
775 1534 919 1589 enim
950 1542 1006 1588 et
1036 1533 1216 1587 Daniel
1242 1533 1293 1587 in
1329 1533 1614 1587 novissima
1641 1546 1889 1601 pressura
1920 1532 1972 1585 in
2001 1531 2152 1599 adju-

568 1625 763 1680 torium
800 1624 935 1679 dixit
984 1625 1237 1679 Ecclesia:
1276 1639 1395 1681 esse
1438 1635 1742 1679 venturum.
1780 1624 1834 1677 ln
1875 1631 2145 1692 tempore,

567 1722 741 1792 inquit
788 1719 950 1792 (Dan.
991 1722 1125 1792 xu),
1158 1722 1250 1776 illo
1294 1729 1585 1791 consurget
1630 1721 1855 1776 Michael
1899 1723 2151 1791 princeps

2254 514 2433 583 ligata,
2448 531 2569 570 cum
2596 517 2647 570 in
2671 531 2777 570 uno
2801 517 2962 572 Petro
2980 521 3215 588 generali
3239 522 3671 591 significatione
3693 530 3848 579 omnis

2250 608 2483 661 audivit:
2517 609 2647 675 Quae
2676 608 2923 679 ligaveris
2949 624 3110 676 super
3138 620 3367 676 terrain,
3399 613 3590 681 ligata
3632 622 3786 665 erunt
3806 625 3845 666 et

2253 704 2305 756 in
2336 702 2487 757 caelis
2513 720 2527 766 ,
2559 711 2613 757 et
2643 718 2760 770 quae
2790 702 3039 766 solveris,
3070 703 3239 757 soluta
3264 702 3493 775 (Matth.
3524 702 3638 773 τι).
3676 704 3746 758 De
3770 705 3843 759 hac

2255 794 2511 848 Dominus
2542 793 2672 847 dicit
2703 793 2919 865 (Matth.
2953 794 3174 864 xxvnt):
3210 795 3341 849 Data
3386 804 3487 851 est
3523 795 3669 849 mihi
3698 799 3842 851 omnis

2250 898 2493 958 potestas
2521 887 2572 941 in
2603 888 2742 943 coelo
2771 897 2823 943 et
2854 888 2905 942 in
2936 896 3099 953 terra,
3143 902 3248 942 non
3280 903 3443 956 quam
3500 902 3731 957 semper
3752 890 3840 955 ipse

2256 980 2463 1045 habuit,
2489 979 2582 1033 sed
2612 994 2770 1049 quam
2818 979 2871 1032 in
2902 978 3140 1033 Ecclesia
3170 994 3235 1033 ex
3266 988 3533 1049 tempore
3563 996 3678 1049 quo
3707 982 3836 1033 volet

2257 1080 2509 1142 tanquam
2549 1082 2710 1141 caput
2737 1070 2788 1124 in
2820 1070 3078 1125 membris
3114 1071 3313 1127 habere
3356 1071 3568 1140 C(Bpil.
3603 1071 3831 1138 Quoniam

2255 1164 2621 1233 prmcipitatus
2650 1173 2724 1216 est
2763 1172 3033 1216 accusator
3061 1163 3283 1231 fratrum
3306 1174 3647 1227 nostrorum,
3676 1163 3755 1231 qui
3775 1180 3829 1213 ti:-

2254 1259 2462 1311 cusabat
2483 1274 2575 1312 eos
2597 1258 2651 1311 in
2670 1267 2959 1327 conspectu
2986 1256 3079 1312 Dei
3101 1259 3263 1311 nostri
3282 1258 3485 1311 diebus
3504 1270 3578 1310 ac
3604 1257 3826 1310 noctibus.

2257 1352 2616 1420 Exsupcratus
2640 1361 2723 1405 εει
2760 1351 2829 1405 ab
2871 1351 3001 1419 ipsis
3040 1362 3246 1419 propter
3271 1352 3603 1420 sanguinem
3630 1350 3773 1417 Agni,
3794 1362 3825 1401 et

2255 1458 2462 1513 propter
2489 1444 2693 1497 verbum
2715 1444 2988 1497 testimonii
3014 1459 3219 1497 eorum.
3250 1442 3566 1497 Przcmisso
3594 1457 3755 1509 nuper
3774 1446 3823 1495 lo-

2254 1534 2486 1588 cutionis
2515 1548 2734 1603 genere,
2771 1548 2836 1587 ex
2875 1547 3105 1601 persona
3130 1533 3454 1603 angelorum
3492 1532 3673 1585 dicit:
3704 1548 3818 1584 acru-

2255 1634 2403 1679 Sator
2432 1625 2657 1678 fratrum
2689 1634 2996 1678 nostrorum
3021 1664 3036 1689 ,
3084 1623 3136 1677 id
3173 1631 3254 1677 est
3278 1663 3295 1689 ,
3338 1623 3558 1676 civium
3606 1622 3658 1674 in
3689 1621 3819 1674 futuri

2257 1728 2560 1773 nostrorum
2594 1759 2608 1783 ,
2668 1733 2809 1772 nunc
2859 1726 3035 1771 autem
3088 1716 3538 1784 peregrinorum.
3588 1715 3667 1767 Ad
3715 1715 3813 1767 illam

570 1826 795 1883 magnus
817 1852 833 1877 ,
863 1813 954 1883 qui
979 1821 1086 1867 stat
1113 1828 1207 1879 pro
1240 1812 1362 1868 filiis
1390 1814 1567 1883 populi
1598 1814 1696 1879 tui,
1727 1823 1780 1868 et
1808 1814 1988 1868 veniet
2020 1822 2148 1867 tem-
2181 1808 2229 1867 B
2253 1811 2447 1879 quippe
2467 1809 2734 1864 civitatem
2758 1810 3028 1863 caelestem
3047 1807 3342 1862 Jerusalem
3360 1806 3566 1861 fideles
3590 1817 3813 1857 nunctan-

569 1920 667 1973 pos
692 1905 849 1975 quale
879 1921 984 1961 non
1016 1905 1114 1959 fult
1156 1906 1225 1960 ab
1254 1922 1319 1961 eo
1352 1923 1459 1977 quo
1490 1917 1681 1977 gentes
1703 1921 1824 1962 esse
1852 1919 2147 1977 coeperunt,

567 2012 737 2068 usque
758 1998 826 2053 ad
855 2008 1065 2071 tempus
1104 1999 1254 2054 illud.
1287 2001 1355 2055 Et
1380 2002 1433 2055 in
1464 2010 1707 2071 tempore
1738 2002 1827 2057 illo
1862 2002 2155 2057 Salvabilttt‘

567 2089 795 2157 papulus
838 2102 992 2155 tuus,
1021 2092 1197 2147 omnis
1228 2094 1320 2162 qui
1358 2092 1605 2148 inventus
1646 2094 1805 2150 fuerit
1842 2095 2070 2166 scriptus
2101 2097 2152 2151 in

566 2179 727 2236 libro.
769 2181 921 2250 Quod
960 2197 1085 2239 vero
1126 2185 1303 2254 angeli
1348 2185 1465 2254 ejus
1504 2200 1625 2241 esse
1653 2186 1934 2251 dicuntur,
1975 2203 2040 2241 eo
2070 2188 2155 2242 hic

565 2271 851 2327 locutionis
870 2288 1068 2343 genere
1085 2290 1211 2329 usus
1232 2283 1336 2342 est,
1362 2291 1467 2346 quo
1489 2275 1712 2347 legimus
1737 2278 1951 2349 (Matth.
1976 2278 2151 2346 xvnt):

564 2360 827 2429 Quoniam
870 2364 1044 2433 angeli
1086 2379 1272 2419 eorum
1307 2366 1359 2419 in
1404 2366 1559 2421 ccelis
1597 2383 1810 2437 semper
1849 2371 2031 2424 vident
2080 2374 2152 2422 Ia-

563 2453 707 2508 ciem
735 2451 910 2507 Patris
932 2456 1060 2522 mei,
1081 2455 1170 2524 qui
1202 2454 1256 2509 in
1279 2456 1430 2512 cadis
1459 2466 1563 2524 est,
1586 2473 1774 2513 eorum
1795 2460 1999 2515 scilicet
2024 2477 2155 2530 quo-

565 2554 683 2598 rum
704 2543 849 2599 cives
868 2558 989 2600 esse
1010 2546 1062 2599 in
1089 2546 1359 2602 Christum
1392 2548 1660 2604 credendo
1688 2559 1990 2619 coeperunt,
2015 2551 2155 2606 sicut

564 2642 621 2688 et
646 2633 733 2690 hic
762 2634 933 2704 angeli
974 2636 1125 2704 ejus:
1171 2640 1294 2707 quia
1323 2653 1431 2694 uno
1464 2641 1785 2710 praesidente
1812 2658 1937 2712 rege
1966 2659 2152 2699 mune.

567 2726 696 2793 rari,
726 2735 782 2781 et
807 2741 915 2781 uno
942 2726 1142 2798 Spiritu
1172 2730 1465 2786 creduntur
1502 2732 1813 2789 vivificante
1839 2734 2149 2790 beatificari.

567 2815 634 2871 Et
666 2818 825 2873 draco
864 2820 1131 2891 pugnabat
1159 2831 1205 2876 et
1252 2824 1423 2893 angeli
1461 2826 1598 2896 ejus,
1629 2840 1806 2895 neque
1845 2828 2148 2892 caluerunt,

567 2924 726 2979 neque
755 2910 898 2964 locus
937 2928 1110 2966 eorum
1148 2913 1370 2984 amplius
1396 2915 1451 2967 in
1488 2917 1611 2969 caelo
1639 2916 1869 2971 iuventus
1899 2926 1993 2971 est.
2034 2919 2153 2971 Dia-

572 3001 728 3055 bolus
756 3012 812 3057 et
833 3004 1007 3073 angeli
1037 3004 1153 3073 ejus
1195 3007 1524 3076 intelligendi
1556 3017 1712 3073 sunt,
1759 3011 1849 3079 qni
1885 3011 1933 3065 ei
1965 3020 2149 3064 natura

569 3100 624 3146 et
651 3092 928 3149 voluntate
953 3094 1159 3151 similes
1194 3106 1338 3164 sunt,
1362 3098 1454 3153 sed
1478 3108 1531 3154 et
1559 3099 1821 3167 homines,
1846 3101 1935 3171 qui
1962 3117 2147 3156 eorum

2257 1903 2418 1965 dunt,
2451 1917 2607 1972 quam
2649 1902 2820 1970 angeli
2846 1901 3073 1954 feliciter
3099 1898 3359 1953 incolunt.
3393 1897 3566 1963 Quod
3594 1906 3749 1951 autem
3770 1896 3810 1949 de

2257 1994 2408 2047 cmlis
2436 1994 2735 2057 exclusum,
2770 1994 2821 2046 in
2858 2000 3052 2045 terram
3079 1990 3303 2044 missum
3346 1988 3645 2057 gaudendo
3680 1988 3810 2040 dicere

2259 2082 2610 2150 perhibentur
2636 2125 2650 2149 ,
2707 2082 2918 2135 illorum
2972 2079 3330 2147 redemptioni
3361 2078 3804 2147 congratulantur,

2257 2188 2393 2244 quos
2421 2173 2521 2228 sibi
2556 2173 2823 2227 Dominus
2850 2171 2916 2225 ad
2966 2170 3372 2225 inhabitandutn
3416 2184 3719 2239 prmpararc
3752 2168 3805 2220 tli-

2255 2278 2446 2337 gnatus
2473 2276 2557 2323 est
2579 2267 2857 2337 templum.
2885 2266 3078 2321 Anima
3105 2265 3247 2321 enim
3283 2265 3421 2334 justi
3454 2265 3619 2319 sedes
3639 2263 3802 2328 sapien-

2256 2359 2366 2412 tiae.
2400 2360 2471 2413 De
2496 2359 2722 2413 terrenis
2751 2368 2953 2420 autem,
2978 2357 3030 2411 in
3057 2372 3192 2425 quos
3212 2356 3417 2410 dicitur
3452 2356 3793 2416 descendisse,

2255 2452 2447 2508 divina:
2473 2453 2696 2523 justitiae
2721 2452 3016 2522 penetralia
3040 2451 3214 2521 angeli
3242 2451 3623 2520 cognoscendo
3637 2449 3783 2502 cultan-

2254 2548 2405 2612 dant,
2445 2548 2603 2617 eique
2645 2546 3065 2602 misericordiam
3098 2556 3153 2600 et
3192 2546 3460 2615 judicium
3504 2559 3650 2614 super
3678 2542 3786 2595 beati

2255 2641 2563 2705 dccantant,
2591 2656 2712 2695 cum
2737 2648 2789 2693 et
2818 2640 2869 2693 in
2894 2638 3184 2707 redemptis
3205 2638 3441 2701 bonitas,
3471 2648 3522 2692 et
3548 2638 3597 2690 in
3617 2634 3793 2705 perditis

2254 2736 2478 2803 mquitas
2507 2734 2682 2788 divina
2714 2740 3062 2787 monstratur.
3094 2730 3225 2784 Nam
3248 2739 3303 2784 et
3332 2730 3408 2784 illi
3438 2732 3700 2783 vincentes
3722 2740 3794 2794 per

2255 2828 2394 2896 Agni
2414 2826 2727 2897 sanguinem
2746 2826 2994 2880 dicuntur
3009 2823 3279 2878 diabolum
3303 2836 3551 2890 superare
3567 2819 3794 2888 potuisse.

2256 2918 2325 2971 Et
2352 2916 2491 2987 quod
2521 2915 2785 2985 sequitur,
2819 2914 2929 2970 Nec
2956 2922 3271 2968 amaverunt
3291 2914 3475 2966 animas
3498 2926 3615 2963 sus
3647 2924 3796 2976 usque

2254 3010 2319 3063 ad
2367 3020 2620 3074 mortem,
2673 3010 2814 3063 illam
2870 3008 3051 3078 utique
3104 3008 3359 3078 accepisse
3395 3004 3631 3062 credendi
3668 3010 3790 3056 sunt

2255 3101 2591 3165 charitatem,
2622 3117 2739 3171 qua:
2761 3100 3075 3155 diffunditur
3105 3102 3156 3154 in
3188 3100 3425 3156 cordibus
3446 3098 3657 3158 nostris,
3688 3111 3787 3149 non

564 3183 768 3254 laqueis
799 3185 986 3241 irretiti
1011 3231 1025 3256 ,
1065 3189 1253 3243 talium
1287 3190 1483 3245 fuerint
1522 3202 1837 3248 sectatores.
1880 3194 2012 3249 Nam
2056 3211 2149 3264 pro
2177 3178 2221 3240 Ο
2257 3212 2319 3251 ex
2345 3196 2519 3261 nobis,
2552 3196 2643 3249 sed
2678 3211 2771 3261 per
2808 3195 3067 3260 Spiritum
3119 3201 3392 3257 sanetum,
3421 3191 3511 3260 qui
3539 3190 3683 3244 datus
3722 3196 3788 3242 est

564 3276 906 3343 qualitatibus
952 3279 1285 3337 voluntatum
1331 3292 1384 3338 et
1419 3284 1486 3338 de
1525 3285 1738 3340 diabolo
1776 3286 1974 3342 dictum
2024 3298 2145 3342 est:

564 3369 731 3424 Malus
762 3372 921 3425 homo
964 3372 1063 3428 hoc
1103 3373 1227 3429 fecit
1257 3373 1473 3444 (Matth.
1506 3377 1645 3449 xm),
1678 3388 1731 3444 et
1758 3379 1826 3434 de
1851 3379 2008 3447 Juda,
2038 3381 2149 3435 dia-

563 3461 715 3516 bolus
742 3472 824 3517 est
842 3462 1023 3532 (Joan.
1039 3466 1135 3536 vi).
1162 3467 1421 3537 Bipartito
1442 3470 1639 3539 quippe
1661 3485 1886 3539 corpore
1906 3472 2149 3527 diabolus

561 3553 614 3606 in
662 3554 775 3610 suis
805 3555 1056 3620 traditur,
1081 3558 1254 3613 victus
1292 3568 1469 3614 autem
1501 3561 1567 3615 ab
1595 3561 1674 3615 eis
1702 3561 1899 3616 dicitur
1927 3563 2145 3631 expelli,

562 3645 651 3714 qui
682 3656 801 3714 post
831 3649 1284 3705 renuntiationcm
1317 3652 1457 3723 ejus,
1488 3654 1593 3707 fide
1632 3652 1826 3708 Christi
1855 3668 2102 3725 percepta
2126 3699 2142 3723 ,

563 3752 779 3793 errores
810 3740 928 3809 ejus
968 3742 1104 3795 ultra
1149 3758 1253 3797 non
1283 3754 1554 3815 repetunt,
1586 3747 1680 3801 sed
1722 3747 1772 3801 in
1803 3748 1882 3801 eis
1914 3749 2146 3802 charitas

563 3841 873 3898 perseverat
896 3832 963 3884 dc
993 3832 1155 3886 corde
1186 3850 1316 3901 puro
1349 3844 1402 3889 et
1439 3838 1767 3891 conscientia
1796 3838 1932 3893 bona
1966 3848 2019 3893 et
2042 3839 2146 3895 ﬁde

563 3933 669 3973 non
702 3918 821 3973 ﬂeta
867 3919 917 3987 (Ι
947 3920 1082 3976 Tim.
1120 3924 1187 3991 ι);
1218 3925 1332 3979 sive
1361 3929 1574 3996 quando
1605 3932 1671 3981 ab
1696 3929 1842 3982 omni
1873 3931 2139 3988 malorum

562 4011 943 4066 commixtione
969 4012 1081 4082 jam
1110 4028 1353 4083 separata
1395 4017 1655 4086 Ecclesia,
1686 4031 1739 4075 et
1764 4020 1937 4076 futura
1970 4023 2140 4078 beati-

562 4102 747 4158 tudine
774 4104 1091 4174 glorificata,
1130 4109 1346 4163 diabolo
1376 4122 1429 4165 et
1457 4114 1659 4182 angelis
1686 4114 1802 4183 ejus
1834 4119 2009 4172 nullus
2048 4135 2143 4174 nc-

557 4210 663 4265 que
690 4197 981 4252 sedurendi
1029 4199 1198 4254 malos
1219 4245 1232 4266 ,
1278 4218 1451 4273 neque
1479 4204 1736 4273 probandi
1770 4210 1959 4279 bonos,
1992 4211 2140 4266 locus

556 4288 786 4357 amplius
819 4290 1099 4345 tribuetur.
1139 4290 1289 4347 Unde
1331 4295 1567 4362 psalmus
1601 4297 1771 4364 ipsum
1814 4311 2028 4366 notans,
2057 4302 2138 4355 di-

551 4380 625 4433 cit
668 4378 839 4450 (Psal.
883 4381 1099 4452 sxxvr):
1150 4383 1431 4451 Transivi,
1475 4396 1530 4441 et
1573 4402 1699 4442 ecce
1739 4404 1844 4443 non
1887 4402 2038 4454 erat;
2087 4403 2140 4447 et

550 4475 769 4542 quaesivi
795 4490 942 4541 eum,
972 4486 1025 4531 et
1055 4492 1159 4532 non
1189 4488 1273 4534 est
1300 4480 1546 4537 inventus
1576 4482 1725 4537 locus
1750 4482 1891 4551 ejus.
1921 4486 1985 4539 Et
2014 4487 2137 4540 mis-

2254 3288 2406 3342 nobis
2438 3286 2612 3357 (Rom.
2645 3287 2724 3357 v).
2754 3287 2887 3341 lluic
2916 3300 3020 3340 tam
3054 3300 3247 3353 magno
3285 3284 3422 3339 bono
3456 3280 3787 3351 congratulan-

2252 3380 2377 3434 dum
2416 3380 2637 3444 docens,
2672 3378 2799 3432 dicit
2827 3396 2839 3429 :
2876 3378 3097 3445 Propter
3130 3376 3232 3429 hoc
3271 3372 3570 3440 cxsultate,
3595 3370 3722 3433 certi,
3750 3378 3783 3419 (ι

2250 3472 2338 3542 qui
2367 3470 2602 3523 habitatis
2631 3472 2683 3523 in
2709 3470 2801 3523 eis.
2834 3468 2929 3522 Hic
2969 3468 3015 3521 si
3042 3476 3098 3522 ut
3127 3466 3376 3536 superius
3404 3465 3462 3519 in
3493 3464 3677 3533 angelis
3699 3475 3775 3515 eis

2252 3562 2359 3616 lum
2395 3560 2635 3615 Ecclesia
2674 3567 3050 3629 cognoscatur,
3081 3559 3324 3627 utrisque
3354 3558 3611 3611 convenit
3636 3556 3681 3609 in
3706 3552 3777 3606 Do-

2251 3655 2397 3705 mino
2426 3650 2766 3706 concorditer
2800 3650 3076 3719 gratulari,
3106 3663 3226 3703 cum
3264 3656 3319 3701 et
3348 3647 3598 3702 homins
3626 3645 3776 3715 angelis

2250 3745 2442 3799 sociari
2466 3742 2775 3812 creduntur,
2803 3751 2859 3797 et
2880 3742 3053 3811 angeli
3081 3742 3358 3797 hominum
3389 3742 3451 3796 in
3478 3739 3765 3796 Christh

2248 3836 2462 3891 stantia:
2510 3835 2849 3889 famulantur
2902 3834 3189 3903 Sequitur,
3249 3832 3341 3888 Ve:
3377 3835 3563 3897 vobis,
3597 3842 3704 3885 terra
3724 3836 3768 3884 et

2249 3946 2417 3998 mare,
2448 3931 2700 4001 quoniam
2731 3930 2991 3983 descendit
3019 3929 3087 3981 ad
3113 3942 3200 3981 vos
3227 3927 3480 3981 diabolus
3508 3943 3614 3982 cum
3629 3925 3690 3979 ira
3707 3921 3773 3976 ia-

2247 4025 2411 4092 genti,
2457 4024 2621 4077 sciens
2668 4022 2923 4075 modicum
2952 4020 3052 4075 sibi
3097 4029 3294 4089 tempus
3324 4015 3781 4089 superesscistcut

2246 4118 2549 4201 redemptis
2565 4116 2871 4177 exsultatio,
2898 4114 2974 4169 sic
2997 4113 3345 4182 pereuntibus
3373 4112 3623 4180 planctus
3647 4107 3781 4164 debuit

2245 4210 2505 4263 exhiberi.
2544 4209 2680 4263 llinc
2710 4206 2957 4262 Ezechiel
2996 4206 3124 4260 dicit
3152 4203 3304 4275 (Cap.
3336 4205 3395 4276 ιι)
3426 4220 3491 4259 se
3521 4206 3700 4260 librum
3723 4212 3783 4251 ac-

2245 4300 2451 4369 cepisse
2475 4299 2760 4354 babcntem
2785 4298 3039 4363 scriptum
3066 4297 3381 4361 lamentum,
3408 4311 3633 4351 carmen
3655 4304 3781 4347 rt??-

2243 4391 2301 4447 ln
2340 4391 2719 4446 lamentatione
2749 4390 3118 4460 ptenitentium
3159 4389 3339 4455 ﬂetus,
3371 4390 3426 4443 in
3465 4389 3699 4443 carmine
3726 4385 3783 4451 ju~

2243 4483 2571 4539 cunditatem
2599 4491 2905 4536 sanctorum
2929 4481 3186 4535 insinuat.
3210 4480 3307 4534 Vae
3327 4488 3538 4547 autem,
3575 4479 3784 4533 nulon

551 4579 644 4621 sus
673 4575 746 4620 est
789 4567 876 4621 ille
918 4570 1095 4632 draco,
1141 4585 1347 4641 serpens
1390 4588 1605 4643 magnus
1646 4584 1695 4627 et
1735 4576 2006 4644 antiquus,
2048 4578 2135 4644 qui
2168 4552 2217 4611 D
2242 4574 2747 4627 condemnationem
2780 4573 2993 4640 proiirie
3022 4571 3349 4625 manifestat.
3380 4571 3543 4637 Quod
3569 4567 3787 4627 eiatubis

549 4656 746 4713 dicitur
768 4658 1005 4714 diabolus
1030 4670 1076 4714 et
1106 4660 1350 4727 Satanas,
1374 4667 1462 4731 qui
1488 4662 1683 4717 seducit
1708 4668 2012 4720 universum
2046 4684 2131 4720 or-

549 4750 659 4804 bem
690 4758 954 4805 terrarum
978 4793 995 4818 ,
1042 4753 1237 4809 missus
1282 4766 1355 4808 est
1394 4756 1445 4807 in
1486 4764 1674 4809 terram
1699 4796 1714 4823 ,
1756 4766 1803 4809 et
1828 4759 1995 4826 angeli
2020 4761 2133 4830 ejus

548 4856 666 4895 cum
695 4856 761 4897 eo
800 4832 967 4898 missi'
981 4854 1099 4899 sunt
1130 4845 1183 4901 in
1215 4856 1433 4901 terram.
1480 4846 1577 4901 Hic
1619 4856 1830 4903 terrena
1861 4850 2132 4919 sapientes

547 4932 745 4989 dantur
771 4934 1035 5007 intelligi,
1067 4938 1119 4992 in
1149 4937 1342 5006 quibus
1370 4938 1462 4992 illa
1501 4941 1768 4995 sententia
1806 4941 2132 5011 praevalente

545 5026 793 5084 diabolus
869 5030 1211 5099 cognoscitur
1280 5030 1542 5086 habitare.
1594 5030 1815 5086 Terram
1879 5033 2133 5088 cometlcs

542 5119 793 5176 omnibus
834 5118 1025 5175 diebus
1052 5122 1175 5175 vita:
1215 5128 1318 5175 tua:
1356 5120 1508 5192 (Gen.
1539 5120 1647 5191 ιιι).
1688 5123 1770 5177 Ab
1800 5123 2128 5192 spiritalibus

541 5209 687 5266 enim
716 5210 966 5266 exclusus
992 5252 1006 5274 ,
1035 5212 1147 5266 suis
1187 5212 1394 5267 meritis
1422 5223 1575 5282 aptos
1617 5223 1857 5268 terrenos
1898 5214 2124 5281 invadit,

540 5300 643 5357 hoc
672 5308 757 5357 est
790 5300 862 5357 de
911 5302 1052 5357 cmlo
1093 5302 1414 5373 praecipitari
1455 5312 1508 5358 et
1553 5305 1605 5357 in
1638 5314 1833 5359 terrain
1867 5307 2025 5361 mitti.
2057 5308 2123 5361 Et

537 5396 713 5449 audivi
738 5410 910 5451 vocem
946 5412 1185 5467 magnam
1213 5398 1269 5450 in
1305 5396 1430 5451 caelo
1463 5398 1749 5453 dicentem:
1778 5397 1937 5452 Nunc
1982 5400 2124 5469 facta

538 5495 612 5539 est
640 5486 782 5540 salus
810 5495 858 5542 et
896 5487 1077 5553 virtus,
1107 5496 1155 5542 et
1193 5504 1407 5557 regnum
1434 5486 1532 5542 Dei
1576 5490 1740 5543 nostri
1762 5528 1778 5554 ,
1806 5501 1854 5544 et
1899 5500 2121 5561 potestas

538 5576 729 5632 Christi
757 5580 888 5650 ejus.
936 5579 1223 5636 Evidenter
1249 5566 1587 5645 osmnditur',
1632 5582 1686 5635 in
1713 5596 1819 5650 quo
1862 5596 1961 5636 nos
1980 5584 2121 5635 caelo

538 5668 839 5741 intelligere
867 5673 966 5728 ista
989 5672 1294 5730 conveniat.
1318 5672 1373 5728 In
1398 5672 1638 5727 Ecclesia
1660 5687 1898 5741 namque
1919 5672 2114 5727 factam

536 5755 786 5817 novimus
804 5762 1023 5817 victoria
1043 5759 1243 5818 Christi
1269 5761 1516 5833 salutem,
1545 5771 1640 5832 per
1658 5746 1815 5829 quam
1843 5762 2111 5831 cognitam

2239 4673 2545 4725 memorat,
2587 4663 2813 4716 dicens:
2860 4662 2952 4715 Vas
2990 4661 3142 4714 vobis
3182 4668 3324 4714 terra
3362 4669 3419 4713 et
3450 4673 3643 4723 mare,
3675 4668 3787 4713 etc.

2239 4769 2428 4822 usque,
2462 4754 2641 4807 sciens
2671 4753 2939 4806 modicum
2967 4751 3069 4805 sibi
3100 4760 3310 4819 tempus
3348 4764 3667 4818 superesse.
3693 4748 3789 4801 Hinc

2239 4846 2467 4900 Domino
2498 4846 2692 4899 invicta
2743 4854 3006 4913 potestate
3054 4855 3272 4898 coactus
3316 4843 3573 4897 conﬁteri
3604 4883 3623 4907 ,
3660 4838 3786 4893 dicit:

2238 4939 2443 4995 Venisti
2474 4948 2601 4995 ante
2635 4950 2842 5009 tempus
2874 4949 3124 5007 torquere
3167 4938 3306 4992 nos?
3337 4935 3403 4990 Et
3439 4951 3570 4990 cum
3616 4934 3792 4987 vidisset

2238 5032 2393 5085 draco
2421 5033 2558 5102 quod
2599 5043 2725 5085 esset
2765 5030 3005 5100 dejectus
3042 5029 3097 5084 in
3147 5037 3376 5092 terram,
3415 5036 3709 5098 persecutus
3738 5028 3793 5073 at

2236 5122 2498 5177 mulierem
2538 5137 2652 5189 qua!
2696 5121 2847 5175 illum
2894 5120 3181 5174 masculum
3224 5125 3531 5189 pepererat.
3582 5118 3689 5172 Hoc
3711 5120 3789 5169 est.

2231 5212 2375 5282 quod
2431 5214 2788 5283 praemisimus
2834 5212 3240 5268 inextricabiles
3284 5210 3606 5266 inimicitias
3644 5214 3792 5263 contra

2240 5306 2539 5361 Ecclesiam
2565 5306 2835 5360 diabolum
2862 5321 3075 5375 gerere.
3103 5305 3330 5371 Quando
3357 5306 3502 5359 enim
3530 5304 3794 5359 vincendos

2234 5396 2556 5462 excluditur,
2589 5404 2739 5450 tanto
2763 5399 2940 5451 acrius
2968 5410 3094 5450 suas
3116 5411 3224 5451 non
3246 5396 3447 5450 desinit
3467 5392 3795 5463 multiplicare

2232 5487 2515 5541 versutias.
2545 5485 2611 5540 Et
2644 5486 2778 5541 data:
2802 5496 2923 5541 sunt
2949 5486 3157 5541 mulieri
3191 5488 3311 5542 dua:
3333 5488 3434 5541 alte
3457 5488 3617 5557 quasi
3639 5481 3796 5552 aquila

2230 5596 2451 5650 magnae,
2482 5590 2536 5633 ut
2564 5582 2754 5636 volaret
2779 5584 2832 5636 in
2861 5583 3205 5639 solitudinem
3236 5586 3289 5637 in
3316 5585 3487 5638 locum
3514 5598 3687 5637 suum.
3715 5577 3795 5632 Ec-

2232 5671 2398 5743 clesia
2427 5673 2482 5726 in
2510 5672 2728 5728 modum
2772 5674 2976 5729 alarum
3005 5675 3214 5731 duobus
3239 5676 3408 5731 utitur
3434 5675 3793 5731 TestamenlIS.

2229 5764 2422 5835 quibus
2454 5766 2665 5839 edocta,
2698 5766 2918 5825 insidias
2941 5768 3144 5826 inimici
3170 5778 3223 5827 et
3245 5769 3532 5842 praeceptis
3563 5766 3792 5833 defugere
