3968 6354
179 392 279 447 877

1176 390 1619 447 (ΣυΜΜΕΝΤΑΙὶ.
1665 394 1727 446 ΙΝ
1769 396 2146 453 APUCALYI’.
2190 398 2319 454 LIB.
2368 400 2457 455 IV.

3350 406 3453 461 878

177 508 357 564 studet
386 508 664 573 instructa,
703 515 757 563 ct
781 507 1045 576 exemplis
1072 513 1289 574 superat
1320 505 1623 561 informata.
1655 506 1760 561 Ge-
1790 510 1841 568 Α
1867 508 2105 564 Ecclesia
2138 511 2385 581 intelligi,
2420 515 2555 567 sicut
2586 514 2635 566 in
2670 514 2872 584 psalmo
2901 504 3051 587 (cu):
3086 514 3186 584 Qui
3214 514 3453 571 fundavit

180 601 321 654 mina
352 614 563 670 quoque
592 600 795 668 regitur
821 599 911 654 Dei
942 607 996 653 et
1026 597 1253 667 proximi
1276 596 1560 651 charitate.
1590 597 1769 653 Locus

180 704 360 749 autem
391 694 720 757 solitudinis,
752 702 835 747 est
866 692 1023 759 hujus
1064 690 1347 745 mundanae
1379 691 1767 769 peregrinatio-

180 786 283 841 nis.
331 785 577 854 Quandiu
617 785 757 840 enim
785 799 969 839 sumus
996 785 1046 837 in
1077 798 1324 851 corpore,
1356 784 1767 852 peregrinamur

180 895 211 934 a
242 880 468 934 Domino
501 878 587 950 (Il
617 876 735 935 Cor.
770 895 803 932 v
834 878 877 949 ).
907 878 1026 947 Quo
1054 880 1288 933 maxime
1319 893 1413 933 cor
1442 878 1651 950 dirigit,
1678 881 1766 948 qui

183 987 292 1028 non
338 972 493 1038 loco,
528 973 622 1028 sed
669 972 864 1029 affectu
907 974 974 1027 de
1004 973 1207 1027 mundo
1252 972 1513 1043 discedit,
1560 981 1615 1026 et
1644 989 1771 1043 pro-

182 1065 341 1136 pheta
387 1065 516 1121 dicit
564 1066 739 1139 (Psal.
771 1066 912 1139 Ltv):
968 1067 1106 1122 Ecce
1133 1066 1377 1137 elongavi
1420 1065 1627 1134 fugiens
1655 1109 1668 1132 ,
1716 1078 1770 1123 et

182 1158 353 1213 mansi
386 1159 438 1212 in
476 1158 785 1215 solitudine.
838 1159 1225 1227 Exspectabam
1257 1173 1380 1212 eum
1431 1158 1519 1227 qui
1563 1158 1768 1212 salvum

185 1264 272 1304 me
298 1249 514 1305 faceret.
537 1250 788 1320 Congrue
818 1258 996 1305 autem
1026 1250 1112 1303 hic
1139 1250 1336 1320 aquila:
1362 1249 1766 1305 similitudinem

183 1350 467 1408 memorat,
500 1339 591 1411 qui
635 1356 753 1396 cum
784 1359 893 1411 prae
938 1344 1149 1397 caeteris
1189 1343 1381 1396 avibus
1410 1354 1769 1413 cognoscatur

182 1433 343 1488 altius
372 1435 587 1488 evolare
608 1474 622 1501 ,
656 1435 771 1488 viso
804 1444 980 1489 tamen
1023 1434 1233 1489 eminus
1276 1434 1397 1487 ciho
1419 1474 1433 1500 ,
1474 1434 1767 1504 indigentia

184 1524 413 1579 naturali
443 1523 684 1589 subacta,
715 1538 838 1578 mox
867 1524 932 1579 ad
961 1524 1066 1578 ima
1086 1525 1384 1592 descendit,
1417 1528 1554 1580 sicut
1584 1527 1767 1583 Eccle.

182 1615 261 1670 sia
293 1616 346 1670 in
372 1616 705 1685 spiritalibus
730 1616 987 1673 membris
1017 1631 1138 1672 cum
1165 1635 1225 1673 ea
1249 1635 1368 1687 qu;c
1397 1634 1611 1674 sursum
1644 1631 1771 1677 sunt

186 1707 382 1773 (Colos.
408 1708 491 1779 ιιι)
524 1718 703 1764 mente
742 1718 888 1779 petat
913 1718 970 1764 et
998 1710 1204 1779 sapiat,
1251 1710 1560 1767 inﬁrmitate
1589 1722 1767 1769 tamen

183 1801 430 1869 corporis
458 1808 761 1870 aggravata,
805 1800 1217 1856 necessitatibus
1245 1802 1488 1871 subjacet
1526 1805 1769 1875 indigen-

1877 612 2072 656 terram
2106 619 2266 673 super
2304 606 2643 661 stabilitatem
2674 623 2843 672 suam,
2877 625 2982 662 non
3022 609 3364 665 inclinabitur
3397 611 3452 665 in

1874 694 2125 748 smculum
2152 697 2355 763 szeculi,
2380 699 2430 752 id
2462 708 2543 752 est
2573 700 2626 752 in
2652 701 2873 765 sanctis,
2906 715 3130 770 quorum
3164 717 3348 771 preces
3376 714 3456 756 at-

1874 801 1977 855 que
2009 787 2263 842 doctrina:
2296 799 2349 843 et
2376 790 2706 859 dispensatio
2742 793 3011 858 salutaris,
3039 793 3237 849 inimici
3269 808 3457 849 versu-

1876 877 1977 931 tias
2007 877 2246 932 detectas
2277 891 2555 946 eVdCllalli,
2601 883 2789 937 melius
2819 884 2904 937 hic
2937 893 3112 939 tamen
3142 885 3457 956 intelligitur

1876 980 2017 1023 terra
2053 970 2280 1025 humana
2310 974 2360 1027 in
2386 975 2598 1031 Christo
2639 987 2845 1045 natura,
2873 978 2985 1047 ipsa
3014 988 3095 1034 est
3122 980 3316 1035 veritas
3340 996 3458 1049 qum

1874 1065 1940 1120 de
1973 1077 2110 1121 terra
2142 1077 2256 1121 orta
2287 1081 2369 1123 est
2401 1070 2576 1142 (Psal.
2612 1076 2780 1143 thv),
2812 1075 2901 1143 qui
2930 1075 3094 1128 vultui
3120 1074 3211 1129 Dei
3244 1089 3457 1143 semper

1873 1172 2155 1225 apparens,
2190 1160 2327 1213 sicut
2355 1162 2641 1230 Apostolus
2671 1164 2800 1217 dicit
2832 1163 3014 1234 (Hebr.
3045 1164 3144 1233 ix),
3174 1179 3273 1233 pro
3305 1164 3458 1217 nobis

1874 1251 2199 1319 interpellat.
2240 1253 2361 1307 llaec
2400 1256 2542 1309 enim
2592 1266 2732 1311 terra
2762 1268 3063 1326 susceptam
3096 1258 3147 1310 in
3184 1254 3242 1311 Se
3270 1256 3456 1325 deglu-

1874 1346 2012 1399 tiens
2042 1355 2267 1400 mortem
2296 1388 2310 1412 ,
2360 1356 2610 1417 tanquam
2643 1362 2702 1402 os
2740 1350 2933 1403 dicitur
2962 1350 3175 1419 aperire
3200 1392 3213 1414 ,
3245 1351 3457 1420 quando

1873 1438 2197 1492 abundantia
2215 1441 2336 1492 vita:
2358 1454 2467 1494 sure
2486 1450 2758 1495 auctorem
2784 1442 2966 1495 mortis
2986 1445 3325 1512 cognoscitur
3346 1459 3457 1495 sor.

1873 1528 2053 1585 buisse
2099 1529 2274 1599 (Rom.
2318 1532 2445 1600 vui)
2482 1548 2494 1583 :
2528 1541 2579 1586 et
2612 1532 2961 1585 absorbebam
3014 1532 3454 1604 [absorbenduml

1875 1621 2218 1677 nihilominus
2279 1622 2573 1687 docuisse,
2634 1625 2845 1692 quando
2911 1624 2965 1677 in
3024 1635 3203 1678 monte
3257 1625 3455 1677 sedens

1874 1712 2087 1781 (Matth.
2122 1716 2210 1783 v),
2252 1716 2497 1782 aperiens
2544 1729 2603 1767 os
2646 1730 2799 1768 suum
2827 1756 2841 1780 ,
2887 1716 3145 1784 ampliora
3197 1724 3458 1785 praecepta

1875 1801 2152 1872 discipulis
2180 1802 2420 1868 tradidit,
2455 1803 2623 1871 legem
2666 1805 3033 1857 mandatorum
3067 1820 3332 1859 evaeuans
3359 1804 3459 1872 (Ες

187 1898 273 1953 .im
310 1900 643 1969 corporalis,
696 1914 794 1968 pro
846 1899 1040 1968 quibus
1100 1900 1399 1968 ingemiscit
1444 1911 1497 1957 et
1541 1907 1769 1973 ραι-ιιιι-ίι
1801 1899 1843 1958 Β
1874 1896 2017 1965 phes.
2053 1896 2134 1965 ιι).
2166 1893 2232 1948 Et
2259 1894 2419 1948 iratus
2451 1898 2603 1947 draco
2636 1896 2866 1962 mulieri,
2899 1898 3024 1949 abit
3056 1898 3223 1965 facere
3253 1898 3452 1951 bellmn

185 2005 357 2061 usque
384 1992 597 2057 adhuc;
644 1992 867 2046 vanitati
917 1993 1060 2047 enim
1108 2001 1352 2048 creatura
1401 1994 1639 2065 subjecta
1691 2006 1774 2053 est

191 2084 369 2156 (Rom.
402 2086 545 2155 vui),
569 2100 674 2141 non
704 2085 913 2150 volens,
948 2085 1043 2141 sed
1070 2094 1289 2154 propter
1316 2102 1437 2141 eum
1480 2088 1569 2158 qui
1596 2089 1775 2159 subje-

186 2176 259 2229 cit
291 2189 409 2230 eam
442 2176 495 2230 in
518 2190 632 2246 spe.
660 2176 792 2231 Item
825 2191 840 2231 :
868 2177 993 2232 Sive
1020 2178 1161 2231 enim
1194 2188 1372 2232 mente
1399 2181 1729 2234 excessimus
1752 2222 1768 2245 ,

189 2265 317 2332 Deo,
346 2266 460 2322 sive
487 2277 850 2335 temperantes
875 2283 1077 2332 sumus,
1108 2269 1261 2323 vobis
1291 2269 1379 2342 (11
1409 2270 1528 2325 Cor.
1565 2275 1644 2340 v).
1675 2272 1774 2327 Ubi

183 2357 344 2411 alitur
370 2374 459 2428 per
486 2368 685 2427 tempus
714 2368 760 2413 et
800 2370 1026 2429 tempora
1061 2368 1105 2412 et
1136 2361 1406 2413 dimidium
1436 2364 1675 2428 temporis
1703 2365 1771 2417 ab

184 2449 500 2504 Antichristi
546 2450 697 2519 facie,
732 2450 782 2503 id
823 2460 909 2505 est
952 2451 1091 2505 illius
1130 2454 1398 2520 serpentis
1425 2496 1438 2518 ,
1486 2455 1644 2507 trium
1674 2471 1772 2509 an-

184 2554 375 2594 norum
401 2548 641 2609 tempore
671 2549 725 2596 et
750 2557 843 2595 sex
872 2542 1153 2596 mensium.
1189 2544 1299 2597 Hoc
1341 2560 1526 2598 rursus
1565 2546 1771 2614 signiﬁ-

182 2641 269 2689 cat
295 2641 525 2703 tempus,
553 2648 659 2703 quo
691 2647 861 2703 usque
887 2634 953 2688 ad
983 2635 1141 2689 ﬁnem
1172 2633 1370 2689 Christi
1404 2637 1498 2691 Dei
1530 2637 1767 2691 Ecclesia

189 2735 536 2798 propagatur,
580 2726 845 2781 idolorum
877 2728 1143 2782 culturam
1188 2729 1393 2799 fugiens
1418 2772 1434 2798 ,
1476 2745 1771 2800 omnesque

182 2817 452 2885 serpentis
484 2832 727 2883 errores,
755 2818 854 2873 hoc
881 2828 965 2873 est
995 2820 1136 2887 quod
1167 2819 1337 2885 dicit,
1379 2836 1407 2872 a
1452 2820 1585 2875 facie
1628 2821 1769 2877 illius

183 2910 472 2978 serpentis,
506 2926 666 2981 quem
692 2911 983 2977 draconem
1031 2914 1280 2981 superius
1311 2924 1595 2980 memorat,
1626 2917 1767 2986 quod

180 3018 306 3059 eum
356 3002 411 3057 in
456 3005 718 3074 sanguine
770 3004 903 3075 Agni
953 3005 1121 3070 vicit,
1176 3016 1233 3061 ut
1279 3009 1540 3063 veraciter
1591 3017 1770 3065 cantet

182 3093 361 3162 (Psat.
391 3096 518 3165 xc):
563 3096 736 3165 Super
764 3096 1005 3166 aspidem
1044 3107 1097 3151 et
1126 3098 1435 3153 basiliscum
1468 3101 1769 3157 ambulabis

180 3193 240 3238 et
267 3184 604 3240 conculcabis
631 3186 838 3241 leonem
865 3197 917 3240 et
940 3188 1246 3244 draconem.
1278 3187 1344 3242 Et
1370 3190 1507 3243 misit
1535 3191 1625 3246 ille
1652 3207 1767 3246 ssr-

1878 2007 1993 2043 cum
2020 1991 2227 2061 reliquis
2258 1990 2320 2043 de
2355 1990 2543 2043 semine
2584 1992 2695 2055 eius
2726 1990 2813 2057 qui
2844 1989 3107 2042 observant
3155 2002 3461 2061 prtvceptum

1876 2081 1992 2149 Dei,
2028 2091 2075 2135 et
2101 2082 2283 2135 habent
2323 2083 2669 2135 testimonium
2707 2079 2833 2133 Jesu
2883 2080 3094 2135 Christi.
3126 2080 3324 2135 Videtis
3355 2096 3461 2134 non

1875 2191 2033 2245 posse
2063 2176 2367 2231 continuari
2411 2175 2839 2243 persecutionem
2868 2215 2881 2235 ,
2918 2188 3093 2242 neque
3124 2172 3187 2225 ad
3217 2172 3462 2226 elfectum

1876 2271 2033 2324 noxia
2082 2278 2202 2323 vota
2265 2268 2517 2337 perduci,
2570 2268 2762 2336 quibus
2812 2268 3106 2321 Ecclesiam
3153 2267 3353 2320 Christi
3398 2267 3464 2321 de

1876 2361 2076 2415 mundo
2107 2359 2305 2414 auferri
2341 2374 2499 2427 pOSse
2543 2360 2763 2428 putabat
2793 2359 2873 2412 vel
2906 2358 3209 2423 affeczabat,
3259 2358 3464 2412 scilicet

1874 2452 2129 2505 dominici
2157 2453 2399 2519 corporis
2427 2459 2629 2516 trotneo
2652 2450 2703 2502 in
2720 2449 3033 2504 coalestibus
3061 2448 3463 2517 prmvaleutem,

1874 2554 1927 2597 et
1955 2543 2006 2596 in
2049 2543 2393 2597 terrestribus
2423 2542 2789 2595 dominantem
2816 2584 2830 2606 ,
2861 2552 3021 2610 atque
3066 2540 3248 2593 inferis
3290 2542 3461 2607 impe-

1873 2642 2102 2687 rantem.
2137 2632 2216 2686 Ad
2252 2632 2352 2686 hoc
2407 2633 2570 2695 enim,
2604 2632 2774 2701 inquit
2800 2630 3088 2699 Apostolus
3115 2629 3293 2701 (Rom.
3322 2630 3460 2698 11v),

1872 2723 2116 2778 Christus
2144 2734 2386 2777 mortuus
2414 2730 2495 2777 est
2523 2732 2577 2777 et
2607 2724 2918 2785 resurrexit,
2952 2729 3007 2773 ut
3033 2730 3087 2775 et
3126 2721 3368 2775 vivorum
3411 2730 3462 2776 et

1874 2829 2203 2872 morluorum
2249 2817 2596 2881 dominetur;
2632 2816 2868 2886 itemque
2910 2815 3141 2888 (Philip.
3171 2818 3268 2887 ll):
3301 2816 3366 2871 Ut
3409 2816 3463 2872 in

1874 2912 2090 2966 nomine
2116 2908 2243 2965 Jesu
2273 2924 2429 2963 omne
2460 2924 2596 2978 genu
2622 2907 2890 2974 ﬂectatur,
2922 2909 3245 2969 caelestium,
3285 2917 3465 2961 terre-

1872 3006 2060 3059 strium
2090 3013 2143 3059 et
2168 3003 2517 3057 iulernorum.
2564 3002 2693 3069 Iloc,
2744 3002 2980 3070 inquam,
3013 3000 3225 3067 videns,
3268 3000 3463 3057 bellum

1871 3095 2085 3166 quidem
2116 3110 2235 3148 cum
2267 3094 2489 3164 reliquis
2529 3095 2596 3149 de
2620 3095 2829 3148 semine
2861 3092 3118 3147 Ecclesiae
3149 3109 3242 3161 per
3281 3094 3465 3162 singu-

1875 3187 1952 3240 las
1980 3185 2353 3256 generationes
2382 3185 2750 3239 indesinenter
2772 3184 2987 3237 molitur
3012 3183 3274 3252 ingerere,
3304 3198 3463 3252 quam

182 3289 309 3343 pene
338 3290 405 3328 ex
425 3291 511 3329 ore
536 3290 630 3329 suo
658 3285 775 3345 post
801 3275 1061 3330 mulierem
1093 3296 1279 3344 aquam
1311 3281 1363 3334 in
1412 3281 1629 3337 modum
1671 3285 1770 3338 llu-
1799 3271 1845 3335 C
1878 3297 1934 3337 se
1961 3281 2070 3351 jam
2105 3281 2251 3334 novit
2280 3279 2346 3332 de
2379 3277 2579 3331 mundo
2610 3275 2834 3331 eradere
2874 3275 3092 3328 omnino
3122 3287 3225 3326 non
3278 3286 3460 3343 posse,

183 3366 367 3431 minis,
396 3374 450 3419 ut
478 3382 590 3419 eam
620 3367 887 3436 perderet.
918 3368 1178 3438 Impetum
1205 3382 1609 3440 persecutorum
1634 3391 1771 3443 aqua

182 3458 470 3528 signiﬁcat.
502 3459 635 3515 Hinc
666 3462 902 3529 psalmus
942 3463 1115 3537 (Psal.
1163 3466 1351 3536 cvxttt)
1379 3482 1393 3520 :
1427 3468 1556 3522 Cum
1591 3470 1767 3523 insur-

182 3560 376 3621 gerent
405 3551 654 3607 homines
686 3554 739 3607 in
772 3568 891 3619 nos,
920 3555 1140 3610 forsitan
1184 3559 1333 3613 vivos
1363 3560 1772 3619 ahsorbuisseut

183 3658 305 3698 nos.
337 3644 472 3698 Cum
501 3644 825 3701 irasceretur
853 3651 1064 3703 animus
1094 3665 1282 3705 eorum
1312 3667 1477 3721 super
1515 3669 1635 3722 nos,
1665 3657 1771 3708 for-

183 3735 327 3789 sitan
368 3736 512 3790 velut
552 3750 687 3805 aqua
731 3736 1087 3807 deglutissent
1134 3756 1251 3796 nos.
1299 3742 1616 3797 Torrentem
1650 3759 1771 3813 pcr-

184 3830 433 3886 transivit
459 3830 639 3887 anima
668 3843 872 3899 nostra,
904 3845 1009 3890 etc.
1044 3836 1150 3891 Sed
1191 3838 1388 3907 adjuvit
1419 3847 1553 3892 terra
1582 3838 1767 3891 mulie-

182 3938 310 3989 rem,
341 3931 387 3977 et
409 3926 606 3994 aperuit
628 3936 762 3979 terra
784 3943 841 3980 os
861 3943 1030 3993 suum,
1055 3938 1103 3981 et
1131 3928 1389 3983 absorbuit
1418 3931 1609 3997 ﬂumen
1631 3930 1770 4000 quod

182 4013 341 4069 draco
357 4029 422 4071 ex
445 4029 533 4069 ore
552 4030 646 4069 suo
666 4018 935 4072 emiserat.
953 4018 1097 4072 Licet
1114 4031 1253 4073 terra
1268 4022 1434 4089 possit
1457 4022 1541 4075 hic
1561 4036 1772 4091 quoque

1883 3375 2007 3444 quia
2037 3384 2228 3444 porttc,
2264 3372 2453 3442 inquit,
2502 3369 2794 3425 inferorum
2825 3384 2929 3421 non
2966 3367 3330 3436 praevalebunt
3370 3365 3464 3420 ad-

1885 3480 2069 3521 versus
2095 3480 2210 3519 eam
2247 3464 2457 3535 (Matth.
2490 3461 2662 3532 xxvi).
2699 3462 2794 3515 lllo
2834 3462 3015 3530 utique
3043 3459 3281 3515 Christus
3305 3460 3464 3513 mira-

1883 3559 2060 3614 biliter
2088 3569 2263 3623 utens,
2298 3556 2684 3625 multiplicatos
2715 3554 2818 3609 sibi
2863 3565 3126 3622 martyres
3165 3562 3464 3621 opportuno

1881 3650 2170 3721 conquirit.
2207 3650 2500 3703 Draconem
2530 3662 2658 3700 vero
2696 3660 2816 3700 cum
2848 3644 3011 3698 sociis
3036 3644 3330 3698 acrioribus
3356 3643 3464 3713 plc-

1877 3740 2131 3795 clendum
2178 3736 2393 3809 judiciis
2442 3735 2704 3790 deﬁnivit.
2752 3733 3015 3800 Quocirca
3074 3732 3215 3788 hunc
3269 3733 3461 3787 librum

1876 3831 2119 3905 ejusdem
2150 3828 2405 3885 Ecclesia:
2440 3837 2568 3898 puto
2616 3825 2950 3881 memorabili
2990 3824 3164 3894 aptius
3213 3822 3462 3880 concludi

1878 3928 2097 3981 victoria
2125 3967 2140 3993 ,
2188 3924 2341 3995 cujus
2385 3921 2451 3977 de
2500 3919 2701 3976 mundo
2747 3932 2851 3973 non
2897 3923 3075 3987 potest
3126 3919 3301 3987 perire
3348 3930 3463 3970 me-

1878 4021 2070 4073 moria.

1368 4209 1696 4281 LIBER
1769 4204 2291 4293 QUARTUS.

1663 4342 1981 4358 ~—

255 4428 384 4485 Csr.
416 4442 533 4486 ιιιι.
562 4428 629 4483 Et
659 4428 763 4482 vidi
792 4428 996 4482 bestiam
1020 4431 1370 4482 ascendentem
1400 4430 1462 4483 de
1486 4431 1635 4493 mari,
1667 4429 1761 4481 ha-

184 4524 384 4577 bentem
410 4537 602 4577 cornua
629 4523 798 4577 decem
820 4533 868 4577 et
889 4525 1060 4592 capita
1088 4533 1299 4594 septem,
1330 4536 1375 4578 et
1400 4541 1551 4593 super
1579 4542 1769 4579 cornua

183 4614 296 4682 ejus
316 4612 626 4669 diademata.
651 4614 763 4668 Hoc
788 4617 873 4670 hic
896 4631 1042 4670 mare
1070 4619 1267 4685 posuit,
1293 4617 1432 4686 quod
1461 4629 1583 4671 ante
1608 4617 1769 4689 abys-

185 4716 330 4771 sum,
371 4702 439 4758 de
473 4718 576 4772 qua
620 4704 837 4760 dixerat
878 4707 1173 4763 ascendere
1205 4709 1362 4762 istam
1416 4708 1663 4763 bestiam.
1717 4709 1772 4763 In

185 4802 415 4863 utroque
434 4801 611 4849 autem
637 4794 970 4866 signiﬁcatur
994 4800 1222 4868 populus
1246 4818 1257 4853 :
1292 4802 1544 4870 populum
1576 4802 1773 4869 quippe

186 4883 335 4939 videt
363 4899 395 4940 e
418 4886 619 4956 populo
648 4887 958 4953 ascendere,
988 4900 1042 4946 et
1067 4890 1133 4946 de
1162 4894 1358 4962 populo
1400 4892 1624 4947 bestiam
1652 4907 1773 4948 sur-

183 4990 336 5047 gere.
370 4975 545 5032 Bestia
573 4987 748 5031 autem
793 4982 1045 5048 generale
1085 4998 1279 5038 nomen
1326 4994 1411 5038 est
1431 5025 1445 5051 ,
1477 4999 1622 5054 agno
1653 5000 1771 5039 con-

185 5068 407 5123 trarium
432 5108 450 5135 ,
489 5068 586 5124 sed
614 5069 665 5124 in
705 5070 1012 5126 narratione
1056 5087 1153 5141 pro
1197 5074 1328 5128 locis
1370 5076 1770 5145 intelligendum

182 5170 289 5224 εει,
318 5173 476 5228 quam
508 5171 714 5229 partem
746 5160 932 5215 bestia:
964 5161 1129 5216 dicat.
1162 5163 1463 5229 Aliquando
1484 5168 1627 5220 enim
1658 5166 1774 5221 dia-

184 5249 368 5305 bolum
420 5250 554 5307 dicit
598 5251 856 5318 bestiam,
914 5254 1202 5324 aliquando
1244 5271 1440 5325 corpus
1479 5256 1619 5327 ejus,
1671 5258 1769 5314 ali-

183 5340 400 5412 quando
461 5357 624 5399 uuum
677 5358 744 5398 ex
793 5346 1057 5414 capitibus
1120 5346 1288 5416 ipsius
1344 5348 1576 5415 bestias,
1628 5349 1770 5418 quod

187 5437 346 5506 quasi
372 5435 608 5492 occisum
635 5436 689 5491 in
718 5447 948 5494 mortem
978 5440 1294 5507 resurrexit,
1327 5440 1467 5509 quod
1494 5450 1576 5496 est
1600 5442 1770 5497 simu-

181 5529 316 5584 latio
359 5544 499 5585 verte
547 5529 710 5586 ltdei:
762 5531 1051 5601 aliquando
1091 5531 1237 5587 solos
1286 5534 1602 5603 praepositos
1637 5532 1769 5588 dicit

182 5624 431 5680 bestiam.
479 5623 628 5678 Nunc
653 5632 833 5679 autem
863 5625 1089 5681 bestiam
1120 5627 1502 5682 ascendentem
1546 5626 1615 5682 de
1654 5641 1769 5681 ma-

180 5715 271 5781 ri,
309 5731 506 5785 corpus
551 5716 747 5773 diaboli
779 5719 947 5785 dicit,
1000 5718 1287 5777 habentem
1326 5735 1528 5775 cornua
1576 5721 1765 5775 decem

180 5817 238 5861 at
264 5808 437 5879 capita
475 5819 703 5880 septem,
734 5820 789 5867 et
829 5827 989 5882 super
1017 5828 1220 5869 cornua
1258 5814 1377 5884 ejus
1416 5814 1719 5869 diademata
1749 5854 1762 5877 ,

183 5905 242 5952 et
264 5912 427 5971 super
456 5903 627 5973 capita
658 5904 773 5974 ejus
813 5917 1011 5961 nomen
1052 5908 1419 5979 blasphemia,
1452 5909 1501 5963 in
1534 5922 1598 5963 eo
1620 5908 1761 5978 quod

1868 4441 1928 4479 se
1977 4424 2133 4478 deum
2168 4420 2283 4475 vult
2312 4417 2524 4482 haberi,
2549 4416 2694 4486 juste
2732 4413 2929 4469 dicitur
2973 4411 3321 4483 blasphemia:
3356 4426 3458 4468 no-

1884 4518 2025 4572 mine
2057 4514 2277 4569 titulari.
2316 4515 2387 4565 lie
2413 4510 2600 4565 decem
2633 4524 2759 4562 vero
2783 4508 3040 4563 cornibus
3061 4518 3115 4563 et
3143 4518 3346 4579 septem
3371 4522 3460 4564 ca-

1875 4616 2091 4688 pitibus,
2116 4612 2307 4682 aptiori
2331 4609 2681 4679 subscquenti
2704 4609 2823 4662 loco
2845 4606 3063 4672 dicitur,
3086 4607 3227 4678 quod
3252 4618 3459 4662 utrum-

1875 4725 1979 4781 que
2006 4708 2201 4778 ubique
2239 4703 2485 4760 sufﬁciat.
2521 4701 2586 4757 Et
2626 4702 2786 4756 bestia
2817 4717 2969 4771 quam
2995 4701 3099 4755 vidi
3134 4702 3315 4755 similis
3347 4710 3457 4754 erat

1877 4803 2063 4872 partio,
2108 4812 2156 4855 et
2181 4800 2332 4872 pedes
2360 4806 2472 4867 ejus
2520 4808 2769 4865 tanquam
2813 4796 2943 4860 ursi,
2971 4802 3019 4848 et
3051 4808 3106 4847 es
3146 4793 3258 4863 ejus
3294 4800 3354 4847 ut
3395 4809 3455 4847 es

1875 4895 2056 4948 leonis.
2091 4891 2263 4946 Pardo
2288 4900 2509 4960 propter
2546 4887 2858 4941 varietatem
2889 4884 3130 4954 gentium
3173 4896 3424 4953 compara

1875 4997 1981 5054 tur,
2010 5001 2136 5042 urso
2161 4996 2382 5056 propter
2410 4983 2668 5039 malitiam
2708 4982 3015 5043 bestialem,
3061 4978 3201 5033 leoni
3232 4986 3451 5047 propter

1874 5081 2124 5136 virtutem
2156 5079 2399 5145 corporis
2423 5085 2478 5131 et
2521 5076 2714 5145 linguae
2751 5071 3079 5142 superbiam.
3129 5068 3193 5123 Et
3223 5068 3362 5121 dedit
3406 5066 3454 5120 ei

1874 5171 2030 5224 draco
2059 5170 2295 5222 uirtutem
2320 5182 2489 5231 suout,
2520 5176 2573 5221 et
2596 5166 2845 5219 thronum
2877 5177 3054 5227 suum,
3083 5170 3129 5214 et
3154 5166 3454 5228 potestatem

1872 5276 2139 5331 magnam.
2166 5258 2257 5314 Sic
2291 5258 2582 5326 Apostolus
2609 5256 2678 5311 de
2704 5255 2905 5309 diaboli
2935 5266 3163 5322 corpore
3202 5252 3449 5320 loquens,

1872 5349 2037 5419 Cujus
2066 5358 2167 5412 est,
2207 5348 2375 5417 inquit
2406 5345 2460 5418 (1
2470 5345 2493 5399 ι
2522 5345 2697 5401 Thess.
2732 5346 2817 5413 ιι),
2854 5344 3113 5398 adventus
3157 5339 3452 5395 secundum

1872 5446 2239 5517 Operatiouem
2270 5444 2481 5498 Satanas
2509 5441 2561 5495 in
2588 5440 2735 5496 omni
2763 5439 2957 5493 virtute
2985 5447 3040 5492 et
3063 5436 3229 5507 signis
3258 5444 3311 5489 et
3331 5448 3451 5504 pro.

1871 5537 2029 5607 digiis
2058 5534 2346 5598 mendacii,
2379 5532 2463 5587 his
2493 5532 2583 5601 qui
2625 5538 2869 5599 pereunt.
2904 5528 2969 5582 Et
2998 5544 3157 5581 unum
3194 5536 3353 5591 caput
3380 5542 3446 5581 es

1870 5635 2076 5696 septem
2108 5625 2357 5695 capitibus
2395 5625 2538 5691 quasi
2570 5622 2793 5677 occisum
2832 5620 2991 5674 fuerit
3019 5619 3083 5673 ad
3128 5627 3369 5682 mortem,
3400 5627 3450 5671 et

1872 5724 2027 5795 plaga
2052 5725 2231 5778 mortis
2256 5726 2368 5789 eius
2393 5730 2574 5775 curata
2596 5730 2689 5774 est.
2725 5719 2897 5774 Unum
2941 5734 3005 5774 ex
3041 5717 3305 5786 capitibus
3334 5719 3449 5787 ejus

1872 5816 1999 5871 dicit
2038 5814 2454 5883 Antichristum,
2484 5814 2607 5883 quia
2637 5822 2842 5881 septem
2876 5828 2984 5865 ιιοιι
3023 5826 3246 5868 numero
3274 5822 3402 5867 sunt
3432 5853 3445 5874 ,

1871 5911 1964 5966 sed
2020 5907 2409 5979 signiﬁcatione
2456 5906 2815 5963 universitatis
2876 5907 3022 5977 regni
3063 5906 3259 5962 terreni
3308 5919 3447 5975 agno
