3968 6354
533 373 644 428 879

1665 353 1958 412 PRiMASll
1993 351 2152 408 ADBI

2258 346 2438 406 ΞΤΑΝΙ
2483 345 2670 403 EPISC
3761 337 3843 393 880

535 488 820 546 contrarii.
872 484 1006 541 Huic
1044 484 1372 545 draconem,
1422 476 1473 532 id
1501 482 1585 530 est
1630 470 1901 530 diabolum
1924 511 1940 536 ,
1970 483 2121 524 suam
2153 474 2205 533 Α
2228 463 2535 536 cipiendum
2565 463 2652 518 vel
2696 462 2747 516 vi
2783 462 3058 530 ingerere,
3113 461 3198 514 vel
3242 458 3443 514 fraude
3481 469 3838 524 supponere:

546 581 677 635 dare
703 587 910 634 eertum
939 583 1020 630 est
1047 579 1364 643 potestatem
1405 575 1460 622 et
1490 566 1739 620 thronum
1771 577 1949 618 suum.
1982 561 2132 616 Sicut

548 673 690 728 enim
733 672 786 725 in
827 669 966 723 bono
1009 665 1184 720 anima
1231 660 1358 728 justi
1408 658 1562 713 sedes
1603 655 1921 725 sapientiae,
1966 653 2042 707 sic
2075 652 2129 706 in

552 765 690 819 malo
721 763 824 816 illis
855 757 1102 814 inimicus
1129 755 1260 808 dare
1295 748 1491 806 dicitur
1529 749 1799 811 thronum,
1840 759 1974 814 quos
2021 759 2132 796 ma-

551 857 696 910 xime
715 850 990 922 possidens
1012 846 1076 900 ad
1103 845 1236 899 alios
1261 845 1425 897 utitur
1447 837 1801 905 seducendos,
1821 832 2132 890 admiranda

554 964 648 1017 per
677 961 768 1000 eos
795 945 905 998 Deo
942 943 1151 996 sinente
1180 938 1485 1008 frequenter
1513 947 1772 989 exercens
1798 972 1813 998 ,
1853 931 1945 1001 qui
1986 937 2132 983 tanta

553 1039 826 1107 impietate
857 1033 1191 1104 progreditur
1215 1072 1229 1096 ,
1261 1028 1326 1082 ad
1355 1026 1654 1083 eludendos
1692 1024 1898 1077 animos
1941 1036 2134 1091 parvu-

553 1131 723 1184 lorum
749 1169 761 1192 ,
812 1141 974 1178 unum
1016 1139 1080 1177 ex
1121 1121 1386 1190 capitibus
1428 1128 1632 1184 septem
1679 1117 1976 1170 imitatione
2017 1111 2133 1166 veri

554 1221 741 1290 capitis
769 1232 826 1272 se
851 1215 1000 1285 quasi
1031 1214 1264 1267 occisum
1289 1207 1670 1270 resurrexisse,
1692 1215 1744 1260 et
1774 1218 1871 1274 pro
1897 1203 2134 1267 Christo,

554 1311 646 1382 qui
677 1310 778 1364 hoc
805 1323 927 1362 vere
957 1304 1200 1375 perfecit,
1220 1299 1618 1370 suscipiendum
1643 1295 1835 1350 audeat
1857 1293 2132 1349 exhibere.

561 1406 626 1459 Et
656 1402 933 1459 admiratae
964 1409 1086 1452 sunt
1116 1403 1300 1465 gentes
1333 1392 1690 1447 inhabitantes
1728 1397 1948 1443 terram.
1975 1386 2018 1441 A
2048 1386 2139 1439 be-

557 1496 660 1551 stia
693 1491 1092 1547 translationem
1120 1486 1392 1539 nominum
1423 1481 1571 1545 fecit,
1596 1495 1662 1534 ne
1693 1478 1919 1542 diceret,
1951 1475 2139 1531 mirata

555 1588 728 1646 bestia
760 1595 942 1641 secuta
972 1590 1054 1637 est
1098 1579 1344 1634 bestiam.
1386 1575 1608 1630 Terram
1649 1572 1790 1627 enim
1834 1570 2008 1640 posuit
2044 1583 2140 1637 pro

559 1680 809 1742 terrenis,
839 1677 931 1747 qui
961 1691 1082 1731 eum
1127 1683 1180 1728 et
1205 1672 1355 1742 sequi
1399 1679 1454 1725 et
1478 1669 1706 1724 adorare
1744 1666 2049 1726 maluerint,
2088 1663 2139 1717 id

559 1782 673 1837 est,
719 1771 802 1824 sui
849 1769 936 1837 qui
986 1768 1036 1821 iu
1087 1763 1420 1820 Autichristo
1469 1773 1720 1830 tanquam
1751 1759 1804 1813 in
1855 1757 2141 1811 simulacro

2235 567 2555 630 potestatem
2582 555 2947 625 temporaliter
2962 553 3207 621 accipiet,
3233 566 3333 622 qua
3362 551 3468 604 ille
3497 547 3656 602 male
3684 557 3838 608 utens.

2236 666 2431 706 nocere
2477 649 2661 704 volens
2698 646 2911 715 corpori
2966 644 3199 710 Christi,
3255 644 3390 698 sicut
3450 649 3834 711 persecutores

2233 745 2449 798 Christo
2473 743 2712 812 patienti,
2738 740 2963 809 amplius
2982 739 3280 803 extollitur,
3299 748 3353 793 et
3378 752 3526 790 cum
3551 735 3672 789 suis
3691 736 3835 790 acrius

2236 835 2508 892 cruciatur
2542 853 2555 887 :
2587 834 2653 889 de
2683 834 2781 888 hac
2819 833 3074 886 Dominus
3121 831 3251 886 dicit
3293 830 3503 901 (Joan.
3542 830 3668 894 xu)
3703 846 3714 878 :
3745 828 3834 880 Non

2237 931 2464 986 haberes
2507 930 2560 984 in
2606 943 2691 983 tne
2730 936 3083 997 potestatem,
3131 925 3232 980 nisi
3277 925 3480 978 datum
3531 921 3636 975 tibi
3681 920 3832 975 fuisse:

2239 1025 2486 1093 desuper.
2536 1021 2590 1077 Si
2646 1036 2775 1090 ergo
2823 1020 2963 1073 circa
3009 1033 3160 1073 suam
3213 1016 3552 1086 passionem
3613 1014 3747 1064 hanc
3783 1016 3828 1064 sel

2239 1131 2567 1179 momentum
2617 1121 2731 1176 suis
2783 1115 3218 1188 persecutoribus
3278 1111 3560 1167 Christus
3638 1108 3823 1162 dederat

2243 1217 2428 1285 (Joan.
2453 1216 2588 1278 xw),
2621 1227 2741 1268 cum
2771 1211 2822 1265 in
2852 1225 2919 1265 eo
2948 1209 3198 1278 princeps
3241 1207 3400 1272 hujus
3470 1202 3675 1256 mundi
3729 1202 3824 1252 nibii

2241 1309 2456 1376 dignum
2489 1313 2661 1358 morte
2691 1302 2973 1370 reperiret,
3002 1299 3128 1367 quid
3147 1297 3340 1351 mirum
3364 1295 3418 1348 si
3457 1293 3521 1345 in
3559 1305 3658 1345 sua
3688 1289 3822 1343 Ecrie~

2241 1402 2317 1455 sia
2347 1401 2424 1454 sic
2447 1399 2512 1453 ad
2553 1407 2764 1462 tempus
2791 1394 2964 1449 malos
3005 1391 3234 1460 grassari
3284 1386 3598 1455 permittat
3618 1426 3631 1446 ,
3676 1394 3728 1437 ut
3757 1400 3818 1436 ess

2241 1496 2436 1550 vicisse
2471 1491 2648 1546 dicat?
2673 1492 2796 1545 licet
2824 1503 2851 1540 a
2897 1495 3011 1540 toto
3049 1497 3176 1554 pars
3200 1480 3436 1549 intelligi
3475 1477 3816 1543 debeat,qa:e

2241 1587 2382 1644 vinci
2411 1593 2606 1656 potest.
2641 1582 2708 1636 Et
2738 1582 2862 1634 data
2893 1587 2966 1632 est
2997 1578 3042 1631 ei
3085 1584 3304 1647 potestas
3329 1575 3382 1625 in
3422 1585 3651 1624 omnem
3678 1571 3812 1619 triaue;

2243 1693 2290 1739 et
2328 1682 2573 1752 papulum
2604 1686 2650 1732 et
2681 1677 2906 1744 linguam
2931 1681 2978 1727 et
3008 1681 3241 1741 gentem;
3266 1676 3312 1718 et
3341 1663 3714 1716 adoraverunt
3729 1673 3812 1712 era

2244 1794 2416 1833 omnes
2465 1773 2827 1829 inhabitantes
2869 1775 3078 1827 terram,
3107 1776 3326 1833 quorum
3356 1758 3592 1811 nomina
3616 1770 3711 1806 non
3733 1763 3809 1804 sui

557 1862 827 1916 diabolum
858 1860 1085 1912 adorare
1122 1855 1412 1920 dicuntur,
1446 1853 1548 1906 hoc
1584 1859 1666 1904 est
1699 1849 1839 1920 quod
1878 1847 2039 1902 dicit:
2078 1843 2140 1898 Et
2175 1857 2223 1916 Β
2247 1871 2439 1936 κηρία
2466 1869 2518 1920 in
2543 1865 2675 1918 mm,
2720 1863 2834 1916 vim
2878 1859 3010 1929 Ag";
3053 1855 3215 1910 occisi
3239 1893 3254 1917 ν
3308 1851 3402 1921 qu,-
3455 1859 3539 1902 εει
3572 1847 3638 1899 αι
3665 1846 3809 1915 odia,

557 1955 896 2006 adoravcrunt
938 1950 1242 2012 draconem,
1275 1959 1339 1999 eo
1385 1943 1527 2014 quod
1575 1939 1884 1995 tradidisset
1923 1951 2139 1992 omnem

557 2052 851 2115 potestatem
892 2053 1041 2093 suam
1083 2037 1271 2091 bestiaz.
1308 2035 1502 2090 lterum
1538 2032 1880 2085 adoraverunt
1911 2028 2139 2090 bestiam,

557 2137 778 2189 dicentes
806 2151 819 2187 :
847 2132 972 2198 Quis
1010 2129 1191 2184 similis
1221 2126 1299 2180 illi
1329 2124 1539 2179 bestiw?
1567 2120 1634 2175 Et
1673 2121 1786 2189 quis
1815 2120 1996 2190 poterit
2026 2117 2140 2172 bel-

556 2229 779 2299 ligerare
827 2240 942 2278 cum
981 2221 1087 2276 ea?
1127 2219 1261 2273 Cum
1292 2233 1322 2272 a
1351 2215 1462 2271 suis
1509 2213 1861 2270 sectatoribus
1904 2210 2143 2265 eminere

558 2316 836 2379 laudatur,
888 2313 1027 2366 sicut
1072 2308 1318 2380 legimus,
1363 2315 1418 2361 et
1460 2304 1672 2374 aperire
1700 2317 1762 2357 os
1798 2302 2035 2372 gentium
2081 2313 2145 2353 ac

558 2411 781 2466 virtutes
823 2407 1108 2470 bonorum,
1139 2411 1195 2458 et
1222 2397 1630 2455 admirationem
1662 2396 1858 2450 habere
1889 2408 2000 2448 rem
2026 2390 2140 2445 ani-

559 2501 754 2558 malem
773 2499 839 2553 ad
863 2506 1089 2552 terram:
1109 2508 1231 2548 cum
1257 2506 1405 2562 ergo,
1429 2491 1666 2559 inquam,
1687 2502 1717 2541 a
1741 2486 1852 2540 suis
1879 2483 2143 2547 laudatur,

561 2601 616 2648 et
644 2594 698 2647 in
738 2585 1100 2659 ntagniloquio
1145 2584 1419 2640 extollitur
1444 2622 1459 2647 ,
1508 2589 1676 2635 totum
1725 2577 1913 2633 bestiae
1953 2592 2146 2646 corpus

561 2682 780 2740 omnino
813 2678 1156 2736 describitur.
1196 2674 1265 2729 Et
1297 2675 1422 2728 data
1459 2681 1530 2727 est
1568 2673 1614 2725 ei
1655 2680 1877 2742 potestas
1919 2669 2145 2724 faciendi

561 2774 837 2833 mensibus
880 2770 1222 2843 quadraginta
1262 2765 1497 2822 duobus.
1542 2763 1634 2817 llis
1665 2762 1825 2817 etiam
1871 2761 2148 2816 mensibus

564 2877 676 2923 tres
705 2865 830 2920 anui
859 2880 979 2918 cum
1009 2878 1104 2918 sex
1135 2858 1410 2916 mensibus
1438 2853 1818 2925 adimplentur,
1843 2853 2037 2922 quibus
2059 2867 2148 2906 su-

563 2957 743 3026 perius
770 2953 983 3024 quidem
1015 2951 1312 3022 praesentis,
1347 2962 1487 3004 nunc
1516 2954 1694 3001 autem
1717 2944 2024 3013 specialiter
2055 2959 2146 2997 no-

565 3046 797 3102 vissimae
837 3043 1223 3115 persecutionis
1269 3039 1660 3110 przcnuntiatur
1691 3036 1988 3106 asperitas:
2023 3050 2147 3088 nam

565 3153 782 3214 propter
810 3150 1038 3212 quatuor
1086 3136 1393 3193 notissimas
1421 3135 1571 3190 orbis
1620 3142 1799 3202 partes
1824 3171 1839 3197 ,
1886 3130 1931 3186 si
1963 3140 2149 3200 quater

565 3235 789 3306 legalem
816 3233 1130 3304 decalogum
1148 3230 1388 3293 duxeris,
1406 3229 1459 3283 in
1481 3241 1587 3297 quo
1614 3223 1959 3296 perfectionis
1978 3223 2148 3277 estsi-
2180 3233 2226 3296 ρ

566 3342 748 3395 gnum,
781 3323 1260 3396 quadragenarium
1292 3320 1571 3389 comples:
1605 3317 1692 3373 his
1730 3331 1853 3372 cum
1885 3315 1992 3370 duo
2022 3313 2151 3367 cha-

567 3417 739 3472 ritatis
771 3425 1030 3485 prmeepta
1058 3424 1180 3469 actu
1211 3411 1474 3481 adieceris
1514 3407 1889 3477 adimplenda,
1925 3402 2155 3476 quadra-

568 3511 709 3581 ginta
736 3508 840 3563 duo
882 3507 1181 3578 perficiunt.
1214 3503 1357 3560 Nihil
1392 3503 1534 3558 enim
1573 3500 1842 3570 iuvissent
1879 3497 2153 3552 enuntiata

568 3602 769 3665 verbis,
811 3600 854 3653 si
883 3615 987 3652 non
1027 3598 1410 3666 perficerentur
1433 3593 1722 3663 operibus;
1759 3590 1846 3644 his
1876 3589 2019 3645 enim
2047 3587 2153 3641 Ec-

569 3692 730 3748 clesia
763 3692 957 3746 dicitur
982 3689 1121 3744 sicut
1167 3688 1266 3741 alis
1299 3686 1490 3755 aquilae
1530 3680 1900 3751 temporaliter
1931 3694 2158 3748 praemu-

571 3785 696 3846 niri,
729 3783 780 3835 in
809 3779 1160 3834 solitudinem
1186 3776 1394 3846 fugiens
1421 3773 1669 3830 draconis
1693 3771 1935 3835 insidias,
1964 3770 2156 3825 alenda

574 3873 761 3930 diebus
784 3871 928 3924 mille
943 3868 1186 3923 ducentis
1202 3865 1573 3936 quadraginta,
1587 3863 1778 3934 quibus
1799 3876 2014 3919 menses
2038 3877 2160 3932 qua-

576 3965 818 4033 draginta
842 3963 946 4017 duo
975 3960 1312 4030 supplentur,
1335 3967 1394 4012 ut
1425 3957 1562 4012 idem
1591 3947 1846 4012 numerus
1873 3970 1980 4010 non
2013 3955 2159 4011 inani

576 4057 777 4112 clareat
805 4052 1198 4124 signiﬁcatione
1226 4059 1456 4105 taxatus.
1495 4050 1708 4120 Aperuit
1735 4059 1911 4104 autem
1943 4050 1996 4102 in
2021 4049 2163 4104 blas-

579 4145 787 4217 phemia
819 4161 874 4200 os
911 4160 1060 4198 suum
1091 4142 1349 4197 adversus
1391 4141 1553 4195 Deum
1593 4140 1645 4195 in
1686 4140 2162 4210 blaspltemandum

578 4253 761 4291 nomen
783 4242 914 4309 ejus,
939 4244 985 4288 et
1013 4233 1395 4287 tabernaculum
1417 4235 1547 4306 ejus,
1572 4241 1617 4285 et
1641 4248 1725 4285 eos
1744 4233 1830 4299 qui
1852 4235 1904 4284 in
1926 4231 2051 4286 caelo
2075 4233 2167 4283 ha-

580 4332 762 4397 bitant,
785 4330 838 4384 id
860 4336 943 4384 est
963 4328 1220 4382 adversus
1251 4325 1416 4380 Deum
1440 4333 1494 4379 et
1512 4323 1804 4380 Ecclesiam
1822 4339 1939 4393 qua:
1956 4323 2006 4376 in
2029 4323 2168 4376 cmlo

581 4425 807 4489 habitat,
831 4431 1050 4493 propter
1071 4420 1210 4491 quod
1239 4420 1527 4490 Apostolus
1546 4418 1771 4489 (Philip.
1794 4421 1873 4486 ιιι)
1894 4433 1906 4469 :
1927 4415 2165 4471 Conver-

584 4519 723 4572 satio
754 4526 932 4570 nostra
959 4516 1011 4568 in
1036 4513 1190 4569 crelis
1209 4522 1314 4577 est,
1338 4513 1538 4582 inquit;
1568 4519 1623 4566 et
1648 4511 1830 4582 (Rom.
1853 4510 1972 4578 vin)
1991 4527 2002 4560 :
2019 4509 2170 4562 Nunc

2244 1960 2445 2016 mundi.
2478 1957 2675 2012 Parum
2706 1953 2903 2020 quippe
2951 1947 3242 2009 videretur,
3268 1944 3312 1996 si
3337 1941 3410 1994 de
3437 1954 3510 1994 ea
3544 1936 3707 1991 bestia
3728 1950 3804 2003 qua

2247 2053 2401 2121 Aguo
2429 2045 2696 2104 contraria
2729 2042 2886 2097 toties
2935 2039 3148 2108 ponitur
3173 2076 3190 2097 .
3228 2033 3520 2088 diceretur
3563 2045 3577 2081 :
3609 2025 3716 2080 Non
3755 2036 3805 2075 rs:

2246 2118 2429 2213 Agnus
2459 2147 2553 2194 aut
2578 2152 2680 2191 non
2705 2144 2788 2190 est
2814 2132 3082 2194 Christus,
3113 2125 3257 2198 quod
3285 2138 3346 2179 se
3390 2120 3594 2191 lingit,
3631 2118 3712 2173 sed
3735 2133 3800 2170 nec

2247 2238 2301 2292 in
2335 2235 2473 2290 libro
2505 2232 2639 2302 Agni
2663 2229 2895 2295 scriptus
2918 2239 3038 2280 esse
3067 2221 3332 2293 quispiam
3363 2217 3600 2281 meruit,
3628 2213 3801 2279 sutipsc

2247 2336 2335 2382 aut
2363 2326 2448 2396 qui
2473 2324 2522 2380 ei
2549 2319 2928 2383 consentiunt;
2959 2317 3080 2370 licet
3105 2312 3272 2384 possit
3302 2312 3478 2366 etiam
3510 2309 3681 2364 bestia:
3703 2320 3793 2359 car-

2248 2432 2347 2487 pus
2401 2414 2644 2480 intelligi,
2679 2420 2901 2481 propter
2945 2407 3085 2479 quod
3135 2402 3440 2473 pra'misit:
3478 2399 3785 2456 Adamn-rant

2249 2524 2368 2564 eum
2397 2522 2585 2562 omnes
2617 2503 2985 2559 inhabitantes
3025 2509 3242 2560 terram,
3279 2495 3331 2550 id
3365 2503 3483 2560 est,
3505 2490 3669 2547 terreni
3689 2489 3774 2542 dia-

2250 2601 2452 2663 bolum,
2485 2597 2569 2650 cui
2600 2596 2801 2648 dictum
2825 2603 2944 2647 est:
2985 2590 3205 2644 Terram
3240 2586 3502 2641 comedes
3546 2580 3783 2651 (Cmdll'i'.

2249 2692 2316 2746 de
2344 2689 2538 2759 quibus
2584 2685 2843 2741 Jeremias
2893 2680 3063 2736 dicit:
3099 2678 3436 2734 Recedentes
3473 2690 3502 2728 a
3535 2684 3582 2729 te
3606 2673 3652 2726 in
3679 2680 3786 2724 terra

2251 2785 2551 2839 scribentur
2580 2779 2794 2850 (Jerem.
2819 2777 3018 2844 xxx“);
3048 2773 3130 2827 vel
3147 2772 3403 2841 psalmus,
3435 2769 3498 2822 Et
3523 2782 3634 2821 cum
3660 2763 3789 2832 justis

2252 2891 2356 2930 non
2381 2874 2681 2929 scribantur
2704 2868 2874 2938 (Psal.
2910 2862 3112 2934 vatn).
3149 2862 3207 2918 St
3240 2862 3352 2930 quis
3377 2859 3518 2910 habet
3543 2869 3690 2909 aures
3711 2869 3789 2905 an-

2251 2968 2378 3021 dial.
2412 2967 2510 3031 Qui
2542 2963 2810 3033 captivum
2840 2960 3062 3021 duxerit,
3094 2965 3149 3011 et
3178 2956 3293 3023 ipse
3319 2953 3550 3020 capietur.
3579 2947 3782 3013 Quoties

2254 3060 2342 3115 hic
2371 3073 2432 3112 ea
2467 3056 2686 3124 spiritus
2743 3051 2893 3118 dicit,
2927 3065 3046 3120 qua:
3094 3047 3346 3102 intentius
3379 3039 3623 3096 audienda
3649 3049 3784 3095 sunt,

2258 3158 2331 3212 ita
2364 3151 2659 3224 praemittit.
2692 3151 2851 3204 Facta
2885 3148 3027 3202 enim
3077 3145 3352 3199 mentione
3375 3139 3511 3193 illius
3544 3131 3788 3204 potestatis

2256 3264 2412 3319 quam
2444 3255 2762 3314 accepturus
2807 3251 2891 3297 est
2939 3239 3182 3296 diabolus
3221 3247 3275 3292 et
3302 3234 3492 3296 bestia,
3535 3245 3598 3284 ne
3644 3225 3784 3295 magni

2258 3339 2596 3411 pendendum
2629 3351 2748 3392 esse
2779 3334 2981 3391 ruinosi
3009 3329 3256 3386 culminis
3287 3335 3698 3383 momentaneum
3723 3335 3782 3372 su—

2257 3418 2538 3502 percilium
2567 3441 2900 3498 putaremus,
2933 3433 3184 3492 tanquam
3214 3415 3623 3487 cogitationibus
3645 3411 3780 3464 huma-

2260 3516 2345 3578 nis
2379 3534 2703 3584 occurrens,
2731 3515 2970 3574 instruit,
2998 3513 3181 3567 dicens
3213 3526 3226 3562 :
3258 3507 3360 3575 Qui
3389 3505 3645 3574 captivum
3671 3500 3773 3553 dare

2260 3613 2352 3678 rit,
2387 3620 2442 3668 et
2467 3612 2584 3680 ipse
2613 3608 2853 3677 capietur
2885 3621 2899 3658 :
2929 3618 2992 3658 ac
3019 3603 3063 3657 si
3093 3601 3324 3663 diceret,
3359 3595 3609 3650 Diabolus
3636 3600 3679 3647 et
3698 3590 3778 3643 bes-

2261 3703 2334 3758 tia
2362 3702 2454 3773 qui
2487 3701 2599 3756 suis
2621 3712 2765 3755 nunc
2786 3696 2993 3752 retibus
3020 3701 3208 3764 gentes
3256 3689 3543 3760 captivare
3575 3683 3770 3739 videatur.

2263 3770 2508 3866 ipse—erit
2535 3806 2656 3846 cum
2687 3790 2801 3844 suis
2827 3788 2934 3842 cito
2955 3783 3222 3854 captivus.
3247 3781 3315 3836 Et
3342 3780 3437 3850 qui
3462 3778 3611 3845 gladia
3629 3770 3765 3826 πάόες

2269 3862 2358 3953 ιίὶι,
2392 3896 2446 3942 et
2478 3887 2652 3953 ipsum
2689 3891 2884 3948 oportet
2929 3879 3102 3950 gladio
3149 3874 3332 3930 occidi.
3388 3871 3577 3927 Sciens
3595 3862 3769 3921 talisal-

2265 3990 2425 4036 ventu
2458 3978 2669 4033 Domini
2694 3975 2936 4048 protinus
2964 3969 3300 4033 vindicanda,
3352 3979 3631 4037 propterea
3653 3960 3777 4015 dicit:

2269 4070 2338 4123 Et
2365 4070 2540 4138 ipsum
2571 4066 2752 4136 gladio
2780 4071 2990 4132 oportet
3009 4059 3202 4121 occidi,
3229 4058 3484 4113 absolute
3519 4065 3688 4125 ponens
3707 4047 3782 4101 dia-

2270 4162 2377 4216 boli
2392 4157 2772 4222 etAuy‘christi
2793 4169 3096 4225 personam,
3121 4161 3370 4218 tanquam
3392 4148 3786 4201 habitantemrum

2271 4250 2575 4307 habitacula
2611 4268 2623 4302 :
2657 4249 2856 4304 idcirco
2884 4245 3156 4300 indefinite
3181 4261 3196 4296 ι
3219 4242 3320 4310 Qui
3347 4241 3638 4309 captivum,
3657 4233 3786 4300 inquit,

2272 4343 2504 4410 duxerit,
2531 4351 2585 4396 et
2606 4341 2721 4410 ipse
2750 4339 3020 4408 copietur;
3053 4345 3108 4391 et
3151 4334 3240 4402 qui
3267 4333 3448 4402 gladio
3481 4327 3733 4387 occiderit,
3758 4331 3789 4374 et

2275 4433 2638 4504 ipsunigladio
2668 4439 2880 4502 oportet
2905 4427 3073 4483 occidi
3100 4444 3114 4481 :
3147 4427 3270 4480 hinc
3293 4424 3596 4494 Apostolus
3616 4423 3791 4485 loqueris.

2275 4526 2404 4581 dicit
2433 4524 2523 4594 (II
2550 4525 2725 4578 Thess.
2766 4521 2824 4593 ‘2)
2871 4539 2883 4574 :
2917 4521 3066 4576 Tunc
3111 4517 3437 4574 revelabitur
3489 4517 3588 4571 ille
3632 4514 3794 4580 iniqua“.

585 4614 762 4660 autem
791 4605 844 4658 in
867 4619 1030 4658 carne
1057 4618 1160 4657 non
1191 4605 1342 4658 estis.
1365 4602 1568 4656 Aliter:
1598 4601 1880 4668 Templum
1903 4599 1989 4653 hic
2003 4599 2165 4652 etiam
2199 4625 2249 4682 Β
2272 4632 2429 4685 quem
2465 4615 2716 4669 Dominus
2745 4614 2899 4667 Jesus
2944 4610 3229 4666 interﬁciat
3281 4607 3472 4676 ερίτῖιο
3519 4608 3634 4660 οι-ῑς
3660 4602 3747 4660 sui,
3767 4608 3797 4649 et

585 4697 825 4764 corporis
848 4694 1046 4750 Christi
1067 4694 1416 4763 glorificatum
1437 4702 1562 4762 puto
1579 4690 1864 4760 signiﬁcari
1883 4697 2162 4758 tropaeum,

587 4802 744 4859 quem
773 4795 900 4841 tunc
929 4784 1290 4840 Antichristus
1317 4784 1510 4839 dicitur
1536 4782 1927 4851 blasphemare,
1957 4781 2167 4850 quando

588 4882 897 4951 dignitatem
940 4878 987 4934 ei
1029 4876 1332 4946 specialiter
1364 4877 1598 4931 debitam
1626 4914 1640 4938 ,
1673 4873 1772 4929 sibi
1819 4889 1979 4929 ausus
2010 4875 2168 4927 fuerit

589 4973 883 5041 assignare.
916 4970 1050 5024 Hinc
1091 4968 1142 5023 in
1207 4969 1490 5038 Evangelio
1529 4967 1787 5022 Dominus
1815 4967 1981 5021 dicit:
2015 4967 2167 5022 Unde

589 5066 931 5127 seducantur,
962 5062 1010 5117 si
1049 5061 1165 5116 ﬁeri
1207 5069 1402 5128 pmest,
1442 5061 1606 5114 etiam
1645 5059 1843 5114 electi:
1883 5059 2162 5113 confestim

591 5167 767 5212 tamen
795 5155 1036 5226 sequitur
1065 5171 1078 5206 :
1109 5153 1212 5209 Sed
1237 5162 1454 5224 propter
1484 5153 1684 5208 electos
1710 5152 2171 5207 abbreviabuntur

591 5248 705 5302 dies
726 5245 1040 5319 illi-(Matth.
1077 5245 1225 5313 xxiv)
1261 5261 1272 5296 :
1301 5243 1365 5296 Et
1393 5243 1515 5296 data
1537 5255 1605 5296 est
1627 5245 1676 5296 ei
1707 5254 1925 5312 potestas
1947 5244 2171 5297 faciendi

595 5337 778 5394 bellum
797 5355 915 5393 eum
939 5339 1126 5392 sanctis
1149 5376 1165 5402 ,
1189 5345 1236 5391 et
1265 5337 1392 5391 vicit
1430 5353 1535 5390 eos.
1582 5337 1834 5403 Dicenda,
1873 5339 2081 5405 aperuit
2113 5352 2174 5390 os

597 5443 775 5496 suum,
808 5429 1109 5484 ostenditur
1133 5429 1185 5482 in
1210 5430 1346 5483 hanc
1369 5429 1744 5483 damnabiliter
1772 5429 2018 5483 ﬁduciam
2041 5444 2170 5498 pro-

597 5522 825 5590 rupisse,
858 5530 914 5575 ut
945 5520 1088 5590 quod
1117 5529 1242 5574 ante
1291 5521 1518 5585 occulte,
1568 5535 1709 5574 nunc
1745 5520 1952 5589 publice
1980 5521 2175 5575 audeat

600 5609 996 5679 blasphemare,
1026 5609 1240 5679 quando
1262 5609 1576 5679 dignitatem
1607 5611 1657 5665 ei
1690 5611 1994 5679 specialiter
2021 5613 2174 5667 debi-

604 5711 710 5755 tam
741 5701 840 5757 sibi
865 5717 1024 5757 ausus
1051 5703 1209 5758 fuerit
1235 5702 1532 5774 assignare,
1563 5702 1967 5772 etiniquitatem
1994 5704 2046 5758 in
2077 5719 2178 5760 ex-

604 5792 748 5850 celso
778 5793 940 5864 loqui,
968 5804 1025 5852 ut
1045 5796 1348 5853 contrarius
1371 5795 1604 5860 Christo,
1624 5809 1682 5851 se
1714 5795 1841 5851 velit
1868 5810 1965 5866 pro
1993 5811 2057 5852 eo
2085 5811 2178 5852 ac-

2275 4708 2518 4761 destruet
2548 4705 2901 4759 illustratione
2931 4703 3192 4757 adventus
3220 4701 3322 4754 sui.
3347 4699 3500 4752 Tunc
3528 4699 3797 4764 utiquetum

2276 4801 2528 4866 absorpta
2560 4798 2723 4853 fuerlt
2745 4812 2890 4852 mors
2923 4812 2974 4850 ιιι
2997 4795 3274 4850 victoriam
3303 4791 3359 4863 (Ι
3389 4790 3512 4845 Cor.
3551 4791 3800 4858 x\'),qn:n-

2277 4892 2345 4945 do
2376 4900 2590 4945 sanctos
2620 4905 2807 4945 omnes
2835 4897 3049 4959 oportet
3069 4887 3333 4953 patienter
3379 4895 3432 4940 et
3488 4879 3801 4952 longanimiter

2277 4989 2622 5050 exspectare;
2655 4980 2852 5034 idcirco
2876 4978 3140 5046 subjecit:
3173 4975 3276 5030 Hic
3299 4985 3368 5028 est
3390 4976 3646 5043 patienria
3662 4979 3700 5024 et
3724 4965 3805 5032 [add

2280 5080 2594 5127 sanctorum.
2620 5070 2925 5126 Uudeidem
2949 5069 3224 5137 apostolus
3244 5065 3446 5134 (Colat.
3481 5064 3560 5134 vi)
3596 5063 3806 5117 :Fralrﬁ.

2281 5164 2476 5233 inquit,
2506 5178 2610 5217 non
2651 5162 2963 5216 deficiamus
2992 5179 3004 5213 :
3040 5171 3277 5228 tempore
3306 5159 3448 5212 cnim
3475 5171 3580 5210 suo
3612 5161 3809 5210 metemns

2277 5271 2383 5310 non
2405 5254 2738 5309 deficientes.
2776 5252 2841 5305 Et
2864 5252 2970 5305 vidi
2999 5253 3156 5304 aliam
3185 5251 3394 5303 bestiam
3420 5250 3751 5302 ascendentem
3771 5240 3808 5290 de

2278 5355 2437 5409 terra,
2466 5344 2752 5398 habentem
2777 5358 2973 5395 cornua
3003 5343 3107 5395 duo
3135 5341 3324 5395 similia
3356 5340 3503 5410 agni,
3531 5350 3584 5392 et
3632 5332 3810 5402 Iugario

2277 5449 2360 5490 tur
2385 5447 2441 5491 ut
2490 5437 2646 5490 draco
2671 5451 2690 5490 :
2730 5445 2776 5488 et
2805 5444 3097 5499 roteslatem
3127 5434 3313 5502 prioris
3357 5432 3533 5484 bestia:
3561 5442 3738 5484 onmem
3757 5426 3810 5489 fa-

2279 5529 2436 5582 ciebat
2464 5529 2700 5582 interra.
2735 5527 2851 5581 Duo
2895 5540 3094 5580 cornua
3123 5524 3247 5593 agni
3287 5522 3505 5583 similia,
3536 5522 3646 5574 duo
3672 5518 3811 5571 Testa-

2283 5628 2462 5674 menta
2491 5633 2620 5673 vero
2653 5620 2805 5686 Agna
2848 5616 3231 5685 ciimpetentia,
3278 5613 3378 5668 sibi
3427 5627 3583 5666 more
3613 5614 3812 5672 usurpﬁl"

2287 5709 2529 5765 tentavit.
2569 5707 2818 5764 Utdraco
2846 5718 3025 5762 tamen
3053 5705 3197 5774 loqui
3229 5704 3445 5771 dicitur,
3465 5701 3590 5771 quia
3617 5702 3664 5754 in
3687 5697 3812 5764 hypo-

2289 5800 2437 5870 crisi,
2465 5800 2516 5858 id
2557 5810 2638 5857 est
2685 5799 3030 5856 simulatione
3076 5798 3354 5865 veritatis,
3385 5810 3522 5862 quos
3567 5785 3809 5851 seduxerit.
