3968 6354
182 350 287 405 881

1188 352 1641 409 (ΣΟΜΜΕΝΤᾹΒ.
1684 351 1752 408 1N
1792 354 2169 413 APOCALYP.
2212 358 2340 414 LIB.
2380 359 2466 414 IV.

3358 365 3470 428 882

179 465 405 535 decipit.
440 467 591 535 Agno
620 467 762 523 enim
809 467 1000 524 similis
1054 485 1159 524 non
1185 479 1349 535 esset,
1401 470 1446 523 si
1493 478 1677 539 aperte
1707 478 1762 523 ut
1791 474 1839 529 Α
1876 470 2042 535 enim,
2072 488 2189 541 qua:
2222 472 2323 529 hoc
2354 476 2569 531 nomine
2593 476 2733 533 inter
2757 494 2817 536 se
2836 490 2901 537 et
2924 495 3055 538 suos
3082 495 3457 545 conversatur.

178 556 349 609 draco
410 557 737 627 loqueretur.
794 559 950 615 Nunc
1003 570 1179 615 autem
1256 576 1450 630 agnum
1507 562 1657 631 ﬁngit
1710 570 1769 616 ut

178 650 393 717 Agnum
421 648 656 717 invadat,
690 651 741 704 id
773 663 853 706 est
898 652 1094 707 Christi
1138 667 1369 719 corpus;
1415 662 1474 706 ut
1499 652 1660 707 draco
1686 652 1768 705 lo-

176 744 383 812 quitur,
406 741 548 811 Quod
580 758 702 798 eum
732 757 1034 815 quairentcs
1078 760 1104 798 a
1155 747 1238 799 via
1266 745 1507 799 veritatis
1550 744 1767 799 delusus

175 833 454 901 expellat;
488 841 542 888 et
569 848 781 891 omnem
814 845 1132 905 potestatem
1168 837 1361 907 prioris
1387 836 1574 893 bestiae
1605 836 1769 891 facie-

176 923 276 977 bat
299 927 348 977 in
381 935 539 980 terra.
567 927 769 984 Prioris
781 931 941 999 dixit,
966 947 1125 1001 quam
1151 933 1217 987 de
1232 932 1363 986 mari
1386 930 1764 987 ascendentem

174 1030 240 1070 se
268 1016 463 1072 vidisse
489 1020 770 1090 praemisit,
799 1023 883 1078 cui
906 1023 1155 1079 diabolus
1195 1024 1417 1080 dederat
1441 1035 1767 1097 petestatem

174 1120 333 1161 suam
355 1124 622 1180 magnam.
656 1111 805 1168 lianc
831 1123 1150 1184 potestatem
1174 1117 1309 1172 dixit
1332 1117 1508 1175 facere
1536 1118 1761 1174 bestiam

173 1214 359 1257 coram
389 1202 578 1259 bestia.
612 1205 668 1261 In
698 1209 1002 1277 praepositis
1029 1211 1172 1266 enim
1203 1225 1340 1281 quos
1366 1211 1661 1281 distribuit,
1682 1223 1766 1269 est

174 1295 357 1354 omnis
384 1304 621 1365 patestas
650 1300 852 1368 p0puli,
874 1311 1128 1372 tanquam
1159 1304 1485 1361 locustarum
1517 1316 1573 1363 et
1598 1322 1766 1376 equo-

175 1400 298 1439 rttnt
332 1386 611 1447 inlcaudis.
641 1389 868 1447 Astante
909 1394 1052 1448 enim
1088 1394 1286 1464 populo
1318 1396 1520 1451 faciunt
1549 1412 1765 1467 praepo-

175 1478 266 1533 siti
287 1480 427 1548 quod
453 1479 653 1536 diaboli
683 1483 946 1538 voluntati
996 1484 1259 1552 proﬁciat,
1311 1487 1411 1542 sub
1461 1488 1761 1545 velamento

175 1568 481 1639 hypocrisis
515 1572 789 1630 Ecclesiae.
826 1573 1089 1630 lntantum
1119 1585 1298 1633 autem
1354 1588 1639 1651 utramque
1666 1582 1760 1637 be-

174 1662 337 1718 stiam
369 1663 540 1719 claret
569 1681 733 1722 unum
773 1682 970 1738 corpus
1023 1684 1166 1737 esse,
1211 1681 1266 1727 et
1302 1672 1459 1729 unius
1510 1676 1763 1745 nequitiae

175 1757 380 1812 cultum
406 1772 684 1827 exercere,
709 1770 766 1816 ut
788 1762 949 1817 etiam
979 1765 1253 1834 sequentis
1299 1766 1483 1823 bestia:
1514 1768 1767 1839 hypocri-

1874 560 2161 631 Pr0pterea
2180 566 2221 619 si
2245 567 2458 635 quando
2471 568 2605 623 dixit
2627 569 2850 627 bestiam
2877 573 3127 640 adorare,
3154 592 3277 647 qua:
3300 579 3464 635 habet

1876 653 2084 722 plagam
2113 654 2182 709 de
2221 657 2434 725 gladio,
2479 667 2536 713 et
2578 660 2736 727 vixit,
2784 663 3053 720 diabolum
3088 668 3345 734 ostendit,
3389 670 3461 725 de

1871 756 1977 811 quo
2008 745 2294 814 Apostolus
2326 746 2413 819 (II
2441 747 2621 806 Thess.
2647 752 2706 820 tt)
2737 768 2753 807 :
2784 753 2885 821 Qui
2926 758 3247 813 adversatur
3284 770 3341 816 et
3365 776 3459 816 ex-

1873 836 2095 901 tollitur,
2130 836 2333 908 inquit,
2382 853 2544 911 supra
2575 857 2736 898 omne
2783 846 2925 915 quod
2971 848 3168 912 dicitur
3197 849 3337 905 Deus
3364 858 3461 904 aut

1869 927 2011 998 quod
2042 927 2256 995 colitur,
2290 930 2375 985 ita—
2410 941 2468 988 ut
2496 934 2548 988 in
2598 936 2797 1005 templo
2821 937 2915 993 Dei
2956 940 3144 996 sedeat
3164 943 3459 999 ostendens

1869 1032 1930 1074 se
1955 1028 2204 1089 tanquam
2234 1020 2308 1075 sit
2349 1021 2511 1078 Deus.
2544 1026 2676 1081 'l'res
2711 1027 2913 1099 itaque,
2972 1030 3236 1096 diabolus,
3289 1033 3457 1088 bestia

1872 1108 2018 1166 velut
2045 1112 2245 1179 occisa,
2270 1120 2501 1186 populus
2530 1132 2653 1173 cum
2680 1122 2982 1192 praepositis
3012 1125 3144 1191 suis,
3194 1126 3302 1180 duo
3331 1135 3459 1183 sunt

1870 1203 2138 1261 mediante
2162 1207 2417 1277 imagine.
2436 1208 2501 1264 Et
2516 1210 2561 1264 si
2580 1211 2796 1280 quando
2812 1214 3041 1269 mediam
3064 1214 3193 1272 dicit
3216 1217 3453 1285 adorari,

1872 1295 1927 1351 in
1950 1295 2224 1353 diabolum
2255 1314 2343 1356 res
2373 1301 2535 1367 cadit,
2564 1303 2656 1372 qui
2683 1316 2838 1358 suum
2891 1316 2946 1360 et
2970 1306 3136 1376 hujus
3157 1310 3457 1365 tnediinc-

1869 1387 2029 1444 minis
2051 1390 2236 1460 implet
2264 1391 2461 1457 locum,
2506 1408 2626 1448 cum
2658 1409 2717 1449 se
2756 1397 2870 1450 suis
2911 1400 3134 1466 opponit
3179 1400 3456 1457 damnabi-

1869 1478 1995 1535 liter
2012 1480 2366 1544 adorandum.
2416 1484 2483 1538 de
2512 1483 2810 1540 imitatione
2839 1487 2965 1541 furti
2994 1489 3242 1545 simulata
3264 1491 3455 1547 obum-

1869 1568 2116 1627 bratione
2136 1572 2486 1629 vocabuli.Et
2513 1575 2637 1631 fecit
2666 1578 2815 1645 signa
2845 1594 3054 1649 magna,
3090 1581 3159 1636 ita
3191 1590 3250 1637 ut
3276 1583 3452 1653 ignem

1870 1660 2067 1717 faceret
2095 1662 2511 1720 descendentem
2539 1665 2608 1723 de
2635 1670 2775 1724 cmlo
2806 1670 2909 1724 sub
2950 1673 3122 1727 oculis
3153 1674 3451 1731 hominum.

1870 1750 2005 1807 Cum
2028 1753 2194 1808 multa
2244 1770 2369 1810 eum
2395 1756 2532 1812 dicat
2559 1758 2706 1829 signa
2762 1760 3046 1828 facturum,
3092 1765 3194 1819 hoc
3241 1766 3450 1834 signum

175 1848 253 1903 sis
284 1850 358 1904 illi
392 1848 555 1909 priori
584 1852 769 1907 bestiae
788 1855 1022 1910 militare
1051 1855 1280 1912 dicatur.
1314 1858 1440 1913 Ideo
1481 1861 1711 1931 subjecit
1743 1879 1752 1914 :

1868 1843 2223 1901 memorabile
2251 1847 2464 1903 caeteris
2514 1850 2770 1918 prtetulit.
2812 1850 2940 1905 liceo
2991 1855 3274 1910 translatio
3302 1859 3451 1925 quasi

179 1936 249 1992 Ut
276 1940 613 1996 inhabitantes
638 1951 854 2011 terram,
900 1946 1189 2003 adorarent
1210 1950 1417 2005 bestiam
1447 1952 1593 2007 illam
1620 1955 1764 2023 prio—

177 2042 314 2093 rem,
338 2032 483 2099 cujus
513 2043 690 2084 curata
713 2042 827 2087 erat
853 2036 1006 2108 plaga
1033 2040 1230 2105 mortis,
1280 2050 1325 2094 et
1376 2044 1495 2113 fecit
1518 2045 1663 2116 signa
1690 2048 1763 2099 ita

178 2126 233 2169 ut
260 2120 411 2171 etiam
439 2121 605 2191 ignem
632 2123 816 2191 faceret
847 2125 909 2178 de
937 2128 1061 2180 ctelo
1110 2129 1418 2185 descendere
1459 2134 1560 2187 sub
1588 2137 1759 2191 oculis

179 2207 479 2276 hominum;
520 2220 567 2264 et
599 2214 801 2266 seduxit
832 2229 925 2269 eos
945 2217 1037 2285 qui
1061 2218 1362 2275 inhabitant
1386 2230 1582 2307 terram
1609 2242 1624 2291 ;
1654 2228 1761 2292 vel,

175 2297 314 2352 sicut
341 2300 441 2353 alia
473 2302 751 2358 translatio
778 2304 1202 2371 habet,Terram
1232 2319 1286 2366 et
1308 2313 1399 2381 qui
1432 2297 1678 2369 habitant
1706 2318 1757 2370 in

176 2403 260 2441 ea.
289 2390 714 2447 Translationem
757 2396 950 2451 iterum
1005 2401 1277 2454 nominum
1317 2401 1466 2455 facit.
1516 2404 1754 2460 Bestiam

176 2477 321 2532 illam
376 2493 497 2534 cum
526 2481 787 2551 capitibus
811 2486 1025 2541 vocavit
1070 2498 1288 2554 terram,
1339 2500 1499 2560 caput
1520 2493 1637 2563 ejus
1663 2501 1759 2550 be-

174 2568 355 2621 stiam.
394 2570 609 2626 Dixerat
637 2574 777 2629 enim
820 2576 934 2645 ejus
970 2579 1162 2649 capitis
1203 2591 1443 2638 curatam
1498 2600 1618 2641 esse
1645 2588 1761 2657 pla-

174 2672 316 2727 gam.
344 2658 492 2716 Nunc
536 2662 702 2718 bestia
736 2705 748 2730 ,
805 2667 1013 2738 inquit,
1060 2671 1214 2740 cujus
1253 2686 1435 2728 curata
1460 2684 1544 2731 est
1567 2678 1715 2748 plaga
1742 2720 1756 2747 ,

174 2751 465 2807 ostendens
491 2756 613 2823 quia
639 2772 825 2813 omnes
854 2768 1034 2828 partes
1074 2761 1283 2831 bestiae,
1323 2765 1549 2822 bestiam
1578 2779 1755 2833 vocat,

172 2844 297 2910 quia
323 2845 373 2896 in
404 2848 653 2901 omnibus
680 2848 798 2919 ejus
821 2851 1010 2906 ofﬁciis
1036 2852 1397 2924 diabolusest,
1428 2859 1519 2927 qui
1549 2869 1632 2915 est
1662 2861 1752 2916 be-

172 2930 297 2985 stia.
334 2934 509 2989 Besna
531 2950 658 3007 ergo
680 2954 802 2994 cum
829 2940 1036 2996 duobus
1060 2944 1336 3011 cornibus,
1367 2962 1486 3017 quae
1512 2958 1595 3004 est
1626 2964 1749 3019 p-rs

172 3022 383 3088 bestim,
417 3026 542 3081 facit
575 3028 822 3097 bestiam,
848 3032 1073 3089 adorare
1105 3034 1349 3102 bestiam,
1397 3039 1520 3107 quia
1544 3040 1755 3097 dixitet

174 3121 395 3178 terram.
427 3124 484 3171 ut
536 3118 589 3171 in
613 3130 770 3188 caput
804 3124 971 3177 veluti
1020 3125 1259 3182 occisum
1310 3129 1502 3184 bestia:
1556 3146 1753 3189 nomen

1867 1935 1936 1991 de
1966 1937 2247 2005 praeterito
2284 1937 2553 2007 loquitur,
2597 1954 2719 1994 cum
2763 1940 2997 1996 futurum
3039 1946 3269 2000 nuntiet.
3307 1946 3450 2001 Alibi

1868 2036 2047 2082 autem
2080 2026 2310 2083 futurum
2339 2028 2672 2098 signiﬁcans,
2698 2030 2828 2085 dicit
2860 2047 2876 2085 :
2911 2032 2987 2086 Ita
3009 2044 3065 2087 ut
3096 2034 3271 2103 ignem
3291 2037 3452 2091 faciat

1868 2119 1935 2174 de
1971 2118 2111 2174 coelo
2137 2118 2490 2184 descendere,
2539 2120 2593 2176 id
2640 2132 2742 2188 est,
2798 2122 2867 2177 de
2904 2124 3138 2178 Ecclesia
3169 2127 3236 2180 ad
3276 2135 3450 2181 terre-

1868 2226 1990 2275 nos,
2022 2226 2145 2266 cum
2174 2213 2287 2267 sive
2306 2227 2375 2267 ex
2400 2215 2656 2269 varietate
2682 2215 2945 2285 gentium,
2978 2218 3091 2272 sive
3117 2234 3179 2273 ex
3214 2219 3449 2275 inimicis

1870 2304 2113 2358 fallentis
2134 2307 2351 2371 astutia,
2406 2305 2605 2377 linguis
2638 2308 2792 2363 novis
2820 2323 2883 2363 ac
2933 2309 3178 2378 plurimis
3217 2325 3344 2367 suos
3373 2312 3449 2367 fa-

1867 2396 1974 2450 ciat
2004 2398 2147 2466 loqui
2201 2397 2513 2464 ministros,
2565 2411 2622 2455 ut
2651 2401 2751 2456 hoc
2802 2406 2953 2473 quasi
3009 2404 3207 2460 indicio
3250 2404 3447 2461 donum

1866 2488 2037 2543 sancti
2071 2488 2302 2558 Spiritus
2325 2505 2383 2547 se
2411 2494 2655 2562 garriant
2683 2497 2990 2563 percepisse
3009 2537 3025 2562 ,
3048 2498 3138 2567 qui
3166 2499 3447 2567 ignearum

1865 2575 2091 2633 formam
2124 2580 2427 2655 linguarum
2450 2597 2612 2653 super
2638 2584 2877 2655 singulos
2890 2588 3158 2654 quondam
3186 2590 3450 2647 veraciter

1866 2670 2062 2740 legitur
2090 2653 2315 2743 (Αὶωι)
2362 2674 2565 2731 Christi
2616 2653 2925 2736 enuntiasse
2974 2680 3286 2751 discipulos.
3335 2684 3448 2740 Hoc

1865 2763 2007 2816 enim
2041 2764 2313 2834 praecipue
2342 2766 2553 2837 signum
2576 2769 2907 2825 credentium
2944 2773 3207 2829 Dominus
3234 2791 3449 2846 quoque

1864 2854 2224 2923 commendat,
2256 2856 2442 2913 dicens
2487 2858 2684 2929 (Marc.
2733 2862 2844 2934 ιη)
2878 2879 2891 2917 :
2924 2862 3092 2933 Signa
3133 2874 3313 2921 autem
3354 2881 3448 2923 eos

1863 2948 1952 3017 qui
1980 2948 2331 3017 crediderint,
2356 2953 2471 3006 haec
2496 2964 2824 3023 sequentur:
2852 2954 2911 3009 In
2934 2960 3153 3013 nomine
3180 2973 3303 3014 meo
3332 2957 3444 3015 da:-

1865 3041 2043 3096 monia
2067 3041 2306 3112 ejicient,
2338 3042 2535 3114 linguis
2568 3043 2859 3114 loquentur
2888 3048 3062 3111 novis,
3087 3058 3193 3104 etc.
3223 3048 3339 3104 Non
3360 3064 3448 3106 er-

1862 3146 1931 3201 go
1958 3134 2151 3187 mirum
2182 3133 2228 3186 si
2258 3133 2347 3188 illa
2378 3134 2549 3189 bestia
2578 3150 2702 3205 qua:
2748 3136 2853 3192 sibi
2892 3138 3142 3193 simulate
3188 3140 3323 3209 Agni
3352 3156 3446 3195 oc-

172 3204 511 3273 transferret,
538 3222 639 3264 nec
664 3210 870 3266 diceret
895 3229 909 3265 :
936 3212 1085 3268 Fecit
1108 3215 1276 3271 bestia
1299 3228 1356 3273 ut
1381 3220 1635 3277 adoraret
1662 3224 1756 3279 be-
1787 3214 1835 3280 C
1865 3224 1964 3279 eisi
1994 3232 2049 3279 et
2090 3223 2322 3280 viventis
2370 3239 2565 3280 nomen
2597 3204 2817 3297 usurpat
2842 3267 2859 3292 ,
2905 3227 3045 3284 hanc
3073 3229 3234 3283 etiam
3272 3232 3444 3286 sancti

171 3296 276 3349 otia
306 3296 552 3353 bestiam.
596 3299 729 3356 Nam
781 3303 923 3358 aliud
976 3316 1061 3359 est
1112 3305 1279 3362 bestia
1308 3353 1325 3378 ,
1374 3311 1519 3366 aliud
1569 3323 1707 3367 terra
1737 3355 1753 3377 .

170 3397 293 3441 cum
324 3387 488 3443 bestia
516 3394 741 3461 populus
768 3397 859 3461 sit,
911 3405 1054 3453 terra
1085 3400 1367 3459 occiderit.
1412 3404 1636 3461 Terram
1660 3421 1753 3461 au-

170 3485 281 3529 tem
305 3488 356 3531 et
378 3492 473 3533 eos
498 3482 583 3551 qui
610 3482 850 3540 habitant
872 3486 924 3541 in
948 3503 1032 3554 ea,
1061 3505 1167 3545 non
1190 3492 1311 3548 sine
1357 3495 1568 3552 ratione
1590 3498 1747 3555 dixit.

171 3564 303 3619 Nam
334 3568 622 3637 sufﬁceret,
657 3584 852 3631 terram
881 3588 973 3634 aut
1013 3594 1108 3636 eos
1131 3583 1218 3652 qui
1263 3585 1503 3644 habitant
1528 3601 1748 3658 terram,

170 3660 271 3713 sed
297 3662 401 3716 vim
442 3665 768 3725 seductionis
817 3672 1069 3742 ostendit,
1117 3686 1171 3731 et
1210 3680 1439 3735 animam
1468 3692 1522 3737 et
1561 3699 1756 3754 corpus

170 3754 274 3807 sibi
301 3757 674 3817 miserabiliter
700 3765 1053 3836 mancipasse.
1075 3768 1174 3838 Qui
1201 3773 1342 3826 enim
1376 3776 1421 3827 vi
1449 3774 1612 3842 cadit,
1642 3792 1748 3831 non

171 3849 421 3905 seluctus
442 3896 456 3918 ,
500 3855 617 3907 solo
644 3870 871 3926 corpore
904 3862 1143 3930 captivus
1172 3876 1274 3919 est.
1317 3864 1418 3931 Qui
1457 3877 1635 3922 autem
1667 3884 1752 3924 se-

171 3939 406 4007 ducitur,
429 3952 483 3996 et
513 3958 739 4014 corpore
785 3952 1083 4019 captivatur
1121 3964 1175 4009 et
1206 3967 1405 4013 mente.
1455 3958 1748 4029 Propterea

136 4026 300 4087 'dixit
334 4050 348 4087 :
382 4034 531 4091 Facit
558 4046 752 4093 terram
786 4052 841 4096 et
868 4059 963 4099 eos
1010 4048 1099 4115 qui
1124 4046 1422 4105 inhabitant
1451 4026 1590 4120 eam,
1618 4056 1748 4111 ado-

172 4138 292 4181 rare
324 4126 567 4199 bestiam,
600 4131 754 4201 cujus
782 4144 968 4190 curata
985 4147 1069 4192 est
1091 4142 1239 4211 plaga
1272 4145 1481 4211 mortis,
1513 4155 1569 4202 et
1598 4148 1747 4203 vixit.

173 4212 431 4273 lntentius
454 4224 860 4293 perspiciamus.
896 4227 1150 4284 Dominus
1176 4242 1359 4289 noster
1382 4234 1537 4291 Jesus
1586 4240 1749 4294 Chri-

171 4320 285 4364 stus
317 4310 474 4367 habet
494 4316 700 4385 plagam
720 4318 785 4373 de
800 4320 997 4389 gladio,
1029 4334 1080 4378 et
1102 4326 1272 4393 vixit;
1306 4328 1395 4383 hic
1415 4339 1592 4387 autem
1616 4334 1751 4389 dixit

172 4402 415 4493 bestiam,
438 4422 555 4476 qua
578 4410 738 4466 habet
767 4413 972 4484 plagam
996 4416 1187 4472 factam
1206 4420 1274 4475 de
1287 4422 1488 4493 gladio,
1518 4433 1570 4479 t-t
1589 4426 1745 4481 vixit.

172 4491 306 4548 Dicit
331 4495 610 4553 adoratum
637 4501 922 4560 draconem
953 4517 1005 4562 et
1032 4491 1308 4567 adoratam
1352 4514 1600 4571 bestiam.
1633 4518 1742 4576 Re-

1862 3316 2095 3387 Spiritus
2113 3331 2207 3386 per
2230 3317 2582 3372 imitationem
2608 3317 2974 3375 fraudulenter
3005 3319 3240 3376 vindicet
3264 3322 3444 3391 specie

1863 3417 2021 3464 tenus
2048 3409 2377 3479 largitatem,
2408 3410 2626 3479 suisque
2653 3409 2914 3466 ministris
2965 3412 3188 3467 simulet
3214 3412 3440 3468 damna-

1863 3500 2085 3564 tionem,
2116 3500 2254 3554 sicut
2282 3499 2558 3556 Simonem
2583 3501 2855 3570 quondam
2886 3500 3189 3569 alfectasse,
3217 3518 3315 3560 uec
3344 3518 3441 3572 po-

1860 3592 2027 3647 tuisse
2062 3592 2422 3647 meminimus.
2448 3592 2580 3648 Nam
2604 3603 2658 3648 et
2683 3593 2752 3649 de
2781 3594 3097 3665 expulsione
3123 3594 3431 3652 daemonum

1857 3692 2133 3761 signisque
2191 3690 2558 3759 compluribus
2610 3707 2732 3747 eum
2784 3691 2886 3760 ipsi
2934 3693 3177 3748 ministri.
3226 3694 3442 3751 Satanas

1856 3796 2232 3842 enumerantes
2256 3786 2491 3844 dixerint
2518 3785 2734 3859 (Matth.
2753 3788 2847 3857 vn)
2874 3806 2887 3843 :
2917 3788 3104 3846 Nonne
3135 3792 3186 3844 in
3216 3792 3436 3847 nomine

1857 3887 1949 3931 tuo
1978 3878 2434 3949 prophetavimus,
2463 3887 2518 3932 et
2545 3877 2598 3932 in
2622 3878 2838 3932 nomine
2865 3886 2958 3932 tuo
2981 3878 3245 3934 duimonia
3273 3880 3439 3950 ejeci-

1857 3971 2169 4032 mus?'etc.,
2214 3985 2319 4025 non
2368 3969 2627 4038 approbat
2682 3968 2937 4023 Dominus
2962 3971 3291 4039 gloriantes,
3341 3973 3436 4028 sed

1860 4058 2080 4112 damnat
2102 4068 2157 4113 et
2189 4061 2441 4128 reprobat
2463 4066 2826 4114 contumaces.
2847 4061 2912 4115 Et
2940 4061 3060 4117 ideo
3087 4063 3314 4118 fortasse
3339 4062 3442 4119 hoc

1858 4152 2132 4207 excellens
2161 4150 2229 4204 de
2260 4150 2381 4218 igne
2411 4150 2648 4218 signum,
2670 4166 2778 4219 quo
2808 4151 3039 4218 Spiritus
3067 4165 3285 4208 sanctus
3308 4156 3440 4223 figu-

1856 4252 2026 4306 ratur,
2060 4239 2228 4294 voluit
2258 4239 2563 4308 specialiter
2592 4240 2874 4294 nominare
2902 4279 2918 4304 ,
2964 4242 3105 4309 quod
3147 4244 3322 4309 potior
3346 4244 3440 4298 illo

1854 4331 2081 4387 inveniri
2113 4345 2218 4385 non
2251 4338 2483 4399 poterat.
2510 4329 2642 4383 Nam
2673 4345 2795 4383 cum
2826 4330 2989 4385 multa
3018 4330 3298 4385 nobiscum
3329 4332 3438 4387 ha:-

1854 4436 2006 4479 reses
2037 4420 2321 4475 videantur
2350 4418 2549 4475 habere
2594 4418 2897 4473 communia
2920 4460 2936 4485 ,
2987 4419 3091 4476 hoc
3133 4421 3438 4491 specialiter

1852 4514 2051 4569 donum
2099 4513 2212 4568 sola
2263 4525 2324 4567 se
2374 4510 2576 4567 habere
2622 4510 2819 4567 Christi
2866 4511 3130 4581 gloriatur
3170 4514 3435 4571 Ecclesia.

171 4584 423 4640 cedebam
444 4603 565 4643 cum
596 4594 744 4649 solus
773 4596 933 4653 draco
959 4599 1213 4657 adoratur
1241 4618 1271 4658 a
1302 4605 1431 4660 suis.
1451 4607 1566 4663 Non
1598 4611 1742 4666 enim
1772 4592 1830 4654 Ῐ)
1852 4607 2035 4677 M3803
2064 4604 2296 4671 άθιιίίῑυθ
2324 4602 2618 4658 Pharaonis
2646 4601 2839 4658 33mm“
2882 4603 3044 4674 Μοῖεί
3068 4605 3322 4662 minem“
3354 4608 3433 4663 '3'

170 4673 307 4729 sicut
338 4675 569 4735 Ecclesia
594 4682 753 4740 habet
778 4689 1124 4748 mediatorem
1150 4700 1500 4765 corporaliter
1527 4701 1665 4755 inter
1688 4717 1749 4757 se

170 4774 223 4820 et
250 4765 437 4835 Deum,
462 4770 534 4825 ita
562 4782 616 4827 et
640 4775 884 4833 diabolus
910 4782 1050 4837 inter
1089 4800 1149 4840 se
1177 4794 1231 4841 et
1276 4803 1424 4856 suos,
1476 4792 1571 4847 sed
1623 4795 1745 4849 solo

170 4860 383 4916 nomine
405 4861 475 4919 de
501 4866 797 4925 imitatione
820 4872 1040 4930 Christi.
1075 4878 1247 4935 Bestia
1274 4881 1376 4937 ista
1404 4900 1562 4955 quam
1586 4886 1743 4956 dixit,

168 4952 305 5009 inter
332 4954 603 5012 diabolum
631 4968 685 5015 et
712 4977 843 5017 suos
870 4980 1154 5034 personam
1178 4988 1284 5028 non
1315 4952 1496 5047 habet,
1542 4980 1664 5049 quia
1688 4952 1742 5037 in

166 5043 279 5142 solio
304 5054 386 5101 est
410 5049 668 5107 vocabulo
690 5094 707 5120 ,
738 5070 845 5123 quo
871 5056 1057 5117 dicunt
1083 5076 1141 5118 se
1185 5065 1414 5124 adorare
1440 5043 1736 5142 Christum,

165 5134 255 5203 qui
279 5147 518 5195 mortuus
546 5151 629 5197 est
650 5153 706 5199 et
731 5150 1027 5206 resurrexit
1049 5152 1227 5224 (Rom.
1256 5159 1394 5228 vni).
1423 5158 1480 5215 In
1512 5176 1623 5231 quo
1644 5134 1736 5218 vo;

163 5222 353 5281 cabulo
373 5228 642 5287 diabolum
686 5234 930 5305 adorant,
958 5222 1064 5311 qui
1088 5243 1191 5301 hoc
1230 5222 1577 5308 simulacrum
1622 5257 1737 5311 suis

163 5318 387 5377 invenit.
416 5323 534 5392 Ipse
559 5328 701 5382 enim
732 5330 957 5389 Satanas
989 5341 1325 5410 transﬁgurat
1355 5360 1414 5399 se
1464 5349 1608 5405 velut
1636 5365 1733 5404 an-

163 5412 336 5480 gelum
360 5413 494 5470 lucis
516 5416 602 5488 (11
627 5418 745 5477 Cor.
774 5425 882 5494 xi),
895 5427 1157 5484 exhibens
1187 5434 1301 5488 suis
1327 5434 1590 5494 fallaciter
1616 5443 1736 5499 solo

167 5507 379 5564 nomine
405 5508 695 5569 Christum.
726 5515 893 5572 Porro
918 5517 1033 5586 ipse
1058 5531 1115 5577 et
1153 5537 1308 5581 suum
1339 5537 1395 5583 et
1426 5530 1738 5591 mediatoris

166 5599 347 5669 implet
375 5604 570 5670 locum,
603 5607 742 5675 quod
776 5608 1129 5671 mediatoretn
1163 5634 1269 5674 non
1296 5620 1478 5689 habet,
1532 5627 1633 5681 nisi
1657 5629 1736 5683 si-

166 5695 453 5754 mulacrum
485 5699 700 5757 Christi.
736 5702 907 5774 Ipsam
967 5694 1428 5772 insinmlatiunem
1479 5717 1602 5774 dicit
1648 5724 1737 5775 be-

166 5795 319 5852 stiam
362 5797 555 5855 habere
601 5800 806 5869 plagam
858 5804 1039 5875 gladii,
1082 5817 1136 5865 ct
1168 5814 1360 5869 vivere.
1406 5815 1583 5872 Destia
1656 5830 1740 5877 est

1852 4698 2056 4753 cientes
2086 4695 2282 4769 (Exod.
2313 4698 2448 4767 vni),
2481 4696 2710 4766 Spiritus
2751 4705 2971 4751 sanctus
2999 4697 3193 4767 legitur
3213 4699 3437 4756 frustra-

1852 4791 2014 4856 visse,
2045 4804 2165 4846 cum
2192 4790 2245 4845 in
2290 4791 2402 4844 suis
2431 4788 2823 4845 assertionibus
2849 4790 3280 4856 succumbentes,
3310 4806 3435 4847 vera

1852 4885 1981 4941 victi
2011 4884 2375 4951 confessione,
2397 4883 2662 4939 dixissent
2691 4900 2706 4938 :
2740 4882 2943 4952 Digitus
2968 4883 3062 4937 Dei
3092 4893 3177 4938 est
3211 4883 3320 4940 hic.
3348 4884 3436 4940 Di-

1851 4979 2019 5049 gitum
2073 4986 2255 5033 autem
2298 4977 2389 5033 Dei
2422 4975 2683 5043 Spiritum
2736 4985 2978 5030 sanctum
3008 4975 3135 5041 dici,
3184 4976 3436 5046 Evange-

1850 5071 1979 5127 lium
2005 5077 2353 5138 protestetur.
2376 5082 2498 5122 cum
2527 5082 2663 5123 unus
2690 5066 2824 5123 dicit
2847 5065 3061 5136 (Matth.
3092 5066 3225 5135 xit):
3255 5067 3313 5120 In
3330 5067 3435 5135 spi-

1850 5161 1953 5215 ritu
1984 5158 2077 5214 Dei
2106 5157 2262 5227 ejicio
2305 5156 2612 5223 daemonia;
2653 5156 2789 5211 alius
2833 5155 2985 5224 (Luc.
3016 5159 3094 5225 xi)
3129 5156 3224 5211 :ln
3268 5157 3434 5227 digito

1850 5254 1944 5309 Dei
1988 5252 2144 5321 ejicio
2185 5251 2471 5306 dicmonis.
2505 5250 2766 5316 Quocirca
2801 5249 2925 5304 hinc
2974 5250 3311 5306 vehementia
3341 5267 3433 5308 se-

1841 5336 2117 5400 ductionis
2142 5341 2463 5406 ostenditur,
2491 5352 2549 5396 ut
2579 5342 2724 5397 illum
2759 5341 2959 5396 habere
2986 5344 3233 5413 spiritum
3262 5344 3429 5400 bestia

1849 5446 2064 5508 putetur
2089 5478 2105 5502 ,
2132 5450 2241 5506 quo
2267 5434 2552 5490 resistente
2576 5477 2592 5501 ,
2638 5448 2916 5502 magorum
2941 5435 3297 5493 fraudulentia
3329 5453 3432 5494 va-

1843 5531 2126 5586 cuabatur.
2159 5528 2242 5585 0b
2273 5527 2376 5583 hoc
2397 5528 2641 5595 sequitur
2674 5543 2688 5584 :
2720 5525 2785 5582 Et
2805 5528 3005 5583 seduxit
3030 5542 3125 5584 eos
3154 5528 3245 5599 qui
3278 5529 3429 5583 inha-

1843 5622 2014 5677 bitant
2043 5634 2239 5676 terram
2290 5628 2498 5689 propter
2546 5618 2696 5690 signa
2723 5628 2839 5689 qua:
2867 5618 2997 5673 data
3016 5630 3132 5673 sunt
3161 5618 3241 5675 illi
3260 5621 3431 5689 (ams

1843 5738 2024 5778 coram
2055 5721 2256 5784 bestia,
2297 5728 2354 5775 et
2400 5719 2531 5775 dicit
2582 5720 2772 5776 incolis
2797 5730 2989 5789 terrae,
3048 5729 3101 5773 ut
3154 5722 3427 5794 imaginem

1844 5817 2010 5873 bestia
2034 5818 2251 5885 faciant,
2279 5829 2393 5885 quas
2421 5815 2581 5869 habet.
2604 5817 2811 5886 plagam
2841 5816 3035 5875 factam
3068 5818 3132 5874 de
3150 5818 3350 5890 gladio,
3376 5833 3423 5875 et
