3968 6354
556 331 657 387 885
1674 330 1965 387 PRIMASII
2007 331 2456 388 ADRUMETANI
2497 333 2705 390 EPISC.
3768 347 3871 401 8δό

557 448 697 503 uixit.
728 448 898 517 Quale
922 448 968 505 si
998 449 1236 505 diceret:
1271 448 1395 503 Haec
1422 446 1690 501 simulatio
1714 460 1949 513 eousque
1989 459 2134 513 prte-
2164 446 2214 504 A
2241 444 2472 499 cundmn
2526 446 2720 500 idiuma
2771 446 2962 517 lingua:
3002 463 3187 503 eorum
3223 468 3235 501 :
3280 451 3389 521 Ego
3437 469 3560 509 sum
3602 495 3623 519 ,
3686 456 3873 526 inquit

559 542 743 610 valuit,
773 552 831 597 ut
869 543 1065 599 terreni
1099 542 1301 596 seducti
1346 550 1563 609 propter
1593 541 1743 607 signa
1782 537 2005 603 bestia),
2038 536 2139 604 ipsi
2246 532 2408 605 (Infr.
2442 536 2599 605 xxii),
2631 560 2664 592 α
2708 546 2765 591 et
2804 561 2863 591 ω.
2914 538 3210 594 Prmmissis
3256 554 3513 611 quantum
3561 548 3767 614 potuit
3796 554 3868 604 si-

559 636 742 689 bestiaz
774 634 1066 689 miserabili
1093 648 1314 688 assensu
1346 633 1605 696 faventes,
1655 642 1835 685 mutua
1880 644 1939 683 se
1964 629 2142 684 devo-

560 729 706 783 tione
732 728 1102 791 cohortentur,
1128 725 1314 780 bestiae
1337 724 1388 778 in
1412 724 1590 778 cordis
1614 723 1984 790 phantasmate
2001 722 2139 774 ima-

560 822 740 888 ginem
770 819 1056 884 fabricare,
1086 819 1227 871 sicut
1269 818 1355 886 qui
1404 816 1516 886 jam
1549 832 1655 870 non
1682 818 1948 870 restituent
1976 812 2142 868 dubi-

562 911 797 975 tandum,
830 920 978 965 certo
1006 909 1159 979 quasi
1190 910 1470 979 memorati
1526 909 1660 978 ignis
1696 904 1897 974 judicio
1945 905 2147 960 conﬁr-

562 1005 710 1068 mati,
740 1002 879 1071 quod
908 1018 1032 1058 vere
1054 1003 1169 1073 ipse
1197 1004 1266 1057 sit
1296 1003 1565 1067 Christus,
1600 1017 1721 1056 cum
1754 1002 1826 1055 sit
1872 1002 1922 1054 in
1980 1000 2145 1054 Anti-

560 1093 761 1147 ehristo
790 1093 1054 1156 diabolus,
1080 1093 1330 1163 idemque
1359 1094 1619 1161 malignus
1644 1094 1695 1147 in
1725 1091 1957 1160 imagine
1986 1092 2143 1160 spiti-

562 1196 666 1248 tus,
687 1186 775 1255 qui
798 1186 933 1240 tales
956 1186 1101 1239 lacus
1118 1186 1446 1239 seductionis
1464 1186 1571 1238 Deo
1595 1185 1804 1239 sinente
1823 1182 2142 1252 prmtendat,

562 1274 759 1330 utdare
786 1275 994 1330 dicatur
1018 1276 1252 1347 spiritum
1278 1276 1490 1344 imagini
1518 1275 1661 1329 illius
1690 1276 1882 1337 beslite,
1908 1282 1955 1327 et
1987 1283 2041 1327 ut
2061 1276 2140 1327 loc

563 1376 745 1434 quater
774 1367 943 1438 imago
970 1366 1159 1420 bestiis.
1184 1365 1409 1420 Gemino
1437 1366 1595 1421 modo
1623 1367 1709 1420 hic
1744 1366 1892 1421 locus
1921 1365 2145 1436 intelligi

563 1466 767 1525 potest,
803 1460 922 1513 sive
961 1460 1085 1527 quia
1130 1458 1329 1527 judicio
1360 1460 1729 1528 ‘compellente
1778 1460 1988 1515 virtutis
2034 1462 2144 1529 jam

564 1566 874 1617 persuasum
916 1560 999 1605 est
1025 1554 1169 1605 omni
1210 1567 1438 1621 corpore
1468 1552 1846 1621 malignorum,
1895 1562 2144 1622 tanquam

564 1642 774 1695 diabolo
804 1651 1080 1709 operante,
1126 1653 1178 1697 et
1201 1642 1567 1697 insistentibus
1596 1644 1895 1711 praepositis
1928 1645 2138 1712 populo,

566 1744 624 1785 ut
652 1748 751 1785 una
781 1741 925 1788 esset
956 1733 1201 1787 omnibus
1230 1734 1524 1802 eademque
1550 1732 1829 1801 professio,
1861 1734 2001 1787 sicut
2029 1736 2147 1788 uni-

2248 630 2635 684 mulationibus
2662 631 2830 700 partis
2852 631 3115 697 adversae,
3144 633 3333 701 quibus
3370 636 3473 691 sibi
3520 638 3859 699 indebitum

2247 721 2475 777 Deitatis
2498 723 2754 778 honorent
2787 723 3030 779 diabolus
3067 726 3260 793 pititur
3282 743 3573 799 usurpare,
3617 739 3687 783 ut
3714 731 3865 786 Anti-

2249 814 2511 868 Clil'iellllll
2540 816 2870 885 exprimeret
2890 817 3071 871 divino
3101 816 3290 874 honori
3328 822 3715 886 contrarium,
3748 824 3860 879 site

2247 921 2344 975 per
2385 915 2585 970 notam,
2618 908 2733 963 sive
2772 922 2867 977 per
2898 923 3179 964 numerum
3212 912 3450 966 nominis
3478 914 3645 982 ejus,
3696 914 3753 967 id
3778 928 3859 970 est

2248 998 2435 1054 bestia:
2461 998 2628 1067 ipsius
2655 1000 2997 1067 nequissimae
3040 1001 3327 1057 voluntatis
3370 1013 3541 1073 atque
3597 1007 3854 1071 actionis,

2250 1091 2609 1159 indagandum
2649 1100 2946 1160 praemonet
2972 1093 3301 1161 qualitatem.
3339 1095 3435 1151 Est
3460 1096 3635 1152 enim
3664 1113 3857 1155 norm

2246 1179 2387 1234 t'ItOd
2408 1196 2602 1235 nomen
2635 1180 2757 1253 (sic)
2792 1182 2961 1237 mensi

2616 1278 3473 1345 ἁντεμος

2622 1378 2637 1416 l
2748 1379 2778 1417 Ι..
2851 1378 2946 1418 CCC
3019 1379 3050 1417 ν
3136 1381 3203 1419 ιι.
3264 1382 3368 1421 ιιι
3426 1381 3492 1422 CC

2248 1452 2292 1505 si
2327 1466 2421 1520 per
2448 1452 2785 1508 characteres
2814 1468 2941 1508 suos
2965 1454 3159 1525 quibus
3196 1472 3453 1512 numeros
3479 1457 3687 1514 (ἓνκςί
3714 1459 3840 1514 lecti-

2251 1555 2386 1611 tant,
2416 1555 2753 1615 snpputetur,
2788 1548 3060 1618 sexaginta
3094 1563 3187 1602 sex
3216 1550 3429 1618 impleri
3473 1550 3742 1619 profecto
3763 1569 3835 1607 re-

2252 1637 2463 1705 peries;
2498 1640 2903 1707 interpretatum
2928 1655 3138 1709 quoque
3163 1641 3379 1707 dicitur,
3411 1642 3629 1697 honori
3654 1655 3832 1697 contra-

2252 1726 2382 1790 rius,
2412 1741 2516 1793 quo
2545 1724 2743 1781 dicitur
2773 1729 3002 1796 ineptus,
3050 1732 3411 1798 importunus,
3462 1733 3831 1802 incongruus:

566 1824 788 1880 formem
840 1827 1267 1880 observationem
1310 1827 1378 1880 ab
1431 1828 1677 1881 omnibus
1730 1828 2101 1896 proferendam

2254 1835 2427 1889 neque
2456 1821 2599 1875 enim
2627 1821 2797 1877 honor
2822 1822 2872 1877 ei
2897 1865 2911 1891 ,
2960 1823 3052 1879 sed
3074 1825 3357 1879 anathema
3391 1827 3690 1882 convenit.
3718 1829 3825 1895 Qui»

566 1924 625 1969 ut
653 1916 697 1969 si
727 1916 845 1983 quis
876 1917 975 1971 hoc
1004 1931 1097 1985 per
1134 1917 1419 1987 imaginem
1462 1917 1675 1983 bestiae,
1717 1918 1770 1973 id
1797 1928 1878 1974 est
1910 1929 2145 1974 mutuam

566 2008 915 2063 imitationem
948 2025 1054 2064 non
1104 2012 1430 2080 loqueretur,
1460 2022 1764 2068 necaretur.
1795 2014 1884 2069 Sic
1914 2014 2144 2084 denique

566 2098 746 2153 dicit:
792 2098 860 2154 Ut
906 2101 1075 2171 imago
1118 2103 1287 2156 bestico
1340 2102 1648 2169 loqueretur
1698 2115 1743 2157 et
1792 2104 2030 2170 faceret,
2089 2117 2143 2159 ut

562 2190 851 2261 quicunque
872 2208 971 2245 non
994 2192 1281 2247 adorarent
1313 2194 1585 2264 imaginem
1607 2195 1795 2261 bestiaz,
1827 2196 2142 2251 occideren-

564 2290 671 2337 tur.
700 2285 901 2349 Aliter,
946 2294 1008 2339 ut
1036 2286 1174 2341 sicut
1219 2287 1392 2356 primo
1427 2288 1629 2342 homini
1670 2290 1975 2344 seducendo
2000 2330 2015 2355 ,
2046 2307 2140 2346 ore

561 2375 770 2429 colubri
820 2378 1209 2432 sermocinatus
1257 2390 1342 2433 est
1394 2379 1606 2435 feminae
1648 2381 1800 2451 (Gen.
1851 2385 2138 2450 ut),simili

562 2476 690 2519 tunc
716 2464 901 2521 fraude
922 2468 1119 2523 multos
1148 2469 1363 2523 deludat
1393 2485 1515 2525 cum
1560 2488 1655 2541 per
1694 2474 2039 2529 simulacrum
2063 2477 2135 2531 fe-

561 2558 697 2611 cerit
719 2559 1060 2616 consulentes
1088 2577 1215 2617 suos
1240 2578 1493 2633 responsa
1513 2567 1786 2635 percipere
1815 2586 1826 2621 :
1856 2569 1905 2621 id
1939 2579 2023 2623 est
2047 2588 2058 2637 ι
2079 2586 2138 2625 er

561 2650 982 2719 Antichristum,
1032 2656 1115 2709 cui
1156 2664 1210 2709 ut
1245 2655 1357 2710 Deo
1396 2658 1651 2713 honorem
1684 2648 1950 2715 mstimant
1990 2663 2138 2716 defe-

559 2742 807 2807 rendum,
854 2760 973 2799 cum
1021 2746 1092 2801 sit
1123 2748 1282 2801 homo
1330 2749 1535 2815 peccati
1564 2759 1619 2803 et
1649 2750 1788 2804 ﬁlius
1818 2752 2134 2821 perditionis

558 2831 644 2902 (ll
682 2833 854 2891 Thess.
887 2836 971 2907 ιι),
998 2847 1247 2907 tanquam
1272 2842 1371 2895 hoc
1397 2841 1485 2905 sit,
1517 2841 1583 2894 Et
1611 2843 1785 2895 datum
1816 2854 1886 2898 est
1908 2846 1985 2898 illi
2005 2847 2133 2901 dare

558 2926 790 2993 spiritum
817 2931 1028 2999 imagini
1059 2930 1199 2985 illius
1214 2932 1403 3000 bestiaz,
1422 2942 1469 2986 et
1499 2942 1553 2986 ut
1573 2935 1739 3003 imago
1763 2936 1933 2990 bestia:
1954 2939 2133 3006 loque-

558 3034 726 3086 retur,
763 3030 810 3073 ct
842 3022 1041 3077 faceret
1070 3026 1231 3094 utqui
1262 3042 1364 3079 non
1405 3026 1690 3082 adorarent
1733 3030 2003 3100 imaginem
2026 3030 2133 3085 bes-

558 3112 661 3178 tite,
686 3113 1073 3171 occiderentur.
1106 3116 1171 3170 Et
1204 3118 1329 3173 fecit
1356 3136 1526 3173 omnes
1549 3138 1757 3192 magnos
1780 3134 1824 3176 et
1849 3124 2065 3192 pusillos
2084 3136 2131 3179 et

2254 1915 2395 1967 circa
2429 1928 2525 1982 per
2555 1929 2835 1969 numerum
2856 1930 3069 1979 nomen,
3101 1927 3154 1971 et
3184 1933 3247 1971 ex
3274 1918 3495 1973 nomine
3521 1932 3824 1990 supputstas

2248 2017 2500 2057 numerus
2530 2005 2802 2058 invenitur
2825 2045 2840 2073 ,
2868 2014 3027 2075 atqne
3067 2007 3232 2075 ipsius
3263 2008 3725 2077 interpretatione
3750 2028 3821 2063 ιιο-

2247 2096 2430 2163 minis,
2465 2096 2693 2165 qualitas
2722 2097 3036 2152 meritorum
3058 2102 3383 2167 agnoscitur.
3413 2099 3557 2155 Item
3584 2102 3727 2156 aliud
3748 2120 3819 2156 no-

2248 2205 2391 2254 men,
2430 2188 2572 2258 quod
2596 2189 2832 2259 ejusdem
2881 2190 3089 2244 numeri
3119 2190 3505 2259 complectitur
3551 2208 3814 2259 summam,

2245 2271 2536 2352 prndetiter
2568 2280 2921 2336 animadverti
2963 2289 3168 2350 potest,
3202 2283 3293 2351 qui
3333 2283 3506 2337 simul
3554 2284 3725 2351 ducti,
3751 2287 3811 2339 [ι-

2242 2381 2388 2435 ciunt

2601 2472 3476 2546 ἀρνσυμε

2606 2574 2625 2614 ι
2746 2573 2776 2612 C
2879 2573 2909 2611 L
2987 2573 3087 2612 ιιι
3111 2572 3239 2613 CCCC
3300 2575 3334 2613 Χ
3440 2574 3475 2611 ν

2240 2660 2495 2705 sexcenta
2525 2664 2637 2704 sex.
2668 2648 3044 2718 lnterpretatio
3064 2660 3240 2703 autem
3260 2652 3341 2705 eis
3374 2651 3703 2722 intelligitur,
3718 2666 3792 2706 ue-

2237 2761 2325 2816 go.
2348 2746 2456 2800 Nec
2486 2746 2678 2799 mirum
2724 2746 2864 2812 quod
2924 2746 3025 2799 hoc
3068 2746 3327 2801 vocabulo
3369 2748 3565 2817 dignus
3605 2750 3791 2804 dicatur

2238 2837 2623 2902 Antichristus,
2657 2837 2707 2891 id
2739 2847 2822 2892 est
2865 2837 3185 2906 negationis,
3223 2854 3346 2893 cum
3378 2840 3586 2895 Christo
3612 2857 3795 2897 nomen

2237 2938 2495 2998 congruat
2519 2928 2871 2994 credulitatis,
2896 2929 3011 2998 ipso
3057 2938 3290 2986 testante
3327 2947 3439 2987 cum
3462 2932 3590 2986 dicit
3616 2931 3791 3001 (loco.

2236 3025 2347 3090 Vl):
2384 3022 2495 3075 Iloc
2536 3030 2615 3076 est
2663 3037 2799 3091 Opus
2828 3022 2943 3087 Dei,
2990 3030 3047 3075 ut
3098 3023 3325 3077 credatis
3350 3025 3397 3077 in
3438 3038 3551 3078 eum
3578 3025 3667 3093 qui
3698 3040 3783 3079 me

2234 3116 2378 3169 misit
2403 3131 2417 3179 ς
2443 3115 2675 3184 itemque
2706 3113 2885 3185 (Joan.
2918 3114 3026 3185 xiv)
3062 3134 3075 3170 :
3103 3115 3332 3171 Creditis
3353 3117 3405 3169 in
3423 3116 3610 3180 Deum;
3654 3124 3710 3172 et
3738 3118 3786 3171 in

554 3204 733 3259 divites
759 3216 805 3259 et
837 3223 1001 3262 servos
1022 3209 1206 3263 habere
1249 3220 1427 3265 notam
1458 3214 1510 3265 in
1546 3214 1756 3267 dextera
1782 3231 1937 3269 manu
1964 3219 2126 3271 autin

2238 3222 2322 3261 me
2345 3209 2570 3262 credite.
2604 3208 2677 3261 Ac
2702 3224 2795 3277 per
2814 3212 2911 3262 hoc
2939 3209 3053 3264 sive
3084 3210 3278 3265 honori
3306 3210 3629 3264 contrarium
3656 3211 3786 3266 dixe-

557 3296 830 3364 frontibus.
854 3299 1104 3368 Singulos
1134 3302 1299 3356 voluit
1334 3319 1428 3372 per
1469 3304 1709 3359 membra
1755 3307 1963 3376 singula
1992 3310 2127 3363 divi-

553 3386 702 3451 dere,
723 3404 856 3454 quos
872 3390 1091 3445 confuse
1112 3390 1164 3446 in
1188 3407 1293 3446 uno
1309 3394 1503 3462 stepins
1524 3396 2129 3468 complectiturcorpore

550 3478 672 3531 etin
704 3478 887 3533 bestiae
910 3481 1141 3535 nomine.
1176 3483 1233 3537 In
1263 3500 1422 3539 manu
1442 3486 1900 3556 significatopera,
1932 3491 2126 3545 iudex-

553 3576 663 3624 tera
686 3570 1078 3627 simulationem
1097 3576 1229 3640 veri,
1262 3575 1314 3629 in
1353 3574 1528 3630 fronte
1559 3578 1680 3632 fidei
1712 3580 2123 3648 professionem.

554 3662 619 3716 Et
639 3663 761 3732 quia
786 3674 1011 3734 utroque
1030 3666 1171 3720 bono
1229 3668 1455 3723 fraudati
1506 3680 1668 3737 sunt,
1719 3672 1839 3727 ideo
1879 3674 2127 3730 dicuntur

551 3754 834 3824 utrobique
873 3760 1059 3812 notati.
1106 3758 1189 3812 Ne
1230 3761 1342 3829 quis
1387 3772 1551 3825 posset
1582 3764 1864 3833 quidquam
1899 3770 2123 3824 mercari

548 3858 638 3900 aut
668 3848 924 3913 vendere,
954 3852 1051 3903 nisi
1082 3851 1283 3907 habens
1315 3865 1495 3909 notam
1550 3858 1783 3913 nominis
1835 3859 2006 3915 bestia:
2034 3872 2124 3916 aut

547 3952 810 3991 numerum
840 3942 1057 3994 nominis
1083 3943 1211 4009 ejus.
1244 3943 1299 3998 In
1331 3945 1429 4000 hac
1470 3949 1742 4004 mercandi
1779 3960 1835 4005 et
1859 3955 2121 4009 vendendi

546 4030 817 4087 mentione
839 4031 1195 4102 docuit,quod
1218 4037 1357 4090 sicut
1385 4038 1436 4092 in
1466 4038 1607 4094 bono
1636 4043 1936 4112 symbolum
1962 4048 2122 4102 tradit

548 4122 784 4178 Ecclesia
817 4128 1144 4190 profuturum
1173 4137 1368 4185 nostra:
1393 4131 1574 4197 saluti,
1610 4134 1679 4189 ita
1712 4146 1768 4190 et
1799 4137 1873 4192 illi
1903 4139 1953 4193 in
1979 4142 2120 4196 malo

546 4216 636 4271 tali
664 4232 723 4272 se
773 4218 1088 4274 defensione
1142 4223 1294 4289 quasi
1351 4228 1595 4281 noverint
1640 4232 1904 4285 coarctari
1946 4242 2119 4301 ﬁatque

542 4308 753 4371 vinciri,
780 4318 836 4364 ut
882 4325 978 4364 nec
1006 4314 1278 4367 mercandi
1324 4324 1415 4371 aut
1442 4318 1709 4373 vendendi
1744 4321 1987 4376 sinantur
2018 4322 2115 4377 hac

538 4399 663 4453 bere
694 4399 960 4459 licentiam
982 4440 1000 4468 ,
1030 4405 1169 4459 sicut
1202 4418 1528 4464 mercatores
1550 4451 1564 4475 ,
1603 4412 1692 4480 qui
1727 4428 1829 4469 una
1870 4415 2117 4469 videntur

538 4503 674 4545 nave
721 4501 921 4559 portari
948 4533 962 4557 ,
997 4496 1247 4551 nniformi
1278 4513 1673 4569 cognoscuntur
1710 4505 1862 4575 signo
1911 4511 2109 4573 teneri;

536 4584 638 4637 nisi
672 4583 872 4640 habens
918 4597 1097 4642 notam
1126 4592 1360 4663 nominis
1402 4594 1588 4649 bestias
1615 4605 1671 4650 et
1697 4613 1976 4653 numerum
2011 4617 2110 4655 no-
2140 4576 2193 4635 Β

534 4676 663 4731 mini
702 4676 839 4747 ejus.
890 4678 997 4733 Hic
1050 4692 1123 4735 est
1153 4685 1405 4752 sapientia
1450 4688 1537 4755 qui
1579 4687 1729 4742 habet
1775 4690 2107 4757 intellectum,

531 4780 783 4841 computet
814 4788 1079 4826 numerum
1105 4775 1295 4831 bestiw.
1332 4776 1573 4834 Hominis
1599 4782 1731 4833 enim
1776 4798 2016 4837 numerus
2036 4796 2111 4839 est

531 4872 577 4913 et
601 4879 842 4918 numerus
870 4868 1092 4920 sexcenti
1114 4870 1378 4938 sexaginta
1428 4887 1535 4925 sex.
1571 4872 1743 4927 Unum
1775 4883 1858 4929 est
1902 4885 2103 4944 autem,

527 4953 630 5022 Qui
662 4955 908 5012 habuerit
938 4969 1116 5015 notam
1161 4972 1252 5017 aut
1279 4979 1471 5019 nomen
1523 4965 1728 5034 hostire,
1777 4980 1870 5023 aut
1918 4986 2103 5026 nume-

526 5062 643 5102 rum
668 5052 898 5106 nominis
920 5054 1055 5122 ejus.
1080 5054 1249 5124 Supra
1277 5057 1505 5127 denique
1537 5069 1716 5115 notam
1749 5065 1917 5117 Solam
1945 5065 2107 5129 dixit,

524 5150 708 5211 postea
730 5157 826 5213 per
855 5158 1149 5216 synonyma
1175 5150 1429 5214 ostendit,
1459 5160 1512 5204 et
1535 5161 1713 5206 notam
1742 5154 1875 5210 dicit
1913 5163 1968 5211 et
1996 5172 2098 5211 no-

524 5248 645 5287 men
674 5242 727 5288 et
753 5250 1030 5289 numerum
1048 5238 1302 5305 nominis,
1357 5240 1441 5295 hic
1466 5251 1546 5296 est
1572 5245 1854 5313 sapientia,
1884 5250 1972 5318 qui
2004 5250 2101 5303 ha-

524 5326 611 5379 bet
639 5325 991 5390 intellectum,
1015 5340 1288 5397 computet
1326 5346 1607 5388 numerum
1638 5335 1841 5393 bestiae.
1898 5328 2115 5395 h‘ume:

518 5432 609 5470 rus
638 5420 781 5473 enim
814 5420 1042 5476 hominis
1088 5432 1190 5480 est.
1217 5424 1406 5495 inquit.
1442 5426 1723 5485 Faciemus
1751 5447 1876 5498 ergo
1907 5449 2096 5489 nume-

521 5524 637 5563 rum
662 5525 821 5579 quem
852 5512 1009 5578 dtxit,
1035 5517 1226 5583 accipi,
1255 5524 1315 5569 ut
1362 5519 1413 5573 in
1462 5537 1683 5576 numero
1711 5540 1903 5579 nomen
1929 5528 2090 5582 etiam

517 5614 900 5669 cognoscamus
930 5619 983 5661 et
1034 5618 1235 5664 notam.
1286 5610 1552 5668 Numerus
1581 5615 1697 5685 ejus
1719 5656 1734 5681 ,
1765 5617 1967 5686 inquit,
2014 5631 2115 5673 est.

2234 3301 2327 3360 ris,
2370 3299 2507 3367 quod
2540 3309 2620 3352 est
2645 3306 2877 3373 ἀντεμοςς
2924 3302 3037 3355 sive
3068 3316 3205 3371 nego
3242 3300 3381 3371 quod
3413 3310 3499 3355 est
3536 3303 3775 3376 ἀρνοηλμι,

2226 3387 2345 3457 jure
2373 3389 2437 3442 ad
2456 3388 2835 3442 Antichristum
2854 3398 3028 3457 potest
3048 3399 3335 3457 utrumque
3361 3389 3577 3456 referri,
3609 3399 3779 3460 utpote

2234 3496 2326 3547 per
2348 3482 2482 3533 duas
2529 3490 2703 3547 [artes
2733 3481 3013 3546 orationis,
3063 3483 3293 3535 nominis
3332 3482 3545 3537 scilicet
3564 3490 3617 3537 et
3638 3481 3772 3541 verbi.

2233 3581 2289 3626 et
2315 3587 2560 3641 persona:
2587 3573 2838 3643 qualitas,
2871 3583 2923 3627 ct
2947 3574 3127 3643 operis
3174 3574 3482 3630 insinuetur
3526 3576 3768 3645 asperitas.

2230 3662 2357 3717 Nam
2385 3672 2438 3717 et
2462 3662 2659 3719 Christi
2701 3679 2914 3727 nomen,
2947 3679 3105 3732 quem
3132 3680 3297 3733 super
3332 3666 3476 3722 falsa
3525 3668 3770 3721 imitations

2229 3757 2596 3811 Anticltristns
2624 3758 2793 3827 accipi
2826 3758 3118 3825 desiderat,
3149 3760 3367 3829 proprie
3427 3763 3571 3816 illum
3595 3764 3753 3815 diem

2228 3849 2434 3915 perlicit
2462 3864 2764 3915 numerum,
2794 3865 2949 3918 quem
3004 3851 3056 3904 in
3090 3854 3480 3920 persecutione
3504 3851 3753 3909 Antichristi

2228 3941 2454 3996 libenter
2480 3942 2566 3996 hic
2591 3943 2786 4012 smpius
2818 3940 3135 4011 prannintiat
3155 3944 3507 4016 adfuturum,
3531 3947 3573 4003 id
3596 3956 3663 4003 est

2591 4056 3451 4110 χριστιι

2577 4142 2639 4182 DC
2740 4142 2770 4181 C
2874 4144 2906 4182 Χ
2993 4144 3054 4183 CC
3114 4144 3211 4185 CCC
3285 4146 3321 4184 ν
3421 4148 3458 4186 Χ

2223 4218 2428 4273 dierum
2456 4218 2603 4274 mille
2648 4220 2997 4275 ducentorum
3044 4222 3231 4291 viginti
3259 4223 3534 4293 quinque,
3560 4226 3611 4279 in
3651 4222 3767 4291 cujus

2222 4324 2280 4364 se
2303 4311 2480 4378 specie
2506 4308 2875 4367 fraudulenter
2897 4312 3115 4381 Opponit
3142 4313 3472 4371 adversitas.
3504 4316 3612 4370 Hoc
3632 4314 3677 4369 in
3694 4330 3763 4369 uo-

2222 4412 2295 4467 ta,
2315 4402 2363 4456 id
2390 4404 2533 4457 estin
2555 4414 3033 4473 monOgrammate,
3052 4405 3195 4474 quod
3222 4405 3277 4460 in
3309 4406 3465 4465 hunc
3486 4408 3688 4465 modum
3711 4406 3767 4469 Et.

2942 4585 3075 4833 is

2212 4888 2557 4956 exprimitur,
2619 4892 2707 4945 ubi
2761 4894 3080 4962 compendio
3129 4903 3298 4950 totum
3348 4897 3562 4953 Christi
3604 4911 3763 4953 nomen

2208 4978 2517 5037 includitur.
2578 4983 2772 5039 Verum
2840 4986 3049 5041 solutus
3109 5002 3327 5059 quoque
3397 4991 3635 5045 nominis
3693 5004 3767 5041 nu-

2212 5086 2390 5130 merus
2416 5074 2663 5142 praefatus
2690 5116 2703 5140 ,
2755 5090 2944 5131 rursus
2987 5078 3192 5133 dierum
3226 5080 3374 5134 mille
3436 5082 3765 5138 ducentorum

2214 5163 2396 5232 viginti
2439 5166 2674 5235 quinque
2718 5168 2929 5237 perficit
2953 5184 3216 5225 summam
3242 5212 3258 5235 ,
3291 5187 3357 5227 eo
3390 5174 3540 5242 quod
3591 5175 3640 5227 in
3684 5186 3765 5224 nu-

2207 5269 2357 5309 mero
2380 5256 2807 5327 quadragenario
2837 5268 2890 5314 et
2914 5262 3128 5315 senario
3152 5262 3311 5318 nob‘s
3336 5264 3661 5318 insinuatam
3678 5275 3762 5314 mc-

2208 5350 2467 5404 minimus
2493 5352 2743 5407 dominici
2775 5354 3016 5423 corporis
3038 5355 3261 5409 formam
3297 5373 3462 5426 quam
3505 5374 3603 5427 pro
3633 5354 3765 5426 primi

2204 5442 2374 5498 Adam
2398 5446 2671 5502 erroribus
2683 5446 3036 5517 corrigendis,
3061 5449 3331 5503 secundus
3348 5449 3524 5504 Adam
3546 5448 3765 5504 Christus

2198 5534 2265 5589 de
2296 5536 2450 5590 Maria
2478 5541 2734 5607 suscepit,
2764 5548 2987 5610 propter
3015 5540 3156 5610 quod
3213 5541 3265 5595 in
3329 5542 3627 5611 Evangelio
3652 5537 3763 5593 dicit

2202 5624 2384 5693 (Joau.
2413 5628 2475 5693 ιι)
2504 5645 2517 5681 :
2551 5629 2755 5685 Solvite
2788 5633 3047 5699 templum
3082 5631 3183 5689 hoc
3203 5644 3254 5688 et
3276 5643 3399 5702 post
3428 5643 3539 5689 tres
3568 5632 3678 5687 dies
3695 5644 3765 5683 res

514 5696 753 5748 sexcenti
796 5700 1071 5769 sexaginta
1124 5716 1239 5767 sex,
1295 5719 1449 5773 quem
1493 5706 1747 5761 iaciemus
1796 5711 2089 5765 secundum
2183 5719 2465 5772 suscitabo
2490 5720 2648 5785 illud;
2679 5730 2734 5775 et
2766 5723 3217 5789 respondentibus
3254 5724 3498 5781 Iudaeis:
3532 5723 3759 5791 Quadra-

516 5779 752 5852 Grtrcos,
787 5792 1085 5856 praesertim
1138 5794 1258 5861 quia
1308 5796 1372 5850 ad
1417 5797 1589 5852 Asiam
1624 5800 1881 5867 scribens,
1927 5812 1977 5857 et
2010 5818 2094 5859 sc-

2196 5808 2341 5876 ginta
2375 5821 2427 5865 et
2456 5827 2548 5867 sex
2595 5814 2746 5869 annis
2793 5814 3109 5869 tedilicatum
3142 5827 3221 5873 cst
3266 5818 3523 5888 templum
3553 5816 3687 5879 hoc,
3715 5820 3761 5867 ει
