3968 6354
185 332 292 389 835

1174 324 1623 384 COMMENTAR.
1670 324 1732 377 IN
1772 324 2155 381 APOCALYP.
2200 326 2330 381 LIB.
2378 325 2461 379 IV.

3359 328 3460 383 886

188 459 241 498 tu
269 442 403 498 dicis
431 483 445 506 ,
499 443 554 497 iu
601 443 773 499 tribus
830 443 1018 498 diebus
1065 441 1335 495 suscitabo
1387 438 1512 492 illud
1536 439 1559 487 ’ἐ
1622 436 1772 505 Quod
1805 441 1853 498 Α
1882 446 2076 504 metur,
2104 436 2171 492 ab
2200 437 2366 507 ipsius
2394 437 2782 505 significatione
2813 440 3067 507 temporis
3096 454 3198 495 non
3226 439 3459 512 elongat,

186 532 513 602 evangelista
555 547 870 601 exponens,
919 530 1185 598 ait:lpse
1239 518 1415 582 autem
1464 527 1676 581 dicebat
1704 528 1771 581 de

190 625 391 692 templo
432 625 672 691 corporis
718 625 821 679 sui.
854 623 962 678 Nec
1004 623 1294 677 immerito.
1341 619 1544 673 Nomen
1575 619 1773 687 quippe

189 716 359 771 Adam
411 730 503 785 per
534 714 749 769 Graecas
783 716 990 771 litteras
1031 712 1515 782 quadragenarium
1540 720 1593 765 et
1616 725 1771 764 sena-

190 807 328 861 rium
359 806 596 876 complet
624 811 725 862 hoc
750 806 911 861 modo
935 846 949 870 ,
985 805 1072 874 qui
1104 804 1305 858 faciunt
1337 818 1482 857 vat.
1516 801 1649 856 Cum
1681 818 1774 855 au-

187 910 296 954 tem
322 901 436 953 inse
466 914 681 969 quoque

757 1013 1311 1083 ἀδαμν

769 1122 785 1159 1
887 1120 939 1160 ιν
1048 1122 1065 1160 Ῑ
1158 1122 1229 1159 λι,

190 1228 446 1269 numerus
476 1214 641 1269 fuerit
685 1215 891 1270 solutus
942 1222 997 1270 et
1028 1230 1121 1284 per
1162 1216 1511 1279 semetipsum
1545 1213 1776 1280 scriptus

186 1315 245 1362 et
270 1308 487 1371 ductus,
512 1306 564 1362 id
594 1317 698 1373 est,
740 1309 1093 1378 quadraginta
1134 1323 1250 1369 sex.
1294 1309 1439 1361 illum
1467 1306 1666 1360 Graecis
1701 1306 1778 1358 lit-

188 1397 319 1454 teris
345 1411 625 1453 numerum
652 1399 1001 1453 nihilominus
1025 1400 1279 1467 complet,

221 1511 1753 1588 κουαδραγιυτασεξ

187 1619 257 1658 XX
316 1622 417 1659 LXX
481 1619 608 1659 CCCC
669 1620 685 1657 ι
744 1618 884 1658 ινε
944 1618 959 1656 1
1022 1620 1073 1656 Ill
1137 1619 1166 1656 Χ
1228 1616 1777 1657 ιοαοιοενιι

189 1718 352 1773 modo
382 1717 471 1786 qui
493 1718 550 1773 in
573 1732 734 1771 unum
761 1716 986 1781 redacti,
1019 1715 1219 1769 faciunt
1244 1714 1391 1768 mille
1418 1714 1676 1767 ducentos
1705 1713 1779 1765 τί-

188 1813 321 1879 ginti
350 1813 605 1881 quinque.
653 1811 913 1879 Superius
965 1810 1017 1863 in
1056 1823 1463 1875 monogramma
1515 1806 1771 1861 diximus.
1808 1820 1851 1878 Β
1884 1853 1918 1895 ιτ

189 1904 513 1958 Nuncsoluli
538 1902 775 1957 nominis
796 1901 1000 1970 digesta
1027 1901 1188 1965 serie,
1216 1900 1613 1955 demonstratur
1636 1898 1778 1966 ejus-

189 1997 312 2050 dem
331 1994 538 2049 numeri
556 2008 763 2047 summa
781 1991 1050 2056 concludi,
1073 1999 1132 2045 ut
1152 2005 1274 2045 cum
1298 1991 1396 2045 sibi
1415 2000 1637 2059 utraque
1651 2004 1779 2043 con-

191 2090 429 2154 veniant,
447 2104 551 2143 uon
576 2088 877 2151 inanis,sed
897 2088 1032 2143 certi
1060 2101 1277 2141 causam
1301 2086 1542 2158 mysterii
1568 2084 1778 2138 indubi-

193 2190 368 2236 tanter
395 2182 684 2234 insinuent.
713 2180 792 2234 Ad
833 2179 935 2234 hoc
984 2178 1212 2233 fortasse
1237 2178 1491 2246 pertinet,
1534 2175 1674 2245 quod
1713 2176 1780 2228 de

192 2271 530 2326 simulatione
571 2271 885 2326 Antichristi
932 2270 1219 2339 Apostolus
1274 2270 1495 2338 laqueus
1541 2268 1616 2321 ait
1672 2265 1780 2337 (II

191 2360 369 2415 Thess.
419 2362 494 2431 tt)
530 2361 644 2414 :lta
675 2371 729 2415 ut
758 2362 810 2414 in
852 2361 1054 2427 templo
1086 2360 1179 2412 Dei
1209 2359 1396 2413 sedeat
1422 2399 1437 2421 ,
1490 2356 1780 2411 ostendens

191 2467 253 2507 se
311 2460 559 2521 tanquam
599 2452 668 2505 sit
714 2452 855 2506 Deus
892 2492 907 2516 ,
959 2466 1081 2504 nam
1130 2461 1182 2505 et
1220 2450 1272 2503 in
1326 2450 1429 2504 hoc
1486 2449 1623 2503 libro
1659 2466 1673 2501 :
1708 2451 1778 2503 A-

192 2552 401 2611 pertum
448 2553 568 2607 est,
632 2541 834 2610 inquit,
893 2540 1153 2610 templum
1201 2540 1291 2593 Dei
1338 2538 1391 2593 in
1444 2538 1781 2604 cmlo,vide-

192 2636 318 2689 licet
343 2650 408 2689 ex
442 2634 662 2703 Virgine
694 2642 842 2698 nato,
878 2640 936 2686 ut
966 2633 1107 2687 sicut
1137 2631 1264 2685 falsa
1308 2630 1442 2698 Agni
1471 2629 1635 2684 occisi
1668 2626 1781 2682 imi-

190 2726 321 2779 tatio
337 2739 621 2794 rerumque
639 2723 916 2785 similium,
946 2724 1023 2777 sic
1052 2722 1213 2777 etiam
1232 2722 1487 2789 templum
1513 2720 1607 2775 Dei
1624 2735 1681 2775 se
1694 2736 1781 2774 ar-

190 2826 264 2883 te,
286 2832 390 2871 non
420 2815 643 2870 veritate
669 2816 1031 2884 transfiguret.
1058 2813 1326 2878 Quosdam
1355 2822 1536 2867 autem
1574 2812 1777 2866 moveri

190 2923 349 2976 posse
416 2921 522 2961 non
578 2907 764 2961 dubito
816 2906 883 2961 de
943 2920 1168 2959 numero
1225 2904 1370 2957 mille
1425 2904 1776 2959 ducentorum

189 2997 375 3069 viginti
411 2998 664 3066 quinque,
707 2995 848 3066 quod
887 3004 994 3049 tres
1034 2994 1159 3049 anni
1204 3003 1257 3047 ct
1294 3008 1386 3047 sex
1427 3009 1641 3048 menses
1672 3009 1776 3047 non

190 3088 435 3143 eamdem
468 3088 674 3141 numeri
705 3086 993 3143 conficiunt
1034 3099 1321 3138 summam.
1370 3083 1472 3138 Sed
1501 3084 1776 3137 sciendum

189 3180 330 3249 quod
363 3194 461 3233 nec
490 3193 598 3232 uno
622 3178 781 3231 modo
806 3218 821 3241 ,
854 3192 950 3232 nec
978 3175 1079 3230 sub
1110 3176 1270 3229 unius
1295 3173 1643 3243 ejusdemque
1674 3191 1773 3227 nu-

192 3270 327 3325 meri
349 3268 680 3333 definitione,
706 3268 982 3336 Scriptura
1013 3266 1193 3321 divina
1220 3266 1389 3335 ipsum
1412 3281 1623 3335 semper
1645 3276 1774 3320 temo

192 3361 560 3428 pusinsinuat.
586 3361 715 3414 Nam
739 3370 793 3414 et
821 3359 1030 3428 inju~to
1051 3360 1133 3434 [F.
1158 3357 1284 3430 isto]
1308 3358 1442 3412 libro
1466 3357 1531 3413 de
1557 3358 1782 3413 muliere

192 3454 403 3524 quidem
435 3453 667 3520 patiente
695 3456 937 3522 loquens,
967 3454 1096 3508 dicit
1124 3453 1281 3525 (Sup.
1314 3452 1407 3523 stt)
1442 3470 1452 3506 :
1488 3454 1782 3522 Alcturque

193 3558 289 3612 per
324 3553 529 3611 tempus
561 3554 613 3597 et
642 3552 879 3613 tempora
914 3553 966 3598 et
995 3544 1272 3598 dimidium
1316 3544 1594 3613 temporis.
1636 3543 1778 3597 Alibi

194 3644 367 3688 autem
400 3635 466 3687 de
504 3633 735 3688 dracone
775 3642 829 3689 et
866 3634 1033 3689 bestia
1074 3635 1230 3707 (Snp.
1276 3636 1350 3704 xt)
1382 3651 1392 3687 :
1437 3636 1565 3689 Data
1597 3643 1677 3689 est
1705 3635 1778 3701 ei,

195 3727 383 3797 inquit,
408 3736 645 3795 potestas
674 3728 945 3783 mensibus
973 3712 1321 3799 quadraginta
1354 3730 1593 3792 duobus;
1625 3729 1782 3783 item-

195 3835 326 3887 que,
374 3818 561 3884 Dabo,
612 3820 810 3889 inquit,
862 3820 1073 3875 duobus
1123 3821 1446 3893 martyribus
1504 3822 1675 3887 meis,
1724 3829 1780 3875 ut

195 3909 513 3980 p:ophctcnt
567 3909 753 3965 diebus
803 3912 949 3965 mille
998 3913 1243 3967 ducenis
1291 3914 1605 3983 sexaginta,
1658 3928 1778 3967 cum

194 4008 441 4066 Constet,
500 4002 638 4054 inter
682 4001 1030 4071 quadraginta
1082 4005 1216 4057 duos
1268 4020 1481 4059 menses
1529 4014 1583 4059 et
1636 4007 1779 4061 mille

194 4093 451 4145 ducentos
493 4091 768 4157 sexaginta
812 4091 957 4158 dies,
1003 4092 1187 4146 decem
1234 4104 1288 4147 ct
1326 4106 1530 4163 septem
1571 4096 1778 4150 dierum

197 4200 476 4238 numerum
509 4183 845 4252 discrepare;
876 4199 975 4239 ncc
1017 4185 1067 4238 in
1109 4185 1212 4240 isto
1244 4197 1443 4241 tantum
1475 4189 1610 4243 libro
1640 4191 1781 4244 hunc

196 4291 481 4331 numerum
514 4276 659 4329 varie
690 4276 917 4344 positum
965 4280 1292 4345 noverimus,
1344 4295 1465 4334 cum
1512 4280 1672 4335 etiam
1727 4284 1778 4336 in

196 4368 488 4423 visionibus
530 4367 768 4423 Danielis
818 4368 1029 4424 diversa
1074 4373 1283 4425 numeri
1327 4372 1630 4442 quantitate
1681 4373 1782 4428 hoc

195 4469 405 4526 tempus
454 4459 744 4527 significari
792 4463 1120 4517 noverimus.
1168 4462 1300 4517 Nam
1350 4465 1478 4519 dicit
1508 4463 1670 4536 (Dan.
1705 4483 1777 4533 ix,

196 4568 269 4617 xt,
301 4556 420 4620 xu),
465 4554 699 4625 Tempus
749 4567 1070 4627 temporum,

196 4660 365 4698 annos
398 4647 740 4703 llebrteorum
774 4666 924 4707 more
956 4652 1281 4722 significans.
1314 4654 1443 4709 item
1473 4653 1624 4720 dicit,
1660 4654 1780 4712 Dies

199 4734 345 4788 mille
393 4737 651 4792 ducentos
695 4741 1002 4809 nonaginta.
1053 4742 1190 4796 Alibi
1239 4753 1417 4799 autem
1468 4745 1520 4799 in
1574 4746 1779 4801 decima

195 4826 399 4881 visione
423 4829 567 4883 mille
590 4840 857 4885 trecentos
881 4836 1164 4902 nonaginta
1205 4836 1438 4905 quinque
1463 4837 1579 4893 dies
1612 4839 1778 4907 ponit,

194 4934 314 4986 quas
343 4920 520 4973 omnia
553 4922 693 4974 circa
728 4921 899 4989 ipsius
929 4926 1185 4993 temporis
1222 4927 1667 4997 significationem
1704 4932 1782 4986 sic

197 5011 553 5067 demonstrari
594 5010 862 5080 videntur,
898 5024 954 5068 ut
990 5024 1043 5070 et
1072 5016 1187 5072 dies
1212 5020 1398 5087 judicii
1441 5022 1525 5077 vel
1560 5026 1781 5081 secundi

200 5101 462 5157 adventus
494 5118 600 5157 non
629 5104 989 5174 divulgaretur
1021 5108 1266 5165 humana:
1296 5115 1530 5182 notitiae,
1569 5128 1622 5173 et
1652 5134 1787 5189 Opu-

196 5192 359 5247 icntia
419 5194 582 5248 divini
654 5196 1299 5272 sermnnis.diversaque
1374 5206 1566 5263 relatio
1616 5212 1787 5280 possit

195 5298 453 5338 exercere
497 5284 746 5340 devotos.
794 5286 1191 5357 lnquircntihus
1220 5292 1451 5365 denique
1481 5299 1778 5369 discipulis,

195 5376 241 5429 si
289 5372 389 5429 hoc
435 5384 673 5445 tempore
721 5382 1153 5448 prmsentaveris,
1205 5394 1258 5438 et
1304 5389 1517 5455 quando
1556 5408 1777 5462 regnum

196 5465 380 5531 Israel,
430 5467 503 5520 ita
544 5468 803 5524 Dominus
858 5473 1131 5541 respondit
1183 5490 1197 5528 :
1252 5477 1367 5532 Non
1419 5492 1501 5535 est
1550 5495 1782 5540 vestrum

196 5572 357 5613 nosse
396 5569 632 5628 tempora
677 5577 795 5630 quae
844 5560 1002 5619 Pater
1050 5566 1223 5635 posuit
1265 5569 1319 5623 in
1363 5587 1458 5626 sua
1501 5584 1781 5644 potestate.

196 5647 325 5703 Nam
354 5660 407 5705 ct
442 5653 493 5705 in
523 5652 728 5715 Grmco,
772 5652 822 5707 id
849 5662 954 5722 est,
983 5658 1327 5730 quadraginta
1372 5679 1493 5733 sex,
1532 5681 1628 5735 per
1658 5684 1785 5725 suos

200 5742 540 5800 characteres
570 5744 853 5815 scrip'um,
886 5749 1209 5815 specialibus
1239 5759 1476 5815 numeris
1514 5759 1559 5814 si
1596 5760 1787 5819 subsu-

1883 530 2007 583 facit
2029 529 2169 583 enim
2203 529 2345 583 mille
2378 536 2645 584 trecentos
2670 528 3051 598 septemdecim
3085 547 3098 581 :

2045 646 3420 715 τεσσιρακονταδξ,

2011 747 2397 787 cccvcccc
2458 748 2573 787 vc
2659 750 2799 786 lxx
2878 735 2963 788 lxx
3028 748 3176 789 ccc:
3262 738 3427 793 le.

1950 845 2077 899 Car.
2122 858 2236 897 xiv.
2272 843 2339 898 Et
2369 861 2480 898 ecce
2506 845 2613 898 vidi
2643 845 2849 915 Agnum
2881 855 3143 900 astantem
3190 847 3239 900 in
3281 855 3463 900 monte

1882 937 2043 1005 Sion,
2074 946 2120 988 et
2149 952 2263 989 cum
2293 950 2357 989 eo
2386 945 2587 989 centum
2626 939 2972 1008 quadraginta
3011 950 3230 1008 quatuor
3258 940 3462 1004 millia;

1880 1034 1933 1079 et
1965 1025 2163 1079 habent
2193 1042 2373 1079 nomen
2402 1028 2542 1095 ejus,
2576 1037 2622 1080 et
2650 1042 2834 1081 nomen
2861 1029 3023 1098 patris
3066 1031 3177 1099 ejus
3217 1031 3464 1097 scriptum

1879 1116 1932 1168 in
1964 1116 2214 1181 Irontibus
2244 1118 2372 1170 suis.
2401 1118 2626 1171 Ostensa
2656 1119 3008 1173 similitudine
3038 1135 3195 1189 quam
3225 1123 3385 1184 colit,
3412 1134 3464 1176 et

1883 1209 1968 1262 cui
1998 1223 2058 1263 se
2088 1208 2318 1262 similem
2351 1209 2479 1262 facit
2507 1209 2802 1264 adversitas
2822 1252 2837 1274 ,
2882 1211 3079 1265 invicta
3109 1227 3322 1281 quoque
3356 1211 3461 1267 Ec-

1884 1298 2069 1353 clesia:
2109 1310 2282 1354 castra
2323 1300 2561 1368 oportuit
2591 1299 2853 1353 declarari
2874 1342 2890 1367 ,
2927 1316 2992 1355 ne
3023 1312 3130 1354 tam
3164 1301 3464 1355 vehementi

1886 1407 1931 1461 p:
1956 1391 2277 1446 rsecutionis
2307 1391 2509 1459 impetu
2547 1392 2632 1445 vel
2674 1394 3061 1459 succubuisse,
3105 1393 3187 1447 vel
3234 1394 3457 1461 periisse

1883 1484 2128 1539 eamdem
2176 1484 2472 1540 Ecclesium
2516 1483 2761 1537 infirmus
2790 1485 3003 1539 animus
3046 1486 3370 1547 a-stimaret,
3400 1500 3463 1538 ac

1886 1588 1953 1627 ne
1982 1574 2050 1627 de
2077 1574 2374 1627 electorum
2407 1588 2629 1627 numero
2659 1588 2977 1642 quemquam
3005 1573 3271 1629 cecidisse
3313 1584 3462 1641 puta-

1884 1672 1998 1729 ret,
2032 1663 2244 1717 illornm
2280 1662 2466 1716 maluit
2493 1664 2670 1717 facere
2699 1665 3027 1718 mentionem
3050 1706 3064 1728 ,
3099 1665 3187 1731 qui
3220 1664 3463 1716 arctioris

1886 1755 1984 1806 vite
2010 1764 2064 1806 ct
2104 1752 2429 1821 angustioris
2467 1752 2675 1806 semita:
2715 1754 3123 1821 apprehendere
3165 1760 3463 1807 statuerunt

1921 1845 2151 1896 amitem
2177 1883 2192 1908 ,
2222 1850 2385 1911 atque
2415 1851 2474 1895 ut
2504 1841 2817 1896 ostenderet
2846 1842 3244 1897 adversantium
3292 1843 3463 1897 imita—

1882 1934 2041 1988 tionis
2091 1947 2247 1997 esse,
2304 1948 2407 1985 non
2458 1931 2736 1995 veritatis,
2784 1947 2943 1999 quam
2986 1933 3159 1987 honos
3200 1942 3464 1986 noverant

1882 2026 1979 2078 viri
2033 2024 2126 2079 Dei
2169 2025 2291 2091 jure
2321 2034 2532 2093 gestare
2580 2039 2596 2074 ;
2653 2021 2969 2085 Habebam,
3015 2021 3223 2089 inquit,
3267 2036 3460 2074 nomen

1881 2118 1999 2185 ejus
2029 2118 2117 2185 (id
2150 2126 2229 2170 est
2265 2115 2437 2185 Agni)
2464 2123 2518 2169 et
2550 2128 2744 2168 nomen
2776 2113 2941 2181 patris
2971 2113 3086 2180 ejus
3116 2114 3374 2180 scriptum
3410 2113 3460 2164 in

1882 2208 2150 2262 frontibus
2179 2208 2310 2261 suis.
2342 2208 2606 2261 Numerus
2635 2215 2813 2259 autem
2848 2205 2936 2258 hic
2966 2204 3149 2258 finitus
3171 2245 3186 2269 ,
3222 2218 3319 2271 pro
3346 2203 3463 2258 inll-

1882 2302 1991 2355 nito
2018 2302 2175 2355 debet
2205 2300 2463 2370 intelligi,
2496 2308 2551 2353 et
2577 2307 2818 2353 sacratus
2845 2298 3037 2351 secreti
3072 2296 3463 2364 significatione

1882 2394 2142 2463 mysterii.
2177 2393 2306 2446 Nam
2335 2393 2571 2446 ternario
2597 2404 2821 2445 numero
2850 2389 3116 2458 triplicato
3146 2390 3202 2442 lit
3229 2404 3464 2443 novena-

1881 2487 2028 2550 rius,
2073 2494 2126 2539 et
2166 2485 2510 2554 quaternario
2552 2493 2741 2553 quater
2780 2484 2976 2551 ducto,
3011 2482 3282 2538 sexdecim
3312 2483 3461 2537 fiunt.

1880 2577 2076 2631 Novies
2150 2586 2328 2630 autem
2419 2577 2733 2641 sexdecim,
2815 2584 3031 2630 centum
3114 2575 3465 2645 quadraginta

1880 2680 2112 2739 quatuor
2142 2669 2530 2738 adimplentur,
2562 2670 2615 2723 in
2648 2685 2754 2736 quo
2798 2684 3025 2724 numero
3070 2669 3294 2739 virginei
3335 2685 3463 2725 exa—

1883 2759 2043 2812 minis
2085 2760 2310 2827 mystice
2349 2758 2617 2812 insinuata
2668 2768 2752 2813 est
2798 2759 3111 2827 plenitudo,
3154 2770 3211 2813 ttt
3250 2775 3371 2815 cum
3400 2762 3465 2816 de

1883 2850 1999 2904 istis
2030 2858 2134 2903 tam
2170 2850 2387 2918 c0piosa
2420 2850 2616 2903 dicitur
2644 2849 2936 2903 multitudo
2958 2894 2972 2917 ,
3016 2851 3083 2906 de
3124 2852 3335 2905 caeteris
3360 2851 3466 2905 Ec.

1883 2940 2063 2995 clesa:
2096 2940 2358 2995 membris
2389 2956 2496 2994 non
2526 2942 2826 2996 dubitetur.
2868 2940 2938 2995 Et
2980 2943 3156 2996 audivi
3194 2945 3465 2998 voremcde

1882 3034 2007 3087 caelo
2037 3032 2188 3101 quasi
2218 3047 2410 3086 sonum
2441 3049 2694 3101 aquarum
2723 3033 3002 3087 multarum
3038 3042 3131 3088 aut
3173 3035 3345 3106 magni
3381 3045 3462 3090 to-

1885 3124 2073 3188 uitrui,
2104 3132 2147 3176 et
2178 3138 2277 3178 vox
2318 3140 2472 3190 quant
2518 3126 2726 3188 audiri,
2772 3126 2925 3194 quasi
2963 3126 3357 3189 citharoedorum
3393 3128 3464 3181 ci-

1807 3203 1853 3265 C
1884 3214 2281 3276 tlmrizantium,
2322 3224 2369 3267 et
2408 3217 2683 3268 cantabant
2724 3232 2912 3269 novum
2951 3218 3206 3269 canticum
3248 3220 3300 3270 in
3332 3233 3463 3273 ροη-

1887 3315 2071 3374 Specta
2107 3306 2285 3359 throni
2317 3314 2363 3359 et
2394 3308 2443 3359 in
2474 3315 2767 3375 conspectu
2799 3316 3020 3374 quatuor
3057 3308 3368 3362 animalium
3409 3320 3465 3363 et

1885 3393 2178 3447 seniorum.
2204 3392 2311 3447 Nec
2334 3394 2610 3462 quisquam
2636 3405 2832 3462 poterat
2853 3395 3033 3450 dicere
3052 3398 3338 3463 canticum,
3364 3398 3463 3452 nisi

1883 3484 1976 3539 illa
1997 3494 2195 3538 centum
2215 3485 2556 3553 quadraginta
2578 3495 2797 3553 quatuor
2822 3487 3007 3553 millia,
3032 3491 3119 3556 qui
3137 3491 3290 3559 empti
3313 3501 3464 3543 erant

1885 3579 1951 3632 de
1980 3580 2155 3631 terris.
2187 3576 2259 3630 Ili
2287 3587 2404 3630 sunt
2431 3578 2517 3647 qui
2545 3596 2600 3632 se
2627 3594 2743 3630 cum
2774 3580 3067 3635 mulieribus
3090 3597 3192 3635 non
3221 3581 3461 3652 coinqui~

1885 3679 2178 3735 naverunt,
2210 3669 2426 3737 virgines
2454 3670 2588 3723 enim
2621 3684 3051 3739 permanserunt.
3098 3674 3161 3726 l‘li
3204 3682 3330 3728 sunt
3369 3675 3462 3745 qui

1882 3770 2160 3830 sequuntur
2188 3761 2392 3827 Agnum
2417 3778 2713 3832 quocunque
2742 3765 2905 3818 vadit.
2937 3766 3262 3832 Quibusdam
3292 3767 3460 3822 visunt

1884 3862 1966 3905 est
1987 3893 2000 3917 ,
2039 3851 2180 3905 hunc
2216 3851 2389 3905 locum
2419 3852 2495 3905 sic
2521 3853 2893 3920 accipiendum
2923 3870 3197 3924 exponere
3218 3900 3232 3924 ,
3265 3865 3323 3912 ut
3351 3873 3458 3913 non

1884 3943 1952 3996 de
1982 3942 2113 3996 solis
2149 3944 2251 3997 fide
2279 3952 2332 3998 et
2359 3958 2522 3997 carne
2550 3944 2878 4014 virginibus,
2922 3947 3017 4001 sed
3060 3946 3220 4002 etiam
3240 3949 3342 4016 qui
3384 3950 3462 4005 le-

1883 4038 2069 4105 gitimo
2102 4048 2463 4106 temperanter
2494 4040 2569 4093 uti
2600 4044 2872 4110 potuerint
2901 4045 3151 4114 cnnjugio
3172 4086 3188 4110 ,
3219 4046 3463 4103 dicerent

1882 4130 2277 4197 agnoscendum
2310 4146 2322 4180 :
2356 4130 2613 4186 addentes
2644 4134 3022 4202 prophetarum
3051 4145 3105 4191 et
3134 4138 3464 4205 patriarcha-

1885 4234 2003 4272 rum
2035 4220 2281 4287 exempla
2303 4261 2318 4283 ,
2349 4236 2485 4288 quos
2516 4222 2625 4275 Deo
2652 4225 2900 4277 noiimus
2926 4240 3137 4280 summo
3164 4228 3464 4283 sanctitatis

1884 4308 2067 4362 studio
2098 4309 2397 4377 placuisse,
2441 4326 2507 4364 ne
2547 4319 2654 4365 tam
2692 4312 3010 4367 excellentis
3050 4316 3173 4370 vita:
3216 4316 3359 4370 viros
3395 4318 3465 4374 ab

1886 4399 2125 4468 ipsorum
2159 4402 2439 4454 consortio
2468 4401 2733 4471 virginum
2777 4413 3054 4473 separatos
3090 4404 3465 4474 iudicarentur

1886 4495 2159 4563 excipere.
2190 4496 2261 4549 At
2290 4510 2411 4549 cum
2443 4496 2685 4565 diligenti
2717 4497 3017 4555 intentione
3048 4502 3371 4570 perspicitur
3398 4517 3465 4560 ex

1119 4558 1171 4613 id
1218 4569 1301 4615 est
1350 4577 1511 4615 unum
1557 4570 1613 4616 et
1646 4562 1778 4618 duos

1887 4585 2191 4640 divinorum
2235 4586 2619 4643 distributione
2661 4590 2924 4645 donorum
2952 4633 2968 4658 ,
3012 4558 3232 4649 eiidens
3272 4595 3325 4649 in
3368 4594 3466 4652 Ec-

1887 4678 2053 4732 clesia
2085 4677 2285 4733 Christi
2314 4679 2616 4736 diﬂ‘erentia
2646 4682 2960 4738 meritorum
2982 4724 2998 4749 ,
3030 4685 3081 4740 in
3114 4686 3465 4754 professione,

1886 4768 2099 4835 ordine,
2128 4780 2361 4840 votoque
2387 4770 2693 4838 dissimilis,
2721 4785 3055 4842 sequestrata
3085 4777 3297 4830 illorum
3324 4778 3467 4846 prin~

1886 4859 2044 4927 cipali
2092 4861 2399 4927 specialiter
2440 4861 2734 4931 dignitate,
2784 4864 2875 4934 qui
2926 4864 3174 4920 habendo
3216 4864 3466 4938 conjugia

1888 4966 1994 5005 non
2027 4952 2199 5005 solum
2230 4953 2373 5005 nulla
2405 4955 2727 5010 cmitraliere
2769 4957 3065 5023 probantur
3094 4955 3300 5012 offensa
3320 4998 3337 5023 ,
3370 4958 3466 5013 sed

1888 5042 2051 5098 etiam
2082 5042 2165 5097 liis
2187 5041 2279 5111 qui
2308 5045 2660 5113 prepagandaa
2690 5054 2892 5101 tantum
2921 5047 3085 5116 prolis
3111 5049 3279 5117 gratia
3307 5057 3464 5105 uten-

1890 5131 1984 5195 do,
2014 5146 2203 5200 magna
2230 5131 2446 5200 insuper
2474 5137 2796 5205 conquirere
2828 5146 3117 5205 potuerunt
3142 5138 3334 5193 merita
3357 5178 3375 5206 ,
3404 5154 3469 5196 co

1889 5220 2030 5289 quod
2062 5230 2288 5275 venturo
2328 5222 2551 5281 Christo
2592 5227 2777 5281 talium
2819 5228 3193 5298 conjugiorum
3238 5233 3462 5300 propheo

1893 5311 1997 5365 tica
2031 5311 2298 5365 militabat
2326 5312 2587 5382 intentio,
2621 5324 2678 5370 ut
2706 5318 2773 5372 de
2814 5320 2932 5374 aliis
2975 5320 3267 5375 tirtutibus
3307 5321 3460 5377 sileas

1894 5419 2033 5470 mus,
2064 5405 2257 5472 quibus
2284 5420 2378 5459 eos
2402 5406 2651 5462 floruisse
2683 5409 2960 5479 Scriptura
2991 5420 3125 5467 teste
3152 5412 3473 5469 didicimus:

1894 5508 2103 5561 eorum,
2138 5494 2378 5565 inquam,
2408 5500 2690 5555 excellenti
2717 5503 2949 5558 culmine
2968 5513 3323 5574 sequestrata,
3357 5504 3475 5561 ttul-

1892 5584 1975 5640 lus
2018 5600 2249 5675 unquam
2290 5589 2562 5658 putaverit
2602 5591 2857 5663 virginale
2899 5593 3065 5651 decus
3098 5597 3183 5653 vel
3221 5597 3476 5669 pudicitia

1896 5679 2161 5751 conjttgali
2186 5719 2199 5746 ,
2243 5684 2327 5738 vel
2358 5684 2521 5741 etiam
2567 5686 2762 5742 viduali
2802 5691 3151 5747 continentia:
3193 5707 3475 5765 coaequan-

1903 5771 2050 5828 dutn.
2098 5775 2247 5842 Quod
2297 5777 2423 5836 licet
2480 5781 2659 5837 multis
2710 5782 2902 5841 divina:
2947 5785 3240 5858 Scriptum
3283 5800 3470 5847 conte-
