3968 6354
543 349 640 406 887

1631 344 1920 401 PRIMASII
1958 340 2411 398 ADRUMETANI
2450 343 2661 398 EPISC.
2709 368 2717 375 υ

3743 339 3834 395 888

543 463 807 519 stantibus
832 462 1085 531 probetur
1115 460 1360 523 oraculis,
1397 460 1497 514 hoc
1546 466 1727 512 tamen
1768 457 1884 510 loco
1927 456 2115 525 praeci-
2144 457 2197 516 Α
2228 454 2441 522 quando
2473 454 2590 509 ausi
2620 462 2743 510 sunt
2776 453 3076 523 superbire.
3125 453 3257 509 Hinc
3287 455 3559 524 psalmus
3593 452 3831 518 (LXXIII:

544 571 646 624 pue
676 556 995 619 declaratur,
1037 556 1118 609 cui
1152 552 1473 621 exponendo
1516 552 1574 605 Β.
1611 550 1941 619 Augustinus
1989 564 2113 615 pro-

545 663 772 716 perans,
808 662 1037 717 eumque
1079 647 1374 714 suscipiens
1414 644 1823 713 exponendum,
1867 642 1993 713 quid
2034 642 2117 696 vel

548 740 862 805 prznmiserit
888 739 971 793 vel
1004 739 1265 801 senserit,
1295 754 1357 791 ex
1392 736 1507 807 ejus
1541 737 1678 790 libro
1708 752 1865 805 quem
1898 736 1963 790 de
1994 751 2119 790 stn-

542 842 627 886 cta
668 832 980 900 Virginitate
1024 831 1225 896 edidit,
1276 833 1326 885 in
1376 832 1477 884 hoc
1522 845 1656 899 npus
1704 831 1886 884 curavi
1936 838 2114 884 trans-

544 925 717 989 ferre,
751 938 856 992 quo
885 923 1121 986 clareat,
1154 922 1390 991 virgines
1440 920 1809 975 honorabilem
1858 935 1965 987 pra:
2011 935 2114 973 cte-

544 1016 673 1069 teris
723 1017 897 1069 locum
949 1015 1181 1081 habere,
1233 1028 1352 1083 quae
1403 1029 1567 1082 super
1617 1012 1992 1067 rectitudinem
2047 1012 2109 1064 ﬁ-

540 1105 660 1172 dei,
704 1104 996 1159 secundum
1037 1119 1193 1174 quam
1241 1104 1389 1173 virgo
1418 1114 1500 1160 est
1539 1102 1715 1157 omnis
1749 1101 1987 1155 Ecclesia
2009 1142 2023 1167 ,
2056 1115 2115 1155 se

539 1196 754 1251 Christo
795 1205 1100 1263 voverunt,
1142 1196 1304 1250 etiam
1333 1195 1512 1249 carnis
1544 1196 1849 1264 integritate
1878 1202 2110 1249 servata.

540 1288 676 1342 Dicit
723 1288 913 1343 enim:
962 1288 1204 1342 [labeant
1244 1286 1489 1356 conjugia
1532 1286 1731 1341 bonum
1776 1300 1967 1349 suum,
2007 1302 2112 1340 non

539 1378 665 1444 quia
697 1377 834 1432 ﬁlios
864 1386 1183 1446 procreant,
1212 1376 1305 1431 sed
1335 1375 1455 1445 quia
1488 1375 1712 1430 honeste
1735 1418 1751 1443 ,
1782 1375 1904 1442 quia
1934 1374 2110 1443 licite,

537 1468 662 1536 quia
694 1467 884 1537 pudice
904 1508 920 1532 ,
957 1468 1078 1535 quia
1109 1466 1386 1521 socialiter
1415 1477 1735 1535 procreant,
1769 1473 1823 1521 et
1862 1481 2115 1536 procrea-

538 1570 623 1613 tos
664 1560 880 1628 pariter,
914 1560 1219 1625 salubriter,
1266 1560 1631 1628 instanterque
1669 1559 1942 1614 educant:
1988 1560 2113 1629 quia

537 1652 681 1706 thori
732 1652 892 1706 ﬁdem
938 1652 1165 1707 invicem
1223 1661 1474 1720 servant,
1532 1653 1656 1721 quia
1712 1660 2121 1706 sacramentum.

537 1741 790 1796 connubii
840 1756 945 1797 non
994 1743 1217 1797 violant.
1269 1742 1395 1797 Hmc
1440 1751 1618 1797 tamen
1668 1744 1847 1797 omnia
1894 1742 2111 1797 humani

2225 544 2474 614 Dejecisti
2515 561 2609 600 eos
2629 588 2655 614 ,,
2688 545 2889 615 inquit,
2934 544 3061 599 dum
3102 545 3539 610 extollerentur,
3572 555 3711 599 tunc
3738 550 3829 599 uti-

2221 653 2325 707 que
2372 638 2604 708 dejecti,
2653 638 2868 707 quando
2916 637 3064 692 elati.
3117 637 3263 693 More
3309 647 3516 692 autem
3564 649 3675 689 suo
3712 636 3829 691 dixit

2220 735 2495 803 Scriptura
2518 776 2532 797 ,
2563 736 2604 789 Α
2638 734 2762 788 vino
2794 733 3159 788 fornicationis
3189 748 3301 789 suze
3331 732 3695 788 ceciderunt
3723 732 3825 786 nni-

2218 839 2388 877 versae
2415 832 2599 892 gentes
2620 865 2636 892 ,
2666 838 2787 878 cum
2821 822 2937 879 haec
2962 824 3149 879 civitas
3192 838 3313 894 qua:
3352 832 3634 895 optatur,
3680 832 3822 891 atque

2218 930 2281 969 ex
2314 914 2562 969 omnibus
2590 914 2816 969 conﬂata
2845 914 3096 984 gentibus
3122 924 3484 986 aggregatur,
3526 913 3657 983 ipsa
3690 913 3818 969 hibe-

2217 1008 2286 1061 rit
2315 1022 2377 1062 ex
2408 1006 2534 1061 vino
2564 1005 2959 1062 fornicationis.
2990 1004 3187 1062 Omnes
3226 1007 3367 1063 enim
3416 1016 3643 1078 gentes
3681 1020 3814 1059 erro-

2217 1094 2367 1150 ribus
2402 1094 2694 1162 debriatte,
2739 1094 2854 1161 ipsa
2896 1104 2980 1151 est
3020 1095 3242 1161 civitas,
3282 1095 3379 1150 sed
3426 1107 3619 1149 unam
3649 1092 3813 1149 dividit

2217 1200 2368 1241 more
2393 1200 2511 1241 suo.
2543 1184 2612 1238 Et
2641 1186 2817 1239 tertius
2853 1186 3067 1257 angelus
3095 1192 3292 1241 secutus
3329 1194 3412 1240 est
3446 1198 3597 1240 eum
3616 1221 3637 1251 ,
3667 1186 3819 1248 diem,

2217 1295 2333 1332 voce
2372 1293 2596 1350 magna:
2636 1277 2698 1333 Si
2737 1278 2851 1348 quis
2876 1278 3161 1332 adoraverit
3190 1277 3406 1332 bestiam
3452 1286 3513 1332 σι
3553 1276 3809 1347 imaginem

2216 1371 2355 1440 ejus,
2385 1379 2433 1423 et
2459 1368 2704 1439 acceperit
2734 1382 2928 1424 nomen
2959 1368 3076 1439 ejus
3119 1369 3174 1421 in
3218 1371 3389 1437 {route
3419 1377 3533 1422 aut
3576 1368 3638 1423 in
3677 1384 3806 1421 ruas:

2216 1478 2340 1528 sua,
2373 1470 2421 1515 et
2448 1458 2577 1513 bibet
2605 1459 2719 1528 ipse
2746 1459 2810 1512 de
2844 1459 2959 1512 vino
2998 1461 3089 1514 ira:
3125 1458 3256 1529 Dei,
3297 1460 3493 1514 mixto
3535 1458 3597 1513 in
3644 1459 3802 1527 pocula

2216 1555 2306 1607 ira
2332 1552 2515 1622 ipsius.
2548 1552 2628 1608 De
2653 1550 2824 1607 bestia
2850 1559 2905 1606 et
2934 1551 3163 1621 imagine
3202 1551 3321 1623 ejus
3358 1550 3519 1606 satis
3560 1565 3798 1621 sapt:qu

2212 1645 2320 1715 jam
2364 1645 2504 1700 dicta
2544 1644 2685 1708 sint,
2725 1658 2911 1698 verum
2950 1642 3071 1714 quia
3105 1644 3237 1699 certi
3286 1642 3555 1698 haeretici
3608 1644 3739 1697 mala
3776 1658 3794 1689 a

2216 1738 2373 1793 nobis
2398 1735 2715 1793 credulitate
2743 1736 3079 1800 desciscunt,
3107 1735 3197 1789 alii
3226 1744 3412 1790 autem
3446 1735 3682 1789 dissona
3706 1749 3791 1789 mo-

540 1832 699 1887 otﬁcii
729 1842 853 1887 sunt
898 1847 1140 1887 munera.
1188 1832 1477 1903 Virginalis
1517 1842 1695 1888 autem
1741 1834 2017 1901 integritas
2056 1841 2111 1888 et
2142 1830 2185 1889 Β
2216 1845 2333 1883 rum
2375 1829 2640 1897 pravitate
2665 1842 2695 1880 a
2728 1825 3104 1881 traditionibus
3146 1825 3347 1879 nostris
3389 1825 3786 1885 exorbitanleS.

537 1939 633 1990 per
662 1924 798 1993 piam
830 1924 1213 1979 continentiam
1247 1925 1314 1978 ab
1343 1926 1489 1979 omni
1533 1924 1821 1980 concubitu
1862 1924 2111 1980 immuni-

539 2026 653 2081 tas,
703 2015 944 2085 angelica
997 2017 1175 2085 portio
1219 2024 1336 2085 est,
1387 2026 1443 2071 et
1483 2019 1535 2071 in
1582 2032 1744 2073 carne
1774 2019 2111 2088 corruptibili

536 2107 954 2177 incorruptionis
984 2117 1262 2178 perpetuae
1292 2110 1590 2165 meditatio.
1635 2109 1803 2165 Cedat
1844 2111 1969 2166 huic
1997 2127 2112 2166 om-

535 2200 619 2253 nis
668 2200 970 2255 fecunditas
1016 2203 1229 2267 carnis,
1281 2203 1438 2257 cedat
1490 2202 1745 2274 pudicitia
1793 2202 2110 2273 coniugalis.

534 2291 628 2343 Illa
659 2306 764 2346 non
798 2301 881 2347 est
912 2291 964 2347 in
1000 2302 1298 2362 potestate,
1328 2293 1429 2349 ista
1461 2309 1567 2367 non
1595 2303 1680 2350 est
1707 2295 1759 2349 in
1790 2298 2108 2351 aeternitate.

533 2380 942 2437 Fecunditatem
991 2383 1264 2439 carnalem
1313 2399 1421 2439 non
1475 2384 1637 2440 habet
1685 2385 1915 2441 liberum
1968 2386 2112 2441 arbi-

536 2476 732 2542 trium,
782 2475 1094 2545 pudicitiam
1141 2477 1471 2548 conjugalem
1522 2493 1628 2533 non
1678 2478 1841 2535 habet
1886 2479 2104 2535 coelum.

532 2563 786 2619 Profecto
815 2564 1088 2621 habebunt
1117 2583 1369 2638 magnum
1399 2569 1599 2639 aliquid
1640 2579 1838 2639 praeter
1881 2580 2108 2626 caeteros

533 2656 589 2709 in
616 2654 705 2710 illa
736 2659 1006 2713 communi
1040 2660 1444 2716 immortalitate
1465 2702 1481 2728 ,
1512 2677 1631 2732 quae
1663 2663 1865 2718 habent
1904 2664 2106 2733 aliquid

531 2745 642 2815 jam
688 2761 794 2801 non
836 2750 1016 2804 carnis
1048 2751 1100 2805 in
1130 2765 1311 2807 carne.
1345 2751 1414 2807 Et
1459 2762 1578 2821 post
1620 2754 1935 2821 paululum:
1978 2755 2108 2810 l’ro-

531 2846 713 2906 pterea
739 2881 755 2907 ,
785 2840 957 2910 inquit
986 2840 1042 2912 (Ι
1066 2840 1187 2897 Cor.
1218 2842 1321 2914 vn)
1347 2887 1362 2912 ,
1395 2854 1725 2915 praeceptum
1758 2847 1970 2902 Domini
2001 2863 2105 2903 non

534 2930 709 2986 hdeo
739 2932 807 2987 de
836 2932 1132 3002 virginibus
1162 2935 1460 3004 praedicare
1483 2977 1497 3001 ,
1528 2951 1636 3005 quo
1667 2937 1989 3005 prmdicator
2015 2939 2111 2995 do-

427 3068 431 3075 .
532 3032 688 3079 cetur
714 3032 931 3079 πίει-ηαξ
956 3026 1112 3080 saluti
1149 3027 1456 3096 prospicere
1479 3068 1494 3093 ,
1518 3028 1590 3082 ab
1633 3029 1734 3084 hoc
1777 3030 1920 3100 quod
1968 3047 2106 3085 nun-

532 3116 721 3183 tiatur,
774 3118 862 3171 ille
912 3118 1002 3188 qui
1052 3119 1297 3186 nuntiat,
1351 3120 1638 3180 indicatur.
1686 3122 1821 3179 llinc
1869 3126 2106 3194 psalmus

2218 1920 2397 1974 hostili
2426 1921 2611 1989 utique
2644 1918 2787 1973 malo
2826 1916 3002 1986 perire
3040 1924 3437 1980 monstrantur,
3491 1929 3687 1970 omnes
3722 1915 3783 1970 bit:

2213 2012 2449 2068 breviter
2497 2012 2554 2065 in
2603 2011 2776 2065 fronte
2820 2016 2915 2063 aut
2971 2009 3023 2062 in
3073 2021 3234 2062 manu
3282 2006 3681 2076 complectitur
3724 2009 3782 2060 is-

2216 2104 2438 2173 scriptio
2480 2103 2667 2158 bestiaa
2691 2102 2898 2170 adjecta
2937 2099 3257 2155 viventibus.
3301 2097 3465 2154 Calix
3503 2108 3681 2153 autem
3708 2100 3778 2153 ire

2217 2211 2322 2249 non
2353 2195 2500 2249 solus
2530 2193 2673 2248 illius
2706 2190 2793 2246 hic
2831 2189 3054 2260 intelligi
3094 2189 3289 2259 debet,
3329 2205 3507 2261 quam
3557 2191 3778 2247 Dominus

2213 2290 2339 2345 dicit
2366 2287 2556 2358 (Joan.
2584 2288 2717 2359 tn):
2751 2288 2833 2342 Ira
2865 2286 2957 2341 Dei
2997 2292 3175 2338 manet
3228 2297 3397 2359 super
3443 2298 3607 2348 eum,
3647 2297 3770 2336 moe-

2211 2395 2387 2437 strans
2436 2382 2697 2450 originale
2738 2387 3058 2449 peccatum;
3104 2377 3198 2432 sed
3233 2375 3397 2431 etiam
3452 2375 3550 2430 illa
3589 2375 3648 2429 de
3679 2388 3761 2442 φτ

2212 2474 2414 2530 Judacis
2460 2471 2866 2529 contumacibus
2913 2471 3169 2540 loquens,
3210 2469 3282 2523 ait
3312 2465 3520 2537 (Joan.
3548 2461 3749 2533 vm):ls

2214 2576 2435 2636 peccato
2490 2574 2670 2619 vestro
2724 2561 3082 2630 moriemini,
3137 2560 3349 2630 adjecta
3406 2555 3752 2613 damnabilius:

2211 2656 2404 2711 merita
2433 2654 2739 2724 signiﬁcans
2767 2652 3062 2709 actionum.
3097 2651 3164 2706 Et
3194 2652 3452 2723 punietur
3478 2653 3592 2723 igne
3611 2658 3653 2701 et
3676 2646 3759 2700 sal-

2211 2747 2375 2815 plmre
2403 2747 2504 2801 sub
2530 2746 2703 2800 oculis
2732 2754 3029 2799 sanctorum
3054 2745 3351 2816 angelorum
3368 2785 3383 2809 ,
3415 2752 3472 2799 et
3498 2745 3596 2796 sub
3618 2741 3761 2795 oculis

2211 2837 2347 2909 Αρηὶ
2371 2878 2387 2902 ,
2416 2845 2461 2890 et
2492 2838 2665 2907 fumus
2693 2836 2761 2891 de
2790 2838 3070 2892 tormentis
3109 2852 3287 2890 eorum
3328 2835 3557 2889 «unde!
3592 2835 3644 2885 in
3681 2847 3761 2883 sc.

2210 2930 2327 2982 cula
2353 2928 2678 2983 saeculorum.
2708 2925 2765 2981 ln
2793 2936 3083 2995 conspectu
3112 2925 3252 2995 Agni
3280 2925 3430 2990 dicit,
3458 2923 3599 2990 cujus
3620 2920 3756 2991 ἱειάὶ-

2210 3021 2354 3075 cium
2407 3018 2696 3089 patientur,
2748 3032 2908 3087 quem
2961 3016 3362 3072 contemnebant
3402 3012 3650 3082 superbe,
3698 3020 3746 3067 et

2210 3112 2363 3182 cujus
2395 3111 2663 3166 dominari
2695 3111 3023 3167 aﬁ'ectabunt
3064 3109 3321 3165 membris
3356 3108 3572 3177 injuste,
3610 3119 3755 3173 ange~

533 3206 672 3276 (cut)
699 3225 711 3260 :
743 3207 842 3274 Qui
874 3208 1000 3264 facit
1040 3211 1258 3281 angelos
1298 3227 1427 3267 suos
1465 3214 1719 3283 Spiritus,
1751 3224 1806 3270 et
1834 3216 2107 3273 ministros
2139 3196 2183 3258 (ἶ
2215 3203 2387 3256 lorum
2417 3217 2549 3257 sane
2586 3201 2704 3270 eius
2725 3241 2741 3268 ι
2784 3202 2872 3272 cilli
2913 3214 3008 3256 905
3050 3216 3236 3270 Ραθηθε
3270 3199 3441 3270 lusus
3483 3199 3625 3253 ιιιθτε
3663 3196 3758 3249 De“

530 3312 659 3353 suos
714 3297 895 3369 ignem
945 3300 1249 3358 ardentem.
1301 3303 1601 3373 Sequitur:
1658 3307 1879 3363 Metuite
1931 3309 2109 3379 potius

532 3388 735 3455 Deum,
782 3400 838 3444 et
882 3391 1001 3446 date
1039 3393 1089 3447 ei
1131 3394 1432 3450 claritatem
1460 3437 1476 3463 ,
1518 3399 1770 3466 quoniam
1812 3401 1947 3455 venit
1983 3400 2112 3455 liora

536 3483 715 3545 νηιάδεἱὶ
740 3485 874 3555 ejus.
907 3484 1056 3538 Licet
1085 3486 1153 3541 ab
1178 3487 1409 3542 exordio
1436 3487 1560 3543 ﬁdei
1598 3487 1916 3546 ChriStianaa
1947 3506 2112 3547 nove-

532 3572 702 3628 rimus
733 3589 955 3644 regnum
988 3576 1247 3631 cmlorum
1290 3579 1758 3649 appropinquare,
1804 3582 1890 3636 hic
1932 3590 2110 3639 tamen

532 3663 927 3720 instantissime
959 3669 1145 3722 horam
1173 3668 1361 3737 judicii
1401 3669 1519 3739 ejus
1553 3670 1665 3739 jam
1710 3671 1929 3742 jamque
1970 3690 2110 3729 nun-

538 3758 635 3811 tiat
680 3758 1024 3826 adfuturam,
1078 3761 1199 3815 ideo
1248 3746 1619 3831 hujuscemodi
1669 3767 2110 3835 praedicationem

537 3853 846 3906 necessario
876 3854 1130 3921 pramisit
1161 3856 1412 3912 omnibus
1437 3856 1797 3912 exhibendam
1822 3900 1836 3924 ,
1871 3860 2028 3915 sicuti
2058 3869 2114 3918 et

536 3942 795 3997 Dominus
844 3942 975 3999 dicit
1027 3945 1265 4016 (Matth.
1295 3949 1480 4021 xxiv)
1513 3966 1527 4003 :
1579 3952 1964 4008 Praedicabitur
2013 3956 2115 4011 hoc

539 4033 885 4104 Evangelium
919 4037 971 4090 in
1005 4037 1255 4095 universo
1284 4040 1453 4108 orbe,
1487 4050 1543 4096 et
1584 4051 1713 4098 tunc
1758 4046 1939 4099 veniet
1980 4060 2113 4101 con-

535 4126 850 4182 summatio.
882 4127 1055 4199 Atque
1084 4140 1141 4185 ut
1179 4131 1490 4188 ostenderet
1529 4134 1678 4188 illum
1724 4136 1981 4205 temporis
2020 4153 2109 4192 ar-

534 4218 800 4288 ticulum,
846 4220 901 4275 in
941 4236 1049 4292 quo
1094 4224 1401 4280 novissimae
1444 4228 1845 4296 persecutionis
1892 4230 2111 4286 instabit

532 4310 829 4368 adversitas
850 4354 865 4380 ,
900 4313 1129 4383 adjecit,
1160 4316 1336 4384 potius
1358 4358 1373 4383 ,
1405 4332 1469 4372 ac
1498 4319 1543 4373 si
1573 4319 1781 4375 diceret
1821 4322 2109 4392 parvipen-

532 4402 762 4457 dendam
810 4405 1159 4475 temporalem
1206 4406 1391 4461 bestiae
1438 4416 1788 4477 potestatem,
1833 4420 1887 4464 et
1928 4411 2110 4466 Domi-

531 4510 661 4550 num
687 4497 866 4565 potius
898 4499 1240 4553 metuendum
1267 4514 1427 4569 quam
1467 4501 1740 4567 homines,
1794 4518 1952 4571 quem
1996 4519 2109 4559 me-

2214 3294 2489 3349 rcvelante
2519 3302 2871 3367 cognoscunt.
2905 3292 3017 3348 Nec
3047 3293 3324 3349 habebunt
3352 3293 3571 3361 requiem
3604 3291 3677 3343 die
3708 3306 3753 3342 ac

2212 3398 2358 3442 nocte
2383 3389 2684 3457 quicunque
2712 3386 2936 3441 adorant
2967 3386 3176 3440 bestiam
3203 3395 3249 3440 et
3276 3385 3619 3440 simulacrum
3643 3382 3753 3452 ejus.

2212 3490 2261 3535 et
2288 3480 2588 3551 quicunque
2617 3490 2796 3536 notam
2827 3482 2992 3537 sumit
3020 3481 3240 3535 nominis
3266 3482 3404 3551 ejus.
3454 3478 3537 3533 Ex
3572 3476 3750 3532 mortuis

2214 3580 2270 3627 et
2310 3572 2612 3628 viventibus
2652 3572 2826 3627 adhuc
2858 3571 3020 3642 hujus
3050 3572 3373 3637 narrationis
3402 3586 3599 3642 genere
3622 3578 3750 3623 toto

2216 3666 2402 3723 bestia:
2430 3681 2625 3735 corpus
2654 3667 2899 3722 astruxit.
2933 3666 3085 3732 Quod
3116 3667 3257 3721 enim
3285 3666 3400 3739 jam
3448 3664 3663 3735 torqueri
3681 3660 3743 3739 di-

2214 3757 2353 3811 citur
2377 3760 2431 3812 in
2458 3757 2737 3822 defunctis,
2763 3756 2863 3811 hoc
2885 3756 3058 3812 adhuc
3082 3757 3306 3811 adorare
3336 3757 3387 3811 in
3422 3753 3733 3826 superstitibus

2215 3856 2441 3902 constat.
2485 3847 2641 3915 Quod
2683 3856 2860 3902 autem
2890 3847 2978 3903 die
3008 3863 3068 3903 ac
3097 3856 3258 3903 nocte
3285 3848 3540 3917 requiem
3561 3860 3640 3900 non
3663 3841 3733 3895 ba-

2216 3940 2411 3995 bebunt
2441 3938 2729 3994 adorantes
2754 3937 2977 3992 bestiam
3004 3945 3060 3992 et
3082 3937 3428 3992 simulacrum
3462 3932 3661 4007 ejus,itl
3678 3939 3743 3987 est

2216 4032 2524 4098 diabolum,
2566 4040 2658 4086 aut
2699 4032 2753 4086 in
2795 4031 2887 4086 illo
2923 4031 3098 4100 capite
3141 4031 3321 4085 occiso
3346 4038 3449 4084 aut
3482 4032 3537 4084 in
3576 4036 3749 4096 corpore

2214 4133 2344 4180 toto.
2380 4124 2507 4178 ch
2535 4132 2609 4177 est
2638 4123 2890 4194 sapientia
2914 4131 3235 4187 sanctorum,
3266 4124 3356 4191 qui
3392 4128 3615 4177 servant
3647 4131 3750 4189 pr:-

2214 4228 2368 4286 cepta
2401 4215 2495 4269 Dei
2521 4224 2568 4268 et
2595 4216 2749 4284 ﬁdem
2775 4216 2921 4269 Iesu.
2954 4214 3087 4270 Hinc
3116 4201 3641 4285 Dominus'(1lattlt.
3662 4225 3687 4262 x
3706 4208 3753 4277 )1

2213 4308 2314 4375 Qui
2345 4307 2768 4377 perseveraverit
2796 4322 2965 4378 usque
2996 4308 3046 4361 in
3081 4307 3239 4361 linem
3264 4349 3278 4371 ,
3312 4305 3399 4359 hic
3444 4306 3630 4360 salvus
3653 4301 3751 4361 en'l.

2213 4408 2270 4455 et
2312 4400 2601 4467 Apostolus
2648 4400 2668 4471 (
2690 4398 2822 4453 Heb.
2852 4398 2923 4470 x)
2960 4417 2972 4451 :
3007 4398 3269 4453 Patientia
3312 4397 3457 4453 enim
3500 4398 3652 4453 vobis
3686 4407 3757 4447 ne-

2215 4490 2448 4545 cessaria
2479 4496 2582 4543 est.
2614 4487 2706 4543 Sic
2732 4496 2790 4543 et
2830 4487 2916 4542 hic
2952 4488 3005 4542 in
3047 4487 3149 4543 hoc
3188 4496 3499 4542 sanctorum
3551 4482 3756 4557 patientia

533 4595 737 4639 morata
768 4587 885 4655 ejus
913 4598 1157 4643 creatura
1189 4568 1384 4645 fatetur
1414 4590 1466 4645 in
1497 4600 1779 4647 aeternum.
1806 4568 1876 4646 Et
1901 4595 2110 4649 adorata

2218 4589 2467 4636 constare
2498 4578 2716 4643 dicitur,
2746 4586 2805 4634 ut
2843 4593 3013 4649 usque
3055 4580 3109 4633 in
3156 4578 3313 4633 ﬁnem
3353 4586 3759 4648 perseverantes,

532 4693 647 4731 eum
667 4719 682 4743 ,
714 4678 917 4747 inquit,
946 4681 1032 4749 qui
1061 4681 1175 4750 fecit
1203 4683 1383 4736 calum
1419 4691 1467 4736 et
1497 4690 1688 4738 terram
1714 4725 1729 4751 ,
1758 4702 1899 4739 mare
1923 4695 1969 4740 et
1997 4691 2112 4758 fon-

534 4778 605 4821 tes
642 4784 915 4838 aquarum.
961 4769 1027 4823 Et
1055 4770 1192 4825 alius
1230 4773 1504 4828 secundus
1548 4778 1761 4844 angelus
1802 4785 2007 4831 secutus
2036 4788 2111 4833 est

533 4872 667 4919 eum,
700 4860 872 4914 dicens
895 4876 914 4914 :
962 4860 1190 4929 Cecidit,
1236 4865 1416 4921 cecidit
1458 4865 1692 4935 Babylon
1730 4866 1826 4921 illa
1864 4884 2050 4940 magna
2079 4886 2111 4923 α

531 4950 649 5003 vino
698 4952 790 5005 ira:
837 4953 1192 5021 fornicationis
1241 4972 1370 5011 sum.
1429 4957 1665 5026 Babylon
1723 4958 2112 5027 interpretatur

532 5040 800 5097 confusio.
834 5043 1178 5113 Signilicatur
1203 5055 1385 5101 autem
1419 5048 1470 5102 in
1502 5063 1565 5103 ea
1596 5048 1798 5104 diaboli
1828 5051 2018 5105 civitas
2046 5065 2111 5106 ac

534 5134 797 5203 populus,
837 5137 1120 5208 omnisque
1158 5140 1462 5209 corruptela
1510 5139 1762 5197 vitiorum
1787 5184 1803 5210 ,
1848 5156 2007 5212 quam
2053 5142 2111 5198 in

532 5228 614 5282 sui
673 5229 911 5299 pernicie
966 5240 1023 5285 et
1078 5230 1294 5287 humani
1342 5234 1556 5302 generis
1605 5249 1822 5306 semper
1872 5246 2106 5293 exercet.

535 5319 681 5375 lianc
734 5321 992 5376 ruituram
1043 5323 1154 5393 jam
1209 5324 1470 5381 cecidisse
1521 5325 1690 5393 dicit,
1746 5328 1863 5383 sine
1918 5330 2109 5383 usitata

532 5410 830 5482 Scripturae
861 5414 1131 5471 locutione
1153 5457 1169 5483 ,
1200 5430 1320 5485 quas
1347 5416 1486 5471 solet
1519 5420 1853 5486 praeteritum
1897 5427 2110 5487 tempus

535 5517 630 5570 pro
671 5503 851 5560 futuro
888 5515 1211 5571 contexere,
1253 5509 1467 5577 quando
1508 5508 1560 5562 id
1602 5507 1671 5563 de
1709 5523 1815 5577 quo
1858 5524 2110 5577 praenun-

534 5601 628 5645 tiat
648 5636 661 5660 ,
691 5595 839 5649 novit
865 5596 1246 5653 inevitabiliter
1273 5596 1681 5667 adimplendum
1703 5638 1721 5664 ,
1752 5600 1930 5656 sicut:
1966 5597 2112 5652 Divi-

533 5691 720 5736 serunt
748 5684 846 5740 sibi
877 5689 1193 5744 vestimenta
1227 5704 1342 5743 mea
1379 5687 1550 5759 (Psal.
1580 5690 1693 5758 χχι)
1714 5727 1728 5755 ,
1761 5696 1815 5743 et
1847 5688 1935 5743 his
1963 5688 2111 5743 simi-

538 5773 635 5842 lia;
658 5774 771 5831 sive
793 5779 911 5847 quia
936 5789 1061 5837 tunc
1084 5781 1190 5851 jam
1214 5783 1426 5852 superbi
1450 5792 1845 5853 cognoscuntur
1864 5781 2067 5839 cadere
2089 5823 2102 5850 ,

2216 4674 2527 4731 societatem
2558 4674 2743 4729 bestia:
2772 4682 2827 4730 et
2853 4682 3038 4728 notam
3072 4672 3299 4727 nominis
3338 4670 3461 4741 ejus
3501 4670 3759 4739 aufugiam.

2218 4768 2286 4823 Et
2312 4769 2484 4823 audivi
2509 4784 2681 4822 vocem
2707 4769 2770 4821 de
2795 4768 2943 4830 calo,
2973 4765 3223 4819 dicentem
3249 4762 3375 4817 mihi
3400 4779 3421 4820 :
3453 4761 3669 4818 Scribe:
3692 4757 3761 4811 Fr-

2219 4864 2349 4918 lices
2378 4862 2453 4916 illi
2484 4864 2672 4916 mortui
2710 4861 2798 4931 qui
2837 4860 2890 4913 in
2930 4857 3152 4913 Domina
3190 4857 3385 4913 mortui
3429 4865 3586 4911 sunt.
3628 4852 3697 4908 Illi
3726 4852 3761 4902 in

2218 4952 2445 5007 Domino
2474 4952 2721 5006 dicuntur
2750 4950 2888 5005 mori
2914 4990 2930 5015 ,
2961 4948 3052 5020 qui
3084 4948 3187 5003 ﬁde
3219 4948 3435 5018 vitaque
3467 4942 3761 5016 probabiles.

2219 5051 2345 5106 hinc
2376 5059 2684 5107 meruerunt
2713 5049 2952 5106 evocari.
2985 5049 3223 5119 Denique
3253 5048 3497 5117 sequitur
3519 5061 3539 5098 :
3574 5042 3766 5100 Abhinc

2218 5144 2380 5198 etiam
2410 5141 2535 5195 dicit
2563 5142 2805 5211 spiritus,
2848 5149 2906 5193 ut
2942 5139 3263 5209 requiescant
3302 5155 3334 5189 α
3371 5136 3639 5191 laboribus
3672 5129 3769 5186 suit.

2220 5234 2369 5289 Sibut
2398 5232 2705 5289 econtrario
2737 5232 2864 5287 illos
2892 5227 3086 5300 impiBs
3116 5230 3251 5285 dixit
3278 5229 3366 5284 die
3404 5243 3471 5284 ac
3509 5236 3671 5283 nocte
3704 5235 3769 5275 re-

2221 5331 2399 5401 quiem
2429 5343 2534 5383 non
2582 5326 2817 5393 habere,
2860 5328 2939 5383 sic
2977 5341 3115 5380 nunc
3158 5322 3345 5379 ﬁdeles
3388 5323 3633 5392 requiem
3668 5316 3771 5373 dicit

2220 5436 2287 5477 ex
2316 5419 2471 5476 bonis
2500 5418 2753 5487 operibus
2782 5417 3067 5472 meruisse.
3115 5413 3409 5484 Oportebat
3447 5413 3595 5467 enim
3635 5407 3769 5465 malo-

2221 5528 2338 5570 rum
2370 5511 2505 5567 facta
2538 5511 2811 5567 mentione
2830 5549 2846 5577 ,
2876 5508 3139 5564 bonorum
3169 5521 3380 5577 quoque
3407 5503 3764 5562 beatitudinem

2218 5619 2282 5659 ac
2313 5600 2698 5671 plenitudinem
2729 5598 3011 5669 przedicari
3041 5613 3056 5653 :
3085 5612 3204 5668 qua:
3229 5597 3351 5667 quia
3394 5596 3448 5651 in
3491 5589 3767 5666 praepositis

2218 5703 2431 5751 constat
2468 5703 2523 5750 et
2563 5693 2770 5765 pepulis
2793 5736 2809 5761 ,
2840 5691 3073 5747 breviter
3102 5690 3189 5745 hic
3229 5700 3517 5760 utrumque
3560 5683 3766 5754 complcc

2219 5786 2396 5853 ctitur,
2430 5784 2614 5843 dicens
2643 5781 2919 5841 indeﬁnite
2947 5780 3177 5852 primum
3206 5796 3221 5835 :
3256 5777 3460 5836 Felices
3490 5776 3563 5835 illi
3593 5766 3763 5833 mortui
