3974 6452
165 378 265 435 889

1191 370 1635 440 COMMENTAR.
1680 383 1747 439 IN
1786 383 2167 441 amcam.
2209 386 2335 442 LIB.
2382 387 2469 442 tv.

3336 372 3440 440 890

168 493 220 546 in
254 490 483 547 Domino
512 490 849 559 moriuntur;
881 502 1101 563 propter
1130 507 1223 548 eos
1253 504 1433 548 autem
1462 493 1551 563 qui
1585 492 1637 546 in
1671 493 1748 545 vi-
1776 498 1827 554 Α
1853 493 1945 549 bet
1974 505 2027 550 et
2058 496 2512 551 vindemiatortatn
2540 509 2555 559 ;
2587 501 2641 549 et
2669 492 2757 560 qui
2788 491 2922 547 dixit
2952 491 3177 549 ntessori
3211 507 3224 546 :
3260 493 3433 558 Mete,

173 599 270 638 nea
302 585 581 649 laborant,
625 586 1016 656 Requiescant,
1060 585 1232 655 inquit
1270 585 1498 655 (Matth.
1530 584 1675 654 xx),
1721 598 1751 636 a

174 674 448 730 laboribus
476 677 625 743 suis,
664 675 742 731 sic
770 677 1024 732 videlicet
1061 678 1327 731 universis
1366 676 1626 743 pollicens
1668 673 1747 729 fe-

171 766 457 831 licitatem,
492 776 547 837 ut
577 767 630 822 in
665 769 819 824 vinea
850 769 1216 824 laborantibus
1255 768 1504 836 Specialis
1547 766 1751 837 requiei

170 855 375 909 fructus
416 857 746 924 despondeat
785 868 905 927 post
946 860 1211 915 laborem.
1258 859 1394 914 liinc
1441 861 1750 928 Apostolus.

170 946 438 1016 Rogamus
458 989 473 1015 ,
501 950 669 1020 inquit
697 948 750 1022 (l
775 949 926 1007 Thes.
950 951 1099 1023 xx),
1128 968 1221 1007 vos
1242 992 1257 1018 ,
1290 961 1347 1006 ut
1378 953 1631 1007 noveritis
1658 967 1752 1007 eos

169 1040 261 1106 qui
292 1040 534 1094 laborant
565 1042 617 1095 in
647 1042 831 1109 vobis,
862 1052 916 1098 et
954 1052 1193 1113 pra'sunt
1230 1044 1383 1098 vobis
1426 1045 1477 1097 in
1522 1043 1753 1097 Domino

168 1143 225 1187 et
252 1143 470 1189 monent
500 1148 594 1189 vos
614 1174 628 1197 ,
663 1144 721 1190 ut
745 1135 984 1192 habeatis
1013 1136 1136 1191 illos
1163 1136 1518 1191 abundantius
1546 1136 1599 1190 in
1625 1134 1753 1189 cha-

178 1224 337 1277 ritate
368 1236 588 1293 propter
616 1238 750 1294 opus
780 1226 1015 1281 illorum.
1049 1225 1147 1281 Vel
1175 1227 1335 1281 etiam
1365 1227 1433 1281 de
1461 1241 1520 1280 se
1551 1225 1601 1297 (l
1630 1225 1753 1281 Cor.

171 1315 295 1385 xv):
328 1315 454 1371 Plus
482 1318 730 1375 omnibus
756 1319 992 1375 laboravi
1018 1361 1033 1386 ,
1062 1320 1196 1375 Nam
1232 1335 1389 1389 opera
1420 1334 1605 1374 eorum
1630 1361 1645 1385 ,
1675 1320 1755 1373 in-

169 1408 316 1477 quit,
347 1411 672 1466 comitantur
700 1426 815 1467 eos.
849 1414 926 1468 De
956 1413 1040 1467 his
1078 1412 1338 1484 propheta
1382 1412 1514 1467 dicit
1559 1414 1577 1486 (
1608 1412 1752 1468 Psal.

171 1501 404 1572 txxxtx)
434 1519 449 1557 :
485 1503 553 1557 Et
580 1512 743 1572 opera
776 1519 1027 1558 manuum
1059 1514 1366 1559 nostrarum
1396 1503 1567 1574 dirige
1596 1520 1758 1573 super

171 1607 290 1649 nos.
325 1592 395 1646 Et
419 1594 524 1647 vidi
543 1635 558 1660 ,
588 1602 635 1647 et
662 1610 775 1650 ecce
801 1597 982 1650 nubem
1011 1597 1217 1659 albam,
1248 1607 1295 1650 et
1333 1612 1486 1667 super
1514 1612 1631 1651 eam
1672 1613 1754 1652 se-

169 1683 375 1736 dentem
401 1685 620 1739 similem
651 1684 790 1741 Filio
818 1686 1072 1755 hominis,
1104 1687 1375 1741 habentem
1404 1702 1568 1757 super
1597 1696 1756 1755 caput

170 1788 328 1828 suum
359 1790 598 1829 coronam
625 1792 869 1843 auream,
910 1787 955 1832 et
993 1779 1047 1832 in
1088 1794 1244 1831 manu
1284 1795 1380 1832 sua
1423 1779 1606 1848 falcem
1633 1796 1757 1833 acts-

1857 584 1970 652 ipse
1999 593 2053 638 et
2078 583 2449 638 vindemiatori
2475 624 2491 648 ,
2526 581 2825 637 Vindemia.
2857 580 3032 637 Unum
3062 589 3146 636 est
3173 578 3353 647 enim,
3385 588 3440 636 et

1856 691 1963 728 uno
1995 686 2234 741 tempore
2266 677 2375 729 liet.
2418 674 2525 729 Sed
2567 675 2616 726 in
2658 686 2835 727 messe
2865 681 2920 726 et
2958 666 3225 726 vindemia
3249 710 3264 736 ,
3294 672 3438 727 sicut

1860 767 1911 821 in
1942 766 2264 836 agricultura
2294 777 2348 821 et
2376 765 2733 820 aedificatione
2775 763 3028 818 Ecclesia:
3051 805 3065 829 ,
3102 762 3324 829 ﬁgurata
3357 762 3436 817 la-

1854 858 2023 912 titudo
2067 856 2230 911 divini
2284 857 2558 916 sermonis.
2600 856 2918 920 ostenditur,
2970 869 3090 908 cum
3138 854 3426 923 Apostolus

1856 952 1980 1007 dicit
2014 952 2032 1021 (
2062 949 2091 1003 1
2119 950 2238 1006 Cor.
2274 951 2379 1019 ιιι)
2410 967 2423 1003 :
2462 948 2554 1003 Dei
2584 948 2907 1017 agricultura
2939 945 3071 1001 eSIis
3098 963 3110 998 :
3144 944 3236 999 Dei
3268 943 3439 999 aedili-

1857 1045 1995 1099 catio
2024 1045 2172 1099 estis.
2210 1040 2277 1094 Et
2304 1042 2442 1095 misit
2467 1043 2521 1093 in
2561 1039 2814 1094 torculari
2844 1040 2935 1092 ira:
2964 1036 3059 1091 Dei
3088 1052 3361 1108 magnum,
3389 1046 3443 1090 et

1856 1136 2117 1190 calcatum
2148 1142 2231 1189 est
2259 1134 2312 1185 in
2345 1129 2598 1186 turculari
2636 1142 2779 1183 extra
2808 1130 3063 1183 civitatem
3084 1167 3100 1194 ,
3130 1139 3179 1181 et
3209 1126 3442 1181 manavit

1857 1224 1984 1280 inde
2010 1224 2219 1295 sanguis
2241 1238 2400 1292 usque
2420 1221 2489 1275 ad
2517 1222 2685 1292 frenos
2717 1236 2960 1291 equorum
2992 1236 3081 1287 per
3106 1218 3274 1273 stadia
3300 1216 3442 1270 mille

1857 1322 2113 1367 sexcenta.
2161 1311 2399 1366 Diceudo
2443 1312 2536 1365 ira;
2579 1310 2710 1372 Dei.
2746 1311 3064 1364 sententiam
3096 1309 3185 1363 hic
3225 1322 3321 1376 pro
3362 1308 3440 1361 ira

1863 1404 1954 1459 Dei
1999 1403 2219 1474 posuit,
2267 1417 2427 1472 quam
2472 1402 2705 1470 superbo
2753 1399 2882 1454 dicit
2934 1399 3232 1467 inﬂictam,
3280 1411 3439 1468 quem

1859 1496 2021 1551 etiam
2051 1509 2302 1565 magnum
2332 1503 2508 1548 vocat.
2553 1493 2671 1558 Tu,
2718 1491 2924 1560 inquit,
2975 1492 3261 1546 humiliasti
3302 1491 3441 1545 sicut

1859 1586 2202 1640 vulneratum
2234 1582 2525 1652 superbum
2548 1626 2563 1651 ,
2596 1597 2719 1636 nam
2770 1582 3027 1650 torcular,
3076 1583 3215 1637 sicut
3257 1580 3440 1636 Graeca

1859 1675 2184 1745 exemplaria
2226 1674 2539 1737 continent,
2582 1671 2826 1728 feminini
2871 1671 3085 1743 generis
3127 1672 3341 1741 posuit,
3386 1681 3443 1727 et

1860 1780 2110 1836 magnum
2142 1763 2443 1819 masculini.
2493 1762 2654 1816 Extra
2702 1764 3011 1826 civitatem,
3060 1771 3210 1816 extra
3254 1761 3443 1816 Eccle-

172 1874 298 1917 tam.
329 1863 385 1917 in
420 1865 559 1920 nube
591 1866 891 1921 incarnatio
919 1867 1085 1920 nostri
1118 1867 1311 1937 capitis
1354 1866 1478 1922 Jesu
1510 1867 1709 1922 Christi
1737 1910 1752 1933 ,

1872 1860 2033 1923 siam,
2083 1857 2253 1908 futura
2302 1853 2557 1908 videlicet
2595 1852 2927 1906 discessione
2975 1852 3110 1906 facta
3132 1891 3147 1917 ,
3183 1850 3312 1907 foris
3339 1853 3442 1905 erit

172 1956 255 2008 vel
309 1954 571 2010 Ecclesiae
622 1971 851 2026 corpus,
903 1974 1060 2029 quam
1100 1957 1344 2014 Christus
1388 1959 1592 2028 induit,
1637 1967 1759 2028 post

174 2046 606 2115 persecutionum
637 2048 880 2105 incendia
910 2050 1146 2105 nivatam
1174 2049 1441 2117 ostendit,
1472 2050 1757 2106 habentem

174 2137 229 2191 in
255 2138 433 2206 capite
459 2152 713 2194 coronam
756 2155 997 2200 auream.
1048 2142 1149 2211 Ipsi
1193 2152 1316 2196 sunt
1350 2142 1593 2198 seniores
1636 2157 1756 2198 cum

174 2230 388 2284 coronis
413 2232 593 2287 aureis
613 2273 627 2298 ,
660 2232 774 2286 sive
805 2232 1087 2287 duodecim
1130 2232 1354 2303 apostoli
1380 2270 1396 2298 ,
1427 2247 1563 2303 quos
1605 2233 1759 2288 initio

176 2326 533 2392 praedicandi,
580 2326 703 2383 fidei
747 2328 1118 2397 principaliter
1160 2326 1466 2397 acquisivit.
1513 2326 1650 2382 Hinc
1682 2328 1759 2382 le-

177 2416 350 2486 gimus
380 2416 558 2483 (Psal.
585 2418 689 2487 xx)
719 2436 731 2471 :
766 2419 993 2473 Posuisti
1035 2419 1087 2473 in
1129 2421 1303 2489 capite
1341 2420 1459 2489 ejus
1502 2434 1759 2476 coronam

179 2510 245 2564 de
277 2510 453 2580 lapide
484 2514 742 2581 pretioso.
791 2511 1004 2567 Falcem
1045 2528 1206 2582 porro
1246 2523 1453 2567 acutam
1477 2557 1491 2582 ,
1531 2512 1761 2583 judicia-

182 2600 283 2655 lem
328 2599 616 2656 dirimendi
664 2604 983 2657 sententiam
1032 2604 1210 2672 impiis
1255 2602 1526 2670 debitam,
1577 2604 1762 2674 eisque

180 2690 365 2745 divino
408 2691 610 2759 judicio
658 2701 882 2761 propter
936 2693 1233 2748 Ecelesiam
1277 2694 1470 2763 justius
1517 2696 1759 2763 irrogan-

181 2780 346 2843 dam,
392 2795 492 2848 pro
538 2795 637 2848 qua
680 2780 1013 2836 defendenda
1058 2791 1238 2850 pastor
1267 2782 1518 2837 Christus
1551 2798 1764 2852 semper

184 2869 422 2939 evigilat.
453 2871 586 2926 Hinc
611 2870 931 2928 Zacharias:
961 2873 1083 2928 llaec
1105 2881 1221 2939 est,
1253 2873 1424 2943 inquit
1456 2873 1642 2945 (Zach.
1668 2872 1724 2944 v)
1743 2915 1759 2939 ,

182 2963 497 3028 devoratio,
545 2980 664 3033 quae
708 2964 873 3020 exivit
917 2964 971 3019 in
1016 2963 1207 3020 faciem
1255 2966 1415 3020 totius
1463 2973 1641 3021 terrae.
1694 2964 1763 3019 Et

181 3055 320 3109 alius
348 3058 560 3125 angelus
603 3059 783 3125 venit,
826 3058 1163 3127 proclamans
1204 3058 1270 3112 ad
1316 3058 1465 3113 illum
1506 3059 1763 3113 sedentem

183 3162 337 3216 super
362 3147 545 3202 nubem
570 3162 590 3202 :
633 3147 781 3204 Mitte
822 3149 1007 3218 falcem
1046 3157 1188 3202 tuam
1227 3158 1276 3204 et
1316 3159 1479 3215 mete,
1511 3150 1763 3219 quoniam

1862 1950 2041 2005 omnis
2072 1947 2235 2003 homo
2267 1945 2471 2017 peccati
2500 1944 2751 2000 calcatio.
2785 1943 2880 1999 Hic
2911 1945 3198 2000 toreularia
3225 1944 3311 1998 vel
3351 1945 3446 2005 tri;

1864 2052 1979 2097 tura
2021 2055 2164 2097 areae
2206 2039 2414 2094 inutilia
2460 2037 2732 2105 contexit,
2773 2048 2828 2093 et
2875 2037 3223 2108 imputribilia
3254 2039 3443 2107 prohat

1863 2144 1920 2189 ut
1954 2134 2089 2205 ignis
2118 2147 2243 2187 vasa
2269 2173 2284 2198 ,
2317 2141 2367 2187 et
2398 2130 2578 2201 justos
2608 2130 2838 2185 tentatio
2868 2130 3225 2185 tribulationis
3256 2131 3274 2200 (
3299 2130 3441 2184 Eccl.

1864 2228 2066 2298 xxvn).
2118 2227 2343 2295 Sanguis
2389 2226 2574 2280 exiens
2623 2239 2799 2295 usque
2828 2224 2894 2277 ad
2928 2222 3106 2279 frenos
3142 2235 3402 2292 equorum
3425 2259 3440 2284 ,

1864 2320 1996 2374 ultio
2028 2333 2197 2387 usque
2228 2316 2292 2371 ad
2323 2325 2560 2371 rectores
2591 2314 2910 2384 perveniens
2938 2312 3275 2382 populorum.
3311 2310 3442 2365 Cum

1863 2414 2005 2469 enim
2049 2409 2443 2481 persecutionis
2494 2408 2657 2462 illatte
2703 2396 2888 2477 poenas
2914 2406 3157 2460 diabolus
3183 2419 3303 2458 cum
3332 2402 3445 2457 suis

1865 2504 2216 2573 complicibus
2258 2501 2489 2570 coeperit
2532 2500 2714 2563 luere,
2762 2499 2978 2567 sanguis
3018 2504 3323 2551 sanctorum
3353 2494 3444 2564 qui

1865 2594 2065 2649 effusus
2115 2599 2232 2660 est,
2285 2605 2453 2660 usque
2499 2588 2566 2643 ad
2614 2603 2737 2644 eum
2788 2588 3163 2658 principesque
3189 2586 3305 2655 ejus
3334 2600 3443 2640 non

1866 2683 2162 2752 incongrue
2194 2681 2389 2736 dicitur
2421 2682 2733 2750 pervenire,
2769 2679 2819 2734 id
2849 2689 2933 2733 est
2953 2720 2969 2745 ,
3000 2692 3167 2748 equos
3200 2678 3320 2731 illos
3351 2691 3444 2747 per

1866 2786 2007 2841 quos
2053 2772 2105 2824 in
2152 2784 2383 2840 persona
2432 2768 2808 2823 haereticorum
2859 2768 2998 2823 bella
3050 2778 3348 2834 moventur,
3392 2777 3445 2822 et

1869 2878 2202 2934 quaecunque
2259 2875 2445 2916 eorum
2500 2868 2774 2915 sectantur
2826 2873 3062 2916 errores.
3124 2859 3272 2913 Sicut
3321 2865 3447 2912 ante

1868 2953 2216 3024 praedicatum
2266 2963 2388 3019 est,
2439 2952 2494 3007 in
2544 2951 2803 3021 sanguine
2838 2949 3105 3022 peccasti,
3137 2958 3191 3004 et
3226 2947 3445 3019 sanguis

1870 3054 1921 3100 te
1971 3054 2321 3114 persequetur
2368 3057 2463 3113 per
2492 3042 2681 3107 ,stadia
2731 3042 2882 3097 mille
2924 3051 3213 3106 sexcenta,
3260 3039 3315 3094 id
3366 3049 3447 3095 est

1870 3151 1965 3206 per
2017 3147 2250 3207 quatuor
2294 3135 2470 3190 omnis
2519 3134 2700 3190 mundi
2749 3143 2948 3204 partes.
2994 3133 3335 3201 Quaternitas
3366 3140 3447 3186 est

183 3241 321 3295 venit
348 3241 475 3295 hora
504 3242 773 3310 metendi,
803 3244 927 3311 quia
952 3243 1063 3313 jam
1091 3257 1243 3314 seges
1272 3244 1418 3299 arida
1446 3254 1548 3300 est.
1581 3244 1763 3300 Terra:

1872 3227 2010 3282 enim
2049 3234 2466 3295 conquaternata
2486 3266 2503 3293 ,
2533 3227 2670 3281 sicut
2696 3226 2749 3280 in
2778 3235 3005 3293 quatuor
3042 3224 3277 3280 faciebns
3316 3236 3447 3291 qua-

186 3344 475 3398 messores,
507 3332 745 3402 angelos,
782 3333 1012 3388 Domino
1040 3343 1344 3402 exponente
1378 3335 1591 3405 (Matth.
1622 3334 1763 3408 xm),

189 3421 398 3478 futuros
447 3425 725 3497 novimus.
778 3433 833 3480 et
878 3426 1061 3480 saeculi
1106 3426 1268 3482 finem
1312 3435 1533 3483 matura:
1575 3427 1768 3483 messis

185 3512 384 3584 iudicio
415 3516 790 3585 prtesignatttm
816 3535 829 3570 :
864 3518 915 3572 in
943 3532 1046 3588 qua
1078 3528 1292 3588 segete,
1328 3521 1451 3590 quia
1484 3528 1539 3575 et
1569 3520 1622 3574 in
1656 3519 1772 3574 cul-

187 3605 289 3661 mis
314 3607 597 3677 aristisque
618 3608 892 3679 fragilibus
914 3610 1110 3679 paleae,
1138 3621 1193 3666 et
1219 3612 1273 3666 in
1302 3612 1481 3682 granis
1503 3612 1768 3668 frumenta

188 3709 583 3770 cognoscuntur
625 3701 841 3766 inesse,
886 3703 1063 3772 aptius
1108 3702 1213 3760 ltoc
1255 3702 1374 3758 loco
1413 3690 1674 3759 bonorum
1714 3711 1773 3760 et

190 3790 452 3844 malorum
506 3791 716 3847 debitos
768 3794 903 3848 lines
948 3794 1249 3865 signiﬁcare
1291 3797 1767 3868 recognoscimus,

191 3881 406 3949 quando
434 3881 625 3936 falcem
657 3886 882 3940 maturis
908 3884 1039 3940 dicit
1066 3886 1329 3942 messibus
1356 3888 1767 3945 admovendum.

194 3971 293 4026 Cui
323 3980 503 4026 autem
534 3971 635 4027 boe
664 3975 998 4049 potissimum
1033 3976 1193 4031 fuerit
1221 3978 1578 4033 intimandum
1610 3995 1770 4049 quam

193 4060 489 4116 Ecclesiae?
519 4062 670 4117 Tunc
696 4063 784 4118 ille
811 4065 1007 4119 sedens
1033 4081 1187 4133 super
1213 4068 1398 4121 nubem
1426 4069 1562 4123 misit
1590 4071 1775 4139 falcem

192 4167 339 4205 suam
364 4166 525 4222 super
555 4160 775 4220 terram,
807 4163 856 4207 et
882 4153 1130 4211 demessa
1154 4165 1240 4212 est
1272 4167 1434 4213 terra.
1482 4158 1773 4216 Novissimi

193 4242 458 4297 examinis
497 4250 769 4312 tempore,
814 4245 1044 4314 peractis
1085 4259 1206 4300 cum
1248 4247 1418 4302 bestia
1461 4249 1773 4317 spiritaliter

196 4332 394 4401 prteliis
415 4374 429 4397 ,
460 4333 720 4402 ampliore
745 4334 945 4402 poterit
973 4333 1210 4390 Ecclesia
1251 4336 1637 4393 illuminatione
1684 4354 1774 4394 co-

194 4418 458 4496 gnoscere
478 4466 493 4488 ,
524 4439 659 4494 quos
691 4438 818 4479 suos
843 4425 1073 4492 debeat,
1106 4440 1239 4496 quos
1269 4428 1350 4484 vel
1379 4429 1584 4484 alienos
1614 4430 1777 4486 firmi-

196 4527 281 4571 ter
320 4526 592 4584 reputare.
646 4516 756 4570 Hoc
798 4524 884 4571 est
920 4517 1065 4572 enim
1106 4533 1271 4589 super
1310 4520 1505 4576 nubem
1551 4521 1773 4587 sedere,

1868 3321 2213 3379 driformibus
2234 3328 2289 3375 et
2309 3320 2464 3376 rotis.
2487 3319 2688 3388 Quater
2709 3319 2852 3374 enim
2891 3314 3259 3387 quadringenti
3303 3310 3448 3367 mille

1868 3426 2153 3472 sexcentos
2194 3412 2414 3468 faciunt.

1939 3523 2070 3578 CAP.
2110 3537 2198 3576 xv.
2239 3518 2308 3573 Et
2346 3520 2450 3575 vidi
2486 3519 2629 3573 aliud
2663 3519 2868 3588 signum
2903 3518 2957 3574 in
2986 3518 3113 3572 caelo
3139 3530 3380 3588 magnum
3406 3522 3449 3569 et

1871 3614 2140 3678 mirabile,
2171 3610 2383 3681 angelos
2410 3620 2601 3680 septem
2643 3609 2880 3665 habentes
2915 3611 3093 3681 plagas
3128 3618 3321 3679 septem
3358 3623 3452 3663 no-

1871 3704 2123 3759 vissimos.
2162 3702 2464 3756 lnstaurato
2507 3700 2964 3765 rursus'ordine,
3008 3699 3226 3757 easdem
3268 3698 3452 3768 plagas

1876 3792 2266 3866 persecutionis
2306 3793 2620 3849 novissima:
2663 3798 3015 3855 narraturus,
3044 3798 3305 3845 attentum
3336 3788 3453 3845 fieri

1876 3887 2043 3943 voluit
2072 3886 2369 3942 auditorem
2391 3926 2408 3952 ,
2441 3883 2675 3940 dicendo
2703 3902 2717 3938 :
2745 3884 2966 3953 Signum
2997 3897 3245 3953 magnttm
3275 3889 3332 3936 et
3360 3879 3454 3935 ad-

1877 3980 2144 4036 mirabile.
2184 3979 2240 4033 ln
2270 3985 2475 4047 septem
2507 3977 2665 4046 plane
2691 3976 2895 4047 angelis
2918 3975 3212 4031 Ecelesiam
3240 3972 3454 4045 figurari

1876 4069 2262 4139 intelligimus,
2307 4070 2562 4136 quoniam
2606 4068 2659 4123 in
2700 4067 2807 4122 illis
2846 4066 3139 4137 indignatio
3187 4067 3280 4121 Dei
3327 4079 3455 4122 con-

1879 4169 2144 4214 summata
2170 4168 2273 4214 est.
2304 4158 2370 4212 Et
2393 4159 2526 4225 uidi,
2552 4159 2760 4227 inquit,
2782 4158 2925 4214 velut
2950 4174 3093 4213 mare
3112 4158 3324 4212 vitreum
3349 4156 3455 4227 igni

1880 4250 2226 4320 permixtum.
2260 4250 2466 4320 Aquam
2503 4247 2756 4304 videlicet
2798 4248 3086 4317 baptismi,
3125 4247 3247 4315 igne
3286 4245 3456 4303 sancti

1881 4334 2115 4412 Spiritus
2144 4350 2511 4397 consecratam
2532 4380 2549 4407 ,
2580 4340 2667 4395 vel
2696 4340 2855 4395 etiam
2887 4338 3029 4408 quod
3059 4338 3126 4392 ad
3170 4337 3308 4407 ignis
3339 4351 3457 4406 per.

1882 4433 2017 4489 tinet
2063 4433 2408 4502 qualitatem,
2453 4429 2710 4500 martyrio
2748 4430 3094 4486 rubricatam.
3136 4428 3273 4483 Hinc
3320 4427 3458 4498 legi-

1882 4538 2038 4579 mus:
2074 4523 2213 4578 Vasa
2251 4521 2394 4591 figuli
2427 4521 2616 4591 probat
2653 4519 2871 4585 fornax,
2911 4526 2967 4574 et
3008 4518 3249 4574 homines
3283 4521 3458 4587 justas

194 4618 450 4675 tanquam
481 4605 763 4675 judiciatia
794 4607 1048 4663 divinitus
1075 4619 1337 4679 potestate
1380 4625 1662 4683 percepta,
1695 4615 1776 4669 in-
1809 4614 1859 4673 Ι)
1886 4613 2107 4669 tentatio
2136 4612 2516 4668 tribulationis.
2553 4610 2615 4666 Et
2644 4625 2808 4681 super
2834 4612 3097 4667 instantes
3125 4609 3233 4665 vidi
3261 4624 3344 4664 eos
3371 4612 3459 4679 qui

194 4711 281 4753 ter
325 4698 496 4753 bonos
542 4698 818 4769 malosque
864 4699 1199 4756 discernere.
1251 4701 1552 4771 Sedebitis,
1604 4705 1775 4776 inquit

195 4789 458 4844 Dominus
488 4786 716 4857 (Matth.
738 4804 826 4843 xtx
846 4786 866 4861 )
890 4830 905 4855 ,
938 4805 1146 4846 meeum
1176 4808 1337 4863 super
1365 4794 1649 4851 duodecim
1691 4811 1777 4851 se-

196 4882 296 4937 des
316 4922 333 4947 ,
362 4881 663 4950 iudicantes
691 4882 971 4938 duodecim
1002 4885 1171 4939 tribus
1201 4886 1382 4942 Israel.
1415 4888 1566 4954 Quod
1597 4898 1773 4944 autem

197 4973 267 5027 de
312 4973 433 5027 aliis
481 4972 686 5041 angelis
732 4974 991 5043 sequitur,
1049 4977 1254 5033 Domini
1301 4994 1521 5047 prorsus
1566 4981 1777 5035 videtur

198 5065 447 5120 obtinere
474 5065 739 5119 sententia
761 5105 777 5131 ,
808 5064 1037 5120 dicentis
1065 5067 1279 5137 (Matth.
1308 5071 1441 5139 xttt)
1466 5087 1483 5125 :
1514 5071 1780 5126 Messores

197 5159 373 5229 angeli
401 5166 545 5214 sunt.
580 5157 734 5226 Quod
768 5166 946 5214 autem
978 5160 1121 5215 valet
1168 5163 1358 5218 tritura
1400 5162 1467 5218 ad
1508 5178 1737 5219 messem
1764 5205 1780 5231 ,

200 5249 305 5304 hoc
334 5249 567 5304 torcular
606 5248 672 5303 ad
715 5263 938 5303 uvarum
970 5251 1385 5317 expressionem
1426 5263 1486 5308 ut
1524 5263 1580 5310 et
1620 5255 1788 5325 paleis

200 5339 526 5405 exurendis,
572 5338 915 5409 vinaceisque
962 5339 1315 5409 projiciendis
1365 5350 1576 5413 tempus
1622 5345 1787 5401 adve-

201 5428 352 5494 niat,
385 5439 439 5482 et
469 5427 726 5483 fructibus
765 5428 1119 5483 recondendis
1162 5431 1401 5487 cmlestis
1439 5432 1785 5490 habitationis

203 5520 543 5589 receptacula
571 5530 781 5577 secreta
812 5522 1122 5577 succedant.
1156 5522 1225 5577 Et
1252 5525 1387 5580 alius
1417 5526 1631 5597 angelus
1664 5542 1786 5595 pro-

202 5612 368 5668 cessit
394 5613 458 5668 de
484 5615 671 5681 templo
691 5652 708 5677 ,
737 5616 875 5685 quod
902 5624 974 5670 est
997 5616 1049 5670 in
1078 5617 1232 5682 caelo,
1263 5623 1309 5670 et
1337 5617 1444 5688 ipse
1469 5617 1658 5673 habens
1686 5620 1789 5689 fal-

203 5722 313 5761 cem
338 5715 558 5760 acutam.
596 5705 729 5761 Item
752 5716 799 5761 et
828 5709 964 5762 alius
984 5710 1224 5781 angelus,
1258 5709 1462 5767 habens
1490 5720 1788 5782 potestatem

211 5811 378 5869 super
409 5799 595 5871 ignem.
626 5798 725 5865 Qui
765 5797 925 5855 habet
955 5799 1142 5857 falcem
1176 5802 1525 5871 messoriam,
1557 5803 1670 5875 ipse
1697 5806 1788 5859 lia-

1879 4707 1946 4762 de
1973 4706 2142 4761 bestia
2169 4715 2224 4761 et
2254 4706 2489 4776 imagine
2527 4703 2649 4775 ejus
2694 4705 2972 4760 victoriam
3012 4701 3237 4761 ferrent.
3286 4701 3459 4770 Super

1879 4811 2121 4864 Stantes,
2167 4799 2386 4855 stabiles
2427 4800 2757 4855 demonstrat
2795 4798 2851 4853 in
2893 4796 3016 4852 fide.
3063 4795 3173 4850 lies
3221 4793 3459 4863 psalmus

1878 4895 2037 4948 simili
2066 4909 2202 4963 pene
2229 4906 2476 4948 sermone
2497 4891 2777 4959 describit',
2800 4887 2891 4960 qui
2916 4895 3259 4957 posteaquam
3285 4884 3458 4940 dixit:

1882 4984 1984 5050 Qui
2018 4984 2140 5039 fecit
2171 4984 2340 5039 caelos
2366 4984 2421 5038 in
2455 4983 2765 5049 intellectu,
2793 4980 3098 5051 spirituales
3126 4979 3333 5034 scilicet
3361 4978 3461 5032 de-

1890 5074 2143 5144 signans,
2172 5089 2420 5142 superna:
2446 5074 2689 5130 veritatis
2724 5088 2914 5129 serena
2952 5071 3308 5142 intelligentia
3341 5085 3461 5140 per-

1890 5162 2149 5227 fruentes,
2178 5163 2437 5231 subjecit:
2465 5163 2567 5229 Qui
2594 5163 2830 5219 fundavit
2858 5172 3056 5217 terram
3083 5175 3246 5230 super
3269 5174 3459 5229 aquas,

1890 5270 2051 5324 super
2080 5254 2401 5323 baptismum
2433 5255 2615 5326 utique
2658 5254 2980 5311 immobiles.
3024 5253 3173 5308 Licet
3210 5252 3354 5309 enim
3387 5254 3464 5307 vi-

1890 5347 2116 5401 deantur
2138 5345 2275 5401 lacte
2301 5344 2505 5412 nutriti,
2527 5361 2633 5401 non
2651 5353 2831 5399 tamen
2854 5343 3298 5399 circumferuntur
3318 5342 3465 5399 omni

1888 5446 2049 5492 vento
2076 5436 2338 5491 doctrina:
2367 5434 2597 5507 (Ephes.
2623 5436 2729 5506 tv).
2758 5434 2879 5491 ideo
2910 5442 2965 5490 et
2994 5434 3082 5490 hic
3110 5432 3370 5488 dicuntur
3396 5431 3465 5487 de

1889 5530 2059 5585 bestia
2087 5531 2309 5599 ejusque
2335 5528 2566 5599 imagine
2586 5528 2934 5600 triumphare.
2961 5527 3220 5583 Habentes
3240 5526 3465 5581 citharas

1890 5620 2011 5675 Dei.
2040 5619 2312 5675 Laudibus
2335 5620 2499 5676 corda
2527 5620 2726 5686 dicata,
2752 5630 2809 5676 et
2836 5622 3114 5691 utriusque
3135 5619 3464 5674 Testamenti

1892 5726 2131 5768 consona
2185 5714 2414 5767 veritate
2461 5726 2694 5779 canora,
2744 5712 2825 5768 vel
2878 5728 3098 5768 carnem
3148 5713 3293 5785 ligno
3343 5729 3467 5783 pas-

1897 5804 2065 5860 sionis
2104 5815 2407 5873 extentam,
2452 5805 2540 5861 ttbi
2582 5822 2685 5861 non
2722 5814 2924 5866 tantum
2964 5808 3109 5865 vocis
3140 5822 3337 5876 sonus,
3368 5808 3463 5865 sed
