3968 6354
578 318 677 379 891

1675 313 1969 369 putuAsu
2011 311 2461 366 ADllUMETANI
2504 311 2716 367 EPISC.
3779 316 3867 372 89,.

578 431 733 488 etiam
783 427 907 484 boni
955 428 1134 497 operis
1181 428 1420 497 signatur
1471 426 1710 481 effectus.
1757 425 2045 491 Propterea
2094 431 2147 475 et
2178 424 2223 481 Α
2255 420 2433 491 (Prov.
2478 439 2584 491 xvt,
2617 425 2773 492 juxta
2806 421 3021 494 LXX):
3066 425 3301 495 Accipite
3341 425 3709 494 sapientiam
3747 429 3863 483 sicut

577 524 710 581 tanti
739 522 838 577 viri
884 521 1051 592 Moysi
1088 519 1410 586 interposuit
1451 517 1811 581 mentionem,
1843 514 1980 568 sicut
2011 514 2154 567 Deus

574 614 938 671 testimonium
988 610 1275 681 perhibetis
1320 608 1455 662 dixit
1497 607 1697 678 (Num.
1754 606 1903 673 xu',):
1956 605 2153 657 Servus

572 722 730 763 meus
770 706 1007 776 Moyses,
1049 702 1137 771 qui
1170 701 1341 755 ﬁdelis
1371 709 1453 754 est
1478 700 1530 753 iu
1554 700 1699 751 omni
1726 697 1887 750 domo
1915 710 2054 749 mea.
2084 693 2152 747 Et

573 806 831 851 cantantes
860 796 1110 848 canticum
1153 791 1323 861 Moysi
1350 793 1479 845 servi
1517 791 1629 853 Dii,
1661 798 1704 843 et
1732 789 1984 841 canticum
2006 787 2148 856 agni.

577 887 791 942 Plenius
815 886 902 939 hic
926 886 1213 938 elworum
1242 882 1592 937 intentionem
1623 880 1909 947 expressit,
1942 877 2031 945 qui
2060 876 2147 929 di-

576 984 781 1031 suntex
801 973 995 1028 corde:
1020 973 1175 1028 Viam
1194 970 1484 1041 iniquitatis
1509 985 1699 1024 amove
1715 982 1745 1020 a
1766 983 1850 1022 me
1866 1009 1881 1032 ,
1904 966 2147 1032 Domine,

575 1077 630 1123 et
645 1068 713 1123 de
736 1067 854 1135 lege
877 1074 967 1119 tua
989 1064 1243 1119 miserere
1265 1062 1554 1131 ωει;(ι)εαι.
1571 1058 1777 1130 cxvttt);
1803 1058 1909 1123 vel,
1929 1058 2151 1124 Propter

574 1161 743 1230 legem
784 1166 927 1213 tuam
956 1158 1181 1212 sustinui
1212 1166 1292 1218 te,
1337 1152 1560 1207 Domine
1603 1151 1773 1221 (Psat.
1799 1151 2005 1218 cxxrx),
2038 1148 2149 1201 ltis-

574 1268 678 1323 que
702 1252 932 1315 similia,
964 1261 1019 1304 ut
1050 1252 1179 1303 istos
1205 1263 1416 1317 quoque
1449 1246 1516 1300 de
1548 1245 1779 1298 ﬁdelium
1813 1254 2035 1295 numero
2067 1240 2149 1293 in-

574 1345 738 1415 telligi
760 1344 1007 1408 voluerit,
1037 1355 1089 1396 ut
1118 1350 1241 1410 pote
1263 1342 1495 1394 victoria:
1517 1344 1821 1390 memoratae
1845 1333 2150 1401 participes.

575 1437 633 1491 ltt
663 1437 846 1507 Moyse
873 1444 1048 1489 autem
1082 1444 1253 1495 vetus,
1283 1432 1332 1483 in
1366 1429 1500 1497 Agni
1532 1442 1657 1481 vero
1698 1424 1908 1479 cantico
1954 1438 2150 1477 novum

573 1528 927 1598 signiﬁcatum
959 1534 1041 1579 est
1060 1524 1101 1579 T
1107 1530 1484 1584 estameutuut,
1515 1529 1572 1573 ut
1604 1515 1983 1587 plenitudinem
2011 1514 2153 1568 elec-

579 1630 753 1675 torum
781 1634 846 1673 ex
878 1627 1103 1687 utroque
1128 1626 1410 1679 armatam,
1438 1613 1489 1665 iu
1521 1624 1755 1679 utroque,
1774 1607 1964 1661 doceat
1987 1606 2153 1660 exsti-

576 1716 704 1767 tisse
736 1711 1056 1781 perfectam,
1100 1710 1362 1761 dicentes:
1395 1704 1589 1772 Magna
1637 1714 1681 1757 et
1729 1700 1985 1754 mirabilia
2034 1708 2153 1751 sunt

2254 528 2463 566 aurum.
2500 516 2564 568 Et
2591 516 2726 570 bene
2756 516 2895 570 circa
2930 525 3165 585 pectora,
3197 519 3289 573 ubi
3309 519 3489 574 etiam
3518 520 3860 578 sacerdotale

2254 614 2438 673 pectus
2465 606 2706 676 legaliter
2734 622 2877 676 saepe
2912 608 3128 676 jubetur
3150 618 3363 680 gestare
3398 611 3675 679 logica,
3704 610 3759 664 id
3795 626 3860 666 es:

2249 699 2540 766 rationale,
2588 710 2647 753 ut
2688 700 2791 755 sibi
2836 715 2990 755 mens
3036 701 3171 755 bene
3224 702 3452 757 conscia
3516 700 3723 756 divina
3770 720 3858 761 nou

2250 788 2443 842 audeat
2489 789 2882 858 reprehendere
2905 830 2922 856 ,
2971 790 3067 845 sed
3096 792 3313 847 laudare
3360 791 3609 860 judicia
3643 804 3703 847 et
3738 795 3858 850 illius

2250 880 2366 931 auri
2396 878 2599 947 fulgore
2628 880 2762 933 alios
2783 896 2997 949 quoque
3020 881 3084 935 ad
3117 881 3451 937 laudandum
3484 882 3855 942 indubitanter

2257 970 2522 1024 hortetur.
2563 969 2619 1024 Et
2641 988 2797 1024 unum
2821 989 2882 1026 ea:
2899 983 3117 1042 quatuor
3141 974 3483 1037 animalibus,
3507 975 3666 1027 dedit
3692 989 3851 1041 septem

2251 1062 2447 1132 angelis
2467 1071 2657 1129 septem
2680 1062 2903 1131 phialas,
2923 1063 3100 1133 plenas
3122 1063 3215 1118 ira:
3236 1064 3332 1117 Dei
3351 1065 3597 1117 viventis
3620 1064 3677 1117 in
3694 1068 3849 1119 secula

2251 1152 2570 1205 steculorum.
2626 1152 2882 1221 Superius
2928 1164 3132 1221 septem
3183 1156 3405 1224 angelos
3468 1170 3614 1209 cum
3660 1157 3845 1212 ιοιίιιαιι

2256 1244 2445 1310 phialis
2495 1253 2794 1310 memorat,
2852 1246 3109 1301 habentes
3158 1248 3445 1302 orationes
3514 1259 3839 1305 sanetorun.

2254 1350 2396 1389 nunc
2444 1344 2620 1390 autem
2662 1338 2847 1404 plenas
2894 1338 2986 1390 ira:
3033 1338 3122 1393 Dei
3171 1338 3322 1393 dicit.
3374 1339 3632 1394 Emdem
3681 1342 3839 1409 quippe

2254 1426 2442 1494 phiala:
2474 1437 2525 1481 et
2553 1429 2840 1483 suavitates
2882 1430 3348 1497 supplicationum,
3383 1441 3447 1486 et
3487 1432 3644 1485 iram
3672 1436 3835 1499 suppl»

2256 1515 2463 1569 ciorum
2510 1517 2790 1570 continere
2821 1518 3090 1584 dicuntur,
3122 1535 3242 1574 eum
3274 1535 3305 1573 a
3333 1520 3565 1573 sanctis
3599 1536 3701 1591 pro
3724 1528 3830 1591 regal

2257 1605 2351 1659 Dei
2382 1606 2613 1661 adventu
2648 1607 2972 1675 funduntur,
3002 1609 3213 1679 quando
3236 1609 3449 1679 judicia
3490 1610 3597 1664 Dei
3632 1627 3732 1664 non
3754 1614 3829 1679 jzu

2256 1698 2465 1752 occulta
2510 1699 2647 1752 sicut
2687 1700 2942 1769 abyssus,
2984 1701 3079 1756 sed
3110 1711 3291 1771 aperta
3332 1710 3396 1756 ut
3447 1702 3685 1772 phialae,

575 1820 728 1872 opera
757 1814 843 1857 tua
862 1845 877 1869 ,
911 1803 1124 1856 Domine
1148 1800 1282 1854 Deus
1310 1800 1644 1868 omnipotens,
1675 1796 1820 1861 iustae
1839 1802 1884 1847 et
1911 1806 2038 1845 verte
2058 1790 2151 1844 vite
2180 1789 2228 1851 B
2260 1788 2429 1842 latura
2450 1790 2701 1855 salutem,
2726 1792 2900 1860 impiis
2930 1807 3057 1847 vero
3082 1793 3461 1860 prcedicuntur
3494 1793 3681 1862 (Psat.
3705 1802 3824 1860 xxxii

576 1908 675 1949 tua:
699 1908 846 1961 sunt,
894 1912 983 1949 rex
1022 1896 1256 1949 omnium
1302 1893 1564 1961 gentium.
1610 1888 1901 1956 Utriusque
1940 1886 2147 1955 pagina:

574 1987 900 2041 'Iesutmenti
926 1989 1024 2040 hoc
1046 1986 1200 2039 nobis
1221 1998 1457 2039 consona
1477 1983 1697 2037 veritate
1721 1986 2003 2041 testantur,
2022 1976 2150 2045 quia

583 2079 847 2132 universa:
876 2077 975 2131 via:
1017 2076 1225 2131 Domini
1261 2073 1629 2128 misericordia
1670 2081 1723 2125 et
1746 2070 1941 2125 veritas
1972 2066 2147 2136 (Psal.

578 2168 753 2240 xxiv).
771 2168 1019 2222 Omnium
1043 2177 1223 2220 autem
1253 2164 1491 2234 gentium
1523 2177 1613 2216 rex
1642 2162 1725 2215 hic
1741 2160 1914 2228 aptius
1930 2158 2147 2223 dicitur,

572 2263 695 2330 quia
715 2276 819 2316 non
837 2262 947 2329 jam
968 2260 1105 2329 apud
1128 2259 1366 2313 Judaaam
1390 2267 1592 2310 tantum
1618 2254 1757 2307 Deus
1777 2262 1956 2318 notus,
1977 2266 2150 2320 neque

573 2355 625 2405 in
672 2352 789 2407 solo
837 2351 1012 2405 adhuc
1034 2351 1232 2405 vellere
1274 2363 1365 2402 ros
1412 2348 1623 2401 cmlitus
1670 2344 1877 2399 videtur
1924 2343 2150 2397 inﬂuere

576 2442 773 2510 (Judic.
810 2443 907 2513 vt),
935 2442 1029 2497 sed
1060 2443 1195 2495 sicut
1220 2440 1505 2495 Malaebias
1528 2436 1656 2491 dicit
1671 2433 1875 2508 (Cap.t)
1905 2451 1919 2486 :
1947 2436 1991 2488 A
2018 2434 2148 2488 solis

576 2544 699 2589 ortu
726 2550 893 2604 usque
923 2534 988 2589 ad
1012 2548 1261 2587 occasum
1291 2545 1539 2600 magnum
1570 2539 1653 2584 est
1682 2542 1873 2581 nomen
1897 2541 2072 2581 meum
2095 2525 2148 2579 in

586 2628 855 2699 gentibus,
886 2639 940 2683 et
970 2629 1021 2681 in
1049 2626 1195 2682 omni
1224 2628 1341 2681 loco
1364 2623 1692 2680 sacriﬁcatur
1723 2631 1777 2676 et
1814 2620 2031 2674 oﬁeraur
2054 2634 2150 2673 no-

586 2720 721 2773 mini
751 2733 872 2774 meo
901 2718 1100 2773 oblatio
1142 2716 1363 2771 munda.
1391 2714 1545 2782 Quod
1575 2714 1662 2770 hic
1683 2714 1842 2769 etiam
1871 2711 2145 2781 sequitur:

577 2810 702 2876 Quis
725 2828 824 2864 non
846 2812 1037 2864 timebit
1066 2820 1114 2864 et
1138 2810 1285 2864 dabit
1311 2809 1611 2864 claritatem
1637 2807 1838 2862 nomini
1870 2815 1958 2860 tuo
1970 2808 1992 2859 ‘t
2017 2819 2149 2874 quo-

579 2902 719 2955 niam
748 2910 803 2956 tu
832 2902 969 2955 solus
992 2903 1104 2971 pius
1131 2917 1204 2967 es,
1235 2901 1477 2971 quoniam
1506 2916 1679 2953 omnes
1708 2908 1878 2970 gentes
1914 2898 2111 2950 venient
2129 2937 2147 2965 ,

572 3007 621 3051 et
640 2995 921 3053 adorabunt
941 3010 1121 3051 coram
1153 3005 1229 3063 te,
1256 2995 1494 3065 quoniam
1513 2994 1653 3063 justa
1680 2994 1883 3067 judicia
1914 3002 2002 3046 tua
2041 3009 2151 3044 ma-

571 3091 754 3159 nifesta
799 3100 932 3145 sunt.
965 3089 1088 3143 lla-c
1123 3105 1192 3143 ex
1232 3088 1521 3143 abundanti
1554 3096 1924 3156 exponuntur,
1955 3085 2150 3155 quippe

2253 1880 2452 1933 inferre
2496 1882 2808 1949 perniciem,
2847 1881 2984 1935 sicut
3015 1883 3302 1951 Apostolus
3326 1883 3469 1937 dicit
3496 1882 3597 1954 (ΙΙ
3620 1884 3731 1939 Cor.
3751 1892 3819 1952 tt);

2252 1972 2387 2038 Quia
2418 1972 2617 2026 Christi
2663 1973 2835 2027 bonus
2861 1973 2994 2028 odor
3019 1989 3202 2028 sumus
3230 1975 3283 2028 in
3312 1975 3400 2027 his
3432 1976 3541 2041 qui
3574 1975 3702 2028 salvi
3722 1976 3817 2028 ﬁunt

2252 2074 2308 2119 et
2337 2066 2387 2118 in
2441 2065 2521 2118 his
2563 2067 2652 2134 qui
2695 2076 2957 2134 pereunt:
2988 2067 3105 2120 aliis
3142 2067 3358 2136 quidem
3393 2067 3550 2123 odor
3593 2069 3813 2122 mortisin

2259 2162 2510 2219 mortem,
2535 2155 2650 2208 aliis
2679 2155 2811 2209 odor
2835 2156 2961 2209 vita:
2983 2158 3032 2209 in
3058 2158 3242 2212 vitam.
3263 2156 3321 2211 Si
3340 2158 3502 2212 enim
3537 2159 3607 2213 de
3635 2158 3812 2212 Domino

2252 2255 2437 2300 nostro
2464 2247 2661 2300 dictum
2690 2259 2772 2301 est
2819 2247 2986 2315 (Luc.
3021 2248 3095 2317 tt)
3139 2266 3153 2303 :
3202 2250 3343 2305 Ecce
3390 2251 3609 2319 positus
3647 2264 3715 2305 est
3743 2252 3805 2305 hic

2252 2340 2308 2393 in
2338 2340 2543 2394 ruinam
2571 2350 2625 2394 et
2653 2342 3100 2397 resurrectionem
3133 2342 3460 2409 multorum,
3498 2343 3620 2412 quid
3643 2346 3794 2397 auram

2252 2431 2298 2486 si
2330 2431 2519 2501 phiala.
2559 2431 2718 2501 justis
2769 2434 3087 2488 suavitatem
3120 2435 3423 2503 prmbeant,
3453 2437 3620 2505 impiis
3650 2446 3784 2489 sum

2254 2524 2525 2593 plagarum
2567 2526 2803 2595 irrogent
2834 2526 3115 2591 ultionem,
3149 2529 3193 2581 si
3236 2536 3426 2583 tamen
3462 2530 3620 2599 ipsas,
3642 2542 3683 2582 et
3704 2544 3787 2580 non

2252 2622 2383 2675 alias
2410 2622 2499 2677 hic
2527 2622 2783 2678 debemus
2813 2625 3095 2693 accipere?
3125 2625 3190 2678 Et
3220 2626 3493 2694 repletum
3516 2638 3586 2681 est
3604 2628 3794 2695 teatplsn

2252 2718 2395 2783 fumo
2420 2717 2487 2770 de
2509 2715 2755 2771 claritate
2784 2727 2829 2770 et
2855 2717 3037 2770 virtute
3061 2715 3171 2771 Dei.
3206 2717 3337 2772 lllud
3369 2719 3427 2772 in
3458 2719 3598 2772 futuo
3622 2718 3793 2786 signifi-

2251 2804 2360 2858 cari
2383 2806 2684 2875 puto,quod
2708 2822 2811 2861 non
2835 2809 2903 2863 ab
2922 2809 3509 2878 outnibusjudiciorum
3524 2811 3612 2863 Dei
3631 2824 3795 2863 arcana

2250 2898 2518 2966 penetrari
2546 2908 2772 2967 queant,
2820 2910 3133 2970 mentesque
3162 2903 3461 2956 mortalium
3503 2902 3792 2956 indictarum

2252 2995 2685 3050 consideratione
2715 2999 2987 3067 plagarum
3026 2999 3261 3068 caligent
3307 3000 3636 3069 palpitantes:
3666 3014 3791 3067 quas

2254 3102 2398 3141 nunc
2432 3087 2617 3140 Statuit
2642 3102 2914 3153 enarrare,
2945 3097 2999 3143 et
3032 3104 3199 3158 usque
3232 3089 3299 3144 ad
3323 3104 3501 3145 earum
3518 3090 3787 3159 phialarutn

568 3182 675 3251 jam
706 3197 869 3251 opere
904 3182 1113 3250 impleri
1143 3190 1452 3236 cernuntur.
1487 3179 1612 3233 Post
1653 3181 1760 3233 haec
1806 3179 1928 3243 vidi,
1968 3188 2015 3230 et
2037 3192 2147 3231 ecce
2174 3164 2219 3225 C
2252 3177 2478 3240 exitum,
2532 3178 2733 3233 fumum
2764 3180 2816 3232 in
2848 3180 3045 3248 templo
3076 3182 3267 3235 asserit
3296 3180 3604 3249 perdurare.
3626 3182 3787 3236 Merito

568 3279 802 3339 apertum
829 3280 900 3325 est
924 3272 1165 3339 templum
1190 3270 1508 3324 tabernaculi
1536 3268 1774 3339 martyrii
1796 3268 1848 3321 in
1878 3268 2023 3320 cwlo.
2053 3266 2147 3320 llic

568 3358 674 3430 iam
722 3363 951 3415 reserari
992 3361 1119 3413 dicit
1162 3360 1340 3414 abdita
1386 3359 1816 3414 testimoniorum
1857 3372 2051 3411 arcana
2079 3356 2147 3413 de

567 3455 781 3509 Christo
804 3454 1153 3524 Ecclesiaque
1176 3454 1454 3524 promissa.
1474 3451 1541 3504 Et
1562 3460 1939 3521 processerunt
1958 3460 2146 3519 septem

566 3551 734 3621 angeli
776 3566 899 3605 cum
945 3559 1149 3620 septem
1200 3549 1368 3618 plagis
1412 3550 1473 3601 de
1517 3548 1723 3617 tempto.
1766 3547 1839 3600 De
1886 3546 2146 3611 Ecclesia,

565 3650 751 3696 contra
784 3658 941 3711 quam
975 3656 1096 3711 pars
1123 3641 1346 3695 adversa
1401 3639 1823 3694 indesineutibus
1848 3704 1849 3707 η
1870 3638 2149 3692 rebellavit

566 3733 797 3798 insidiis,
827 3732 945 3786 ideo
967 3732 1099 3786 dicit
1129 3735 1308 3799 plagas
1334 3731 1626 3800 procedere
1645 3770 1659 3795 ,
1693 3730 1807 3785 sive
1836 3745 1933 3798 pro
1960 3729 2147 3785 defen-

564 3824 716 3878 sione
747 3833 1078 3888 sanctorum,
1110 3824 1162 3877 iu
1196 3824 1391 3893 quibus
1420 3833 1576 3876 antea
1611 3823 1865 3877 Dominus
1903 3823 2148 3879 Christus

562 3914 919 3969 contumelias
950 3916 1233 3980 sustinuit,
1267 3917 1403 3968 sicut
1442 3914 1602 3969 Paulo
1632 3914 1830 3969 dicitur
1861 3914 1994 3985 (Act.
2026 3914 2101 3984 ιιι)
2131 3931 2143 3966 z

565 4003 743 4068 Saule,
769 4004 946 4069 Saule,
980 4006 1103 4074 quid
1134 4022 1221 4060 me
1271 4007 1647 4075 persequeris?
1693 4008 1808 4062 sive
1856 4006 1978 4076 quia
2012 4004 2153 4067 sicut

564 4097 750 4152 Petrus
804 4109 1065 4153 meruerat
1115 4097 1177 4168 (.1
1224 4099 1368 4153 Petr.
1397 4100 1506 4169 tv),
1554 4109 1763 4170 tempus
1794 4100 2148 4155 inclinationis

561 4193 741 4263 iudicii
774 4192 841 4248 de
874 4193 1036 4249 domo
1069 4194 1181 4249 Dei.
1215 4195 1440 4250 Gemino
1467 4196 1729 4264 siquidem
1779 4196 1938 4251 modo
1972 4196 2149 4249 homi-

562 4299 660 4338 nes
688 4295 893 4339 certum
950 4296 1032 4339 est
1073 4286 1360 4357 flagellari,
1414 4296 1471 4340 ut
1521 4298 1612 4342 aut
1642 4300 1892 4356 peccata,
1924 4288 2063 4342 sicut
2093 4288 2146 4340 in

560 4374 837 4429 Pharaone
855 4375 1050 4446 (Exod.
1075 4376 1185 4446 xiv)
1218 4377 1473 4432 Divinitas
1493 4378 1634 4447 jusla
1652 4380 1887 4447 castiget;
1906 4390 1992 4431 aut
2011 4380 2149 4433 sicut

559 4466 611 4519 in
643 4466 741 4520 .lob
770 4469 1025 4525 exercitio
1066 4470 1324 4538 ampliore
1362 4471 1572 4525 virtutis
1602 4473 1874 4525 examinet
1906 4468 2025 4539 (Job
2076 4470 2137 4540 t).

2251 3268 2509 3336 sequitur,
2554 3268 2659 3322 Nec
2687 3271 2967 3339 quisquam
3015 3282 3211 3341 poterat
3240 3273 3447 3329 intrare
3475 3276 3526 3327 in
3555 3275 3781 3344 templum,

2252 3359 2304 3413 id
2348 3370 2437 3414 est
2485 3360 2611 3414 illud
2661 3362 2935 3429 penetrale
2985 3372 3252 3418 secretum
3288 3405 3305 3428 ,
3346 3365 3515 3419 donec
3562 3364 3780 3419 ﬁnirent!

2250 3462 2437 3520 sep'ent
2481 3451 2645 3523 plaga:
2693 3463 2883 3521 septem
2930 3454 3251 3524 angelorum.
3302 3454 3462 3511 L'nde
3515 3468 3566 3512 et
3603 3455 3773 3526 psalm

2255 3541 2444 3613 (Lxxtt)
2468 3560 2482 3596 :
2509 3543 2620 3598 lloc
2639 3544 2898 3607 laborem,
2920 3546 3105 3615 inquit,
3120 3556 3241 3601 ante
3263 3562 3371 3613 me,
3389 3548 3567 3604 donec
3584 3550 3773 3603 ituram

2253 3633 2306 3686 in
2329 3636 2686 3689 sauctuarium
2705 3636 2820 3703 Dei,
2844 3647 2898 3691 et
2927 3637 3216 3708 intelligam
3252 3640 3305 3693 itt
3334 3640 3771 3696 novissimam

2253 3728 2305 3782 iu
2338 3728 2481 3783 fumo
2512 3730 2707 3785 assolet
2733 3732 3021 3801 signiﬁcari
3050 3732 3339 3787 confessio.
3375 3734 3536 3789 Sicut
3574 3735 3672 3789 enim
3701 3730 3759 3782 fa-

2253 3835 2372 3874 mus
2406 3821 2655 3890 przecedit
2694 3822 3034 3889 incendium,
3069 3824 3146 3878 sic
3173 3823 3460 3879 ﬂammam
3492 3825 3585 3880 ﬁdei
3607 3821 3757 3877 etalt:-

2254 3913 2425 3966 ritatis
2482 3914 2730 3981 praecedit
2796 3916 3063 3969 confessio
3124 3925 3508 3984 peccatorum.
3553 3918 3769 3985 Proxime:

2254 4003 2488 4073 psalmus
2512 4004 2643 4059 tales
2659 4006 2970 4077 designans,
2986 4008 3114 4063 dicit
3132 4008 3302 4081 (Psal.
3324 4013 3451 4083 cm)
3481 4030 3494 4065 :
3518 4014 3606 4080 Qui
3618 4010 3773 4078 respicit

2255 4102 2454 4149 terram
2488 4106 2538 4149 et
2573 4096 2696 4150 facit
2720 4112 2839 4151 eam
2876 4109 3136 4165 tremere,
3179 4102 3267 4169 qui
3304 4104 3487 4171 tangit
3514 4114 3713 4161 montes,
3741 4108 3775 4150 et

2252 4186 2529 4256 iumigant.
2563 4188 2823 4258 Respexit
2850 4191 3079 4261 denique
3112 4194 3371 4249 Dominus
3408 4196 3625 4252 Petrum
3650 4193 3775 4263 (lett.

2252 4280 2434 4350 xxvr),
2477 4291 2529 4335 et
2554 4283 2947 4338 confessionum
2992 4286 3241 4355 lacrymis
3262 4287 3449 4352 diluit,
3480 4289 3617 4359 quod
3638 4298 3777 4355 negans

2254 4389 2448 4443 pavore
2471 4377 2759 4441 contraxit,
2781 4386 2837 4430 ut
2869 4378 2967 4432 iste
2988 4377 3057 4431 sit
3080 4368 3270 4432 sensus
3296 4397 3309 4432 :
3339 4379 3421 4434 Ne
3443 4382 3703 4450 quisquam
3723 4392 3769 4445 po

2253 4475 2389 4520 terat
2440 4468 2640 4523 intrare
2686 4469 2738 4522 in
2791 4470 3070 4538 templum,
3105 4470 3277 4525 dunec
3305 4471 3599 4529 ﬁnirentur
3632 4481 3780 4540 septem

560 4556 667 4611 Nec
700 4558 965 4612 immerito
993 4561 1061 4611 ab
1110 4575 1174 4614 eo
1210 4562 1408 4616 dictum
1443 4562 1666 4631 legimus
1710 4561 1878 4631 (Psal.
1911 4560 2091 4629 cxvttt)
2120 4580 2132 4615 ε
2167 4543 2220 4602 Ῑ)
2246 4560 2429 4627 plagae,
2466 4559 2514 4613 id
2537 4568 2639 4625 est,
2668 4562 2848 4615 nullus
2871 4562 3048 4617 adhuc
3071 4572 3280 4631 poterat
3308 4564 3502 4620 dicere
3524 4585 3542 4621 :
3578 4563 3780 4620 Deambu-

561 4647 811 4702 Probavit
857 4666 941 4703 me
988 4651 1243 4705 Dominus
1288 4656 1423 4708 sicut
1451 4670 1635 4707 aurum
1664 4654 1801 4723 quod
1832 4656 2019 4706 transit
2045 4670 2137 4722 per

562 4740 733 4809 ignem
760 4756 774 4803 ;
810 4740 921 4793 vias
950 4742 1066 4808 ejus
1093 4743 1385 4809 custodivi,
1418 4754 1471 4797 et
1500 4761 1529 4797 a
1580 4744 1845 4798 mandatis
1876 4744 2134 4801 labiorum

558 4833 675 4899 ejus
722 4848 824 4885 non
853 4835 1071 4887 recessi.
1095 4835 1419 4904 Attgclorum
1451 4849 1628 4891 autem
1660 4853 1883 4891 numero
1912 4837 1992 4891 vel
2022 4837 2135 4906 pla‘

558 4939 765 4989 garum,
802 4926 1199 4982 universitatem
1231 4930 1711 4984 consummationis
1733 4932 1964 4985 arbitror
1996 4946 2135 5000 pra:-

557 5016 785 5083 signari,
836 5019 975 5071 sicut
1004 5020 1055 5071 itt
1090 5018 1328 5073 chitico
1372 5022 1678 5089 frequenter
1703 5021 1832 5075 dicit
1860 5040 1873 5075 :
1918 5024 1980 5077 Et
2012 5037 2133 5091 per-

556 5112 751 5163 cutiant
798 5124 892 5163 vos
934 5121 1138 5179 septem
1191 5112 1378 5182 plagis.
1420 5112 1595 5167 Vestiti
1640 5114 1800 5168 lintea
1850 5115 2042 5168 munda
2078 5123 2132 5169 et

553 5201 803 5253 candida.
831 5203 1169 5257 Mortiﬁcatio
1200 5205 1401 5258 assolet
1428 5206 1479 5259 in
1523 5206 1684 5261 lintet
1720 5207 1955 5275 ﬁgurari.
1978 5208 2130 5263 Unde

556 5291 599 5342 si
626 5294 785 5345 etiam
817 5294 868 5346 in
898 5294 1133 5350 candore
1161 5297 1645 5365 irrepreltensibilia
1678 5300 1769 5352 Dei
1814 5301 2007 5363 judicia
2038 5316 2127 5355 co-

555 5395 913 5449 gnoscantur,
950 5401 1185 5457 congrue
1221 5390 1273 5442 itt
1303 5390 1516 5443 mundis
1550 5390 1726 5444 linteis
1757 5407 1947 5449 sensus
1983 5406 2132 5463 puta-

557 5479 659 5533 tur,
691 5482 745 5526 ut
777 5478 1080 5532 tnortiﬁeati
1105 5479 1207 5535 hoc
1233 5481 1467 5535 candore
1490 5490 1721 5542 utantur.
1748 5498 1869 5537 cum
1898 5488 2131 5543 revelata

553 5557 694 5649 {acie
713 5562 1034 5626 iudiciorum
1058 5569 1145 5621 Dei
1171 5570 1391 5636 gloriam
1409 5573 1747 5641 speculantur
1770 5574 1855 5641 (ll
1884 5576 2003 5630 Cor.
2030 5588 2130 5649 nt).

556 5641 623 5694 Ει
653 5647 807 5702 cincti
836 5656 970 5707 circa
1000 5665 1203 5723 pectora
1229 5676 1394 5713 zonas
1423 5676 1631 5713 aureas.
1664 5662 1716 5713 ltt
1749 5678 1883 5716 auro
1916 5641 2123 5734 sapieri.

555 5741 680 5788 ttatn
743 5744 905 5807 poni,
968 5747 1241 5815 Scriptura
1304 5759 1458 5811 teste,
1505 5752 1778 5817 docemur,
1829 5771 1947 5823 quae
2000 5760 2124 5815 dicit

2244 4650 2417 4705 labant
2452 4652 2502 4705 in
2540 4650 2841 4707 innocentia
2869 4654 3047 4708 cordis
3083 4656 3186 4709 mei
3219 4657 3270 4708 in
3303 4656 3489 4709 medio
3516 4658 3696 4709 domus
3713 4665 3782 4705 tua

2244 4742 2415 4813 (l’sal.
2443 4744 2507 4810 ε)
2528 4783 2542 4807 ,
2577 4754 2663 4809 et,
2698 4743 2995 4799 Introduxit
3023 4760 3108 4800 me
3141 4760 3231 4798 rex
3256 4745 3310 4800 in
3338 4744 3649 4801 cubiculum
3673 4756 3780 4797 sulm

2244 4832 2420 4904 (Cant.
2452 4834 2523 4903 t),
2571 4835 2671 4888 nisi
2703 4836 2790 4905 qui
2830 4837 3008 4890 omnia
3051 4838 3322 4905 praaterita
3356 4840 3700 4905 reproborum
3724 4848 3781 4885 at-

2244 4933 2393 4977 tuum
2431 4924 2771 4980 confessione
2807 4930 3075 4981 curaverit
3123 4927 3307 4983 delere
3351 4932 3662 4985 commissa.
3684 4925 3784 4990 ΟΜ

2247 5017 2692 5085 niam—cogitatio,
2727 5019 2894 5087 inquit
2920 5018 3097 5086 (Psal.
3132 5021 3319 5090 Lxxv),
3355 5021 3597 5077 hominis
3616 5020 3781 5077 conlite

2238 5111 2380 5165 bitur
2395 5110 2507 5164 tibi.
2533 5112 2669 5166 Ecce
2688 5111 2860 5165 fumus
2890 5120 2944 5167 et
2960 5113 3198 5183 reliquiae
3213 5117 3563 5185 cogitationis
3577 5112 3785 5171 solemne

2238 5202 2586 5257 celebrabunt
2638 5202 2732 5256 tibi
2794 5212 3044 5272 tanquam
3088 5203 3390 5273 impetrata:
3435 5204 3785 5277 jitstiﬁcatiotts

2238 5309 2425 5348 secura
2454 5294 2708 5349 laudatio.
2739 5294 2919 5364 Itaque
2949 5297 3122 5352 donec
3147 5313 3340 5354 omnes
3369 5300 3543 5370 plagae
3564 5302 3786 5355 ﬁniantur.

2236 5385 2290 5440 in
2323 5387 2651 5442 lamentabili
2680 5389 3021 5444 confessione
3050 5392 3291 5448 Ecclesia
3322 5395 3725 5453 demonstratur,
3750 5398 3784 5439 τι

2237 5478 2289 5533 in
2318 5480 2427 5535 illis
2454 5497 2590 5550 quos
2636 5482 2873 5536 diximus
2919 5484 3141 5540 offensae
3195 5489 3392 5555 prioris
3446 5502 3634 5557 pinnas
3676 5487 3787 5539 luere

2238 5568 2559 5640 fructuosas,
2592 5582 2644 5628 et
2673 5572 2727 5627 in
2757 5574 2861 5628 illis
2908 5590 3042 5644 quos
3076 5577 3307 5634 meliore
3356 5579 3635 5635 constituit
3671 5574 3783 5630 cultu

2239 5661 2472 5722 probari.

2307 5776 2434 5832 CAP.
2463 5794 2568 5837 xvr.
2599 5780 2660 5834 Et
2683 5780 2852 5833 audivi
2875 5795 3043 5836 vocem
3068 5798 3309 5856 magnam
3337 5788 3399 5843 de
3421 5787 3619 5857 templo,
3642 5782 3779 5834 dt'a‘u'
