3968 6354
159 338 262 394 893

1132 332 1584 391 COMMENTAR.
1629 330 1691 386 IN
1723 331 2104 391 APOCALYP.
2149 336 2276 395 LIB.
2319 339 2405 398 IV.

3321 346 3428 406 894

157 464 256 509 tem
282 461 466 524 septem
493 456 689 527 angelis
718 470 737 510 :
773 453 853 509 Ite
880 464 926 509 et
952 464 1139 524 septem
1173 454 1373 523 phialas
1399 452 1553 522 (quas
1582 466 1739 505 acce-
1766 452 1814 509 A
1842 451 2053 519 guinem
2076 495 2090 518 ,
2134 453 2289 510 facile
2336 464 2421 510 est
2484 457 2913 515 animadvertere
2959 460 3027 515 de
3064 459 3428 530 spiritualibus

158 547 343 617 piatis)
391 551 483 604 ira:
511 548 605 604 Dei
642 550 888 617 effundite
932 551 985 602 in
1024 558 1234 602 terram.
1282 547 1606 602 lnevitabilis
1655 546 1738 600 hic

155 639 349 695 divina:
400 639 656 709 jussionis
705 644 881 697 exitus
934 642 1223 707 revelatur,
1277 640 1372 694 sed
1428 641 1589 694 etiam
1653 639 1741 692 illa

156 742 394 803 potestas
419 749 576 803 quam
602 735 856 790 divinitus
884 737 1130 803 accipere
1162 734 1400 788 Ecclesia
1437 731 1741 801 specialiter

150 824 374 889 mruit,
400 822 659 894 judicium
700 827 940 896 irrogare
967 826 1283 881 damnandis
1306 865 1321 889 ,
1353 834 1407 880 et
1448 823 1741 878 absolutio-

156 931 279 971 nem
308 917 727 974 misericorditer
747 919 877 973 dare
920 919 1213 974 conversis.
1257 917 1323 971 Et
1354 918 1479 971 abiit
1504 918 1701 986 primus
1722 955 1738 982 ,

152 1017 202 1061 et
225 1008 403 1077 effudit
427 1011 656 1079 phialam
676 1028 827 1066 suam
848 1012 903 1067 in
927 1022 1138 1080 terram,
1161 1020 1208 1064 et
1237 1012 1433 1081 factum
1459 1020 1533 1063 est
1556 1012 1741 1064 vulnus

152 1117 345 1155 meum
370 1117 433 1158 ac
462 1105 735 1172 pessimum
775 1120 940 1175 super
968 1120 1156 1161 omnes
1199 1107 1287 1174 qui
1316 1105 1513 1159 habent
1546 1105 1739 1158 inscri—

157 1194 391 1258 ptionem
425 1196 656 1269 nominis
701 1196 890 1264 bestite,
918 1206 966 1249 et
994 1198 1083 1265 qui
1119 1197 1349 1251 adorant
1394 1196 1739 1250 simulacrum

154 1289 286 1355 ejus.
320 1288 572 1344 Mortiferi
602 1291 839 1347 vulneris
887 1293 1116 1361 qualitas
1166 1294 1236 1346 ita
1267 1306 1387 1345 sese
1434 1291 1625 1355 habet,
1682 1300 1743 1345 ut

163 1379 281 1447 plus
304 1381 588 1447 praevaleat
609 1382 868 1448 modicus,
900 1399 1057 1453 quem
1089 1384 1380 1438 obtinuerit
1410 1383 1463 1436 in
1489 1396 1737 1452 corpore,

155 1470 306 1526 locus
326 1472 392 1525 ad
422 1472 751 1528 inferendam
785 1486 1035 1539 mortem,
1066 1490 1225 1543 quam
1256 1474 1469 1528 residua
1499 1477 1741 1543 corporis

157 1577 282 1631 pars
310 1579 439 1619 sana
481 1567 562 1620 vel
594 1567 819 1634 amplior
854 1568 921 1620 ad
955 1568 1270 1622 servandam
1296 1566 1526 1621 hominis
1543 1569 1742 1621 sanita-

157 1661 285 1707 tem.
319 1653 387 1706 Et
426 1654 549 1709 licet
572 1655 881 1723 prtedicatio
910 1656 1118 1710 Domini
1146 1657 1313 1710 nostri
1344 1656 1471 1711 Jesu
1500 1655 1737 1725 Christi,

156 1743 297 1797 sicut
338 1744 683 1799 credentibus
722 1746 908 1800 salutis
947 1745 1238 1815 adjutorio,
1272 1746 1352 1800 sic
1381 1746 1739 1803 damnationis

1845 545 2007 599 rebus
2034 548 2234 602 sentire
2262 550 2570 617 carnaliter,
2602 567 2709 621 quo
2741 553 2793 606 in
2821 552 2905 607 illa
2935 554 3102 622 prima
3131 557 3424 625 plagarum,

1844 651 1978 706 quas
2008 639 2229 707 legimus
2258 639 2456 711 (Exod.
2484 642 2577 712 vn)
2606 643 2868 715 Egyptiis
2904 644 3077 701 illatas
3104 646 3223 703 sine
3251 648 3424 718 aliqua

1846 729 2155 787 difficultate
2196 734 2567 801 cognoscimus
2619 736 2921 804 ﬁguratum.
2954 738 3061 794 Sed
3104 746 3230 794 tunc
3259 742 3429 809 aquas

1842 821 2030 877 dulces
2059 824 2109 877 in
2138 829 2449 894 sanguinem
2479 828 2608 882 dicit
2648 831 2813 884 fuisse
2840 846 3159 901 conversas,
3188 833 3302 887 sive
3326 832 3425 887 llu-

1844 914 1988 967 mina
2015 914 2255 985 Aigypti,
2280 917 2392 972 sive
2420 918 2708 986 pluvi-ales,
2742 920 2881 975 sicut
2910 922 3153 989 quaedam
3201 922 3429 978 transla-

1846 1007 2019 1061 tiones
2041 1007 2351 1072 ostendunt,
2376 1008 2623 1067 dicentes
2648 1029 2661 1065 :
2692 1012 2755 1066 Et
2778 1012 3038 1082 pluviales
3059 1028 3223 1081 aquas
3239 1029 3425 1072 eorum

1846 1098 1901 1152 in
1940 1101 2288 1167 sanguinem,
2318 1102 2459 1170 quod
2503 1102 2673 1160 Grzeci
2693 1120 2902 1175 quoque
2932 1107 3203 1162 ebremata
3236 1122 3430 1176 posue-

1844 1199 1987 1246 runt.
2013 1191 2122 1246 Hoc
2151 1202 2325 1247 autem
2350 1195 2565 1248 nuncin
2591 1198 2941 1265 quaestionem
2971 1200 3135 1262 venit,
3166 1200 3307 1269 quod
3331 1200 3434 1254 isto

1844 1280 1961 1336 loco
1973 1272 2035 1336 τη
2062 1298 2232 1352 mare,
2257 1286 2306 1339 id
2329 1286 2487 1341 estin
2511 1302 2674 1355 aquas
2695 1304 2902 1344 amaras
2926 1302 2979 1345 et
3008 1292 3178 1347 salsas
3194 1333 3209 1357 ,
3242 1307 3433 1347 secun-

1844 1372 1966 1427 dam
2008 1375 2241 1443 phialam
2292 1376 2421 1432 dicit
2472 1376 2717 1433 effusam.
2751 1380 2817 1433 Et
2861 1381 3057 1436 factum
3079 1392 3197 1447 est,
3231 1384 3429 1451 inquit,

1842 1478 2093 1534 sanguis,
2124 1476 2180 1521 et
2218 1468 2395 1523 omnis
2428 1470 2605 1523 anima
2639 1480 2848 1525 mortua
2875 1481 2958 1526 est
2985 1474 3037 1526 in
3082 1475 3237 1527 mari.
3282 1474 3432 1530 Unde

1846 1558 1968 1614 illos
1994 1559 2281 1629 significari
2328 1571 2455 1630 puto
2477 1606 2490 1629 ,
2523 1563 2614 1632 qui
2662 1564 2712 1617 in
2766 1564 2964 1633 populo
2990 1565 3296 1621 Judazorum
3324 1581 3434 1621 non

1844 1650 2022 1705 solum
2045 1651 2372 1720 spiritualem
2392 1653 2562 1722 legem
2581 1656 2867 1711 carnaliter
2881 1670 3074 1725 sapere
3092 1657 3433 1721 studuerunt,

1844 1744 1989 1799 unde
2038 1760 2138 1800 nec
2184 1744 2455 1800 Christum
2494 1746 2546 1800 in
2576 1761 2639 1801 ea
2669 1762 2995 1817 cognoscere
3028 1761 3342 1817 potuerunt,
3376 1750 3429 1806 Si

158 1834 467 1889 testimonio
520 1844 698 1891 cesset
742 1836 1056 1905 incredulis,
1110 1847 1286 1907 potest
1332 1837 1482 1893 omni
1518 1840 1736 1909 corpori
1770 1827 1815 1888 Β
1843 1836 1984 1890 enim
2008 1837 2409 1905 cognovissent,
2432 1837 2885 1909 aitApostolus(1
2910 1839 3030 1893 Cor.
3056 1839 3431 1912 u),nunquam

163 1924 497 1992 perditorum
530 1943 594 1981 ex
630 1928 728 1983 hac
756 1928 876 1983 labe
903 1929 1095 1983 vulnus
1128 1930 1417 1997 pessimum
1450 1932 1740 2001 irrogatam

160 2015 420 2085 intelligi,
468 2016 535 2072 de
582 2017 801 2073 Christo
846 2020 987 2074 enim
1032 2019 1261 2090 legimus
1293 2021 1445 2093 (Luc.
1474 2022 1571 2094 n):
1604 2022 1745 2078 Ecce

164 2108 371 2175 positus
400 2118 482 2164 est
508 2108 594 2164 bic
635 2111 686 2165 in
717 2110 925 2166 ruinam
958 2123 1011 2168 et
1050 2113 1502 2169 resurrectionem
1541 2113 1746 2169 multo-

162 2216 307 2269 rum,
339 2211 393 2257 et
441 2204 494 2256 in
543 2204 752 2274 signum
806 2204 889 2259 cui
941 2206 1353 2261 contradicctur.
1395 2208 1523 2262 Plus
1570 2205 1746 2262 tamen

162 2305 296 2361 gens
334 2291 663 2361 Judteorum,
692 2309 760 2350 ex
790 2310 891 2364 qua
919 2297 1280 2353 Antichristus
1310 2298 1538 2352 traditur
1568 2300 1746 2354 nasci-

160 2392 314 2438 turus
335 2382 486 2454 (Gen.
503 2384 671 2456 χιιι),
696 2386 797 2441 hoc
820 2401 927 2440 uno
944 2396 1161 2455 peccato
1184 2388 1227 2442 si
1253 2403 1387 2457 quas
1408 2389 1608 2445 habere
1624 2404 1749 2459 pos-

168 2482 291 2531 sent
332 2474 461 2545 legis
480 2476 737 2544 justitias,
771 2478 1137 2546 perdiderunt,
1169 2488 1224 2533 et
1254 2481 1353 2549 ipsi
1381 2482 1748 2537 irremediabi-

162 2564 290 2620 liter
342 2567 640 2637 perierunt,
698 2583 764 2624 eo
813 2569 952 2639 quod
985 2571 1256 2625 Christum
1292 2570 1395 2625 sibi
1428 2573 1749 2641 promissum

162 2672 439 2727 suscipere
489 2650 808 2726 noluerunt,
852 2676 916 2716 ex
969 2676 1196 2731 quorum
1231 2676 1458 2731 persona
1507 2680 1536 2718 a
1587 2664 1752 2719 fratre

164 2754 371 2824 majore
400 2757 593 2812 dicitur
622 2758 757 2827 patri
788 2756 939 2828 (Luc.
970 2759 1088 2828 xv):
1117 2758 1256 2811 Ecce
1286 2766 1366 2811 tot
1394 2759 1548 2813 annis
1576 2760 1752 2814 servio

166 2848 284 2914 tibi,
315 2857 367 2904 et
400 2866 672 2921 nunquam
720 2853 1031 2907 mandatum
1060 2860 1208 2906 tuum
1244 2853 1500 2922 praeterii,
1535 2861 1589 2906 ct
1617 2868 1756 2908 nun-

164 2955 323 3009 quam
352 2939 540 2995 dedisti
566 2944 695 2997 mihi
740 2945 973 3010 haedum,
1002 2955 1058 3000 ut
1090 2961 1212 3001 cum
1241 2946 1431 3001 amicis
1457 2947 1590 3001 meis
1616 2961 1754 3016 epu-

166 3033 346 3102 larer,
380 3045 484 3089 etc.
519 3034 613 3091 ille
656 3037 799 3092 enim
851 3040 1075 3108 populus
1117 3040 1206 3110 qui
1252 3042 1459 3107 Agnum
1509 3040 1749 3107 Sprevit,

166 3134 420 3196 tanquam
470 3128 774 3184 dexteriora
825 3141 1178 3188 contemnens
1231 3144 1449 3201 propter
1492 3147 1657 3203 agnos
1687 3131 1753 3185 ad

1847 1925 2133 1980 Dominum
2164 1927 2349 1995 gloria:
2378 1926 2809 1994 crucifixissent;
2854 1929 2949 1983 sed
2992 1944 3057 1984 eo
3080 1945 3249 2001 usque
3273 1931 3435 1986 etiam

1847 2028 1969 2074 sunt
2004 2020 2244 2088 pondere
2290 2020 2601 2074 meritorum
2642 2019 2881 2086 adducti,
2915 2030 3167 2090 tanquam
3199 2022 3436 2078 secundo

1849 2112 2071 2166 vulnere
2118 2112 2402 2168 deterioris
2447 2115 2616 2183 plaga:
2670 2115 2942 2183 percussi,
2992 2129 3049 2169 ut
3091 2098 3435 2172 simulacrum

1849 2200 2035 2257 bestia:
2051 2212 2324 2271 exoptent,
2351 2214 2406 2258 et
2429 2203 2561 2258 insci
2577 2204 2833 2273 iptionem
2849 2206 3081 2260 nominis
3096 2207 3214 2275 ejus
3231 2206 3434 2262 baben-

1852 2302 1956 2360 tes,
1984 2295 2372 2350 Auticbristum
2399 2311 2496 2364 pro
2515 2296 2728 2352 Christo
2748 2294 3079 2353 adorandum
3106 2300 3431 2355 existiment.

1851 2384 1977 2439 ideo
2009 2384 2236 2440 fortasse
2266 2385 2352 2439 hic
2399 2386 2452 2439 in
2481 2388 2713 2441 secunda
2742 2390 2919 2457 phiala
2951 2392 3185 2461 ponitur,
3218 2390 3356 2460 quod
3387 2392 3437 2445 in

1853 2476 2040 2532 Exodo
2071 2477 2227 2548 (Cap.
2252 2478 2347 2548 vn)
2383 2478 2436 2532 in
2470 2480 2638 2548 prima
2683 2480 2833 2550 plaga
2865 2482 3158 2551 contigisse
3186 2481 3438 2537 describi-

1853 2579 1960 2635 tur,
1988 2580 2043 2624 ut
2071 2582 2193 2640 pote
2214 2571 2283 2627 de
2304 2571 2579 2628 sterilibus
2602 2574 2755 2642 aquis
2772 2573 2838 2628 ad
2869 2574 3205 2628 feculemiam
3224 2574 3440 2644 insuper

1855 2661 2179 2715 transierunt
2218 2662 2517 2732 sanguinis,
2547 2678 2642 2731 per
2671 2679 2830 2732 quam
2862 2679 3075 2717 omnem
3102 2663 3297 2718 dicitur
3329 2663 3440 2718 ani-

1856 2770 1996 2809 mam
2021 2756 2072 2808 in
2096 2756 2246 2819 mari,
2276 2756 2327 2809 id
2351 2765 2451 2821 est,
2477 2755 2531 2809 in
2564 2756 2667 2809 isto
2690 2756 2908 2819 saeculo,
2936 2756 3100 2810 fuisse
3121 2766 3386 2824 necatam,
3414 2772 3442 2809 a

1858 2855 1971 2902 toto
1994 2856 2217 2916 partem,
2242 2846 2381 2923 sicut
2407 2864 2418 2900 :
2448 2846 2560 2901 Non
2580 2855 2662 2899 cst
2685 2847 2773 2915 qui
2799 2846 2956 2900 faciat
2983 2847 3203 2913 bonum,
3228 2860 3334 2901 non
3361 2854 3443 2902 est

1857 2955 2024 3009 usque
2055 2939 2119 2993 ad
2151 2954 2312 2993 unum
2339 2937 2507 3006 (Psal.
2534 2937 2671 3007 xm).
2696 2938 2893 3008 Aperta
2921 2939 3119 3008 quippe
3159 2938 3443 2994 sterilitate

1857 3038 2132 3095 notantur,
2159 3029 2225 3083 de
2247 3028 2440 3098 quibus
2467 3027 2664 3082 dicitur
2689 3044 2703 3081 :
2727 3027 3039 3082 Sustinuiut
3056 3028 3255 3083 faceret
3278 3042 3440 3094 uvas,

1862 3120 1987 3174 fecit
2016 3130 2191 3174 autem
2216 3120 2399 3188 spinas
2426 3118 2563 3189 (Isa.
2586 3120 2666 3189 v).
2700 3119 2781 3173 illi
2813 3121 2994 3188 utique
3024 3134 3187 3190 super
3209 3135 3343 3189 quos
3367 3120 3442 3174 sic

164 3218 442 3276 dera-am
475 3222 685 3277 hamum
715 3225 990 3294 amplexus
1018 3234 1100 3279 εει
1125 3224 1341 3292 (Μαηιι.
1372 3225 1528 3295 xxv),
1554 3234 1750 3295 υιροιθ
1778 3214 1824 3277 c
1861 3209 2129 3263 infirmata
2154 3219 2237 3264 est
2258 3209 2432 3279 lingua
2452 3223 2660 3275 eorum,
2680 3218 2737 3262 ut
2761 3208 2815 3262 in
2839 3209 3438 3265 suicondemnationem

162 3312 219 3368 in
245 3314 513 3368 sinistram
540 3315 871 3369 damnandus
889 3316 1219 3385 exorbitans,
1246 3315 1544 3386 despiciens
1564 3316 1753 3370 videli-

160 3416 248 3459 cet
271 3404 563 3470 Christum,
612 3406 908 3477 suscipiens
938 3406 1345 3461 Antichristum.
1379 3406 1503 3463 Ideo
1527 3406 1753 3462 fortasse

161 3494 252 3551 hic
283 3497 412 3551 dicit
452 3514 465 3550 :
518 3496 735 3552 Factum
764 3508 841 3553 est
870 3499 1063 3553 vulnus
1090 3513 1294 3553 saavum
1343 3512 1406 3553 ac
1462 3499 1752 3569 pessimum

164 3602 328 3657 super
347 3603 441 3643 eos
461 3589 727 3654 homines,
752 3594 840 3659 qui
876 3590 1073 3645 habent
1098 3590 1493 3660 inscriptionem
1516 3579 1747 3648 nominis

161 3664 368 3746 bestia,
419 3689 473 3735 et
498 3681 587 3751 qui
619 3684 845 3737 adorant
870 3682 1215 3737 simulacrum
1245 3684 1394 3751 ejus,
1424 3692 1482 3737 ut
1512 3683 1615 3738 boc
1639 3698 1748 3738 uno

163 3771 402 3827 vulneris
434 3782 580 3828 reatu
610 3774 839 3842 confusi,
872 3785 1070 3830 acterna
1097 3774 1405 3845 judicentur
1426 3790 1580 3844 paena
1606 3775 1751 3845 plec-

164 3863 330 3917 tendi.
374 3864 447 3919 De
495 3865 597 3920 hoc
642 3877 864 3935 peccato
912 3877 1163 3936 tanquam
1210 3866 1277 3920 de
1307 3867 1485 3921 ulcere
1516 3867 1750 3935 pessimo

162 3953 419 4011 Dominus
446 3955 574 4010 dicit
595 3957 776 4027 (Joan.
795 3959 889 4027 xv)
915 3976 927 4012 :
954 3958 1008 4013 Si
1033 3971 1139 4011 non
1165 3958 1430 4012 venissem
1462 3967 1517 4012 et
1537 3958 1747 4013 locutus

165 4048 246 4102 eis
276 4047 517 4113 fuissem,
548 4056 823 4116 peccatum
846 4063 950 4101 non
981 4048 1258 4112 haberent,
1292 4062 1432 4101 nunc
1453 4056 1633 4101 autem
1658 4063 1752 4102 ex-

162 4140 495 4194 cusationem
528 4154 631 4191 non
666 4137 868 4191 habent
894 4137 963 4191 de
985 4145 1205 4206 peccato
1232 4151 1348 4190 suo.
1374 4136 1429 4189 Si
1459 4150 1621 4205 opera
1645 4152 1749 4191 non

162 4232 409 4289 fecissem
442 4233 495 4287 in
527 4233 607 4287 eis
636 4247 752 4302 quin
782 4244 943 4286 nemo
970 4232 1106 4286 alius
1138 4231 1281 4296 fecit,
1316 4240 1592 4300 peccatum
1645 4244 1750 4283 non

162 4324 445 4391 haberent,
479 4339 620 4379 nunc
656 4332 833 4377 autem
877 4332 931 4377 et
972 4323 1222 4377 viderunt
1247 4332 1300 4376 et
1322 4323 1551 4376 oderunt
1578 4334 1633 4379 ct
1664 4338 1749 4379 me

163 4428 218 4472 et
251 4418 460 4471 Patrem
491 4432 691 4470 meum.
726 4416 838 4470 Hoc
866 4423 948 4470 est
974 4414 1372 4470 irremediabile
1401 4415 1615 4470 vulnus.
1649 4415 1752 4470 Ve-

164 4522 283 4561 rum
313 4507 437 4575 quia
469 4508 663 4561 multos
718 4506 992 4563 habebunt
1046 4506 1341 4561 imitatione
1392 4506 1624 4575 pessima
1663 4520 1749 4560 se-

1854 3302 2169 3358 dixissent:
2201 3301 2429 3371 Sanguis
2475 3302 2590 3371 ejus
2646 3316 2807 3369 super
2854 3315 2953 3356 nos
2997 3309 3050 3356 et
3095 3315 3258 3371 super
3306 3300 3445 3357 filios

1856 3401 2070 3447 nostros
2094 3392 2270 3460 (Matt.
2299 3392 2489 3461 xxvn).
2525 3392 2589 3445 Et
2631 3392 2804 3445 tertius
2827 3392 3009 3460 e/j‘udit
3051 3392 3278 3462 phialam
3298 3410 3444 3448 suam

1852 3501 2008 3553 super
2028 3485 2244 3553 ﬂumina
2267 3492 2311 3538 et
2336 3488 2502 3554 fontes
2522 3501 2795 3555 aquarum,
2821 3494 2875 3539 et
2900 3483 3037 3539 facta
3063 3493 3189 3539 sunt
3209 3485 3441 3557 sanguis.

1853 3585 2089 3641 Caeteros
2118 3586 2390 3641 cotaclu‘dit
2418 3593 2603 3655 gentes
2636 3585 2985 3656 generaliter,
3014 3600 3132 3655 quce
3165 3584 3303 3641 sicut
3326 3584 3443 3639 fue-

1855 3687 1976 3732 rant
2005 3677 2227 3732 naturali
2258 3691 2444 3731 errore
2489 3684 2773 3745 prmventte
2813 3691 2876 3731 ac
2908 3676 3182 3730 lutulentis
3231 3675 3444 3731 deside-

1853 3771 1948 3824 riis
1979 3768 2284 3838 implicatzn,
2308 3767 2622 3836 adjecerunt
2648 3767 2717 3822 de
2746 3767 2942 3822 divinis
2964 3767 3124 3821 etiam
3149 3766 3440 3822 carnaliter

1854 3875 2044 3929 sapere
2066 3899 2081 3927 ,
2127 3859 2267 3914 unde
2298 3858 2349 3912 in
2384 3858 2622 3913 fontibus
2656 3858 2887 3929 intelligi
2914 3866 3141 3926 possunt
3179 3858 3441 3913 doctrina:

1853 3952 2155 4021 gentilium.
2172 3950 2297 4005 Ideo
2322 3950 2485 4005 dicit:
2509 3951 2671 4005 Facta
2702 3958 2826 4005 sunt
2854 3950 3092 4020 sanguis,
3118 3950 3260 4005 sicut
3279 3951 3439 4006 etiam

1855 4044 1907 4095 in
1942 4041 2140 4097 Genesi
2174 4059 2185 4095 :
2219 4042 2334 4096 Non
2387 4042 2723 4110 permanebit
2768 4043 2989 4112 spiritus
3042 4057 3222 4108 meus,
3275 4041 3446 4112 inquit

1856 4131 2008 4204 (Gen.
2057 4132 2156 4202 Ix),
2206 4132 2258 4185 in
2296 4132 2601 4186 hominibus
2632 4132 2747 4186 istis
2779 4133 2832 4185 in
2876 4142 3160 4198 aeternum,
3190 4133 3441 4201 quoniam

1853 4240 1981 4278 caro
2009 4232 2151 4277 sunt.
2196 4221 2253 4276 in
2296 4224 2588 4292 Sapientiae
2619 4238 2830 4292 quoque
2861 4224 2999 4277 libro
3025 4225 3099 4276 ait
3127 4241 3141 4277 :
3174 4221 3445 4292 Sanguine

1854 4315 2071 4369 sordido
2117 4312 2312 4368 turbati
2342 4313 2393 4367 in
2423 4314 2801 4382 redargntione
2828 4329 2841 4377 ;
2873 4322 2930 4367 et
2956 4313 3079 4381 quia
3123 4327 3317 4379 sapere
3350 4327 3439 4368 se-

1853 4406 2087 4462 cundum
2113 4420 2353 4471 carnem,
2394 4407 2469 4459 ait
2492 4405 2782 4473 Apostolus
2805 4405 2985 4474 (Rom.
3010 4404 3150 4474 vm),
3174 4419 3319 4460 mors
3338 4413 3442 4470 est,

1854 4517 1908 4562 ct
1956 4506 2213 4576 sapientia
2243 4505 2422 4560 carnis
2467 4503 2683 4560 inimica
2736 4513 2819 4559 est
2866 4504 2997 4560 Deo.
3034 4504 3321 4574 Propterea
3372 4505 3441 4560 de

164 4612 380 4668 quaccs,
413 4598 535 4654 ideo
565 4600 617 4654 in
667 4601 772 4656 line
827 4602 995 4665 dixit,
1046 4616 1208 4671 super
1255 4614 1349 4656 eos
1380 4599 1627 4655 homines
1653 4601 1741 4667 qui
1774 4608 1825 4669 1)
1855 4604 2156 4677 hujusmodi
2185 4604 2515 4671 hominibus,
2540 4604 2701 4674 quiet
2721 4602 2914 4658 talibus
2931 4603 3180 4658 dicuntur
3204 4604 3440 4673 peccatis

166 4693 362 4745 habent
409 4694 811 4764 inscriptionem
866 4696 1097 4751 nominis
1153 4694 1381 4761 beStize;
1413 4712 1480 4769 ne
1532 4695 1600 4751 de
1638 4697 1749 4751 sola

167 4784 513 4841 Hebraeorum
558 4792 658 4842 hoc
706 4798 981 4855 putaretur
1009 4800 1165 4859 gente
1195 4791 1413 4845 dixisse.
1448 4790 1578 4844 Nam
1610 4791 1750 4845 sicut

164 4880 217 4933 in
251 4878 394 4933 bono
426 4894 520 4947 per
551 4880 903 4935 imitationem
961 4882 1085 4937 ﬁdei
1138 4892 1325 4952 gentes
1372 4898 1583 4952 quoque
1612 4882 1752 4936 filios

168 4971 395 5027 Abraha:
424 4971 505 5025 lex
529 4971 751 5036 vocitat,
776 4987 879 5026 non
907 4973 974 5028 de
995 4975 1112 5043 ejus
1142 4990 1303 5029 carne
1326 4974 1596 5031 nascendo
1614 5017 1628 5041 ,
1650 4976 1743 5030 διιά

164 5062 473 5117 confitendo
495 5061 768 5117 Christum
793 5058 860 5119 de
890 5063 1031 5118 tribu
1063 5066 1196 5119 Juda
1240 5079 1268 5117 a
1300 5066 1524 5120 mortuis
1561 5082 1743 5122 resur-

165 5156 371 5211 rexisse
398 5157 657 5231 victorem
687 5172 701 5209 :
753 5156 830 5211 sic
878 5158 931 5211 in
982 5158 1123 5212 malo
1163 5157 1379 5214 Judaeos
1407 5174 1474 5213 ex
1499 5161 1748 5229 gentibus

163 5258 460 5304 sectatores
506 5249 833 5305 credendum
864 5258 947 5305 est
1002 5252 1306 5317 habituros,
1359 5253 1448 5322 qui
1479 5252 1749 5307 Antichri-

164 5351 338 5410 stmn,
369 5344 457 5411 qui
486 5344 555 5399 de
599 5344 740 5399 tribu
788 5345 897 5398 Dan
928 5345 1122 5401 dicitur
1149 5344 1305 5413 (Cen.
1340 5347 1485 5417 XLIX)
1518 5348 1751 5401 nascitu-

165 5445 291 5496 rus,
336 5434 679 5503 snscipiendo
722 5445 881 5505 atque
910 5436 1220 5506 sequendo.
1272 5452 1459 5491 eorum
1502 5446 1754 5491 notentur

167 5540 290 5583 esse
318 5529 610 5598 complices
635 5529 689 5584 in
721 5540 842 5585 nota
885 5531 1164 5596 criminis,
1205 5548 1433 5607 quorum
1465 5533 1753 5602 participes

167 5628 327 5672 erunt
360 5619 411 5673 in
447 5636 600 5689 paena
629 5624 970 5691 sempiternae
1000 5623 1382 5680 damnationis.
1413 5623 1480 5679 Et
1506 5626 1756 5679 secundus

167 5708 352 5777 emittit
376 5711 600 5781 phialam
624 5730 771 5768 suam
792 5716 844 5769 in
862 5732 1003 5770 mare
1019 5759 1033 5783 ,
1063 5727 1109 5770 et
1132 5718 1321 5787 factum
1351 5727 1423 5771 est
1447 5718 1650 5788 sangqu
1672 5758 1684 5781 ,
1710 5726 1757 5769 et

168 5804 335 5860 omnis
374 5806 546 5860 animo
590 5816 792 5861 mortua
818 5818 891 5862 est
918 5810 971 5863 in
1005 5812 1153 5865 mari.
1185 5814 1336 5884 Aqua
1366 5827 1516 5867 versa
1548 5812 1597 5865 in
1629 5826 1755 5865 sau-

1862 4700 2152 4764 oll'endere,
2185 4707 2238 4753 et
2267 4697 2493 4765 pcenalia
2524 4712 2712 4752 rursus
2741 4699 2942 4751 scelera
2975 4704 3226 4751 notantur
3256 4697 3439 4751 incur-

1861 4806 1982 4846 rere
1999 4807 2011 4843 :
2030 4788 2243 4855 Audivi,
2267 4788 2457 4858 inquit,
2479 4788 2529 4842 in
2552 4786 2795 4841 laudibus
2814 4785 2905 4841 Dei
2933 4786 3054 4857 (sic)
3074 4800 3173 4840 vox
3197 4794 3449 4855 personet

1863 4884 2195 4951 ange‘orum.
2237 4881 2297 4933 Et
2336 4881 2543 4947 audivi,
2573 4880 2772 4948 inquit,
2802 4881 3039 4946 angelum
3067 4894 3317 4947 aquarum
3366 4879 3449 4932 di-

1854 4986 2043 5031 centem
2060 4972 2273 5028 :Justus
2295 4990 2367 5040 es,
2388 4974 2474 5041 qui
2491 4988 2545 5026 es
2562 4983 2608 5027 et
2630 4973 2714 5043 qui
2735 4972 2899 5041 fuisti.
2916 4971 3151 5039 Angelus
3166 4987 3445 5039 aquarum,

1862 5076 2079 5129 nuntius
2109 5071 2424 5139 populorum
2458 5070 2712 5125 interiore
2743 5070 2937 5124 echctu
2969 5068 3165 5121 divinis
3203 5067 3450 5121 laudibus

1855 5164 2292 5233 concrepantium
2315 5179 2328 5227 ;
2353 5172 2406 5216 et
2429 5163 2516 5233 qui
2546 5180 2602 5217 es
2633 5164 2774 5231 pius,
2798 5160 3051 5231 quoniam
3075 5159 3446 5231 sicjudicasti,

1853 5268 1943 5338 qui
1976 5265 2273 5338 sanguinem
2302 5273 2591 5316 sanctorum
2635 5273 2681 5316 et
2715 5262 3086 5331 prophetarum
3132 5258 3451 5324 e/fuderunt,

1860 5360 2086 5427 ideoque
2115 5356 2302 5410 dedisti
2350 5356 2424 5408 eis
2453 5354 2751 5425 sanguinem
2796 5353 2991 5421 bibere,
3029 5353 3279 5421 quoniam
3308 5352 3450 5424 digni

1860 5460 1995 5504 sunt.
2020 5449 2166 5502 Licet
2189 5446 2542 5515 corporaliter
2566 5456 2618 5498 et
2651 5444 2821 5499 Judaei
2847 5453 2899 5498 et
2926 5453 3113 5515 gentes
3140 5454 3448 5499 sanctorum

1862 5540 2176 5611 Sanguinem
2211 5538 2496 5601 fuderunt,
2530 5552 2685 5602 quem
2740 5536 2997 5591 Dominus
3046 5544 3309 5591 memorat
3335 5534 3449 5589 exi-

1862 5633 2091 5701 gendum
2115 5674 2130 5699 ,
2158 5631 2201 5686 A
2228 5629 2486 5698 sanguine
2523 5628 2656 5683 Abel
2683 5628 2809 5698 justi
2831 5668 2847 5695 ,
2871 5628 3040 5699 inquit
3063 5624 3243 5698 (Matt.
3273 5625 3449 5697 sun),

1865 5740 2037 5792 usque
2065 5723 2129 5777 ad
2158 5725 2467 5791 sanguinem
2495 5720 2791 5785 Zachariae,
2825 5720 2916 5774 lilii
2948 5716 3215 5774 Baracbim
3242 5726 3454 5787 :potcst

1869 5824 2046 5868 tamen
2078 5814 2237 5869 etiam
2281 5812 2420 5867 illius
2455 5813 2605 5886 plaga
2638 5812 2893 5868 excitatis
2927 5810 3172 5885 intelligi,
3199 5818 3259 5864 ut
3282 5817 3341 5865 et
3375 5807 3452 5863 illi
