3968 6354
595 340 696 398 895

1698 340 1993 399 PRIMASII
2035 342 2484 402 ADRUMETANI
2525 344 2738 405 EPlSC.

3797 347 3880 403 Μ

593 470 982 529 cognoscantur
1027 458 1335 528 sanguinem
1385 457 1764 528 prophetarum
1811 461 2041 527 fudisse,
2072 465 2162 533 qui
2194 467 2240 525 Α
2270 466 2481 520 excelso
2526 466 2683 520 locuti
2734 472 2876 521 sunt.
2921 466 3222 535 Supercilio
3261 469 3405 525 enim
3471 477 3878 527 momenan

591 552 675 606 eis
697 549 977 604 abutentes
1002 566 1186 604 eorum
1211 565 1402 604 sensus
1430 552 1481 604 in
1510 551 1652 605 aliud
1678 552 2017 608 derivarnnt:
2038 571 2170 625 quo-

490 698 496 709 .
591 640 753 694 modo
798 642 843 695 si
890 641 1125 704 diceret,
1160 644 1248 709 qui
1301 642 1631 709 spit-itualem
1678 644 1848 712 legem
1882 646 2170 701 carnaliter

591 742 905 800 sapuerunt,
930 732 1075 802 juste
1100 734 1426 799 cormptioni
1473 733 1653 788 carnis
1694 745 1746 788 et
1775 738 2044 804 sanguinis
2074 737 2169 791 ad-

593 824 723 878 dicti
748 826 1047 889 traduntur,
1079 827 1167 881 ubi
1199 835 1253 881 et
1278 836 1550 894 peccatum
1574 835 1627 879 et
1646 842 1799 895 paena
1826 829 2169 896 cognoscitur

594 924 955 982 peccatorum.
992 915 1127 969 llinc
1178 916 1461 983 Apostolus
1504 914 1633 969 dicit
1658 914 1747 983 (II
1784 914 1931 969 Thes.
1966 917 2057 985 tt),
2102 932 2167 971 eo

592 1010 737 1078 quod
785 1011 1102 1065 charitatem
1135 1011 1381 1065 veritatis
1426 1025 1531 1065 non
1580 1018 1900 1078 receperunt
1946 1019 2004 1064 ut
2033 1010 2165 1065 salvi

590 1099 799 1166 ﬁerent,
830 1101 953 1156 ideo
983 1102 1155 1156 mittet
1184 1102 1292 1156 illis
1326 1104 1463 1156 Deus
1514 1102 1880 1171 operationem
1934 1103 2161 1168 erroris,

595 1196 653 1243 ut
679 1189 899 1245 credant
927 1191 1238 1256 mendacio,
1285 1200 1339 1247 et
1380 1192 1687 1262 judicentur
1723 1207 1912 1247 omnes
1938 1193 2026 1261 qui
2056 1208 2165 1248 non

587 1280 933 1335 crediderunt
960 1283 1204 1346 veritati,
1233 1282 1327 1336 sed
1359 1291 1747 1337 consenserunt
1777 1265 2064 1348 iniquitaﬁ.
2099 1282 2166 1337 Et

588 1371 760 1423 audivi
800 1373 956 1426 aliam
983 1389 1191 1439 vocem,
1237 1374 1485 1426 dicentem
1508 1388 1527 1426 :
1560 1373 1759 1439 Etiam,
1790 1373 2003 1428 Domine
2027 1375 2165 1429 Deus

588 1463 926 1531 omnipotens,
956 1480 1072 1518 vera
1097 1476 1142 1517 et
1163 1468 1305 1536 jusla
1330 1476 1455 1519 sunt
1490 1468 1691 1535 judicia
1720 1476 1824 1521 tua.
1878 1468 1976 1522 Hic
2002 1470 2162 1524 etiam

587 1552 785 1620 aliquid
809 1555 933 1619 tale,
965 1557 1120 1623 quale
1162 1559 1214 1610 in
1264 1560 1476 1625 pSalmis
1513 1560 1637 1625 (ιι,
1686 1575 1837 1623 uin,
1889 1576 2161 1628 Lxsxvttt,

587 1640 677 1708 ον)
706 1658 850 1710 saepe
874 1645 1088 1709 dicitur,
1120 1646 1263 1711 Fiat,
1294 1646 1403 1702 fiat.
1437 1648 1547 1701 Hoc
1576 1657 1753 1702 autem
1784 1650 2041 1705 imitando
2072 1650 2167 1706 de-

588 1730 777 1787 bemus
837 1733 1050 1799 dicere,
1102 1752 1206 1790 non
1273 1740 1591 1806 exponendo
1646 1756 1864 1795 sensum
1918 1753 2163 1811 apertum

2276 557 2652 625 prosperitatis
2681 558 2738 610 u’t
2764 558 2942 612 fumus
2980 558 3128 626 elati,
3177 560 3317 615 unde
3369 560 3729 629 pcnnitendo
3768 578 3876 618 con

2274 646 2407 700 verti
2434 646 2752 714 debuerunt,
2776 648 3140 702 contenebrati
3170 650 3453 705 laetantur.
3490 650 3730 705 Ducunt
3752 655 3869 711 enim

2274 734 2355 805 (ut
2393 734 2493 789 Job
2538 735 2693 806 dicit)
2724 737 2778 790 in
2828 739 2969 793 bono
3019 738 3134 793 dies
3173 755 3338 806 suos,
3384 751 3452 796 et
3492 742 3556 795 in
3595 753 3792 810 puncto
3817 750 3865 801 ad

2273 823 2473 877 inferna
2492 824 2814 881 descendent
2835 826 2976 896 (Job.
2991 829 3130 898 XXI).
3156 828 3220 882 Et
3241 841 3422 885 sextus
3440 834 3690 904 angelus
3709 835 3863 902 edidi:

2273 913 2499 980 phialam
2524 930 2671 967 suam
2708 930 2871 985 super
2897 919 3089 997 ﬂumen
3117 921 3245 973 illud
3279 938 3551 992 magnum
3588 921 3860 995 Euphrates

2270 1013 2317 1057 et
2344 1004 2539 1060 siccata
2568 1016 2649 1060 est
2676 1020 2809 1076 aqua
2838 1011 2955 1079 ejus
2976 1049 2991 1072 ,
3023 1020 3080 1063 ut
3107 1023 3514 1078 prmpararetur
3542 1016 3635 1066 ria
3657 1019 3857 1072 venienti

2271 1094 2383 1165 regi
2412 1095 2479 1149 ab
2505 1097 2711 1150 oriente
2738 1097 2875 1162 sole,
2916 1097 2970 1152 id
2992 1108 3075 1153 est
3098 1100 3335 1166 Christo,
3365 1101 3448 1156 de
3477 1116 3606 1171 quo
3634 1104 3853 1174 legium:

2273 1185 2414 1240 Ecce
2441 1185 2547 1251 vir,
2578 1186 2770 1241 Oriens
2794 1204 2991 1244 nomen
3027 1190 3167 1261 ejus,
3219 1192 3303 1247 cui
3332 1201 3599 1247 venturo
3642 1194 3710 1247 ad
3742 1195 3849 1261 judi.

2270 1276 2498 1331 candum
2531 1278 2613 1331 via
2644 1290 2994 1350 praeparatur.
3026 1282 3254 1338 Nomine
3284 1299 3468 1354 porro
3504 1284 3751 1340 ﬂuminis
3774 1286 3848 1342 Es-

2269 1371 2518 1439 phraten,
2548 1371 2706 1425 sicuti
2736 1389 2914 1439 mare,
2944 1374 3191 1441 flumina,
3218 1376 3395 1432 fontes
3429 1391 3736 1447 aquarum,
3759 1382 3840 1445 sui,

2269 1461 2491 1515 thronus
2507 1461 2710 1528 bestiae,
2725 1478 2888 1533 super
2902 1480 3021 1533 qua:
3039 1468 3210 1536 angeli
3227 1481 3352 1521 suas
3368 1467 3616 1536 phialas
3636 1467 3842 1528 eﬂudisae

2267 1550 2538 1619 dicuntur,
2567 1552 2809 1608 homines
2825 1553 3131 1609 immundos
3143 1556 3464 1626 designant.
3490 1557 3565 1611 Et
3587 1559 3837 1616 siccatus

2266 1656 2400 1711 aqua
2429 1642 2563 1711 ejus,
2596 1644 2648 1697 id
2674 1654 2759 1699 est
2784 1645 2915 1700 nihil
2942 1646 2995 1700 in
3022 1661 3083 1701 se
3106 1646 3218 1715 jam
3242 1649 3453 1716 prioris
3485 1650 3682 1718 pOpuli
3712 1652 3833 1706 habe

2268 1734 2398 1789 bunt
2426 1737 2566 1805 quod
2597 1751 2701 1791 non
2734 1738 2859 1806 igne
2883 1750 3142 1807 congruat
3175 1740 3365 1809 judicii
3418 1743 3828 1811 propinquantis,

587 1834 766 1876 moras
813 1823 1099 1879 innectere.
1134 1825 1202 1878 Et
1242 1840 1452 1894 quartus
1480 1831 1692 1899 angelus
1725 1831 1907 1898 c/fudit
1938 1832 2147 1902 phiala»

2271 1826 2409 1880 sicut
2444 1831 2691 1897 superius
2735 1832 3044 1885 maturitate
3086 1845 3323 1887 messem
3368 1832 3524 1887 dicit
3552 1835 3827 1899 aruisse,et

585 1925 730 1963 suam
756 1928 915 1981 super
943 1916 1123 1982 solem,
1146 1928 1195 1968 et
1221 1918 1400 1971 datum
1420 1927 1491 1971 est
1518 1920 1565 1973 ei
1586 1928 1776 1974 aestum
1806 1930 1860 1977 et
1886 1923 2064 1991 ignem
2087 1924 2161 1979 in-

585 2001 747 2068 jicere
772 2002 1091 2057 hominibus.
1116 2004 1185 2059 Et
1205 2016 1543 2062 testuaverunt
1563 2008 1792 2064 homines
1807 2021 1935 2065 wstu
1953 2029 2160 2085 magno,

584 2101 629 2144 et
676 2092 1151 2162 blasphemanerunt
1204 2114 1384 2151 nomen
1434 2098 1527 2152 Dei
1582 2100 1814 2155 habentis
1865 2114 2163 2172 potestatem

584 2198 735 2251 super
763 2185 947 2255 plagas
985 2188 1136 2243 istas.
1162 2189 1279 2244 Non
1309 2192 1598 2247 solidatnm
1624 2202 1727 2259 est,
1765 2194 1857 2249 sed
1888 2198 1935 2250 ei
1973 2199 2162 2267 angelo

586 2275 678 2343 qui
700 2278 869 2331 solem
894 2278 1147 2347 perfudit.
1165 2280 1280 2335 Non
1303 2292 1479 2337 autem
1507 2284 1591 2337 hic
1610 2283 1868 2353 gehennae
1895 2289 2161 2355 putandus

587 2374 669 2420 est
714 2367 885 2437 ignis,
937 2386 1113 2439 neque
1167 2372 1238 2426 ibi
1285 2374 1690 2444 blasphemandi
1730 2376 1841 2445 jam
1889 2380 2036 2434 locus
2067 2381 2160 2435 ulli

584 2457 920 2526 relinquitur,
975 2462 1191 2529 quando
1237 2463 1503 2521 damnatis
1554 2468 1896 2524 infructuosa:
1955 2480 2159 2528 tantum

585 2547 932 2613 paenitudinis
966 2557 1177 2618 tempus
1198 2551 1468 2619 adveniet,
1499 2556 1569 2608 ita
1602 2566 1658 2609 ut
1678 2556 1913 2613 dicturos
1943 2560 2023 2614 lex
2048 2576 2161 2615 me-

584 2646 800 2691 morat:
839 2639 976 2705 Quid
1025 2641 1179 2696 nobis
1220 2645 1418 2713 profuit
1463 2649 1742 2717 superbia?
1768 2663 1817 2706 et
1854 2652 2157 2711 divitiarum

583 2726 830 2796 iactantia
850 2731 972 2799 quid
994 2734 1218 2788 contulit
1243 2737 1397 2790 nobis
1417 2737 1569 2807 (Sap.
1588 2740 1677 2809 v)?
1700 2742 1957 2806 Quocirca
1980 2745 2156 2814 ignem

584 2818 670 2873 hic
697 2827 751 2874 et
778 2831 967 2876 uastum
994 2824 1226 2881 arbitror
1251 2828 1448 2885 debere
1475 2834 1747 2902 cognosci,
1780 2835 1919 2902 quod
1960 2837 2155 2892 diaboli

582 2922 779 2979 corpus
800 2912 867 2966 de
897 2914 1185 2971 stabilitate
1212 2929 1517 2974 sanctorum
1552 2923 2019 2979 irremediabiliter
2036 2941 2158 2981 cru-

581 2999 832 3067 ciabitur,
876 3011 931 3058 et
972 3005 1037 3059 ad
1075 3006 1549 3077 blasphemandum
1598 3013 1716 3080 ipso
1763 3024 1893 3069 a-stu
1939 3017 2156 3075 excitati

580 3102 859 3159 coguntur.
884 3093 1133 3152 Fortasse
1149 3100 1291 3153 enim
1322 3114 1482 3170 super
1496 3105 1607 3158 sole
1624 3104 1839 3171 dicitur,
1863 3106 1979 3164 sole
2003 3110 2154 3165 vide-

579 3181 707 3238 licet
726 3184 966 3253 justitiat,
1007 3197 1254 3259 tanquam
1305 3192 1370 3248 de
1407 3195 1520 3250 sole
1540 3197 1775 3252 ablativo
1796 3214 1923 3255 casn
1954 3216 2150 3269 posue-
2184 3176 2229 3239 Ο

576 3274 673 3338 rit;
705 3275 843 3331 sicut
869 3295 881 3329 :
915 3278 1194 3349 Evigilabo
1230 3297 1389 3352 super
1411 3287 1633 3342 verbum
1664 3304 1844 3344 meum
1876 3300 1933 3346 ut
1958 3292 2149 3349 faciam

575 3366 705 3423 illud
750 3368 940 3439 (Jerem
968 3373 1005 3442 ι)
1028 3418 1043 3443 ,
1072 3383 1126 3431 et
1156 3375 1339 3432 Daniel
1367 3396 1383 3433 :
1414 3380 1758 3448 Quzeramus,
1787 3385 1954 3453 inquit
1986 3386 2149 3456 (Dan.

573 3461 671 3529 ll),
722 3463 1143 3522 misericordiam
1188 3483 1219 3521 a
1277 3470 1409 3525 facie
1450 3470 1541 3526 Dei
1577 3476 1960 3545 omnipotentis
1987 3492 2151 3547 super

570 3565 907 3611 sacramento
935 3558 1061 3627 isto,
1096 3570 1154 3613 ut
1183 3562 1324 3617 unde
1352 3563 1509 3618 electi
1540 3564 1943 3624 illuminatiouis
1975 3572 2150 3638 perci-

569 3644 719 3713 piunt
750 3648 1078 3715 firmitatem,
1112 3650 1237 3705 inde
1267 3653 1417 3721 impii
1452 3654 1697 3710 dicantur
1724 3672 1936 3713 sumere
1966 3661 2148 3715 incen-

568 3738 736 3794 dium.
769 3739 945 3810 Neque
964 3752 1170 3810 egerunt
1190 3745 1553 3812 paenitentiam,
1583 3756 1639 3801 ut
1688 3749 1868 3803 darent
1910 3751 1963 3805 ei
1987 3752 2148 3808 clari-

570 3837 753 3883 tatem.
784 3830 1273 3900 BlaSphematuiutn
1328 3838 1442 3906 ipsa
1491 3854 1635 3894 mors
1662 3852 1776 3907 est,
1824 3851 1882 3898 ut
1930 3860 2039 3900 non
2084 3862 2147 3903 se

528 3970 537 3979 ,
568 3919 853 3987 impietatis
872 3960 886 3986 ,
914 3921 1008 3977 sed
1034 3923 1196 3978 Deum
1218 3926 1408 3980 malint
1431 3927 1724 3998 iniquitatis
1750 3946 2009 4002 arguere:
2045 3951 2143 3992 nec

568 4019 687 4076 post
726 4010 1308 4082 plagas‘posnitentiam
1340 4032 1535 4087 agere,
1588 4021 1682 4076 sed
1714 4022 1966 4093 ﬂagellati
2007 4042 2140 4083 con-

567 4103 811 4159 tumelias
854 4104 1114 4174 irrogare.
1163 4107 1312 4164 Sicut
1352 4112 1495 4167 enim
1543 4127 1665 4169 vasa
1713 4130 1863 4173 aenea
1892 4117 2140 4177 incendio

563 4195 747 4264 grandi
776 4197 1017 4266 subacta,
1048 4199 1116 4255 ah
1143 4199 1346 4258 intimis
1375 4205 1670 4263 exsiliendo
1698 4212 1960 4267 scatentia
2007 4213 2139 4270 foris

561 4290 838 4357 ebulliunt,
860 4302 916 4349 et
953 4307 1064 4349 suae
1091 4296 1403 4365 capacitatis
1432 4309 1604 4355 metas
1628 4304 1931 4375 excedunt,
1975 4307 2054 4361 sic
2084 4316 2141 4364 et

561 4395 683 4452 pars
701 4382 884 4439 bestiae
905 4384 957 4440 in
987 4394 1137 4442 vasto
1161 4387 1441 4458 resistens,
1465 4405 1584 4447 cum
1610 4391 1811 4451 Christi
1840 4395 2135 4454 Ecclesiam

561 4474 867 4543 infatigabili
889 4476 1117 4535 viderint
1135 4482 1435 4539 constantia
1464 4483 1720 4544 dimicare
1736 4529 1754 4555 ,
1783 4488 2133 4550 intolerabilis

2268 1915 2588 1972 vindemiam
2615 1920 2944 1986 occurrisse,
2977 1920 3056 1976 sic
3080 1930 3137 1976 et
3166 1921 3251 1977 hic
3274 1924 3502 1992 tropice
3527 1924 3661 1981 dicit
3678 1942 3822 1996 aqum

2264 2005 2496 2062 fluminis
2522 2008 2689 2064 fuisse
2716 2010 2963 2066 siccatam
2983 2053 2996 2077 ,
3028 2013 3162 2068 nihil
3192 2014 3375 2083 utique
3402 2019 3821 2087 remansissejas

2264 2095 2533 2163 viridium,
2555 2098 2652 2153 sed
2674 2108 2840 2155 totum
2860 2101 3025 2156 divini
3046 2104 3167 2174 igne
3182 2104 3374 2173 judicii
3400 2108 3810 2172 examinanda,

2263 2205 2371 2260 quo
2408 2192 2489 2247 vel
2517 2192 2666 2263 impii
2707 2205 3091 2251 consumantur
3116 2206 3176 2252 ut
3215 2199 3427 2268 fenum,
3455 2203 3547 2256 vel
3572 2204 3725 2257 sancti
3749 2220 3813 2272 ap-

2267 2282 2558 2350 probentur
2585 2294 2642 2339 ut
2670 2298 2878 2340 aurum.
2905 2286 2973 2341 Et
2994 2288 3098 2341 uidi
3125 2290 3191 2343 de
3209 2306 3296 2346 ore
3322 2293 3588 2349 draconis
3608 2305 3654 2348 et
3671 2298 3725 2350 de
3742 2314 3807 2351 ere

2266 2372 2469 2440 bestiis,
2516 2385 2562 2429 et
2600 2390 2669 2431 ex
2721 2393 2808 2432 ore
2853 2380 3311 2451 pseudoprophetaz
3354 2385 3585 2453 spiritus
3622 2396 3701 2439 Ira
3724 2388 3798 2438 in-

2264 2467 2480 2519 mundos
2505 2479 2762 2525 exeuntes
2790 2471 2844 2523 in
2866 2472 3071 2525 modum
3095 2489 3362 2528 ranarum.
3387 2475 3554 2532 Licet
3575 2479 3786 2546 ρων-κᾶε

2266 2558 2603 2624 passionibus
2631 2561 2970 2617 vexationum
3002 2563 3363 2636 vitiorumque
3381 2579 3699 2634 cunctorum,
3730 2570 3790 2623 di-

2261 2661 2445 2703 versas
2493 2650 2775 2720 qualitates
2824 2654 3041 2725 maligni
3072 2658 3296 2727 spiritus
3343 2660 3551 2715 habere
3578 2662 3794 2721 dicantur.

2261 2756 2362 2796 nec
2394 2742 2660 2799 immerito
2713 2746 2800 2815 (in
2824 2746 3116 2819 Evangelio
3138 2750 3359 2819 quidem
3386 2754 3521 2809 alibi
3546 2753 3713 2827 [Μαί.
3737 2753 3797 2823 vi}

2262 2831 2447 2886 dixit:
2480 2832 2650 2890 Surde
2694 2843 2750 2890 et
2796 2848 2939 2892 mute
2969 2839 3217 2908 spiritus;
3268 2842 3395 2896 alibi
3430 2857 3596 2898 autem
3636 2843 3798 2916 {Ibid}

2259 2923 2502 2991 Spiritum
2529 2924 2894 2993 immundum;
2939 2930 3064 2985 alibi
3094 2931 3354 3002 propheta
3382 2933 3518 3005 [οδε.
3545 2933 3617 3005 tv]
3639 2953 3656 2986 :
3684 2936 3793 3003 Spi-

2258 3016 2394 3070 ritus
2431 3016 2799 3074 fornicationis
2835 3023 3065 3090 perdidit
3102 3040 3233 3092 eos,
3276 3042 3375 3081 non
3407 3029 3473 3080 ob
3499 3028 3659 3094 aliud,
3695 3030 3785 3083 nisi

2257 3104 2399 3173 quod
2424 3106 2489 3159 ad
2525 3109 2905 3176 perpetraudas
2947 3111 3314 3170 immunditias
3340 3115 3639 3186 ﬂagitiorum
3662 3132 3788 3187 pra-

2258 3195 2531 3268 cipitatur)
2560 3199 2645 3254 hic
2675 3209 2850 3257 tamen
2891 3216 3081 3259 omnes
3130 3213 3241 3261 tres
3279 3220 3563 3277 propterea
3589 3210 3789 3264 immun—

2256 3285 2353 3341 dos
2383 3289 2579 3357 posuit,
2612 3291 2733 3361 quia
2765 3307 2929 3347 unum
2952 3293 3151 3351 diaboli
3186 3312 3386 3368 corpus
3416 3301 3589 3357 solitis
3614 3317 3782 3372 compa

2257 3390 2399 3435 ctum
2421 3381 2738 3440 differentiis
2767 3386 3086 3457 designavit,
3135 3388 3279 3445 illam
3317 3407 3621 3449 memorans
3660 3409 3780 3462 quam

2257 3472 2516 3541 majorem
2567 3476 2772 3531 obtinet
2823 3490 3169 3549 potestatem,
3222 3484 3522 3543 draconem
3572 3488 3774 3545 induces

2253 3561 2544 3630 diabolum,
2578 3565 2799 3621 bestiam
2821 3570 3211 3629 Antichristum
3242 3591 3365 3632 cum
3392 3593 3612 3635 suorum
3636 3582 3774 3635 docto

2252 3653 2399 3708 ribus
2419 3654 2746 3725 dogmatum.
2781 3660 2959 3717 Unum
3011 3679 3139 3735 ergo
3178 3667 3433 3737 spiritum
3470 3672 3612 3740 vidit,
3639 3683 3770 3741 ctam

2251 3760 2476 3800 numero
2513 3748 2741 3815 partium
2770 3753 2929 3806 unius
2954 3756 3221 3826 corporis,
3254 3767 3366 3814 tres
3392 3760 3551 3829 dicit,
3575 3775 3616 3816 ut
3629 3762 3757 3816 omnis

2248 3851 2505 3892 numerus
2536 3841 2887 3909 perditorum,
2918 3861 3027 3901 uno
3053 3849 3288 3919 maligno
3314 3852 3525 3922 spiritu
3561 3853 3625 3925 agi
3660 3869 3757 3921 pro-

2247 3930 2483 3987 deretur.
2507 3932 2757 3991 Fortasse
2779 3936 2921 3992 enim
2948 3938 3150 3998 idcirco
3171 3952 3225 3997 et
3248 3952 3356 3999 tam
3380 3946 3677 4003 horrendam
3695 3960 3767 3999 ra-

2246 4034 2434 4075 narum
2465 4021 2756 4080 foeditatem
2788 4041 2973 4083 eorum
3004 4044 3325 4099 comparans
3348 4040 3651 4104 temeritati,
3674 4036 3770 4092 sub-

2240 4110 2453 4181 junxit:
2488 4112 2606 4171 Istis
2634 4116 2779 4172 enim
2821 4120 3298 4194 pseudoprophetis
3357 4143 3613 4185 ranarum
3658 4143 3775 4184 more

2245 4210 2495 4272 tanquam
2522 4205 2881 4264 animantibus
2905 4215 3238 4270 coaccusatis
3268 4228 3432 4275 nocte
3449 4220 3775 4276 damnabiliter

2242 4295 2442 4351 erroris
2471 4297 2664 4354 latratu
2696 4303 2951 4359 convenit
2978 4316 3341 4378 perstrepere.
3380 4312 3557 4370 Rana
3600 4316 3720 4370 enim
3740 4323 3774 4368 el

2243 4385 2361 4442 loco
2388 4396 2442 4443 et
2470 4389 2589 4444 visu
2614 4392 2946 4463 molestoque
2967 4398 3198 4467 strepitu
3239 4399 3321 4455 sic
3348 4402 3593 4461 odibiles
3623 4405 3779 4459 haben-

2242 4486 2344 4545 tur,
2375 4479 2511 4536 sicut
2534 4480 2779 4539 diabolus
2798 4499 2921 4541 cum
2948 4489 3063 4543 suis
3091 4491 3401 4559 agnoscitur
3428 4494 3776 4552 abominabilis

561 4563 864 4619 invidentia:
891 4566 1096 4625 facibus
1138 4571 1475 4641 inﬂammati,
1506 4554 1823 4649 conceptum
1870 4583 1923 4636 in
1974 4586 2137 4642 corde

2253 4571 2470 4639 veritati,
2525 4574 2825 4645 meritaque
2879 4585 3083 4636 aeterno
3126 4554 3277 4652 justo
3325 4584 3453 4655 igne
3499 4587 3778 4644 damnandi.

561 4650 862 4709 incendium
894 4656 1005 4710 oris
1036 4656 1227 4728 impuri
1261 4662 1516 4720 exhalant
1546 4666 1911 4739 blasphemiis,
1943 4672 2011 4727 de
2035 4672 2138 4730 hoc

556 4739 676 4811 igne
699 4743 947 4814 legimus:
969 4746 1126 4803 Zelus
1142 4752 1492 4822 apprehendit
1516 4759 1768 4828 populum
1801 4756 2133 4822 ineruditum

2233 4660 2380 4717 Licet
2405 4673 2591 4732 aperto
2616 4666 2775 4722 simili
2806 4677 2985 4725 tamen
3011 4686 3259 4729 sermone
3284 4674 3479 4732 beatus
3509 4680 3774 4749 Apostolus

2234 4750 2489 4820 loquitur,
2506 4769 2626 4811 cum
2654 4759 3019 4828 pramitteret,
3042 4763 3225 4819 dicens
3248 4764 3339 4837 (Il
3354 4766 3480 4823 Cor.
3502 4772 3621 4841 1x):
3642 4771 3779 4827 Nolite

552 4844 606 4888 et
632 4850 771 4890 nunc
795 4836 929 4907 ignis
959 4839 1294 4898 adversarios
1321 4856 1618 4903 consumet.
1650 4848 1715 4902 Et
1735 4852 1942 4920 quintus
1967 4871 2131 4928 ange-

2254 4865 2407 4920 ugum
2432 4851 2629 4909 ducere
2655 4868 2777 4912 cum
2808 4857 3135 4918 infidelibus.
3166 4861 3297 4930 Quae
3328 4866 3477 4923 enim
3505 4836 3681 4937 portio
3707 4870 3776 4940 ju-

552 4926 633 4981 lus
656 4926 835 4995 e/fudit
853 4930 1080 5001 phialam
1097 4950 1243 4988 suam
1256 4952 1410 5006 super
1419 4938 1588 4992 sedem
1603 4940 1796 5007 besticc,
1811 4951 1860 4997 et
1876 4926 2129 5002 obscura-

550 5028 659 5073 tum
691 5029 763 5074 est
789 5037 1001 5093 regnum
1024 5028 1166 5096 ejus,
1194 5036 1241 5080 et
1269 5028 1614 5085 comederunt
1643 5031 1845 5105 linguas
1872 5051 1992 5090 suas
2022 5053 2129 5108 pra

547 5112 740 5166 dolore.
768 5112 934 5169 Sedes
963 5116 1172 5184 bestiae,
1200 5119 1283 5175 vel
1304 5135 1525 5191 regnum
1550 5123 1685 5193 ejus,
1711 5134 1960 5198 tanquam
1982 5129 2128 5199 judi-

545 5202 707 5259 ciaria
740 5214 972 5274 potestas
1004 5208 1198 5265 dicitur
1220 5210 1339 5265 ideo
1361 5212 1722 5282 obtenebrari,
1751 5218 1876 5288 quia
1908 5226 2123 5276 :eternae

546 5292 815 5351 felicitatis
843 5300 1207 5356 contenebrati
1240 5301 1449 5368 ltctitia,
1487 5318 1608 5358 cum
1644 5306 1783 5362 bona
1833 5312 2120 5379 praesentia

544 5397 641 5451 pro
668 5399 877 5442 summa
908 5387 1157 5446 felicitate
1188 5391 1510 5461 possidendo
1538 5396 1872 5465 collaudant,
1896 5409 1950 5456 et
1980 5404 2122 5459 veri-

544 5484 708 5533 tatem
735 5479 786 5534 in
815 5480 1094 5553 iniquitate
1134 5484 1396 5552 detinent,
1422 5485 1627 5557 linguas
1649 5504 1773 5546 suas
1803 5496 2113 5550 comedunt.

545 5567 679 5625 lluic
709 5574 887 5628 sensui
921 5574 1159 5643 psalmus
1188 5576 1402 5647 (CXLIII)
1428 5578 1684 5645 concinit,
1725 5580 1943 5639 dicens:
1975 5585 2120 5651 Qun.

545 5674 661 5715 rum
713 5676 775 5718 os
821 5665 1053 5722 locutum
1101 5675 1186 5722 est
1231 5668 1550 5738 vanitatem,
1582 5678 1635 5723 ct
1673 5671 1890 5728 dextera
1930 5690 2116 5733 eorum

545 5754 760 5810 dextera
790 5755 1109 5827 iniquitatis,
1140 5767 1195 5816 et
1224 5744 1394 5829 (Paul.
1448 5760 1616 5836 mit)
1639 5802 1654 5829 ,
1694 5762 2029 5833 lniquitatem
2061 5768 2113 5826 in

2229 4942 2386 4998 Stitize
2409 4958 2531 5000 cum
2550 4946 2847 5021 iniquitate,
2879 4962 2971 5008 aut
2987 4969 3107 5024 quae
3134 4956 3368 5014 societas
3404 4960 3547 5018 lucis
3570 4965 3637 5019 ad
3665 4973 3779 5019 tene-

2230 5031 2390 5089 bras?
2420 5035 2551 5103 Quaa
2585 5048 2765 5096 autem
2816 5046 3110 5102 conventio
3137 5047 3337 5105 Christi
3364 5053 3433 5107 ad
3466 5054 3673 5112 Belial?
3711 5064 3777 5111 aut

2228 5140 2346 5193 qua:
2375 5142 2498 5195 pars
2537 5128 2823 5189 fidelicum
2874 5136 3117 5193 inﬁdeli?
3166 5140 3265 5208 Qui
3287 5153 3467 5201 autem
3506 5161 3777 5204 consensus

2228 5219 2427 5289 templo
2473 5220 2569 5277 Dei
2614 5238 2737 5279 cum
2768 5226 2963 5284 idolis?
3001 5229 3077 5284 lta
3093 5240 3149 5286 et
3196 5232 3301 5299 hic,
3333 5249 3458 5292 cum
3498 5238 3572 5295 de
3604 5254 3693 5296 ore
3728 5239 3778 5293 il«

2230 5310 2401 5367 lorum
2433 5313 2765 5374 immundum
2797 5321 3046 5390 spiritum
3087 5325 3139 5379 in
3171 5324 3387 5382 modum
3416 5329 3553 5387 dicit
3591 5334 3776 5404 prodire

2228 5417 2498 5473 ranarum,
2527 5420 2591 5462 ac
2616 5408 2661 5464 si
2690 5410 2924 5468 diceret:
2960 5413 3097 5479 Quid
3129 5424 3306 5472 autem
3330 5432 3550 5478 omnum
3580 5439 3774 5494 compa-

2226 5510 2315 5553 res
2339 5499 2476 5555 caelo
2493 5501 2632 5571 quod
2656 5506 2902 5561 convenit
2926 5505 3238 5565 habitationi
3259 5526 3512 5571 ranarum
3543 5525 3766 5588 tanquam

2228 5588 2512 5647 horrendis
2572 5595 3052 5668 pseudoprophetm
3121 5601 3520 5673 blasphemiisi
3574 5609 3771 5664 Tantum

2225 5679 2425 5739 distare
2452 5698 2698 5742 asserens
2727 5688 2976 5746 doctores
3007 5690 3249 5749 veritatis
3269 5738 3285 5759 ,
3336 5706 3595 5765 quantum
3636 5714 3769 5754 ranas

2233 5773 2299 5830 ab
2331 5774 2649 5836 hominibus
2677 5782 2897 5855 sanctis,
2928 5792 2987 5840 ut
3010 5783 3171 5842 etiam
3197 5785 3289 5858 qui
3316 5787 3497 5846 idonei
3524 5808 3629 5850 non
3665 5800 3767 5847 sunt
