3974 6448
180 361 278 418 8θῖ

1204 350 1642 411 COMMENTAR.
1685 348 1750 404 lN
1789 344 2162 408 APOCALYP.
2207 344 2330 399 LIB.
2376 342 2455 398 IV.

3338 344 3438 400 898

181 476 299 548 eius
328 470 541 528 fraudes
574 469 808 539 potentia
832 466 1176 524 discretionis
1218 465 1563 537 repellendas
1585 480 1753 535 agno-
1784 465 1835 524 Α
1864 476 2126 530 namque:
2153 458 2219 514 Et
2241 462 2466 514 civitates
2492 459 2716 529 gentium
2735 459 3047 514 ceciderunt.
3085 458 3137 513 Id
3170 468 3253 517 est
3279 475 3439 516 omne

185 580 357 637 scere,
387 579 635 621 ranarum
674 563 868 618 saltem
920 561 1143 617 horrore
1189 560 1422 630 perculsi
1472 559 1605 613 tales
1642 566 1759 611 stu—

184 661 348 715 deant
401 656 665 719 devitarc,
705 655 796 724 qui
841 654 1156 708 sicut'rana:
1185 654 1401 721 ignaros
1436 650 1756 720 impediunt,

184 763 255 802 ne
303 747 486 816 quieto
535 744 837 799 devotionis
901 744 1048 798 cuitu
1101 741 1402 813 percipiant
1454 742 1761 796 veritatem.

186 837 323 891 Sunt
349 836 483 889 enim
515 834 884 888 dmoniorum
918 833 1153 900 spiritus,
1182 831 1372 899 inquit,
1395 830 1543 899 signa
1570 829 1766 897 facien-

186 939 282 983 tes.
319 926 420 994 Ipsi
447 926 611 989 enim,
661 928 800 980 sicut
846 924 1008 978 etiam
1060 924 1195 993 magi
1230 922 1521 977 Pharaonis
1562 919 1760 989 (Exod.

184 1017 298 1084 vn),
328 1010 581 1071 credendi
613 1025 740 1070 sunt
767 1015 920 1084 signa
950 1014 1161 1069 facturi.
1204 1013 1313 1068 Nec
1354 1014 1626 1067 immerito
1665 1025 1762 1065 eo-

186 1120 306 1160 rum
335 1105 599 1172 meminit,
626 1105 762 1159 facta
779 1105 1057 1159 mentione
1075 1118 1350 1179 ranarum,
1373 1103 1475 1156 nisi
1489 1101 1765 1155 ministros

188 1196 400 1251 Satana:
452 1205 579 1249 tunc
625 1210 835 1265 quoque
881 1194 1196 1263 prtediceret
1256 1192 1449 1246 similia
1497 1191 1649 1261 signa
1684 1191 1764 1243 la-

188 1295 392 1353 cturos,
423 1300 587 1354 usque
615 1285 682 1339 ad
717 1286 928 1354 signum
977 1286 1124 1339 enim
1171 1297 1422 1357 ranarum
1464 1283 1575 1336 suis
1622 1279 1765 1350 magi

186 1377 642 1433 incantationibus
672 1377 853 1431 valere
883 1375 1133 1445 permissi
1166 1383 1312 1428 sunt.
1360 1372 1431 1425 Et
1461 1383 1664 1427 exeunt
1697 1373 1765 1425 ad

186 1483 327 1540 reges
354 1467 508 1520 totius
552 1476 699 1520 teme
728 1470 1052 1520 cantrahere
1084 1463 1203 1518 illos
1250 1462 1305 1516 in
1344 1476 1579 1532 pugnam
1609 1478 1622 1512 :
1652 1475 1759 1515 non

184 1557 329 1627 quod
353 1571 416 1611 es
448 1565 563 1611 toto
582 1558 713 1610 orbe
734 1556 800 1609 ad
818 1571 978 1609 unum
1004 1555 1179 1608 locum
1202 1553 1478 1623 colligant,
1508 1552 1602 1606 sed
1623 1551 1764 1621 quod

185 1661 616 1716 unamquamque
638 1653 854 1716 gentem
897 1627 950 1699 in
987 1645 1107 1699 loco
1136 1643 1479 1699 habitationis
1510 1659 1620 1697 sua:
1650 1644 1762 1698 suis

185 1750 400 1809 captam
423 1739 590 1794 velint
617 1739 1087 1808 superstitionibus
1103 1738 1353 1794 militare.
1380 1736 1437 1791 In
1452 1737 1588 1790 diem
1613 1736 1764 1790 illum

1866 553 2029 605 robur
2062 550 2359 619 llduciaque
2383 548 2683 617 gentilium,
2705 558 2751 602 et
2776 547 3006 617 Babylon
3030 546 3121 603 illa
3143 565 3330 620 magna
3358 565 3442 604 re-

1865 640 2086 696 cordata
2115 642 2214 695 sub
2241 651 2530 709 conspectu
2570 638 2665 694 Dei
2698 641 2849 693 venit.
2883 639 3171 695 Confusam
3195 640 3443 711 designat

1870 735 2108 790 omnium
2139 734 2529 788 multitudinem
2567 732 2920 801 perditorum.
2951 733 3018 788 Ut
3044 733 3216 799 daret,
3246 733 3443 801 inquit,

1863 828 1913 882 ei
1944 827 2010 882 de
2034 828 2156 880 vino
2178 827 2269 879 ira:
2288 841 2400 880 sua:
2429 824 2819 895 indignationis.
2853 824 3056 879 Debita:
3099 824 3316 878 ultionis
3351 838 3437 879 re-

1865 918 2083 972 tributio
2112 917 2267 971 malis
2296 915 2449 970 reddi
2484 916 2874 983 prmscribitur.
2932 915 3001 969 Et
3027 930 3216 969 omnes
3245 913 3438 967 insulre

1866 1007 2115 1078 fugerunt
2140 1016 2186 1061 et
2214 1020 2401 1061 omnes
2435 1016 2629 1059 montes
2660 1022 2760 1059 non
2793 1015 2913 1060 sunt
2961 1006 3174 1060 inventi.
3216 1004 3444 1058 Nomine

1869 1100 2164 1153 insularum
2196 1096 2351 1150 simul
2378 1110 2440 1149 ac
2468 1096 2749 1160 montium,
2780 1095 3033 1149 Ecclesiae
3065 1096 3321 1166 liguratur
3349 1108 3439 1148 en-

1867 1191 2035 1260 gnitio
2082 1198 2300 1259 propter
2339 1188 2641 1242 stabilitatis
2688 1188 3059 1251 eminentiam,
3105 1186 3300 1257 quibus
3350 1200 3443 1253 per

1869 1283 2055 1336 Ianiam
2080 1281 2277 1335 dicitur
2305 1277 2459 1351 (Cap.
2492 1280 2642 1347 xxrv)
2678 1294 2693 1333 ε
2728 1279 2784 1333 1η
2838 1278 3099 1332 doctrinis
3143 1277 3437 1347 glorificate

1868 1372 2174 1433 Dominum,
2207 1371 2259 1426 in
2288 1371 2479 1425 insulis
2507 1370 2671 1424 maris
2690 1385 2882 1424 nomen
2904 1369 3115 1423 Domini
3134 1369 3227 1423 Dei
3254 1367 3440 1423 Israel.

1868 1462 2104 1531 itemque
2127 1459 2278 1532 (Isai.
2310 1460 2368 1530 ιι)
2400 1478 2413 1516 :
2441 1460 2506 1513 Et
2535 1461 2637 1514 erit
2674 1460 2725 1514 in
2757 1459 3064 1514 novissimis
3088 1458 3278 1514 diebus
3300 1474 3441 1528 pra:-

1864 1562 2084 1622 paratus
2106 1567 2259 1606 mons
2281 1551 2471 1606 domus
2494 1551 2706 1605 Domini
2745 1566 2907 1613 super
2948 1553 3224 1605 cacumina
3282 1566 3435 1606 mon-

1871 1646 2022 1698 tium.
2057 1643 2202 1713 Fuga
2232 1642 2345 1697 haec
2373 1641 2583 1710 quando
2628 1642 2888 1696 malorum
2946 1645 3176 1696 societas
3222 1642 3302 1696 sic
3348 1656 3442 1709 po-

1870 1745 2070 1789 stremo
2098 1734 2344 1803 fugietur,
2369 1743 2427 1787 ut
2456 1733 2543 1787 illa
2565 1734 2820 1802 deinceps
2846 1734 3109 1789 Ecclesire
3132 1748 3252 1788 cum
3286 1734 3444 1789 malis

186 1846 429 1899 magnum
450 1829 808 1903 omnipotentis
852 1827 968 1882 Dei.
1004 1829 1126 1883 Dies
1155 1827 1365 1883 Domini
1395 1841 1493 1897 pro
1519 1826 1760 1882 locorum
1793 1834 1841 1895 Β
1869 1843 1975 1883 non
2024 1825 2327 1882 inveniatur
2367 1824 2588 1879 confusa
2648 1827 2960 1894 permixtio.
2997 1826 3130 1879 llinc
3175 1824 3437 1893 Propheta

186 1918 495 1973 diversitate
520 1918 679 1973 debet
708 1917 956 1986 intelligi.
998 1918 1302 1988 Aliquando
1331 1918 1475 1972 enim
1525 1931 1621 1985 pro
1651 1925 1763 1971 toto

187 2018 430 2079 tempore
473 2023 501 2061 a
531 2009 778 2077 passione
809 2008 1045 2073 Domini,
1077 2007 1169 2078 qui
1210 2007 1376 2062 futuri
1425 2017 1553 2062 sunt
1575 2007 1764 2061 ultimo

186 2098 382 2170 judicio
403 2098 769 2166 condemnati,
795 2114 937 2153 nunc
971 2101 1286 2169 congregari
1318 2099 1596 2165 dicuntur,
1622 2113 1688 2153 ac
1713 2098 1760 2153 si

188 2190 390 2246 diceret
416 2191 727 2261 prarparari.
747 2191 1045 2259 Aliquando
1074 2193 1215 2247 diem
1232 2192 1467 2261 Domini,
1499 2192 1646 2247 diem
1674 2191 1767 2260 ju-

188 2282 314 2338 dicii
343 2290 556 2353 oportet
585 2283 845 2353 intelligi;
875 2283 1165 2353 aliquando
1206 2283 1597 2351 persecutionis
1626 2293 1762 2337 tem-

188 2390 289 2448 pus
316 2392 329 2427 :
361 2374 500 2429 unde
528 2373 872 2429 manilestum
923 2382 1028 2439 est,
1059 2389 1153 2443 per
1182 2382 1350 2429 totum
1399 2387 1608 2443 tempus
1639 2374 1764 2428 vitae

188 2467 469 2539 praesentis
502 2467 806 2538 hujusmodi
836 2466 1081 2521 homines
1110 2467 1445 2538 congregari.
1478 2466 1583 2534 Qui
1621 2465 1768 2520 venit

188 2560 369 2615 subito
396 2560 524 2614 sicut
553 2561 657 2631 fur.
691 2560 827 2615 Hinc
850 2560 1139 2629 Apostolus
1161 2558 1216 2628 (l
1246 2558 1397 2615 Thes.
1420 2562 1497 2629 v),
1526 2560 1664 2615 sicut
1684 2560 1766 2614 fur

190 2652 245 2707 in
276 2659 455 2718 nocte,
486 2651 677 2720 inquit,
709 2650 781 2705 ita
822 2652 1027 2704 veniet.
1057 2649 1248 2704 Beatus
1276 2652 1366 2719 qui
1396 2650 1572 2720 vigilat
1596 2658 1641 2702 et
1671 2666 1765 2702 cu-

192 2744 349 2797 stodit
377 2745 669 2795 vestimenta
689 2757 800 2805 sua,
831 2756 894 2794 ne
914 2739 1079 2794 nudus
1103 2742 1346 2805 ambulet,
1379 2750 1424 2793 et
1455 2741 1631 2794 videat
1658 2750 1770 2791 tur-

195 2832 481 2904 pitudinem
518 2848 684 2887 suam.
709 2834 1045 2902 Quicunque,
1094 2833 1266 2901 inquit
1310 2831 1511 2902 (Colat.
1556 2830 1661 2903 ut),
1716 2833 1767 2886 in

193 2925 409 2980 Christo
436 2922 687 2994 baptizati
718 2923 869 2988 estis,
897 2923 1169 2978 Christum
1202 2922 1471 2977 induistis.
1504 2922 1627 2977 ΙΙωο
1643 2933 1770 2992 puto

193 3016 510 3071 vestimenta
530 3015 865 3070 immaculata
888 3015 973 3069 hic.
1003 3014 1367 3070 commendari
1393 3015 1686 3083 servanda,
1714 3024 1770 3068 ut

194 3121 294 3161 nec
318 3108 504 3160 iterato
532 3105 849 3174 baptismate
872 3105 1265 3168 rescindantur,
1290 3120 1387 3160 nec
1411 3106 1765 3173 reproborum

1871 1919 2082 1991 (Jerem.
2110 1919 2185 1987 LI)
2212 1936 2224 1971 :
2258 1917 2467 1988 Fugite,
2498 1917 2689 1986 inquit,
2720 1916 2790 1971 de
2835 1917 3013 1972 medio
3050 1916 3354 1987 Babylonis,
3387 1925 3444 1970 et

1866 2014 2068 2067 salvate
2111 2010 2480 2081 unusquisque
2522 2009 2730 2063 animas
2777 2019 3007 2063 vestras.
3056 2007 3206 2062 Tunc
3255 2016 3434 2061 autem

1870 2102 2153 2172 Babylonia
2178 2102 2342 2166 cadit,
2369 2101 2581 2171 quando
2628 2099 2919 2153 novissime
2954 2106 3271 2167 patestatem
3319 2111 3440 2165 per-

1869 2192 2124 2263 sequendi
2156 2202 2370 2247 sanctos
2400 2190 2690 2260 acceperit.
2749 2188 3034 2256 Pr0pterea
3064 2195 3190 2241 ante
3236 2187 3443 2244 ruinam

1870 2284 2197 2338 exaltabitur
2222 2284 2439 2354 (inquit)
2469 2297 2584 2348 cor,
2615 2292 2669 2338 et
2711 2292 2837 2336 ante
2865 2281 3087 2349 gloriam
3122 2279 3435 2334 humiliani-

1872 2384 1956 2428 tur
1985 2374 2225 2443 spiritus.
2286 2370 2354 2425 Et
2394 2374 2593 2441 grando
2618 2372 2801 2438 ingens
2852 2370 3034 2424 talenti
3077 2370 3331 2437 ponderis
3375 2369 3441 2422 de

1870 2465 1994 2518 mlo
2020 2479 2181 2533 super
2204 2463 2434 2516 homines
2464 2462 2592 2527 ruit,
2622 2471 2668 2514 et
2699 2462 3175 2532 blasphemaverunt
3216 2460 3445 2512 homines

1876 2556 2036 2610 Deum
2051 2565 2253 2626 propter
2277 2554 2485 2624 plagam
2514 2552 2806 2625 grandinis,
2824 2551 3066 2621 quoniam
3087 2566 3271 2621 magna
3294 2550 3445 2618 plaga

1872 2664 1900 2701 a
1929 2646 2189 2716 grandine
2220 2646 2357 2715 facta
2379 2653 2474 2697 est.
2508 2643 2645 2698 Iram
2674 2643 2890 2698 ultionis
2919 2643 2970 2694 in
2998 2641 3254 2711 grandine
3279 2642 3445 2710 ponit,

1872 2736 1939 2791 de
1968 2751 2071 2805 qua
2100 2736 2226 2789 alibi
2267 2735 2530 2804 legimus:
2576 2733 2655 2786 Ira
2687 2732 2897 2787 Domini
2929 2732 3069 2785 sicut
3118 2731 3323 2801 grando
3351 2732 3447 2786 de-

1874 2826 2161 2882 scendens.
2199 2827 2281 2880 Ab
2300 2829 2397 2880 bac
2423 2840 2482 2879 se
2509 2839 2635 2879 suos
2678 2827 2886 2879 munire
2928 2825 3187 2878 Dominus
3236 2824 3447 2891 pollice.

1876 2928 1979 2985 tur,
2014 2920 2201 2973 dicens
2240 2932 2334 2987 per
2378 2916 2691 2985 Apostolum
2743 2915 2792 2987 (1
2823 2916 2974 2969 Thes.
3008 2917 3080 2978 t):
3116 2914 3215 2981 Qui
3248 2915 3445 2983 eripuit

1876 3026 1976 3064 nos
2002 3009 2070 3064 ab
2102 3008 2179 3063 ira
2204 3018 2448 3062 ventura.
2500 3006 2609 3062 Nec
2659 3006 2926 3061 immerito
2979 3007 3160 3059 talenti
3201 3004 3450 3074 ponderis

1880 3112 2164 3168 memorat,
2215 3101 2318 3155 nisi
2366 3100 2503 3169 quod
2546 3099 2710 3153 divini
2741 3100 2984 3168 aequitate
3011 3098 3195 3167 judicii
3230 3113 3326 3166 pro
3366 3100 3447 3151 di-

195 3213 439 3268 respersa
469 3197 688 3253 maculis
715 3198 1080 3266 inquinentur.
1108 3198 1166 3250 In
1202 3206 1428 3265 utroque
1458 3198 1600 3251 enim
1632 3212 1767 3266 prm-
1800 3206 1847 3267 ο
1880 3191 2225 3246 versitatibus
2252 3190 2530 3257 culparum
2570 3189 2793 3258 singulis
2846 3188 3133 3257 iulligatur.
3166 3187 3447 3242 Talentum

195 3290 550 3345 varicatorum
598 3287 862 3358 detegitur
914 3287 1209 3357 turpitudo,
1251 3288 1769 3358 quant-vigilantius

194 3393 543 3449 perseverans
571 3378 770 3433 devitat
804 3380 1049 3434 intentio.
1083 3378 1149 3433 Et
1185 3378 1532 3449 congregavit
1559 3379 1677 3431 illos
1719 3378 1774 3431 in

197 3474 365 3525 locum
386 3471 473 3541 qui
503 3481 704 3524 vocatur
737 3468 992 3525 Hebraice
1022 3469 1407 3540 Armageddon.
1456 3468 1513 3523 In
1541 3468 1645 3523 alia
1681 3483 1774 3523 re-

196 3564 573 3632 capitulatione
621 3566 1000 3635 interpretatus
1037 3575 1121 3621 est
1165 3567 1340 3619 locum
1360 3602 1378 3630 ,
1407 3564 1597 3625 dicens
1627 3562 1767 3634 (qu.

196 3659 321 3726 xx):
353 3655 704 3727 Congregavit
723 3671 815 3711 eos
838 3657 889 3711 in
915 3655 1109 3711 bellum
1137 3672 1364 3725 quorum
1396 3666 1481 3712 est
1510 3671 1767 3711 numerus

196 3748 333 3803 sicut
359 3761 518 3801 arena
547 3748 729 3803 maris.
766 3747 831 3802 Et
859 3748 1105 3819 septimus
1145 3749 1360 3818 angelus
1398 3748 1581 3817 e/I‘utlit
1613 3749 1769 3817 phia-

198 3840 301 3892 lam
329 3854 474 3893 suam
512 3839 569 3892 in
610 3854 757 3905 aere,
796 3848 844 3893 et
893 3840 1043 3894 exivit
1070 3857 1168 3895 vos:
1206 3858 1394 3911 magna
1438 3841 1500 3897 de
1527 3842 1717 3910 templo
1744 3857 1776 3895 a

197 3929 401 3995 throno,
442 3929 653 3985 dicens:
689 3928 910 3984 Factum
939 3940 1013 3984 est
1047 3948 1060 3985 :
1094 3930 1326 3987 Finitqu
1358 3943 1465 3987 est.
1513 3931 1581 3987 Et
1627 3934 1767 4004 facta

197 4031 313 4075 sunt
336 4022 543 4092 fulgura
568 4030 617 4075 et
634 4036 796 4086 voces,
828 4031 873 4074 et
909 4022 1154 4087 tonitrua,
1178 4032 1225 4076 et
1255 4032 1472 4087 terrena,
1516 4034 1563 4077 et
1595 4034 1775 4077 terra:-

197 4122 384 4177 mofus,
414 4119 468 4166 et
495 4112 645 4181 signa
674 4124 883 4180 magna.
935 4110 1301 4181 Recapitulata
1339 4115 1529 4169 eadem
1584 4128 1775 4183 perse-

198 4206 434 4273 cutione,
455 4205 868 4261 commotionem
896 4205 1369 4275 incomparabilem
1400 4216 1687 4272 memorat,
1720 4208 1775 4262 in

199 4310 304 4365 qua
334 4296 586 4352 miracula
616 4305 670 4350 et
696 4295 1103 4365 praedicationes
1129 4296 1346 4366 quidem
1374 4296 1509 4352 dicit
1547 4298 1770 4365 inesse;

196 4388 294 4444 sed
322 4398 497 4442 utrum
531 4403 560 4441 a
602 4398 750 4457 parte
797 4389 1060 4442 bonorum
1114 4388 1335 4443 falsitati
1384 4390 1778 4445 contradicen-

200 4481 354 4545 tium,
386 4496 454 4534 an
479 4496 509 4534 a
538 4491 687 4548 parte
711 4482 976 4535 malorum
1004 4482 1092 4536 illa
1133 4482 1284 4551 signa
1310 4497 1428 4551 qua:
1472 4492 1767 4547 memorat,

198 4580 549 4644 perseverent
574 4571 641 4626 ad
670 4573 1027 4628 exercendum
1078 4575 1249 4631 bonos
1300 4584 1356 4631 et
1399 4576 1773 4633 obdurandum
1803 4576 1853 4638 Ι)

197 4663 392 4726 malos,
425 4678 491 4717 an
509 4678 577 4718 ex
601 4672 823 4734 utraque
850 4676 998 4734 parte
1026 4670 1179 4736 signa
1205 4667 1308 4722 sibi
1333 4668 1655 4724 altrinsecus
1683 4686 1781 4726 vo-

200 4767 348 4823 cant,
375 4772 489 4837 non.
516 4756 605 4811 hic
634 4757 765 4811 satis
810 4758 989 4813 elucet
1034 4759 1172 4815 sicut
1219 4775 1251 4813 a
1297 4761 1484 4833 Moyse
1526 4770 1580 4817 et
1609 4764 1777 4833 magis

202 4849 398 4903 factum
420 4854 499 4902 est
526 4846 1031 4918 Pharaonis(Exod.
1064 4852 1185 4920 vn).
1219 4852 1274 4908 Si
1303 4853 1428 4923 quid
1460 4860 1642 4910 tamen
1677 4855 1779 4910 ho-

201 4955 320 4996 rum
351 4940 437 5003 sit,
460 4940 619 4995 etiam
645 4940 815 5010 signa,
844 4940 982 4997 sicut
1014 4953 1403 5010 terrazmotum,
1431 4962 1775 5015 pramoscen-

204 5030 329 5085 dum
361 5040 463 5098 est,
493 5031 724 5086 instante
769 5030 954 5097 dubio,
1001 5035 1231 5103 amplius
1278 5037 1766 5105 incomparabiliter

204 5122 456 5177 emicare.
481 5120 547 5175 Et
568 5123 745 5176 civitas
771 5122 862 5177 illa
884 5140 1071 5192 magna
1098 5132 1150 5180 in
1173 5136 1272 5182 tres
1298 5139 1467 5195 partes
1489 5131 1659 5184 divisa
1681 5141 1775 5186 est.

204 5208 405 5267 Civitas
436 5227 623 5283 magna
656 5227 751 5283 pro
783 5214 1123 5271 multitudine
1145 5218 1461 5286 populorum
1486 5229 1540 5275 et
1575 5235 1769 5290 super-

207 5301 332 5355 cilio
372 5301 563 5372 factus,
592 5305 733 5374 quod
762 5305 1058 5361 immodicis
1080 5307 1300 5364 ausibus
1329 5309 1625 5375 ferebatur,
1659 5329 1781 5382 qua:

208 5394 299 5447 liet
325 5393 378 5446 in
412 5402 519 5449 tres
542 5402 751 5463 partes:
782 5410 939 5450 unam
970 5397 1308 5467 gentilitatis,
1337 5401 1561 5457 alteram
1595 5404 1646 5458 in
1669 5404 1781 5459 lue—

206 5480 387 5537 reticis
416 5491 470 5538 et
490 5483 543 5538 in
574 5482 793 5552 Iudaeis,
822 5496 873 5540 et
904 5503 1063 5542 unam
1095 5488 1312 5544 tertiam
1356 5505 1475 5561 qua:
1524 5495 1579 5547 lu
1628 5492 1780 5550 falsis

207 5574 461 5631 fratribus
486 5576 821 5645 reprobatur,
846 5579 935 5649 qui
967 5581 1288 5638 confitentur
1313 5598 1373 5639 se
1391 5599 1550 5641 nosse
1584 5587 1777 5654 Deum,

211 5666 367 5723 factis
394 5679 571 5724 autem
602 5679 800 5740 negant
818 5684 938 5726 cum
966 5672 1256 5730 abominati
1270 5676 1377 5732 sint
1404 5685 1459 5732 et
1481 5676 1769 5745 increduli,

208 5768 261 5812 et
289 5759 354 5815 ad
399 5774 557 5817 omne
585 5773 719 5831 opus
756 5761 951 5818 bonum
1005 5767 1218 5837 reprobi
1250 5767 1378 5841 (Tit.
1408 5768 1469 5839 ι).
1512 5768 1764 5842 Sequitur

1878 3284 2021 3337 enim
2054 3281 2274 3334 alterius
2299 3281 2440 3348 apud
2465 3278 2708 3344 Grzecos,
2739 3278 2959 3332 alterius
2993 3277 3132 3347 apud
3180 3278 3453 3332 llomanos

1878 3373 2193 3444 quantitatis
2240 3373 2596 3428 aestimatione
2642 3382 2915 3441 pensatur.
2970 3370 3167 3427 Verum
3194 3371 3315 3440 quia
3344 3370 3449 3426 alia

1885 3476 2007 3520 sunt
2039 3475 2274 3535 peccata,
2306 3464 2408 3518 alia
2437 3462 2664 3533 ﬂagella,
2693 3464 2792 3516 alia
2818 3474 3120 3532 utrumque,
3152 3461 3294 3516 unde
3314 3475 3454 3516 nunc

1879 3556 2157 3626 disputare
2185 3554 2497 3624 perlongum
2521 3563 2627 3617 est,
2658 3555 2743 3608 hic
2772 3554 3143 3623 blasphemare
3166 3552 3450 3608 Dominum

1878 3657 2098 3719 propter
2112 3647 2450 3720 grandinem,
2476 3657 2529 3702 et
2552 3657 2825 3715 peccatum
2849 3648 3192 3717 cognoscitur
3219 3657 3272 3704 et
3299 3647 3450 3717 plaga

1878 3741 2102 3810 peccati,
2134 3753 2237 3809 qua
2264 3739 2343 3794 s’c
2367 3738 2512 3805 impii
2546 3748 2819 3803 secantur,
2858 3749 2917 3792 ut
2949 3753 3049 3792 nec
3069 3737 3295 3792 correcti
3323 3736 3458 3793 resi-

1877 3831 2105 3900 piscant,
2134 3835 2189 3882 et
2220 3827 2350 3897 ipsis
2382 3827 2503 3893 plus
2538 3827 2852 3881 deteriorati
2898 3825 3122 3897 ﬂagellis
3162 3826 3454 3882 insaniant.

1870 3916 2037 3975 Isaias
2062 3919 2292 3989 denique
2316 3918 2477 3973 dicit:
2512 3918 2755 3989 Domine,
2789 3928 2845 3974 tu
2892 3920 3063 3974 iratus
3114 3933 3195 3989 es,
3246 3928 3302 3975 et
3326 3933 3455 3975 ecce

1877 4012 2212 4081 peccavimus
2243 4008 2376 4082 (Isa.
2402 4010 2568 4080 χινι).

1949 4138 2078 4192 CAP.
2129 4151 2258 4191 xvu.
2313 4137 2379 4189 Et
2419 4140 2552 4191 venit
2600 4154 2733 4192 unus
2776 4139 2837 4193 de
2884 4149 3072 4207 septem
3113 4140 3308 4211 angelis
3359 4140 3460 4194 ha-

1882 4226 2128 4281 bentibus
2154 4235 2343 4294 septem
2370 4225 2594 4296 phialas,
2617 4236 2664 4281 et
2692 4229 2891 4279 locutus
2911 4236 2985 4279 est
3008 4244 3228 4294 mecum,
3262 4229 3451 4282 dicens.

1888 4317 2040 4384 Veni,
2064 4317 2326 4372 ostendam
2346 4317 2433 4369 tibi
2447 4318 2823 4370 damnationem
2836 4319 3111 4370 meretricis
3139 4334 3354 4387 magna,
3378 4333 3459 4374 se-

1882 4410 2059 4464 dentis
2078 4424 2232 4478 super
2249 4424 2409 4477 aquas
2429 4408 2637 4462 multas.
2665 4408 2850 4463 Simile
2867 4408 3119 4477 quiddam
3150 4410 3216 4465 de
3239 4410 3455 4465 diabolo

1886 4499 2047 4554 Isaias
2066 4513 2277 4568 quoque
2305 4499 2456 4568 ponit
2482 4513 2640 4568 quem
2674 4498 2773 4553 sub
2789 4500 3009 4569 ﬁgurata
3045 4516 3271 4569 persona
3304 4502 3456 4570 prin-

1879 4592 2012 4660 cipis
2042 4589 2379 4660 Babylonica:
2394 4589 2634 4659 praedicit
2657 4590 2919 4644 ruiturum
2953 4588 3085 4662 (Isa.
3113 4591 3222 4663 stv)
3260 4611 3273 4646 :
3309 4594 3456 4659 Quo-

1881 4683 2042 4737 modo
2061 4681 2298 4738 cecidisti
2318 4682 2386 4737 de
2411 4682 2569 4748 cmlo,
2590 4680 2826 4750 Lucifer,
2864 4683 2953 4751 qui
2982 4698 3139 4738 mane
3161 4685 3459 4742 oriebaris?

1880 4784 1983 4832 etc.
2016 4774 2376 4831 Considerans
2416 4772 2648 4844 Spiritus
2703 4785 2920 4831 sanctus
2976 4790 3170 4845 corpus
3218 4778 3468 4832 omnium

1882 4866 2235 4934 perditorum,
2268 4865 2409 4933 quod
2431 4865 2660 4919 diversis
2688 4866 2929 4934 quidem,
2961 4866 3055 4920 sed
3079 4868 3331 4937 congruis
3358 4884 3468 4922 no-

1886 4956 2122 5009 minibus
2146 4954 2369 5019 vocitat,
2394 4954 2557 5009 variis
2585 4954 2694 5023 jam
2711 4956 2801 5009 diu
2833 4956 3228 5025 superbientem
3271 4972 3462 5011 exces-

1883 5048 2031 5104 sibus
2063 5046 2330 5115 progredi,
2362 5061 2428 5100 co
2448 5048 2649 5115 rrumpi
2692 5046 2925 5117 ﬂagitiis,
2973 5046 3352 5117 erroribusque
3385 5065 3463 5102 ra-

1885 5139 2047 5211 ptari,
2090 5146 2343 5204 tantaque
2373 5136 2642 5206 impietate
2668 5138 2878 5203 saevire,
2926 5146 2987 5191 ut
3032 5138 3250 5193 mitibus
3296 5140 3460 5193 etiam

1885 5232 2217 5293 adversetur,
2248 5243 2485 5298 congrua
2510 5230 2797 5297 petiturum
2825 5230 3326 5299 circumscriptione
3368 5230 3466 5283 de-

1884 5322 2071 5391 pingit,
2130 5319 2467 5376 meretricem
2509 5333 2727 5382 vocans,
2777 5318 2899 5388 quia
2945 5321 3134 5374 relicto
3177 5319 3456 5383 Creatore,

1888 5413 2220 5466 daemonibus
2250 5424 2309 5466 se
2340 5410 2610 5479 prostituit
2654 5416 3127 5480 conSIupramlam.
3180 5412 3443 5482 Magnam,

1886 5516 2105 5575 propter
2152 5504 2541 5559 immanitatem
2606 5504 3102 5572 praevaricationis,
3144 5519 3239 5572 per
3295 5519 3456 5574 quam

1886 5594 2088 5651 sanctis
2108 5594 2311 5650 diutius
2336 5592 2643 5647 insultabat.
2676 5592 2851 5660 Super
2874 5607 3043 5663 aquas
3086 5592 3306 5659 multas,
3361 5608 3459 5661 po-

1888 5683 2046 5754 pulos
2070 5684 2275 5739 scilicet
2301 5683 2515 5749 tnultos,
2554 5699 2671 5738 cum
2691 5700 2793 5754 qua
2823 5685 3067 5753 fornicati
3091 5693 3233 5750 sunt,
3266 5685 3459 5753 inquit,

1887 5791 2030 5848 reges
2052 5784 2225 5845 terra,
2257 5776 2308 5833 id
2339 5784 2421 5833 est
2466 5790 2628 5846 regna
2675 5787 2887 5836 terrena
2927 5776 3155 5849 superbe
3184 5786 3454 5849 petentes.
