3974 6490
506 390 606 448 899

1621 381 1915 440 PRIMASII
1957 379 2402 438 ADRUMETANI
2446 377 2654 436 EI’ISC.

3678 377 3780 432 900

504 507 597 563 Sic
621 512 799 561 autem
834 515 954 559 eam
986 503 1040 559 in
1070 514 1222 571 reges
1251 508 1305 555 et
1352 498 1646 567 terrigenas
1688 496 1901 556 dividit.
1927 503 1985 549 ut
2014 509 2079 549 ex
2116 496 2165 555 Α
2192 497 2243 548 in
2285 492 2471 547 decem
2518 490 2794 555 cornibus,
2826 489 3175 544 verisimilem
3205 487 3446 543 fraudem
3480 486 3535 541 in
3571 495 3780 557 septem

519 600 600 656 eis
623 614 744 655 eam
801 598 1032 652 existere
1086 594 1409 648 noverimus.
1445 588 1521 643 De
1564 590 1680 642 riuo
1725 588 2088 641 fornicationis

508 696 646 761 ejus.
680 690 960 746 Prmmissa
981 687 1231 741 vitiorum
1256 678 1525 737 insinuant
1545 679 1924 743 corruptelam,
1953 677 2092 731 sicut

511 783 653 837 enim
685 782 864 836 vinum
894 786 1125 832 mentem
1158 774 1388 839 extollit,
1424 774 1501 826 sic
1524 771 1687 825 libido
1715 770 1963 823 vitiorum
1992 783 2088 821 ex-

513 869 1056 929 cmcatnutabundos.
1097 865 1165 919 Et
1193 865 1349 919 duxit
1370 882 1469 928 me,
1500 863 1691 930 inquit,
1742 863 1794 914 in
1834 862 2091 913 desertum

514 963 568 1016 in
610 963 814 1031 spiritu.
874 960 1153 1013 Desertum
1206 956 1355 1025 ponit
1405 953 1713 1008 Divinitatis
1761 953 2091 1013 absentiam,

516 1051 667 1122 cujus
698 1050 981 1119 prtesentia
1024 1046 1305 1117 paradisus
1334 1053 1435 1098 est.
1470 1043 1523 1097 lu
1575 1044 1789 1112 spiritu,
1821 1043 1943 1111 quia
1989 1042 2097 1109 spi-

528 1147 631 1200 rilu
662 1151 889 1212 possunt
924 1142 1022 1196 ista
1052 1140 1308 1195 discerni.
1336 1137 1401 1191 Et
1425 1138 1526 1190 vidi
1554 1138 1815 1189 mulierem
1844 1135 2099 1188 sedentem

522 1252 676 1306 super
705 1234 916 1289 bestiam
961 1234 1265 1286 coccineum.
1300 1230 1356 1283 ln
1389 1229 1542 1298 cujus
1580 1242 1699 1282 eam
1762 1226 2097 1295 potissimum

522 1340 703 1382 sermo
723 1324 938 1379 divinus
962 1322 1141 1391 specie
1164 1321 1505 1383 subornaret,
1530 1320 1633 1371 nisi
1658 1317 1920 1381 mulieris,
1946 1333 1974 1370 a
1999 1330 2100 1383 qua

522 1417 736 1473 initium
790 1414 1020 1485 peccati,
1064 1423 1116 1469 et
1168 1420 1390 1484 prepter
1420 1426 1603 1479 quam,
1635 1418 1692 1464 ut
1732 1410 1989 1477 scriptum
2020 1417 2103 1461 est

523 1507 715 1580 (Eccli.
745 1508 895 1579 xxv),
923 1506 1182 1560 morimur
1204 1503 1427 1559 omnes?
1450 1504 1622 1571 Super
1662 1502 1886 1556 bestiam
1916 1500 2104 1555 sedere

521 1604 739 1672 dicitur,
771 1613 829 1658 ut
854 1610 980 1671 pote
1002 1600 1072 1656 de
1100 1616 1204 1670 qua
1235 1599 1375 1653 fastu
1406 1597 1843 1667 praesumptionis
1891 1594 2103 1649 extolli-

523 1707 633 1753 tur.
656 1697 997 1759 Coccineam,
1027 1704 1302 1750 cruentam
1354 1693 1608 1757 bestiam,
1662 1703 1719 1745 ut
1771 1692 1972 1745 dictum
2002 1698 2102 1753 est,

524 1803 723 1858 corpus
745 1804 882 1857 agno
905 1788 1257 1851 contrarium,
1290 1788 1342 1840 in
1371 1802 1477 1855 quo
1501 1800 1639 1840 nunc
1670 1785 1938 1853 diabolus,
1967 1798 2107 1837 nunc

2197 586 2459 655 capitibus
2498 584 2819 653 designavit.
2861 581 3149 649 Propterea
3176 589 3229 634 et
3262 581 3563 635 vehemens
3590 579 3781 633 eadem

2197 675 2498 746 persecutio
2552 674 2730 728 futura
2765 673 3092 742 prmdicitur,
3126 672 3179 725 in
3207 686 3311 739 qua
3349 679 3405 725 et
3434 686 3524 725 ars
3558 671 3779 725 fallendi

2198 768 2452 837 potentite
2478 763 2833 835 suffragatur;
2864 774 2916 818 et
2943 763 3085 833 quod
3118 762 3444 816 simulationi
3475 762 3653 816 deerit
3684 776 3782 831 po-

2198 866 2390 913 testate
2419 855 2711 923 suppletur.
2748 854 2918 922 llujus
2959 854 3225 923 praestigia
3281 852 3487 907 fraudis
3531 855 3789 922 superius

2201 956 2482 1013 memorat,
2506 947 2688 1001 dicens
2715 962 2727 997 :
2758 946 2823 999 Et
2848 960 3009 998 unum
3027 954 3189 1013 caput
3209 960 3275 999 cx
3298 944 3569 1013 capitibus
3583 956 3786 1016 septem

2200 1039 2351 1109 quasi
2369 1042 2601 1093 occisum
2626 1037 2783 1091 fuerit
2807 1036 2873 1090 ad
2900 1047 3148 1100 mortem,
3180 1043 3236 1089 et
3266 1042 3419 1105 plaga
3450 1036 3645 1091 mortis
3676 1034 3787 1104 ejus

2201 1137 2382 1185 curata
2406 1139 2507 1195 est,
2538 1128 2589 1181 id
2621 1137 2724 1193 est,
2753 1143 2815 1181 ex
2866 1127 3121 1181 universo
3176 1136 3457 1195 potentatu
3506 1128 3787 1180 saecularis

2202 1213 2363 1288 regni
2401 1218 2652 1274 Ecclesia:
2691 1221 3023 1272 contrarium
3064 1226 3146 1272 est
3185 1232 3348 1271 unum
3372 1226 3561 1286 caput,
3600 1216 3656 1270 id
3708 1230 3783 1272 e~t

2206 1314 2589 1376 Antichristus,
2629 1314 2716 1379 qui
2750 1328 2807 1366 se
2841 1326 2936 1380 pro
2965 1312 3179 1366 Christo
3220 1312 3333 1363 vult
3375 1312 3607 1377 suscipi,
3641 1327 3783 1363 azse-

2207 1416 2331 1457 rens
2354 1416 2413 1456 se
2443 1401 2591 1469 quasi
2624 1409 2889 1454 mortuum
2917 1401 3331 1464 revixissc,eum
3355 1400 3613 1453 incautos
3637 1414 3779 1468 qure.

2207 1494 2333 1548 rita
2364 1493 2600 1555 Christo,
2653 1493 2740 1562 qui
2798 1508 2923 1547 vere
2974 1500 3213 1545 mortuus
3258 1498 3342 1544 est
3379 1500 3435 1544 et
3464 1492 3784 1551 resurrexit.

2213 1586 2375 1656 impie
2404 1598 2677 1654 separare.
2709 1584 2785 1638 De
2832 1585 2935 1638 hoc
2979 1582 3139 1639 etiam
3174 1583 3511 1651 prarmiserat
3556 1582 3700 1650 quod
3746 1584 3788 1633 ei

2212 1677 2397 1741 draco,
2432 1675 2484 1729 id
2518 1684 2601 1729 est
2631 1674 2895 1737 diabolus,
2926 1673 3175 1728 virtutem
3207 1688 3358 1725 suam
3402 1683 3461 1727 et
3516 1673 3728 1727 dederit
3746 1687 3788 1727 et

2212 1769 2465 1823 thronum
2490 1776 2543 1821 et
2572 1776 2889 1836 potestatem
2920 1781 3199 1835 magnam:
3230 1765 3435 1819 idcirco
3480 1773 3537 1818 et
3588 1766 3783 1833 plenam

527 1847 685 1948 cap,"
709 1847 857 1932 νεῖαι
883 1879 1143 1943 occisum,
1190 1847 1331 1930 mine
1355 1847 1470 1945 eius
1495 1874 1840 1944 accipiemus
1889 1847 1972 1929 eg,
2024 1890 2112 1942 po.
2145 1869 2187 1929 Β
2216 1858 2343 1913 dicit
2374 1858 2676 1913 nominibus
2694 1847 3069 1926 blasphemiae.
3098 1857 3343 1911 Deterior
3368 1866 3553 1911 autem
3576 1858 3785 1911 inveniri

528 1969 705 2040 pulus,
735 1968 879 2039 quod
904 1976 1073 2022 totum
1095 1967 1332 2036 Babylon
1362 1974 1469 2032 est,
1491 1966 1543 2020 id
1572 1976 1653 2020 est
1680 1966 1943 2020 confusio.
1974 1963 2111 2020 Coc-

530 2065 734 2117 cineam
763 2062 941 2129 itaque
965 2060 1237 2123 impietate
1262 2068 1560 2123 cruentam,
1593 2065 1645 2111 et
1672 2056 2111 2127 corruptionibus

531 2160 779 2223 tanquam
825 2152 1174 2221 sanguinibus
1212 2151 1531 2215 debriatam,
1566 2150 1769 2218 plenam
1822 2148 2111 2202 nominibus

530 2242 877 2312 blasphemiae,
900 2256 1022 2296 cum
1048 2242 1166 2310 plus
1180 2242 1245 2295 sit
1268 2255 1431 2311 opere
1452 2238 1708 2309 perficere
1724 2239 2111 2308 blasphemiam

531 2346 686 2404 quam
732 2332 912 2387 vocari
959 2332 1327 2400 blasphemus,
1378 2331 1467 2385 hic
1515 2339 1689 2384 tamen
1730 2331 1891 2385 etiam
1916 2346 2034 2384 eam
2060 2329 2112 2384 in

533 2423 690 2493 pleno
718 2422 845 2477 dicit
873 2423 1148 2477 abundare
1177 2422 1507 2489 nominibus,
1546 2432 1600 2476 ut
1631 2437 1965 2492 nequaquam
1998 2422 2112 2491 ejus

535 2520 747 2582 putetur
775 2512 968 2567 deesse
996 2504 1330 2568 excessibus.
1366 2514 1431 2565 Et
1458 2514 1581 2581 quia
1605 2514 1743 2566 aliud
1776 2523 1860 2567 est
1887 2528 2113 2583 peccare

536 2603 668 2669 Deo,
717 2603 864 2657 aliud
900 2611 982 2658 est
1027 2618 1249 2673 peccare
1293 2604 1345 2658 in
1376 2603 1563 2669 Deum,
1605 2603 1695 2673 qui
1740 2604 2109 2674 blaSphemat,

537 2695 795 2764 ampliore
824 2695 876 2750 in
920 2695 1083 2750 Deum
1131 2703 1281 2750 reatu
1310 2695 1592 2765 delinquit.
1628 2694 1913 2750 Habentcm
1943 2697 2116 2766 capita

538 2794 729 2854 septem
758 2794 805 2841 et
834 2803 1031 2841 cornua
1059 2788 1250 2841 decem.
1271 2787 1652 2842 Persecutione
1682 2788 1969 2843 novissima
2002 2803 2118 2857 pro-

540 2887 784 2946 perante,
808 2878 992 2935 decem
1024 2893 1182 2948 reges
1206 2878 1411 2933 futuros
1437 2880 1605 2933 sancti
1646 2894 1859 2948 quoque
1883 2880 2117 2935 Danielis

539 2969 816 3038 prophetia
866 2978 1091 3025 testatur
1146 2969 1308 3041 (Dan.
1338 2971 1459 3041 vtt).
1521 2971 1629 3026 llos
1664 2988 1807 3027 nunc
1834 2973 1889 3026 in
1913 2984 2118 3043 septem

542 3058 808 3126 capitibus
840 3070 895 3114 et
936 3060 1122 3115 decem
1165 3061 1421 3124 cornibus
1472 3062 1656 3116 bestias
1688 3062 1776 3117 hic
1819 3064 1953 3118 liber
1976 3079 2120 3133 saepe

539 3148 805 3219 designat,
835 3165 993 3219 super
1020 3166 1152 3220 quos
1181 3150 1302 3207 ideo
1329 3151 1575 3221 superius
1602 3151 1763 3207 etiam
1806 3154 2112 3210 diademata

2215 1970 2318 2008 non
2351 1960 2526 2022 potest
2548 1950 2898 2019 blasphemia,
2932 1964 3092 2019 quam
3127 1959 3182 2003 ut
3210 1948 3520 2003 contrarius
3564 1949 3782 2014 Christi»,

2213 2045 2354 2116 quod
2377 2054 2429 2100 et
2452 2058 2644 2098 nomen
2678 2043 2793 2112 ejus
2825 2041 3180 2096 Antichristus
3210 2042 3434 2107 indicat,
3471 2055 3533 2094 se
3556 2042 3685 2095 velit
3709 2041 3781 2093 hs;

2214 2144 2328 2199 beri
2355 2158 2453 2213 pro
2480 2142 2691 2198 Christo
2716 2182 2730 2207 ,
2772 2150 2829 2194 ut
2859 2154 2991 2207 quos
3017 2154 3122 2193 non
3170 2145 3347 2207 potest
3385 2136 3661 2191 violenter
3682 2146 3789 2189 'ter.

2216 2236 2427 2292 roribus
2451 2234 2714 2303 frangere,
2753 2233 3066 2286 adumbrata
3116 2231 3328 2284 studeat
3372 2230 3607 2282 ierittte
3654 2229 3788 2282 sedu-

2214 2344 2376 2393 cere;
2411 2335 2465 2381 et
2493 2333 2733 2395 apertum
2778 2323 3110 2377 declinantes
3131 2336 3392 2384 errorem,
3451 2321 3789 2374 verisimiiem

2216 2419 2491 2475 incurrere
2533 2417 2742 2471 addicat
2774 2414 3076 2470 falsitatem.
3130 2412 3278 2466 llanc
3305 2411 3580 2467 Dominus
3606 2422 3785 2481 pestem

2217 2523 2272 2574 in
2342 2516 2631 2588 Evangelia
2702 2513 2883 2568 docuit
2940 2500 3377 2583 praecavendum,
3428 2511 3560 2565 haec
3620 2512 3783 2567 dicens

2221 2611 2433 2684 (Matth.
2464 2626 2576 2672 xu;
2605 2608 2727 2662 Luc.
2762 2607 2840 2676 χι)
2868 2606 3034 2661 :Cum
3064 2604 3369 2657 immundus
3399 2604 3640 2672 Spiritus
3665 2608 3791 2659 exie-

2218 2706 2287 2759 rit
2318 2704 2384 2757 ab
2409 2702 2647 2763 homine,
2679 2700 2917 2753 ambulat
2946 2713 3042 2767 per
3073 2698 3187 2751 loca
3218 2696 3479 2765 inaquosa
3509 2736 3526 2763 ,
3563 2712 3793 2766 qucerens

2220 2792 2482 2862 requiem,
2510 2800 2563 2847 et
2597 2806 2704 2844 non
2736 2789 2953 2852 invenit,
2978 2795 3032 2843 et
3053 2786 3219 2840 dicit:
3255 2786 3459 2839 Vadam
3496 2788 3561 2839 ad
3592 2788 3798 2841 domum

2218 2903 2389 2942 meam
2430 2886 2569 2940 unde
2593 2884 2768 2949 exivi;
2817 2894 2871 2937 et
2904 2893 3029 2935 tunc
3059 2881 3205 2934 vadit
3256 2888 3310 2935 et
3350 2881 3569 2933 assumit
3612 2895 3799 2934 secum

2218 2986 2421 3043 septem
2443 2975 2576 3029 alios
2607 2972 2825 3041 Spiritus
2854 2972 3133 3039 nequ'ores
3178 2984 3269 3036 se,
3312 2978 3368 3024 et
3400 2970 3646 3022 infraue;
3690 2972 3759 3021 ha
3779 2998 3799 3008 -

2219 3067 2388 3123 bitant
2418 3066 2513 3129 ibi,
2547 3072 2601 3119 et
2649 3066 2782 3118 fiunt
2821 3063 3112 3117 novissima
3159 3060 3391 3115 hominis
3421 3059 3559 3113 iliius
3600 3057 3797 3127 pejora

2221 3156 2507 3225 prioribus.
2537 3153 2725 3209 Nonne
2753 3152 2818 3207 de
2848 3165 2953 3206 uno
3008 3151 3196 3222 spiritu
3249 3150 3519 3205 immundo
3558 3150 3803 3217 superius

539 3254 659 3296 esse
691 3242 843 3307 dicit,
886 3243 1027 3312 quod
1076 3243 1255 3311 regnis
1282 3244 1533 3298 omnibus
1582 3245 1950 3314 interemptis,
2017 3246 2116 3300 soli
2146 3243 2191 3305 C
2227 3246 2578 3317 loquebatur?
2598 3243 2706 3300 Cur
2730 3243 2862 3297 alios
2891 3250 3095 3311 septem
3120 3244 3405 3311 nequiores
3430 3256 3490 3295 se
3515 3240 3683 3306 dixit,
3704 3243 3802 3295 nisi

542 3342 795 3403 poterunt
825 3334 879 3388 in
914 3342 1025 3389 toto
1073 3335 1203 3389 orbe
1246 3350 1493 3405 regnare.
1545 3335 1885 3391 Devictorum
1924 3336 2122 3405 quippe

542 3426 691 3495 signa
716 3440 1000 3495 regnorum
1034 3424 1360 3491 diademata,
1391 3437 1450 3481 ut
1492 3435 1692 3495 tr0pzea
1722 3429 1968 3496 snperbis
1991 3427 2123 3481 dicit

542 3517 785 3586 praeferri
812 3518 1099 3587 capitibus.
1152 3518 1442 3588 Propterea
1491 3530 1667 3574 autem
1714 3528 1919 3588 septem
1949 3520 2124 3590 capita

543 3620 749 3682 septem
777 3621 1006 3677 montes,
1042 3626 1136 3680 per
1164 3612 1442 3680 sapientiae
1475 3626 1692 3666 sensum
1725 3622 1907 3666 monet
1936 3626 2125 3668 conse-

545 3712 769 3774 quenter
798 3703 1039 3770 intelligi,
1067 3710 1126 3755 ut
1156 3701 1377 3755 Romam
1403 3715 1522 3769 qum
1550 3716 1716 3769 super
1737 3710 1938 3769 septem
1972 3716 2123 3755 mou-

546 3807 628 3851 tes
651 3794 899 3866 praesidet
927 3794 1253 3865 signiﬁcans,
1286 3794 1433 3847 omni
1464 3793 1606 3861 quod
1644 3794 1772 3848 orbe
1800 3795 2126 3849 monarchia:

547 3886 757 3954 prtefuit
782 3884 1074 3949 dominatu,
1110 3884 1176 3938 ad
1211 3882 1435 3937 istorum
1469 3898 1690 3952 regnum
1721 3882 2128 3939 similitudinem

548 3976 879 4042 adduxisset,
905 3979 1033 4031 etin
1067 3975 1253 4029 Romae
1298 3976 1515 4030 nomine
1556 3974 1715 4030 totius
1747 3977 1895 4046 regni
1940 3985 2128 4044 poten-

552 4068 677 4120 tiam
706 4067 979 4136 figuraret.
1011 4067 1330 4135 Septenario
1364 4066 1506 4121 enim
1540 4080 1763 4119 numero
1808 4067 2130 4122 universita-

555 4167 660 4214 tem
682 4158 852 4214 voluit
878 4159 1048 4229 ipsius
1069 4158 1447 4213 dominationis
1474 4157 1780 4226 05tendere,
1810 4172 1875 4213 eo
1901 4158 2041 4228 quod
2066 4175 2131 4214 ex

554 4251 788 4306 ternario
817 4262 866 4306 et
896 4251 1257 4320 quaternario,
1285 4250 1335 4303 id
1367 4258 1450 4304 est
1479 4263 1541 4303 ex
1569 4249 1759 4317 impari
1788 4257 1843 4304 et
1865 4249 1978 4318 pari
2009 4258 2129 4303 tan-

555 4344 712 4410 qu‘atn
742 4356 808 4397 ex
840 4340 1058 4397 diverso
1088 4340 1385 4407 confectus,
1426 4339 1828 4394 universitatem
1868 4341 2129 4407 insinuet,

555 4434 693 4489 sicut
716 4434 848 4488 satis
876 4446 1144 4502 superque
1164 4431 1273 4500 jam
1297 4430 1498 4485 dictum
1521 4440 1626 4497 est,
1654 4431 1794 4499 quod
1820 4430 1888 4485 de
1918 4440 2126 4500 septem

556 4523 809 4577 Ecclesiis
848 4524 899 4575 in
955 4522 1098 4577 bono
1142 4522 1504 4590 praemisimus
1552 4519 1797 4589 figuram,
1848 4535 1970 4575 cum
2022 4535 2129 4576 una

557 4609 753 4666 Chris'ti
783 4612 1021 4666 Ecclesia
1052 4613 1439 4679 praenuntiatur
1468 4612 1654 4666 orbem
1687 4626 2000 4680 possessura
2021 4623 2129 4667 ter-
2162 4609 2215 4671 D

559 4718 759 4772 rarum,
784 4718 905 4758 cum
938 4718 1078 4757 nunc
1104 4703 1245 4757 idem
1274 4717 1530 4759 numerus
1565 4718 1630 4757 ex
1676 4703 1904 4758 adverso
1933 4707 1985 4759 in
2016 4706 2133 4760 istis

557 4811 692 4866 quos
730 4803 993 4850 memorat
1034 4805 1240 4863 septem
1276 4796 1541 4865 capitibus
1593 4795 1806 4851 videtur
1827 4800 2046 4867 apponi,
2081 4801 2134 4854 in

559 4888 754 4958 quibus
775 4886 1073 4958 significata
1102 4888 1455 4943 universitate
1485 4888 1737 4956 potentias
1777 4888 1893 4944 fore
1939 4890 2137 4948 dicitur

558 4981 874 5050 principari,
903 4992 957 5036 et
983 4981 1037 5035 in
1069 4982 1211 5036 bono
1238 4982 1402 5049 enim,
1441 4992 1493 5037 et
1519 4984 1570 5038 in
1599 4985 1745 5039 malo
1770 4988 2132 5054 septenarium

558 5088 837 5128 numerum
864 5074 1172 5144 frequenter
1202 5074 1329 5143 poni
1357 5086 1539 5131 sancta
1573 5079 1847 5150 Scriptura
1882 5088 2132 5136 testatur.

557 5166 690 5220 Nam
712 5180 834 5221 cunt
862 5166 1091 5236 Spiritus
1117 5176 1331 5223 sanctus
1358 5182 1453 5236 pro
1474 5172 1773 5240 septenaria
1797 5174 2131 5241 operatione,

559 5258 693 5314 Isaia
734 5261 992 5331 propheta
1048 5269 1277 5318 testante
1320 5261 1456 5333 (Isa.
1511 5266 1610 5335 xi),
1658 5266 1987 5336 septiformis
2016 5284 2135 5324 esse

558 5353 875 5409 credaturin
905 5354 1066 5423 bono,
1103 5355 1326 5425 spiritus
1348 5358 1511 5412 etiam
1545 5372 1770 5429 nequam
1804 5362 2136 5430 septiformis

559 5446 757 5513 sapius
794 5445 1122 5515 designatur.
1177 5447 1244 5501 Et
1289 5448 1539 5517 quoniam
1585 5449 1782 5505 borum
1824 5453 2138 5507 monarchia

562 5547 890 5607 regnumque
942 5536 1142 5593 Christi
1198 5539 1439 5595 Ecclesia
1491 5543 1759 5596 contraria
1816 5542 2134 5612 frequenter

563 5631 871 5696 apponitur,
903 5646 1007 5685 non
1038 5634 1208 5686 solum
1265 5642 1449 5700 aperta
1499 5635 1848 5702 oppressione
1880 5637 2130 5703 potentiae

566 5719 752 5775 fideles
781 5720 1070 5791 impugnat,
1095 5724 1188 5777 sed
1218 5724 1377 5777 etiam
1406 5723 1508 5777 sub
1534 5725 1754 5779 mentita
1786 5726 1966 5795 specie
1986 5728 2134 5782 veri-

569 5807 692 5865 tatis
717 5808 1006 5880 illaqueare
1020 5813 1311 5878 desiderat,
1336 5814 1673 5871 manifestam
1699 5818 1815 5887 ejus
1834 5821 2130 5887 potentiam

2227 3340 2349 3408 quia
2394 3335 2721 3406 septiformis
2762 3332 3073 3389 immundus
3115 3332 3335 3402 spiritus
3390 3334 3725 3398 agnoscitur,
3755 3343 3802 3385 ut

2226 3430 2387 3484 etiam
2428 3427 2713 3482 latentibus
2750 3425 2908 3481 malis
2947 3425 3169 3493 nequior
3209 3424 3643 3493 septempliciter
3667 3426 3802 3478 inre-

2228 3520 2449 3575 niatur?
2482 3520 2549 3574 Et
2578 3528 2635 3573 ut
2662 3518 2803 3589 quod
2836 3517 3068 3573 dicimus
3098 3519 3306 3587 plenius
3347 3520 3614 3585 lucescat,
3650 3520 3802 3574 inten-

2231 3627 2340 3672 tum
2373 3618 2527 3673 decet
2547 3632 2669 3672 esse
2691 3617 2969 3672 lectorem.
3001 3616 3234 3685 Spiritus
3270 3616 3464 3681 bonus,
3494 3618 3800 3686 spiritussa-

2230 3709 2470 3777 pientiac,
2502 3708 2588 3761 cui
2618 3707 2889 3762 contrario
2921 3708 3092 3761 malus
3137 3708 3425 3776 opponitur
3472 3710 3697 3777 spiritus
3732 3711 3798 3762 in-

2230 3802 2521 3871 sipientiae;
2564 3803 2697 3855 alter
2735 3800 2909 3871 pejor,
2952 3799 3225 3855 simulatio
3255 3802 3567 3871 sapientiae.
3596 3802 3795 3872 Spiritus

2231 3892 2424 3957 bonus,
2481 3892 2696 3962 spiritus
2757 3890 3084 3957 intellectus,
3137 3891 3307 3945 malus
3363 3901 3551 3947 autem
3601 3894 3801 3962 spiritus

2231 3985 2472 4041 stultitim
2503 4001 2518 4049 ;
2562 3985 2697 4039 alter
2728 3984 2901 4054 pejor,
2930 3984 3206 4038 simulatio
3232 3983 3558 4053 discipline.
3594 3985 3804 4054 Spiritus

2235 4080 2430 4146 bonus,
2462 4078 2685 4148 Spiritus
2715 4075 2947 4144 consilii,
2974 4077 3144 4130 malus
3166 4086 3341 4130 autem
3376 4079 3603 4146 spiritus
3626 4076 3805 4146 imprc-

2237 4170 2478 4233 dentite;
2512 4169 2648 4222 alter
2690 4167 2859 4237 pejor,
2896 4167 3166 4221 simulatio
3217 4168 3541 4237 prudentim.
3586 4170 3805 4238 Spiritus

2236 4259 2433 4324 bonus,
2486 4258 2709 4327 spiritus
2763 4257 3115 4324 fortitudinis,
3167 4258 3255 4312 cui
3286 4260 3604 4327 .Opponitur
3657 4262 3807 4313 malos

2238 4360 2443 4420 apertas
2466 4350 2691 4420 ignaviae
2723 4348 2979 4417 spiritus;
3012 4349 3146 4403 alter
3178 4348 3361 4418 'pejor,
3397 4351 3689 4405 infirmitas
3728 4352 3807 4403 fal-

2236 4444 2352 4499 lens
2387 4442 2798 4498 obumbratione
2827 4443 3067 4495 virtutis.
3108 4442 3334 4509 Spiritus
3373 4444 3570 4505 bonus.
3604 4446 3807 4512 spiritus

2237 4536 2509 4601 scientiae,
2543 4534 2627 4588 cui
2679 4533 2956 4587 contrario
3005 4541 3176 4586 malus
3223 4533 3441 4602 spiritus
3484 4534 3810 4604 ignorauit,

2242 4627 2468 4695 nequior
2508 4633 2686 4679 autem
2732 4624 3005 4692 usurpatio
3054 4624 3317 4677 scientiae.
3367 4625 3603 4693 Spiritus
3630 4626 3811 4687 bonus,

2242 4719 2458 4787 spiritus
2486 4717 2718 4786 pietatis,
2746 4717 2915 4770 malus
2935 4730 3064 4771 vero
3093 4717 3310 4785 spiritus
3337 4717 3635 4787 impietatis
3658 4738 3671 4785 ;
3696 4721 3814 4775 alter

2244 4809 2414 4879 pejor,
2443 4809 2589 4863 falsa:
2614 4810 2825 4879 pietatis
2846 4809 3117 4864 obtentus.
3134 4808 3363 4878 Spiritus
3385 4810 3581 4875 bonus,
3610 4813 3814 4881 spiritus

2242 4904 2451 4957 timoris
2483 4903 2598 4968 Dei,
2629 4903 2714 4956 cui
2762 4902 3063 4956 contrarius
3103 4911 3185 4957 est
3215 4903 3437 4972 spiritus
3462 4907 3812 4965 temeritatis;

2245 4996 2382 5048 alter
2410 4993 2577 5062 pejor,
2610 4993 2764 5047 dolus
2789 4995 2924 5048 ϋριω
2952 4993 3246 5063 religionis.
3293 4993 3500 5049 Idcirco
3526 4996 3591 5050 ad
3645 5010 3817 5052 osten-

2245 5086 2475 5142 dendam
2502 5084 2896 5138 simulationem
2928 5087 3093 5153 partis
3133 5085 3393 5152 adversm,
3429 5087 3518 5143 hic
3559 5090 3722 5155 paulo
3755 5092 3823 5145 la-

2246 5180 2355 5234 tius
2378 5178 2550 5232 voluit
2576 5177 2865 5244 demorari,
2894 5187 2952 5231 ut
2990 5178 3105 5233 haec
3138 5183 3405 5249 expositio
3435 5182 3504 5236 ad
3533 5186 3821 5240 multorum

2246 5271 2399 5326 nobis
2424 5270 2662 5324 locorum
2689 5268 2929 5337 proficiat
2946 5269 3295 5325 intellectum.
3314 5271 3457 5326 llanc
3480 5276 3823 5331 omnifariam

2247 5361 2678 5431 persecutionem
2710 5361 2761 5414 in
2788 5369 3065 5431 potentatu
3094 5362 3177 5417 vel
3208 5362 3565 5419 fraudulentia
3593 5366 3827 5423 futuram

2248 5455 2541 5524 Apostolus
2593 5468 2802 5523 quoque
2851 5454 3131 5509 denuntiat
3159 5454 3350 5510 dicens
3392 5456 3480 5527 (ll
3516 5459 3706 5515 Thess.
3738 5466 3827 5530 tt):

2249 5545 2399 5600 Tunc
2430 5543 2758 5601 revelabitur
2789 5545 2881 5601 ille
2908 5546 3146 5616 iniquus,
3177 5562 3335 5616 quem
3382 5548 3649 5607 Dominus
3679 5554 3829 5609 Jesus

2247 5638 2532 5695 interficiet
2575 5640 2769 5707 spiritu
2810 5640 2921 5695 oris
2952 5641 3059 5705 sui,
3090 5649 3147 5696 et
3190 5641 3435 5698 destruet
3474 5645 3830 5704 illustrations

2247 5729 2508 5783 adventus
2530 5730 2610 5784 sui
2636 5745 2776 5793 eum,
2804 5731 2957 5797 cujus
2978 5740 3059 5787 est
3082 5733 3341 5788 adventus
3375 5738 3681 5792 secundum
3711 5758 3831 5808 ope-

2246 5820 2508 5878 rationem
2540 5820 2752 5877 Satanze
2776 5822 2829 5878 in
2860 5823 3003 5879 omni
3044 5824 3237 5881 virtute
3268 5836 3323 5882 et
3357 5827 3525 5896 signis
3568 5844 3624 5884 ct
3654 5835 3827 5901 prodi-
