3968 6354
154 354 261 412 901

1160 354 1604 410 ΕΟΜΜΕΝΤΑΒ.
1650 355 1712 409 IN
1754 354 2126 410 .U’OCALYP.
2169 354 2297 409 LIB.
2345 354 2431 409 IV.

3323 359 3430 413 sua

154 468 267 538 giis
293 467 662 533 mendacibus,
694 477 750 523 et
800 467 853 522 in
884 466 1029 521 omni
1077 463 1395 520 seductione
1431 464 1743 534 iniquitatis,
1777 468 1825 527 Α
1856 461 2071 530 (Matth.
2103 463 2234 531 xxv)
2261 478 2274 526 ;
2335 462 2405 515 ita
2437 468 2490 514 et
2537 460 2626 529 qui
2658 474 2763 513 non
2792 471 2913 515 sunt
2947 463 3063 531 ejus
3089 505 3103 528 ,
3138 479 3241 518 non
3274 465 3433 522 habet

160 560 217 615 in
248 558 334 614 bis
358 560 449 629 qui
476 571 715 628 pereunt,
750 559 941 612 virtute
963 556 1283 625 potentiam,
1308 555 1619 609 seductioue
1648 555 1745 615 hv-

158 652 403 719 pocrisin
436 650 698 705 mendacii
725 650 1010 720 signiﬁcat.
1067 646 1398 700 Circumdata
1433 662 1667 715 purpura
1697 654 1745 699 et

154 742 385 796 coccino.
431 739 486 794 ln
518 755 747 810 purpura
792 754 983 794 succus
1036 736 1273 791 simulati
1319 735 1637 803 regiminis,
1690 736 1742 789 in

154 844 330 886 cocco
357 838 612 884 cruentus
644 830 933 897 impietatis
974 827 1184 881 habitus
1225 826 1661 890 demonstratur,
1692 834 1747 880 et

154 934 347 977 curata
401 938 529 974 auro
577 932 624 975 et
656 921 827 991 lapide
862 920 1081 990 pretioso
1127 928 1176 972 et
1214 916 1527 987 margaritis,
1567 916 1621 971 id
1666 925 1748 971 est

157 1012 416 1067 omnibus
445 1012 715 1067 illecebris
744 1013 1008 1067 simulata:
1037 1011 1298 1076 veritatis,
1327 1023 1487 1077 quam
1536 1008 1588 1062 in
1640 1008 1747 1062 illis

157 1102 441 1170 spiritibus
468 1117 693 1169 nequam
733 1103 860 1156 satis
892 1110 1017 1157 ante
1075 1102 1456 1169 expressimus.
1501 1098 1637 1164 Quid
1675 1098 1747 1153 sit

159 1193 393 1261 denique
423 1194 557 1246 intra
590 1193 727 1247 hanc
754 1191 1210 1259 pulchritudinem
1236 1190 1479 1259 exponit,
1514 1190 1703 1244 dicens
1729 1208 1743 1242 :

164 1283 233 1338 Et
264 1282 491 1338 habebat
510 1283 755 1353 poculum
772 1298 984 1335 aureum
1006 1285 1058 1335 in
1079 1298 1234 1335 manu
1261 1298 1354 1334 sua
1380 1280 1585 1349 plenunt
1613 1280 1747 1333 abo-

163 1373 515 1428 minationum
541 1382 593 1427 et
615 1373 969 1427 immunditize
998 1374 1355 1442 fornicationis
1373 1372 1537 1424 totius
1568 1380 1744 1425 terrae.

167 1466 371 1521 Aurum
419 1480 548 1536 ergo
594 1465 914 1535 hypocrisis,
943 1464 1090 1533 quia,
1117 1466 1256 1517 sicut
1303 1464 1557 1516 Dominus
1588 1461 1744 1516 dicit:

166 1557 327 1613 Foris
368 1558 583 1628 quidem
630 1564 818 1624 parent
863 1555 1171 1609 hominibus
1204 1556 1352 1622 quasi
1402 1552 1559 1621 justi,
1606 1552 1748 1605 intus

165 1667 346 1712 autem
368 1657 509 1728 pleni
538 1665 661 1710 sunt
690 1656 832 1709 omni
864 1656 1220 1709 immunditia.
1258 1653 1323 1707 Et
1360 1656 1413 1707 in
1440 1655 1608 1721 fronte
1638 1655 1750 1720 ejus

168 1767 353 1805 nomen
373 1752 616 1835 scriptum
645 1748 964 1803 sacramenti
999 1765 1012 1799 :
1048 1746 1280 1816 Babylon
1326 1755 1489 1799 mater
1516 1748 1747 1814 fornica-

1846 552 2075 620 scriptos
2103 552 2157 606 in
2186 552 2323 606 libro
2343 553 2467 605 vita:
2489 566 2517 604 a
2540 551 2917 608 constitutione
2946 556 3154 620 mundi,
3184 558 3427 624 incogni—

1848 650 1933 696 tos
1982 652 2036 696 et
2065 658 2096 695 a
2136 644 2292 713 longe
2333 643 2612 713 praescitos
2653 646 2840 699 mterui
2886 645 3025 712 ignis
3052 657 3135 700 est
3166 647 3429 715 supplicio

1850 733 2224 800 damnaturus,
2248 737 2335 804 qui
2373 746 2586 804 paratus
2616 746 2700 789 est
2727 737 2941 791 diabolo
2971 747 3026 792 et
3056 739 3259 807 angelis
3285 739 3427 809 ejus.

1853 825 2118 879 Excelsns
2150 827 2289 881 enim
2310 826 2568 880 Dominus
2595 836 2651 881 et
2681 827 2901 882 humilia
2925 831 3165 896 respicit,
3188 838 3242 883 et
3270 831 3377 883 alta
3402 846 3430 883 a

1846 916 2003 985 longe
2024 917 2303 985 cognoscit
2328 913 2444 985 (Ps.
2466 918 2707 989 cxxxvu)
2727 936 2740 971 :
2762 918 2889 973 inde
2911 919 3039 972 dicit
3066 919 3281 989 (Matth.
3301 920 3395 985 vti)
3418 937 3431 972 ε

1850 1009 1917 1064 Ει
1942 1023 2050 1063 non
2080 1009 2210 1063 novi
2231 1024 2348 1074 vos,
2373 1010 2634 1065 discedite
2660 1026 2689 1065 a
2718 1026 2822 1076 me,
2848 1013 3077 1078 Operarii
3108 1012 3425 1080 iniquitatis.

1850 1099 2108 1157 Videntes
2161 1104 2389 1157 bestiam
2444 1120 2565 1172 quae
2614 1113 2732 1158 erat
2780 1113 2835 1158 et
2870 1119 2975 1158 non
3007 1115 3108 1158 est.
3154 1103 3222 1157 Et
3252 1105 3335 1157 hic
3361 1116 3433 1159 est

1846 1209 2056 1261 sensus,
2086 1196 2174 1264 qui
2204 1196 2351 1248 habet
2386 1197 2715 1261 sapientiam.
2749 1196 2840 1251 Illa
2866 1208 3057 1263 septem
3087 1198 3292 1267 capita,
3321 1214 3437 1267 sep-

1849 1292 1948 1337 tem
1974 1295 2165 1338 montes
2191 1296 2310 1338 sunt
2334 1303 2489 1354 super
2521 1304 2647 1355 quos
2679 1289 2863 1341 mulier
2886 1287 3045 1353 sedet,
3078 1297 3124 1340 et
3147 1303 3290 1356 reges
3320 1305 3436 1358 sep-

1854 1385 1953 1428 tem
1984 1385 2123 1429 sunt.
2176 1378 2348 1431 Aliter
2390 1380 2697 1448 frequenter
2735 1378 2969 1432 diximus
3019 1380 3073 1432 in
3114 1393 3433 1447 unaquaque

1852 1465 2031 1533 specie
2061 1482 2232 1533 genus
2264 1467 2495 1520 ostendi.
2551 1467 2680 1519 Nam
2710 1468 2865 1536 quod
2892 1478 2977 1522 est
3016 1470 3194 1523 omnis
3227 1469 3392 1523 bestia
3417 1509 3433 1529 ,

1851 1559 1953 1615 hoc
1983 1570 2189 1628 septem
2220 1562 2415 1629 eapita.
2444 1562 2682 1631 Denique
2704 1562 2876 1626 capita
2908 1568 2965 1615 et
2989 1573 3195 1630 septem
3222 1571 3435 1615 montes

1850 1666 1970 1706 esse
1999 1652 2151 1717 dicit,
2185 1662 2238 1705 et
2268 1663 2471 1718 septem
2504 1668 2692 1720 reges,
2729 1654 2780 1705 id
2814 1666 2895 1707 est
2928 1654 3233 1707 ttniversam
3266 1654 3437 1706 malo-

1853 1759 1973 1797 rum
2009 1752 2364 1811 partem-qure
2397 1744 2450 1795 in
2500 1743 2798 1810 pra-positis
2831 1752 3084 1813 tanquam
3131 1745 3182 1796 in
3225 1744 3439 1810 regibus

171 1844 368 1896 tionum
389 1852 437 1895 et
466 1832 895 1897 exsecrationem
930 1840 1093 1893 totius
1123 1851 1291 1893 terrte.
1332 1839 1408 1893 Ne
1437 1841 1746 1908 superstitio
1786 1840 1827 1898 Β
1857 1843 2070 1887 constat
2099 1844 2151 1885 et
2177 1832 2429 1885 subditis.
2466 1832 2565 1898 Qui
2595 1832 2714 1885 ideo
2737 1834 3010 1886 vocabulis
3041 1833 3201 1886 variis
3232 1848 3440 1886 nuncu-

170 1934 374 1988 erroris
402 1933 578 2005 palam
627 1933 835 1987 falleret
872 1932 1116 1986 veritatis
1168 1932 1432 1998 incautos,
1479 1947 1541 1987 ex
1600 1933 1753 1986 titulo

181 2024 375 2079 frontis
414 2027 549 2077 sciat
594 2038 715 2078 esse
762 2023 1044 2077 sollicitos.
1077 2021 1141 2075 Et
1181 2023 1283 2075 vidi
1307 2023 1571 2076 mulierem
1612 2023 1752 2076 illam

174 2114 366 2167 ebriam
395 2113 587 2168 factam
619 2113 681 2167 de
710 2114 958 2184 sanguine
982 2123 1296 2175 sanctorum,
1328 2122 1373 2165 et
1402 2116 1466 2165 de
1508 2115 1758 2183 sanguine

179 2209 392 2261 testium
414 2205 536 2260 Jesu
557 2205 773 2262 Christi.
802 2208 1179 2272 Competenter
1204 2219 1321 2260 eam
1350 2205 1565 2275 largitas
1590 2205 1759 2259 divini

178 2298 444 2352 sermonis
468 2298 608 2351 intus
630 2297 982 2351 insanientem
1014 2297 1267 2351 ostendit.
1304 2295 1369 2348 Et
1405 2298 1619 2349 miratus
1648 2312 1759 2349 sum

178 2411 295 2447 cum
322 2394 573 2448 vidissem
624 2409 741 2448 eam
795 2393 1056 2446 miraculo
1105 2407 1319 2459 magno.
1356 2391 1421 2444 Et
1456 2392 1584 2444 dixit
1635 2394 1762 2444 milii

179 2485 392 2554 angelus
419 2501 440 2539 :
469 2485 690 2552 Pmptcr
717 2482 844 2551 quid
877 2483 1168 2536 admiratus
1192 2480 1296 2536 es?
1319 2479 1431 2550 Ego
1461 2481 1549 2534 tibi
1579 2491 1762 2535 esten.

179 2577 303 2630 dam
332 2584 704 2629 sacramentum
729 2574 885 2642 hujus
900 2575 1152 2636 mulieris,
1178 2583 1225 2625 et
1249 2573 1425 2625 bestia:
1451 2589 1566 2642 qua:
1592 2583 1761 2644 portat

179 2686 312 2737 emt,
344 2684 457 2738 qua:
485 2668 631 2721 habet
656 2669 827 2735 capita
854 2675 1042 2736 septem
1067 2676 1113 2718 et
1136 2681 1325 2717 cornua
1354 2665 1560 2717 decent:
1585 2664 1754 2718 Bestia

179 2777 335 2832 quam
379 2762 570 2827 uidisti,
604 2762 728 2831 fuit,
780 2768 829 2815 et
877 2776 979 2813 non
1009 2768 1101 2825 est,
1141 2759 1233 2813 sed
1264 2774 1545 2811 ascensura
1586 2772 1659 2813 est
1698 2776 1763 2815 ex

180 2862 386 2931 abysso,
432 2863 559 2915 etin
608 2861 968 2931 perditionem
1000 2860 1168 2913 vadit.
1226 2861 1268 2912 A
1325 2860 1507 2912 mundi
1537 2861 1762 2915 exordio

182 2959 408 3013 duarum
438 2959 712 3014 civitatum
741 2969 960 3013 exortus
993 2974 1053 3012 ac
1075 2960 1244 3014 series
1275 2962 1532 3013 hactenus
1551 2969 1767 3011 currere

183 3054 356 3107 sacris
382 3052 578 3108 litteris
608 3052 887 3118 edocetur,
919 3066 1143 3119 quarum
1181 3062 1261 3106 est
1292 3068 1394 3105 una
1445 3050 1560 3111 Dei,
1601 3048 1766 3101 altera

185 3144 389 3200 diaboli
416 3161 429 3197 :
460 3160 578 3214 quae
610 3143 696 3198 hic
723 3144 888 3197 bestia
920 3144 1233 3213 designatur
1262 3161 1277 3199 :
1308 3146 1556 3211 tanquam
1595 3149 1764 3193 totum

1861 1935 2019 1993 patur
2042 1965 2056 1987 ,
2093 1932 2312 1992 pmpter
2338 1924 2709 1977 diversitatem
2742 1923 3043 1985 actionum,
3076 1939 3194 1990 quae
3229 1922 3276 1974 vi
3307 1937 3433 1991 pre-

1866 2018 1963 2070 luit
1989 2027 2040 2068 et
2071 2014 2254 2067 fraude
2283 2013 2500 2081 decipit,
2536 2013 2749 2081 quando
2778 2011 2993 2064 lubricis
3026 2014 3295 2066 mentibus
3322 2027 3438 2066 ser-

1867 2109 1947 2177 pit
1977 2122 2153 2160 rcrnm
2197 2104 2528 2157 sensibilium
2572 2102 3020 2156 oblectationibus
3075 2102 3436 2169 interceptis:

1860 2197 1998 2251 sicut
2051 2196 2306 2263 scriptum
2357 2194 2584 2262 legimus
2625 2191 2837 2261 (larem.
2888 2192 2961 2260 ix)
2996 2208 3009 2243 :
3042 2192 3261 2244 Intravit
3299 2204 3444 2244 mors

1863 2303 1957 2355 per
1989 2287 2248 2339 fenestras
2277 2296 2507 2350 vestras,
2539 2284 2683 2353 quod
2719 2282 2934 2352 proprie
2963 2283 3030 2335 ad
3062 2282 3297 2350 quinque
3324 2296 3442 2349 par-

1869 2379 2023 2429 titum
2048 2391 2264 2430 sensum
2296 2375 2529 2428 arbitror
2557 2372 2929 2443 redigendum,
2956 2373 3151 2433 visunt,
3182 2371 3442 2431 auditum,

1863 2478 2073 2534 gustum
2103 2506 2119 2528 ,
2170 2465 2454 2518 oderatutn
2502 2474 2556 2517 et
2606 2472 2846 2527 tactum,
2899 2463 3039 2516 unde
3079 2461 3336 2515 Dominus
3368 2459 3443 2515 illi

1867 2557 2218 2612 Samaritana:
2265 2555 2475 2610 mulieri
2515 2555 2642 2609 dicit
2670 2553 2851 2623 (Joan.
2880 2554 2954 2623 tv)
2983 2569 2998 2608 :
3034 2552 3277 2622 Quis-que
3304 2554 3443 2606 enim

1864 2648 2010 2703 viros
2055 2648 2285 2701 habuisti
2308 2689 2321 2711 ,
2356 2656 2410 2701 et
2437 2662 2577 2701 nunc
2606 2662 2763 2715 quem
2815 2647 2976 2700 habes
3001 2687 3015 2707 .
3064 2661 3169 2700 non
3198 2653 3283 2699 est
3313 2652 3435 2700 tuus

1867 2744 1968 2793 vir.
1998 2740 2148 2806 Quod
2178 2740 2247 2792 ibi
2276 2740 2441 2801 viros,
2468 2739 2571 2791 hoc
2601 2740 2687 2793 hic
2709 2753 2864 2805 reges
2890 2739 3175 2807 intelligas,
3205 2752 3436 2806 quorum

1870 2839 2122 2897 tanquam
2158 2828 2420 2897 regimine
2453 2828 2698 2881 humana:
2726 2827 2847 2882 vitae
2885 2827 3180 2897 primordia
3208 2828 3320 2897 regi
3359 2836 3445 2881 at-

1869 2938 1973 2991 que
2002 2922 2366 2975 administrari
2399 2920 2791 2989 cognoscimus,
2815 2936 2933 2988 qua:
2956 2920 3233 2975 nobiscum
3259 2919 3445 2974 bestia)

1873 3013 2119 3065 videntur
2160 3011 2360 3064 habere
2410 3010 2735 3065 communia.
2772 3010 2849 3064 Ad
2887 3009 3026 3079 quod
3057 3011 3126 3063 ibi
3156 3011 3441 3077 sequitur:

1872 3114 1925 3157 et
1959 3118 2099 3156 nunc
2126 3118 2283 3169 quem
2315 3101 2504 3166 habes,
2532 3117 2637 3154 non
2672 3111 2753 3154 est
2782 3111 2903 3155 tuus
2932 3102 3045 3164 vir,
3072 3116 3177 3154 non
3209 3102 3447 3170 legitimo

190 3192 389 3200 _-__---
418 3192 429 3197 -
463 3192 577 3214 γη
611 3192 695 3198 ----
723 3192 888 3197 ---η-
924 3192 1221 3213 -.--ο---τ---
1263 3192 1277 3199 -
1312 3192 1555 3211 ηνμιηηή
1602 3192 1635 3193 η
1685 3192 1690 3193 ν
2087 3195 2097 3205 .
2170 3193 2181 3205 .
2384 3192 2395 3203 .
2625 3193 2633 3202 .
3224 3192 3234 3203 .
3401 3192 3413 3205 .

184 3248 383 3306 corpus
412 3235 634 3291 omnino
668 3236 953 3290 malorum.
991 3236 1057 3290 Et
1087 3235 1206 3290 ideo
1235 3235 1381 3299 dicit,
1417 3234 1536 3299 fuit,
1561 3241 1614 3288 et
1657 3246 1761 3286 non
1794 3208 1837 3270 C
2014 3204 2113 3306 3,“:
2623 3192 3446 3306 Ἦ

190 3347 274 3393 est
296 3356 308 3400 ;
334 3339 455 3406 quia
485 3337 857 3392 decedentium
891 3345 945 3391 et
970 3337 1370 3391 succedentium
1408 3334 1511 3390 sibi
1539 3349 1765 3405 genera-

188 3426 391 3482 tionutn
415 3427 605 3482 ordine
633 3427 983 3497 supplendum
1012 3428 1320 3481 exstruitur.
1347 3426 1554 3481 Idcirco
1586 3425 1767 3494 sequi-

193 3526 319 3572 tur:
354 3517 420 3572 Et
444 3531 731 3572 ascensura
760 3526 843 3571 est
866 3517 932 3573 de
958 3518 1174 3587 abysso,
1199 3525 1251 3571 et
1274 3518 1326 3571 in
1359 3517 1632 3573 interitum
1667 3531 1760 3569 va-

190 3608 289 3663 dit.
321 3607 506 3662 Divino
544 3608 684 3662 enim
727 3608 945 3677 judicio,
983 3609 1194 3662 occulto
1226 3608 1464 3677 quidem,
1497 3609 1590 3662 sed
1617 3608 1765 3677 justo

192 3708 481 3778 peragitur.
512 3708 645 3762 [line
671 3708 907 3777 psalmus
935 3708 1147 3777 (xxxv):
1179 3708 1384 3762 .ludicia
1411 3717 1497 3762 tua
1531 3709 1763 3779 abyssus

192 3799 377 3851 multa.
430 3797 556 3853 Sive
581 3798 720 3866 quod
751 3798 817 3853 de
849 3797 1104 3854 cordibus
1154 3800 1426 3867 proditura
1456 3798 1529 3853 sit
1576 3798 1768 3867 impio-

192 3903 331 3943 rum.
358 3888 507 3944 Unde
529 3888 761 3958 psalmus
784 3887 937 3960 (xu):
973 3890 1211 3959 Abyssus
1233 3890 1491 3961 abyssum
1526 3890 1759 3946 invocat.

195 3977 260 4031 Et
286 3976 686 4031 admirabuntur
712 3992 901 4033 omnes
930 3980 1268 4033 inhabitantes
1300 3990 1507 4047 terram,
1544 3999 1768 4051 quorum

192 4092 290 4130 non
311 4084 425 4130 sunt
454 4076 645 4142 scripta
674 4077 880 4127 nomina
907 4076 961 4128 in
990 4076 1120 4129 libro
1143 4077 1260 4129 vita:
1280 4076 1413 4146 Agni
1439 4079 1528 4145 qui
1556 4078 1765 4134 occisus

192 4174 292 4233 est,
322 4165 390 4219 ab
414 4164 618 4235 origine
636 4164 1068 4229 mundi,videntes
1099 4164 1309 4218 bestiam
1336 4181 1450 4234 qtae
1473 4176 1580 4217 erat
1602 4177 1648 4218 et
1668 4183 1767 4221 non

192 4266 284 4325 est,
314 4267 368 4313 et
398 4267 620 4313 ventura
650 4265 753 4312 est.
797 4258 1027 4312 Eosdem
1060 4258 1205 4327 ipsds
1237 4257 1385 4326 ponit
1412 4273 1476 4313 ex
1529 4274 1756 4325 quorum

193 4349 446 4405 membris
469 4348 831 4403 damnandum
879 4363 1072 4417 corpus
1099 4347 1413 4410 exstruitur,
1464 4349 1556 4400 sed
1590 4347 1632 4401 si
1674 4362 1771 4401 no-
1860 4368 1863 4371 λ

193 4442 333 4496 mina
356 4441 554 4496 faciunt
577 4438 1164 4511 ambiguitatem.ldem
1199 4454 1426 4508 namque
1460 4439 1510 4491 in
1539 4439 1767 4507 epistola

1870 3294 1978 3339 tum
2008 3284 2116 3352 jam
2160 3283 2294 3337 dixit
2322 3300 2335 3335 :
2371 3283 2601 3351 Quinque
2627 3284 2940 3351 ceciderunt,
2975 3299 3110 3336 unus
3150 3292 3333 3337 autem
3356 3297 3446 3336 su—

1870 3382 2069 3442 perest.
2099 3374 2250 3440 Quod
2278 3381 2456 3427 autem
2485 3373 2635 3438 dicit,
2666 3373 2799 3426 alius
2828 3384 3008 3427 autem
3040 3374 3269 3426 nondum
3291 3373 3445 3436 venit,

1868 3464 2139 3516 residuam
2182 3462 2422 3531 ejusdem
2472 3461 2596 3516 mali
2636 3463 2879 3531 corporis
2928 3472 3131 3530 partem
3172 3463 3441 3518 decidenti

1866 3567 2239 3611 successuram
2272 3556 2629 3624 generationi,
2659 3558 2848 3609 eodem
2880 3556 3113 3624 maligno
3138 3554 3328 3622 spiritu
3350 3555 3448 3610 de-

1868 3653 2041 3721 signat
2092 3650 2341 3703 similiter
2401 3647 2817 3717 possidendam,
2863 3662 3033 3717 quem'
3080 3645 3448 3716 septiformem

1867 3751 2116 3797 constare
2155 3742 2533 3811 praemisimus.
2575 3740 2820 3807 Quinque
2860 3750 3037 3794 autem
3066 3754 3203 3807 quos
3226 3739 3450 3793 recidis-

1869 3850 1949 3900 se,
1981 3843 2036 3889 et
2065 3851 2203 3889 unus
2230 3850 2389 3905 quem
2416 3848 2703 3903 superesse
2722 3833 2873 3897 dicit,
2897 3843 2950 3886 et
2977 3833 3109 3886 alius
3136 3848 3293 3902 quem
3324 3849 3451 3887 νειμ

1872 3937 2050 3984 turum
2078 3944 2198 3983 esse
2225 3929 2471 3991 nuntiat,
2496 3936 2705 3994 septem
2738 3926 2938 3980 faciunt
2961 3967 2974 3991 ,
3003 3935 3046 3979 et
3078 3942 3195 3979 cum
3224 3927 3450 3993 venerit,

1873 4020 2063 4090 inquit,
2097 4030 2293 4090 oportet
2317 4019 2466 4073 illam
2499 4020 2643 4072 brevi
2676 4028 2918 4086 tempore
2946 4033 3168 4070 manere.
3203 4015 3265 4070 Et
3294 4017 3453 4072 brstin

1872 4126 1985 4179 quae
2016 4110 2109 4163 fuit
2131 4120 2177 4162 et
2208 4126 2307 4161 non
2337 4118 2430 4171 est,
2461 4119 2505 4161 et
2537 4110 2648 4178 ipsa
2677 4120 2849 4161 octavo
2879 4108 2996 4161 loco
3023 4117 3115 4170 est,
3149 4122 3269 4162 cum
3300 4110 3366 4163 sit
3389 4125 3453 4164 ea:

1871 4209 2084 4267 septem,
2117 4208 2162 4252 et
2191 4200 2242 4251 in
2289 4198 2644 4266 perditionem
2676 4198 2773 4250 ibi.
2821 4197 2972 4250 Hunc
3013 4212 3170 4265 quem
3203 4207 3450 4253 octavum

1878 4289 2028 4353 dicit,
2063 4305 2127 4343 ne
2154 4289 2374 4343 alterius
2405 4288 2613 4355 generis
2641 4287 3013 4349 existimares,
3060 4286 3286 4353 subjecit
3318 4303 3330 4339 :
3366 4287 3446 4342 Ex

1873 4388 2077 4445 septem
2110 4386 2210 4440 est,
2242 4378 2366 4430 etin
2396 4375 2747 4445 perditionem
2781 4375 2892 4433 ibit.
2920 4384 2978 4427 ut
3004 4384 3055 4427 et
3077 4373 3318 4441 ejusdem
3340 4391 3439 4445 ge—

1876 4467 2019 4521 neris
2078 4467 2291 4536 maligni
2323 4481 2444 4520 eum
2498 4463 2839 4529 ostenderet,
2871 4472 2924 4517 et
2953 4464 3313 4531 septenarium
3346 4480 3446 4520 nu-

193 4555 289 4595 803
337 4553 461 4593 cum
502 4539 768 4608 ἐἰηειιιίιτί
819 4553 1047 4594 numero
1101 4538 1304 4593 diceret
1330 4583 1345 4607 9
1403 4538 1554 4593 Sicut
1616 4538 1767 4592 aud“
1799 4581 1850 4640 υ
1878 4573 2081 4612 merum
2109 4555 2414 4611 excedenda
2445 4555 2564 4608 iilos
2606 4554 2891 4623 nequiores
2924 4554 2974 4607 in
3010 4553 3326 4625 hypocrisin
3362 4558 3457 4613 de-

195 4633 291 4687 stis
318 4634 440 4703 quia
472 4634 833 4689 Antichristus
865 4633 1031 4699 venit,
1059 4648 1203 4687 nunc
1232 4643 1407 4686 autem
1453 4631 1767 4687 Antichristi

135 4720 166 4772 t"
197 4723 349 4779 multi
395 4734 541 4778 sunt.
593 4723 660 4778 Et
705 4734 825 4794 post
871 4726 1167 4795 paululum,
1203 4723 1279 4777 Ex
1309 4723 1463 4777 nobis
1498 4725 1762 4787 exierunt,

194 4815 289 4871 sed
339 4830 445 4869 non
484 4815 701 4869 fuerunt
750 4832 815 4870 ex
870 4816 1026 4871 nobis
1071 4833 1083 4868 :
1129 4830 1271 4881 nam,
1334 4814 1378 4869 si
1438 4814 1665 4870 fuissent
1702 4831 1766 4869 ex

194 4907 369 4971 nobis,
393 4906 810 4976 permansissent
832 4908 1013 4974 utique
1037 4906 1332 4960 nobiscum.
1358 4904 1484 4960 ldeo
1516 4921 1621 4960 non
1644 4913 1770 4961 sunt

195 5008 247 5061 in
276 5007 414 5061 libro
442 5006 563 5059 vita:
592 5020 774 5060 eorum
819 5005 1035 5059 nomina
1067 5005 1288 5075 scripta,
1343 5004 1445 5075 ipsi
1476 5020 1605 5076 ergo
1634 5022 1769 5076 quos

196 5098 314 5152 linis
344 5096 523 5151 mundi
557 5096 818 5150 invenerit
845 5096 1104 5159 viventes,
1136 5111 1247 5149 sua:
1276 5094 1641 5151 damnationis
1670 5112 1767 5151 ex-

196 5186 460 5256 perientes
495 5185 795 5250 interitum,
819 5200 937 5242 sera
962 5186 1343 5255 cogitationum
1375 5184 1636 5240 mirantur
1658 5202 1768 5241 non

196 5275 365 5341 ipsum
398 5275 674 5331 Christum
724 5274 893 5330 fuisse
922 5291 1079 5344 quem
1114 5274 1411 5343 putabant,
1456 5277 1771 5331 obumbrata

199 5375 380 5429 bestia:
421 5376 729 5430 seductione
770 5374 981 5443 decepti
1016 5390 1029 5424 :
1062 5371 1155 5428 sed
1185 5372 1461 5427 Christum
1488 5383 1726 5427 nostrum
1754 5416 1769 5441 ,

197 5481 350 5534 queat
374 5464 605 5534 judicem
641 5465 882 5535 profecto
926 5465 1163 5520 sentient
1187 5463 1487 5535 justissime
1518 5464 1773 5518 condent-

200 5557 326 5611 nati.
367 5556 620 5627 Sequitur
657 5574 672 5611 :
711 5560 750 5611 A
780 5557 1169 5613 constitutione
1209 5554 1415 5610 mundi.
1447 5554 1598 5609 Sicut
1627 5555 1774 5610 novit

197 5647 454 5705 Dominus
482 5649 571 5718 qui
603 5658 727 5702 sunt
773 5650 890 5719 ejus
919 5692 934 5717 ,
967 5650 1163 5720 quibus
1208 5649 1367 5703 etiam
1410 5662 1470 5702 se
1506 5646 1770 5701 dicturum

202 5740 479 5812 promisit:
504 5738 709 5805 Venite,
730 5739 997 5795 benedicti
1026 5738 1205 5795 Patris
1237 5739 1367 5805 mei,
1400 5737 1659 5808 percipite
1687 5754 1773 5793 re-

203 5848 383 5904 gnum,
406 5831 544 5904 quod
566 5832 717 5889 vobis
738 5839 979 5902 paratum
1005 5841 1088 5890 est
1115 5847 1145 5887 a
1173 5830 1557 5891 constitutione
1579 5831 1766 5888 mundi

1874 4651 2131 4719 signaret.
2166 4648 2317 4703 Sicut
2343 4650 2484 4703 enim
2516 4647 2736 4716 prmlato
2780 4645 2990 4699 Domini
3038 4648 3350 4703 testimonio
3384 4649 3454 4704 de

1874 4755 1980 4794 uno
2026 4739 2218 4809 Spiritu
2270 4736 2545 4792 immundo
2574 4736 2798 4805 loquens
2846 4745 3050 4806 septem
3098 4751 3405 4791 memorans
3440 4779 3457 4802 ,

1874 4842 2095 4900 repente
2123 4830 2393 4899 subjecit,
2426 4829 2610 4884 dicens
2654 4827 2806 4897 (Luc.
2834 4829 2910 4898 xt)
2941 4843 2956 4881 :
2990 4827 3230 4883 Assumit
3267 4841 3452 4883 secum

1874 4934 2084 4993 septem
2121 4924 2255 4977 alios
2283 4922 2501 4989 spiritus
2532 4919 2816 4989 nequiores
2845 4933 2905 4974 se
2938 4935 2952 4972 :
2993 4918 3071 4973 sic
3099 4934 3240 4975 nunc
3264 4934 3293 4973 a
3324 4935 3453 4988 sep—

1874 5022 1979 5067 tem
2012 5015 2288 5076 inchoans,
2316 5013 2449 5065 alios
2478 5020 2681 5078 septem
2714 5010 2767 5065 in
2802 5025 2909 5064 uno
2935 5009 3173 5078 ejusdem
3203 5010 3443 5080 generis,

1876 5105 1925 5158 id
1969 5114 2052 5159 est
2086 5113 2274 5159 octavo
2311 5102 2477 5156 voluit
2515 5102 2819 5171 designare.
2853 5100 3137 5168 Propterea
3170 5100 3296 5155 dicit
3324 5118 3335 5152 :
3371 5101 3447 5156 Ex

1874 5203 2080 5262 septem
2127 5203 2230 5260 est,
2264 5203 2317 5248 et
2345 5194 2399 5246 in
2449 5192 2804 5261 perditionem
2854 5189 2983 5252 ibit,
3026 5199 3080 5245 et
3109 5189 3234 5263 [ut]
3262 5190 3450 5245 eadem

1876 5300 2031 5355 pmna
2062 5285 2216 5338 unius
2243 5283 2456 5354 generis
2487 5283 2734 5336 meritum
2762 5280 3097 5351 perduceret,
3124 5296 3223 5336 nec
3253 5283 3449 5337 imme-

1876 5379 1981 5431 rito
2008 5375 2136 5430 dicit
2162 5390 2227 5429 ex
2260 5385 2461 5443 septem
2487 5382 2590 5436 est,
2613 5387 2770 5440 quem
2819 5380 3066 5426 octavum
3125 5387 3336 5442 quoque
3359 5389 3453 5427 nu-

1879 5481 2027 5521 mero
2058 5465 2223 5535 ponit,
2252 5475 2304 5519 et
2333 5462 2578 5531 subjecit,
2604 5472 2659 5515 et
2684 5461 2736 5515 in
2759 5460 3032 5517 interitum
3062 5462 3223 5516 vadit.
3250 5462 3453 5517 Futuro

1876 5556 2076 5625 judicio
2106 5570 2318 5611 omnem
2366 5555 2631 5608 malorum
2672 5551 2801 5606 dicit
2844 5551 2985 5606 ﬁniri
3038 5554 3350 5621 nequitiam.
3384 5553 3451 5610 Et

1880 5649 2013 5704 dicit
2045 5648 2278 5718 qualiter
2311 5665 2323 5701 ε
2363 5645 2426 5699 Ει
2457 5646 2630 5699 decem
2676 5660 2869 5697 cornua
2896 5634 3009 5715 qua:
3037 5644 3208 5698 ridisti
3233 5687 3248 5712 ,
3282 5646 3451 5701 decem

1877 5757 2019 5812 reges
2048 5753 2187 5807 sunt,
2223 5740 2278 5793 hi
2302 5755 2517 5809 regnum
2546 5737 2773 5793 nondum
2798 5748 3117 5807 acceperunt.
3149 5737 3323 5809 Ipsum
3350 5755 3449 5794 sa:-

1878 5832 1980 5890 culi
2027 5846 2250 5902 regnum
2282 5844 2439 5888 omne
2473 5829 2737 5900 designat,
2767 5828 2908 5898 quod
2938 5829 3075 5886 sicut
3111 5830 3269 5900 paulo
3298 5840 3443 5893 ante.
