3968 6354
584 340 687 400 903

1709 332 2007 392 PRIMASII
2048 330 2373 388 ADRUME'!
2389 330 2503 387 AN!
2541 330 2755 388 EPISC.
3778 332 3861 392 Mt

586 456 638 510 in
667 452 883 527 regibus
909 450 1269 523 subjectisque
1312 449 1604 513 describit,
1633 450 1722 503 sed
1748 458 2047 518 potestatem
2077 462 2165 501 re-
2194 448 2237 505 A
2270 443 2445 514 (Paul.
2480 445 2561 515 x).
2591 445 2691 511 Qui
2737 445 2878 499 enim
2928 444 3031 499 sibi
3082 459 3309 516 nequam
3334 486 3349 511 ,
3403 444 3515 503 cui
3568 445 3749 502 bonus
3784 453 3860 504 erit

586 550 676 621 gni
704 564 811 602 una
832 547 961 599 hora
1006 545 1273 611 accipiunt
1305 556 1425 597 cum
1468 541 1663 597 bestia.
1719 540 1915 595 Horam
1948 540 2035 594 hic
2070 553 2168 607 pro

587 650 829 709 tempore
849 635 1043 705 accipi,
1064 633 1316 702 exemplo
1334 633 1559 687 docetur
1581 640 1636 685 et
1659 644 1843 694 sensu,
1867 644 1897 683 a
1921 628 2169 697 passione

592 731 800 787 scilicet
846 728 1059 783 Domini
1089 740 1156 779 ex
1204 738 1310 793 quo
1351 722 1649 792 apostolica
1680 736 1817 777 voce
1860 720 2165 775 clamatur:

591 819 891 877 Novissima
920 817 1050 870 hora
1079 825 1182 870 est.
1203 812 1451 881 Quandiu
1471 826 1621 880 ergo,
1643 810 1783 880 quod
1808 810 2041 865 futurum
2062 817 2166 871 est,

592 916 972 965 consumentur
996 946 1011 969 ,
1037 904 1167 959 dicit
1192 918 1287 959 eos
1332 917 1557 973 regnum
1592 900 1822 955 necdum
1852 898 2168 967 accepisse;

599 1001 721 1072 quia
748 1001 870 1054 licet
901 1012 1040 1052 nunc
1085 1009 1297 1065 quoque
1345 994 1590 1064 plurimis
1618 992 1924 1048 dominetur
1950 1031 1963 1054 ,
1995 989 2171 1045 acrior

596 1104 774 1148 tamen
798 1091 903 1146 erit
942 1089 1279 1160 gloriationis
1327 1089 1443 1157 ejus
1494 1088 1680 1141 insana
1728 1086 1964 1155 potentia
1990 1127 2005 1151 ,
2045 1100 2166 1138 cum

589 1185 751 1239 etiam
795 1182 964 1251 signis
1005 1178 1277 1248 deceperit
1328 1178 1610 1246 plurimos.
1660 1174 1735 1228 Hi
1779 1187 1968 1229 omnes
2006 1188 2168 1227 unam

588 1275 902 1330 sententiam
930 1272 1200 1327 habebunt
1233 1278 1279 1323 et
1306 1271 1413 1323 vim
1435 1278 1483 1323 et
1514 1275 1810 1336 potestatem
1832 1281 1979 1318 suam
2000 1264 2170 1320 bestia:

588 1367 807 1420 tradent.
859 1363 1012 1431 Quod
1062 1362 1308 1432 superius
1356 1361 1430 1414 ait
1480 1374 1602 1414 cum
1637 1358 1807 1413 bestia
1833 1398 1848 1423 ,
1882 1358 1985 1411 hoc
2027 1371 2170 1412 nunc

587 1459 845 1529 apertius,
873 1465 1193 1525 potestatem
1219 1468 1371 1508 suam
1393 1452 1579 1507 bestia:
1604 1451 1839 1515 tradent,
1864 1450 1937 1505 illi
1960 1450 2171 1505 scilicet

587 1549 790 1618 capiti,
818 1546 959 1617 quod
1000 1546 1153 1615 quasi
1199 1545 1440 1600 occisum
1490 1542 1740 1597 simulate
1781 1540 1980 1595 revixit
2005 1579 2020 1605 ,
2052 1540 2169 1610 pari

587 1654 853 1695 consensu
881 1652 1095 1693 onmem
1125 1651 1237 1691 sua:
1266 1637 1578 1691 intentionis
1605 1634 1851 1689 deferent
1881 1633 2081 1688 cultum
2111 1642 2169 1689 et

593 1730 855 1785 exhibent
883 1725 1303 1783 famulatum.Hi
1328 1727 1585 1782 adversus
1606 1726 1818 1794 Agnum
1846 1724 2165 1795 pugnabunt,

2271 534 2443 605 (Eccl.
2475 536 2619 606 xxv)?
2650 546 2695 591 et
2725 552 2904 589 carnes
2932 541 3046 606 ejus
3076 536 3439 603 devorabunt,
3476 546 3533 591 et
3577 538 3744 605 ipsum
3768 542 3853 607 igne

2270 629 2602 684 cremabunt.
2624 629 2905 697 Quomodo
2924 631 2968 683 si
2993 646 3057 685 ex
3084 646 3313 700 persona
3338 632 3638 688 Ecclesiae
3671 637 3853 702 angelus

2270 720 2516 789 diceret,
2554 721 2631 776 illi
2662 733 2921 777 nocentes
2945 723 3035 791 qui
3082 723 3133 777 in
3176 738 3263 778 me
3290 724 3612 793 insurgunt
3642 732 3703 779 ut
3729 726 3849 783 edas:

2270 826 2459 866 carnes
2480 828 2627 868 meas
2657 812 2829 883 (Psal.
2862 815 3032 885 sui),
3057 831 3181 869 suas
3204 817 3665 880 manducabuut,
3693 828 3742 871 et
3763 821 3849 887 iga:

2270 902 2590 957 cremabunt
2633 912 2819 971 postea
2846 920 3003 974 quam
3031 921 3220 961 eorum
3252 909 3606 963 excessibus
3652 908 3780 965 Deus
3800 915 3844 966 ad

2271 991 2597 1046 iracundiam
2617 1002 2952 1061 provocatus,
2977 995 3302 1051 desolaverit
3330 997 3649 1061 mundum,
3675 1008 3727 1051 ut
3749 1001 3842 1067 ipsis

2272 1079 2489 1147 proprie
2518 1080 2871 1149 blasphemiis
2892 1084 3030 1137 hanc
3058 1088 3366 1140 vastitatem
3393 1088 3650 1156 angelus
3679 1105 3840 1147 succes-

2271 1170 2425 1233 serit,
2458 1169 2603 1238 ipsos
2630 1171 2759 1225 dicit
2788 1174 2960 1228 facere
2985 1175 3127 1244 quod
3157 1177 3211 1230 in
3243 1179 3378 1247 ipsis
3411 1179 3554 1247 jure
3581 1183 3836 1249 contigerit.

2272 1257 2411 1313 Deus
2458 1262 2592 1313 cnim
2620 1262 2674 1314 in
2703 1262 2961 1319 cordibus
3006 1281 3184 1319 eorum
3214 1268 3407 1336 injecit
3435 1308 3456 1333 ,
3500 1279 3568 1321 ut
3610 1271 3833 1336 perlitum:

2270 1354 2412 1421 quod
2437 1355 2518 1409 illi
2547 1357 2793 1426 placitum
2837 1368 2948 1421 est,
2995 1368 3050 1414 et
3094 1375 3216 1415 esse
3244 1361 3369 1417 illos
3406 1364 3469 1415 in
3507 1377 3766 1418 consensu
3796 1380 3830 1421 et

2272 1454 2440 1511 metu,
2469 1455 2526 1500 et
2546 1448 2757 1503 tradere
2774 1449 2999 1503 bestiam
3021 1467 3236 1519 regnum
3257 1453 3429 1507 donec
3454 1470 3829 1507 consumar

2268 1535 2435 1590 verba
2466 1534 2582 1590 Dei.
2630 1537 2783 1604 Quod
2829 1540 3120 1608 Apostolus
3145 1540 3273 1596 dicit
3302 1542 3517 1611 (Rom.
3556 1540 3632 1612 t),
3661 1547 3821 1600 tradidit

2273 1625 2395 1680 illos
2423 1626 2564 1680 Deus
2593 1625 2647 1680 in
2674 1629 2959 1696 reprobum
2987 1644 3241 1697 sensum,
3279 1640 3338 1685 ut
3369 1630 3597 1687 faciant
3618 1651 3727 1703 qua:
3749 1652 3816 1689 nea

2269 1718 2618 1783 conveniunt,
2652 1717 2761 1774 hoc.
2779 1720 2940 1774 etiam
2966 1735 3105 1775 nunc
3130 1720 3323 1776 dicitur
3351 1738 3371 1776 :
3412 1722 3684 1779 Dominus
3717 1730 3812 1780 cuia

589 1828 637 1872 et
658 1819 831 1888 Agnus
859 1819 1022 1873 vincet
1047 1832 1163 1884 eos,
1194 1818 1439 1887 quoniam
1464 1815 1716 1870 Dominus
1745 1816 2068 1869 dominorum
2095 1826 2166 1869 est
2200 1816 2242 1874 Β
2272 1810 2323 1862 in
2351 1808 2605 1865 cordibus
2633 1823 2819 1864 eorum
2852 1810 3034 1879 injecit
3062 1820 3123 1865 ut
3163 1811 3362 1868 faciant
3412 1815 3573 1884 quod
3601 1816 3671 1869 illi
3700 1818 3812 1883 plae-

588 1920 636 1965 et
662 1909 774 1965 Rea:
810 1926 1007 1978 regum.
1034 1909 1167 1966 Cum
1208 1910 1377 1979 partis
1422 1908 1667 1964 adversae
1707 1907 2039 1962 describeret
2078 1922 2172 1976 po-

590 2006 859 2067 testatem,
883 1998 1060 2068 aptius
1088 2000 1173 2053 hic
1194 2000 1329 2068 Agni
1346 1998 1629 2054 victoriam
1656 1996 1991 2067 praedicavit,
2010 2012 2169 2066 quem

593 2088 646 2143 in
672 2089 786 2146 suis
824 2089 1158 2163 triumphare
1185 2089 1504 2158 designans,
1549 2089 1749 2158 adjecit
1783 2104 1799 2145 :
1831 2089 1903 2145 Et
1929 2093 2017 2161 qui
2053 2108 2169 2145 cum

585 2194 653 2235 eo
675 2188 827 2236 erant
849 2179 994 2235 electi
1020 2190 1069 2235 et
1094 2181 1267 2249 ﬁdeles
1294 2190 1343 2235 et
1370 2182 1551 2235 vocati.
1585 2182 1728 2237 Bene
1757 2185 2016 2251 praemisit
2044 2185 2160 2239 ele-

580 2271 680 2337 cti,
709 2279 928 2341 propter
955 2272 1096 2340 quod
1123 2271 1381 2326 Dominus
1425 2272 1557 2327 dicit
1589 2272 1807 2343 (Matth.
1841 2275 1933 2342 xx)
1968 2288 1984 2328 :
2017 2274 2165 2329 Multi

586 2361 730 2416 enim
754 2370 877 2416 sunt
906 2361 1103 2425 vocati,
1133 2360 1288 2430 pauci
1317 2375 1445 2414 vero
1487 2360 1667 2415 electi.
1701 2360 1772 2414 Et
1818 2362 1949 2416 dixit
1978 2362 2105 2416 mihi
2146 2380 2161 2417 :

588 2454 769 2522 Aquas
789 2467 913 2521 quas
938 2452 1110 2505 vidisti
1138 2466 1300 2520 super
1334 2465 1468 2520 quas
1495 2454 1637 2505 sedet
1668 2455 1910 2506 meretrix
1942 2454 2051 2522 illa,
2080 2470 2165 2523 po-

587 2543 697 2613 puli
726 2552 775 2597 et
805 2543 972 2599 turba:
1002 2543 1303 2613 iniquorum
1329 2551 1381 2596 et
1408 2544 1600 2612 lingua:
1626 2552 1766 2598 sunt.
1796 2543 1964 2613 Aquis
1995 2560 2166 2612 popu-

587 2637 667 2692 los
693 2636 890 2705 saepius
913 2635 1148 2707 ﬁgurari,
1178 2635 1265 2691 hic
1285 2633 1444 2690 facile
1470 2636 1811 2704 perducetur,
1840 2636 2012 2691 decem
2036 2652 2165 2692 vero

585 2742 775 2780 cornua
795 2741 909 2795 qua:
940 2726 1113 2779 vidisti
1140 2736 1187 2779 et
1216 2725 1440 2780 bestiam
1463 2763 1478 2789 ,
1509 2725 1635 2780 odio
1663 2726 2005 2781 insectabunt
2045 2743 2165 2783 me-

585 2816 865 2884 retricem,
898 2826 952 2871 et
990 2816 1259 2872 desertam
1276 2825 1337 2870 νει
1366 2817 1556 2886 nudam
1584 2818 1775 2887 facient
1797 2817 1965 2873 illam.
2015 2820 2163 2886 Quo-

585 2905 748 2961 modo
788 2906 834 2959 si
860 2904 1085 2971 diceret,
1120 2905 1491 2975 corruptiones
1521 2907 1824 2961 carnalium
1869 2908 2167 2964 desiderio-

585 3009 705 3050 rum
730 3007 862 3064 quas
893 3009 1034 3049 nunc
1064 2994 1210 3049 velut
1255 2994 1425 3065 ipsam
1473 2995 1744 3065 diligunt,
1776 2997 1860 3051 eis
1890 2996 1942 3051 in
1972 2998 2159 3054 odium

584 3095 883 3152 vertuntur,
928 3100 1051 3141 cum
1095 3087 1244 3141 circa
1297 3087 1456 3142 linem
1502 3102 1564 3143 se
1612 3090 1910 3145 inevitabili
1959 3090 2165 3160 judicio

2274 1907 2386 1955 tum
2411 1908 2513 1954 est.
2546 1899 2727 1955 Placet
2775 1902 2920 1955 enim
2965 1901 3074 1956 Deo
3097 1901 3328 1971 justitia,
3361 1919 3474 1973 per
3515 1920 3673 1975 quam
3709 1911 3808 1961 nori-

2272 2004 2391 2044 mus
2422 1990 2598 2059 impiis
2643 1991 2884 2062 irrogare
2926 1992 3213 2048 vindictam
3238 2034 3255 2061 ,
3298 2003 3354 2050 et
3410 2005 3479 2050 ut
3508 2001 3601 2065 qui
3647 2014 3807 2068 regnas

2270 2096 2427 2135 suum
2455 2080 2641 2137 bestia:
2681 2082 2964 2151 dederint,
2999 2098 3187 2152 poenas
3216 2100 3340 2139 cum
3379 2101 3455 2140 ca
3483 2088 3657 2156 justas
3682 2094 3803 2143 exsol-

2275 2179 2401 2225 vant
2425 2170 2596 2226 donec
2620 2178 2899 2227 sermones
2930 2173 3025 2227 Dei
3062 2188 3555 2240 consummentur,
3588 2179 3669 2247 qui
3705 2180 3803 2231 vide»

2271 2260 2393 2317 licet
2422 2262 2473 2317 in
2494 2261 2698 2329 judicio
2728 2262 3203 2334 misericordiaque
3228 2267 3573 2329 consistunt,
3604 2271 3803 2322 universa

2269 2352 2413 2406 enim
2436 2352 2536 2407 via:
2563 2353 2773 2408 Domini
2796 2354 3161 2410 misericordia
3188 2365 3242 2411 et
3264 2358 3483 2411 veritas
3505 2357 3778 2427 (Pratum)

2269 2441 2338 2495 Et
2368 2442 2550 2499 mulier
2573 2461 2725 2513 quam
2753 2445 2940 2511 vidisti,
2980 2447 3155 2500 civitas
3196 2464 3393 2519 magna
3427 2460 3547 2515 est,
3574 2452 3791 2519 master

2267 2553 2479 2609 regnum
2508 2553 2660 2608 super
2686 2553 2826 2608 reges
2852 2545 3138 2593 terrarum.
3169 2538 3264 2593 illa
3294 2541 3417 2608 ipsa
3445 2557 3530 2596 est
3553 2558 3676 2611 quam
3696 2558 3785 2597 cot-

2270 2629 2609 2696 ruptionibus
2636 2630 2814 2684 carnis
2842 2636 2896 2683 et
2938 2630 3221 2699 sanguinis
3245 2630 3525 2697 debitam,
3558 2635 3793 2687 mundana-

2266 2735 2370 2789 que
2397 2721 2544 2789 regni
2577 2720 2839 2789 praemisit
2867 2719 3118 2775 floruisse
3157 2724 3422 2790 potentia.
3478 2727 3599 2791 Quae
3619 2740 3722 2778 cum
3746 2740 3792 2778 ex

2267 2810 2395 2880 ipsis
2421 2810 2635 2879 regibus
2662 2816 2893 2875 constet,
2926 2824 3089 2880 super
3117 2825 3214 2867 eos
3238 2812 3407 2880 ipsam
3437 2814 3561 2867 dicit
3589 2828 3795 2882 regnare,

2267 2924 2420 2963 more
2447 2923 2544 2963 suo
2572 2923 2729 2963 unam
2778 2907 3022 2964 dividens
3046 2949 3061 2975 ,
3093 2910 3447 2980 eamdemque
3480 2927 3573 2980 per
3597 2926 3792 2979 partes,

2269 3008 2516 3069 tanquam
2546 3015 2576 3054 a
2603 3015 2799 3070 genere
2828 3001 2896 3055 ad
2939 3003 3178 3071 speciem
3206 3042 3223 3068 ,
3253 3003 3302 3057 in
3341 3004 3570 3070 muliere,
3599 3005 3647 3057 in
3673 3005 3789 3058 civi-

2269 3101 2376 3148 tate
2399 3134 2415 3159 ,
2451 3093 2509 3147 in
2532 3094 2744 3164 regibus
2770 3130 2791 3160 ,
2816 3108 2977 3164 super
3008 3096 3148 3149 hanc
3176 3097 3339 3151 verba
3362 3097 3560 3151 Domini
3582 3098 3793 3163 comple-

583 3177 918 3234 damnandos
956 3179 1311 3249 agnoverint,
1342 3178 1791 3251 manifestamque
1818 3182 1955 3251 Agni
1987 3184 2157 3238 victo-
2183 3173 2229 3234 C
2263 3185 2462 3241 buntur
2484 3227 2499 3251 ,
2533 3200 2657 3241 cum
2697 3194 2752 3241 et
2799 3185 3227 3243 misericorditer
3271 3186 3555 3243 redemerit
3580 3204 3723 3255 suos,
3751 3201 3788 3242 et

584 3277 716 3332 riam
734 3274 985 3342 viderint,
1010 3275 1236 3331 bestiam
1262 3275 1486 3345 proinde
1514 3275 1566 3331 in
1592 3288 1773 3346 partes
1795 3277 1959 3334 dividi
1984 3296 1997 3330 :
2020 3280 2161 3348 quod
2259 3277 2403 3348 juste
2428 3276 2763 3332 damnaverit
2791 3285 3155 3333 contumaces.
3185 3278 3281 3334 Ubi
3307 3288 3487 3333 autem
3512 3293 3785 3333 consumma-

583 3365 798 3436 gcmino
823 3366 982 3421 modo
1008 3365 1233 3436 intelligi
1254 3373 1457 3436 potest,
1482 3367 1526 3421 si
1537 3380 1599 3422 re
1619 3367 1741 3437 quia
1766 3366 1907 3422 sicut
1936 3367 2165 3437 legimus

586 3455 766 3529 (Prov.
796 3457 913 3527 snt)
938 3473 950 3510 :
981 3456 1125 3511 inter
1144 3457 1406 3528 superbos
1431 3472 1647 3528 semper
1672 3458 1849 3528 jurgia
1874 3468 2033 3525 sunt;
2052 3460 2164 3517 sive

586 3546 707 3618 quia
726 3549 903 3605 omnis
922 3548 1012 3619 qui
1034 3547 1207 3619 diligit
1233 3548 1585 3619 iniquitatem,
1611 3550 1727 3607 odit
1744 3552 1976 3607 animam
1997 3568 2149 3610 suam

2267 3368 2426 3424 tionis
2479 3368 2720 3424 mentio.
2753 3367 2828 3423 ibi
2868 3368 3055 3425 eadem
3087 3368 3245 3439 hujus
3274 3369 3399 3427 libri
3426 3369 3519 3425 ﬁat
3541 3379 3782 3441 opportuna

2266 3460 2565 3517 conclusio.

607 3701 3771 3739 -————————————________________________.______.__

1747 3817 2097 3894 LIBER
2147 3820 2660 3911 QUINTUS.

660 4025 791 4083 Car.
817 4041 968 4084 svnt.
997 4026 1065 4084 Et
1092 4040 1202 4097 post
1230 4030 1339 4087 haec
1376 4033 1480 4087 nidi
1502 4035 1661 4092 alium
1690 4037 1927 4110 angelum
1956 4041 2157 4096 descen-

589 4120 790 4173 dentem
814 4120 879 4174 de
898 4120 1043 4184 ecula,
1067 4121 1327 4177 habentem
1349 4135 1647 4196 potestatem
1673 4146 1936 4203 magnam,
1958 4140 2006 4185 et
2028 4140 2162 4185 terra

589 4210 880 4265 illuminata
901 4220 973 4265 est
1000 4227 1032 4265 a
1059 4211 1303 4269 claritate
1325 4218 1456 4286 ejus.
1483 4214 1859 4274 Destructione
1878 4220 2162 4275 mundana:

589 4301 884 4370 sapientiae,
910 4317 1067 4372 quam
1102 4301 1319 4359 Iericho
1342 4320 1552 4376 quoque
1571 4310 1842 4363 destructa
1875 4310 2159 4377 significat.

587 4394 695 4451 Sed
725 4394 791 4449 de
822 4395 1019 4450 terreni
1052 4396 1205 4450 ruina
1236 4398 1385 4467 regni
1435 4397 1678 4455 dicturus
1699 4440 1715 4465 ,
1746 4416 1993 4471 magnam
2033 4402 2162 4457 dicit

2268 4040 2645 4112 propinquabit
2668 4042 2811 4098 enim
2832 4057 3053 4112 regnum
3070 4044 3356 4109 ctelornm,
3386 4044 3563 4115 ipsius
3576 4041 3778 4100 mularis

2272 4133 2533 4201 potentia:
2555 4132 2834 4186 molimina
2861 4133 3191 4189 destruebat.
3223 4135 3543 4191 llluminata
3570 4145 3640 4191 est
3659 4144 3780 4187 autem

2273 4231 2414 4276 terra
2445 4237 2475 4277 a
2502 4223 2747 4279 claritate
2774 4224 2889 4293 ejus
2911 4265 2927 4289 ,
2957 4226 3081 4293 quia
3111 4228 3225 4295 ipse
3246 4236 3331 4282 est
3365 4230 3461 4282 lux
3489 4244 3610 4283 vera
3636 4240 3725 4291 qua
3744 4223 3783 4276 il-

2266 4311 2495 4367 luminat
2527 4328 2742 4369 omnem
2778 4315 3048 4370 hominem
3088 4318 3396 4373 venientem
3428 4318 3484 4372 in
3531 4320 3657 4373 hunc
3678 4332 3782 4371 nua-

2268 4403 2394 4459 dum
2428 4404 2611 4477 (Joan.
2643 4406 2707 4475 t).
2740 4406 2893 4473 Quod
2921 4416 3099 4462 autem
3138 4409 3403 4478 sequitur,
3440 4420 3620 4479 potest
3642 4421 3788 4477 permo-

590 4486 733 4539 hunc
755 4485 955 4541 habere
982 4487 1231 4557 angelum
1258 4498 1600 4559 potestatem,
1624 4502 1684 4547 ttt
1707 4499 1834 4563 polo
1857 4506 2039 4550 contra
2060 4494 2162 4549 for-
2188 4480 2241 4540 D
2266 4509 2393 4550 vere
2422 4495 2715 4566 legentem,
2746 4497 2878 4551 dicit
2908 4498 3048 4553 enim
3086 4516 3097 4551 :
3134 4499 3199 4553 Et
3230 4498 3366 4554 faeta
3391 4510 3478 4555 est
3504 4502 3785 4555 habitatioet

590 4583 695 4628 tem
723 4575 936 4629 venisse
964 4576 1242 4632 insinuans
1287 4579 1594 4649 fortiorem,
1637 4594 1689 4638 et
1736 4585 1804 4639 ad
1850 4585 2160 4641 bellandum

591 4665 777 4720 venire
804 4664 1032 4721 similem
1058 4683 1073 4721 :
1106 4669 1543 4742 obumbransque
1574 4674 1851 4743 sapientiae
1878 4680 2163 4735 mundana:

591 4756 889 4826 vestigium,
918 4772 1100 4814 veram
1132 4776 1274 4817 nunc
1301 4764 1577 4832 sapientiae
1610 4766 1784 4821 lucem
1817 4772 2030 4825 venisse
2074 4780 2161 4826 te-

590 4854 783 4911 statur,
816 4863 937 4916 quae
967 4850 1298 4919 sapientibus
1342 4854 1527 4909 mundi
1558 4858 1893 4928 terrenisque
1941 4863 2161 4930 regibus

592 4950 705 4991 suae
750 4937 961 4993 virtutis
988 4940 1039 4994 in
1074 4944 1268 4997 robore
1308 4943 1593 5001 ﬁdentibus
1620 4986 1635 5012 ,
1681 4963 1739 5002 se
1780 4958 1834 5003 et
1880 4950 2074 5007 virtute
2112 4962 2166 5008 et

589 5028 811 5082 scientia
846 5040 1168 5087 monstraret
1199 5033 1470 5090 invictam.
1497 5034 1561 5089 Et
1592 5046 1727 5091 terra
1749 5039 2040 5095 illuntiuata
2066 5054 2162 5109 est,

588 5116 783 5189 inquit,
814 5135 846 5171 a
873 5120 1113 5176 claritate
1140 5125 1273 5189 eius.
1307 5121 1375 5175 Et
1397 5126 1698 5181 exclamavit
1722 5144 1841 5183 voce
1872 5147 2078 5201 magna,
2113 5141 2166 5187 et

590 5208 737 5273 furti,
761 5210 933 5265 dicens
962 5227 979 5263 :
1010 5210 1202 5266 Cecidit
1225 5210 1460 5284 Babylon
1490 5216 1578 5270 illa
1608 5234 1815 5289 magna,
1849 5229 1896 5273 et
1926 5222 2064 5292 facta
2090 5231 2165 5275 est

591 5300 838 5355 habitatio
864 5312 918 5357 et
946 5303 1210 5374 refugium
1257 5304 1647 5374 dwmoniorum,
1681 5320 1727 5364 et
1757 5314 1921 5367 omnis
1952 5314 2165 5383 spiritus

588 5394 865 5463 immundi,
897 5403 954 5450 et
991 5399 1167 5452 omnis
1211 5399 1396 5455 bestiae
1428 5403 1739 5470 immundae,
1785 5414 1831 5458 et
1857 5410 2023 5462 omnis
2052 5408 2166 5465 avis

590 5486 868 5540 immunda:
897 5493 945 5539 et
985 5487 1208 5542 adibitis.
1256 5490 1557 5546 Adventum
1590 5493 1801 5549 Domini
1843 5498 2009 5551 nostri
2041 5498 2169 5555 Jesu

588 5574 812 5640 Christi,
843 5592 1002 5646 quem
1045 5578 1225 5648 magni
1267 5580 1479 5636 consilii
1517 5583 1763 5651 angelum
1820 5586 1871 5639 in
1923 5586 2054 5642 Isaia
2086 5589 2164 5643 le-

591 5664 765 5733 gimus
800 5665 933 5736 (lsa.
964 5667 1064 5738 ts),
1097 5669 1385 5738 signiﬁcari
1431 5682 1579 5741 puto.
1611 5671 1709 5737 Qui
1759 5674 1812 5727 in
1864 5675 2037 5743 primo
2067 5678 2163 5732 ad-

592 5761 775 5824 ventu,
806 5757 991 5815 dicens
1021 5758 1236 5831 (Matth.
1270 5764 1368 5834 Ill)
1395 5778 1408 5815 :
1445 5762 1596 5835 Agite
1628 5762 1997 5835 paenitentiam
2023 5807 2041 5836 ,
2071 5781 2163 5839 ap-

2266 4587 2529 4656 refugium
2557 4587 2945 4643 daemoniorum
2972 4629 2987 4651 ,
3028 4598 3133 4644 etc.
3166 4590 3225 4644 Si
3252 4590 3392 4646 enim
3441 4593 3669 4654 cecidit,
3702 4604 3788 4657 que-

2265 4673 2429 4728 modo
2457 4674 2791 4730 daemonibus
2812 4686 2868 4731 et
2897 4676 3175 4746 spiritibus
3204 4679 3495 4734 immundis
3531 4697 3598 4736 ac
3620 4678 3789 4734 volucri-

2266 4760 2366 4817 bus
2408 4761 2728 4818 inhabitatio
2759 4773 2813 4819 et
2843 4762 3107 4834 refugium
3152 4766 3353 4821 dicitur
3389 4768 3698 4824 exstitisse?
3726 4764 3790 4819 [οἱέὶ

2266 4853 2389 4921 quia
2420 4853 2591 4909 multa
2626 4856 3111 4925 transgressionum
3138 4858 3474 4914 immanitate
3498 4859 3724 4915 cadendo
3741 4855 3793 4907 di-

2270 4959 2428 5015 gnam
2459 4961 2518 5001 se
2547 4948 2851 5003 daemonum
2902 4948 3218 5005 habitationi
3258 4950 3561 5021 praebuerit
3583 4994 3597 5017 ,
3626 4954 3669 5005 in
3694 4956 3795 5017 parte

2273 5038 2455 5107 utique
2497 5040 2578 5093 sui
2611 5039 2813 5094 salubri
2859 5041 3268 5096 conversatione
3296 5042 3582 5097 destructa
3615 5052 3692 5096 :et
3716 5054 3795 5105 qua

2267 5127 2321 5182 in
2366 5129 2525 5199 hujus
2568 5129 2750 5185 saeculi
2796 5146 2944 5185 mare
2992 5140 3179 5187 contra
3222 5132 3383 5188 ﬁdem
3414 5135 3622 5192 Christi
3659 5131 3798 5186 validis

2269 5222 2706 5290 persecutionum
2739 5221 2988 5277 ﬂuctibus
3035 5224 3383 5295 insurgebat,
3432 5227 3675 5282 terminis
3700 5233 3798 5276 nunc

2268 5310 2595 5366 arctioribus
2628 5311 2793 5382 gemit
2821 5312 3054 5381 frenata,
3087 5324 3143 5369 et
3180 5314 3233 5369 in
3260 5315 3477 5371 modum
3503 5317 3639 5372 utris
3665 5314 3797 5368 tremit

2269 5401 2495 5456 inclusa.
2534 5402 2669 5457 Hinc
2696 5403 2749 5457 in
2782 5402 2986 5472 psalmo
3006 5404 3247 5461 canimus
3276 5401 3449 5476 (Psal.
3470 5408 3645 5477 χχιιι)
3669 5423 3679 5458 :
3707 5401 3803 5457 Coa

2267 5508 2500 5564 gregans
2521 5495 2663 5550 sicut
2690 5495 2744 5549 in
2775 5506 2897 5550 utre
2918 5510 3085 5566 aquas
3107 5498 3295 5563 maris,
3320 5513 3529 5567 ponens
3551 5500 3603 5556 in
3634 5499 3801 5555 thesau-

2269 5584 2343 5639 ris
2375 5585 2620 5656 abyssos.
2666 5584 2799 5642 Nam
2828 5603 2945 5657 quae
2976 5586 3178 5643 dudum
3206 5603 3236 5642 a
3262 5587 3587 5647 Christianis
3624 5585 3803 5647 tundu-

2270 5688 2359 5735 tur
2381 5721 2399 5747 ,
2444 5682 2558 5752 ipsa
2590 5697 2732 5739 nunc
2760 5685 2951 5739 metuit
2975 5683 3328 5750 Christianos,
3357 5700 3480 5743 cum
3496 5701 3687 5777 eorum
3720 5680 3801 5751 Pri“

2270 5770 2463 5841 vilegio
2488 5771 2860 5845 religiosorum
2903 5790 3112 5846 quoque
3138 5774 3242 5834 lata
3274 5770 3582 5848 principum
3623 5777 3799 5835 decreti
