3968 6354
151 324 256 380 905

1154 277 1606 379 continuus.
1647 317 1714 376 ιιι
1754 316 2138 377 APOCALYP.
2179 318 2310 377 LIB.
2353 319 2420 377 v.

3329 323 3433 379 906

151 436 382 492 militare
403 434 762 506 conspiciunt.
810 433 1049 491 Residua
1082 441 1262 492 tamen
1291 449 1416 505 pars
1446 435 1565 505 ejus
1597 434 1734 490 facta
1763 436 1819 499 Α
1843 433 2014 506 (Psal.
2053 436 2207 506 uxr)
2245 453 2258 492 :
2292 436 2372 491 Ex
2403 435 2583 492 usuris
2609 443 2664 493 et
2695 435 3090 511 iniquitatibus,
3121 441 3323 513 inquit,
3343 455 3433 497 re-

153 538 234 585 est
265 529 522 585 habitatio
548 537 603 584 et
625 527 892 598 refugium
925 527 1340 596 dmmoniorum,
1367 542 1478 599 quo
1504 529 1741 584 circum-

151 634 363 690 quaque
391 631 445 676 et
477 622 528 675 in
553 621 745 677 melius
777 620 1090 676 mdificanda
1123 620 1440 686 destruitur,
1475 630 1530 676 et
1570 621 1622 676 in
1651 636 1744 676 su-

151 712 334 782 perbis
359 712 571 784 dejecta
604 712 982 785 confringitun,
1012 714 1240 785 jureque
1265 715 1538 769 destructa
1567 713 1742 770 ruisse

151 816 422 862 narratur.
458 806 590 861 Nam
620 815 675 862 et
701 822 795 877 per
826 809 1076 863 volucres
1113 806 1419 878 spirituales
1473 808 1745 877 nequitias

151 905 466 977 significari,
498 904 590 959 ille
616 919 831 975 quoque
860 905 980 961 libri
1009 904 1282 960 Geneseos
1313 903 1463 958 locus
1487 903 1744 971 affirmat,

153 1001 243 1055 ubi
271 1001 411 1056 inter
437 999 734 1055 divisiones
757 1000 1001 1055 carnium
1027 1000 1295 1056 irruentes
1317 1014 1446 1054 aves
1471 998 1748 1054 Abraham

151 1100 349 1156 dicitur
378 1096 626 1168 abegisse
659 1097 812 1170 (Gen.
856 1098 971 1169 xv).
1009 1097 1144 1165 Quia
1176 1097 1239 1151 de
1280 1097 1396 1151 vino
1442 1097 1536 1151 irae
1582 1097 1750 1168 forni-

153 1189 371 1245 cationis
421 1189 533 1260 ejus
584 1189 805 1243 liberunt
860 1205 1033 1244 omnes
1079 1198 1268 1260 gentes,
1323 1197 1369 1243 et
1419 1205 1561 1261 rcges
1600 1198 1749 1244 terra:

153 1304 270 1343 cum
319 1303 379 1341 ea
431 1285 671 1356 fornicati
714 1293 856 1355 sunt,
903 1294 951 1340 et
988 1292 1290 1339 mercatores
1333 1291 1483 1338 terra:
1535 1284 1599 1338 de
1648 1299 1748 1353 po-

155 1386 350 1434 testate
399 1376 704 1431 deliciarum
755 1379 868 1448 ejus
915 1375 1226 1445 locupletati
1282 1383 1422 1429 sunt.
1483 1374 1610 1430 Tria
1661 1375 1752 1430 hic

155 1471 406 1525 vitiorum
443 1469 688 1524 nominat
715 1483 937 1538 genera,
970 1466 1300 1537 totidemque
1346 1467 1750 1537 prmvaricatio-

153 1580 282 1619 nttm
318 1579 576 1634 personas
607 1561 813 1616 inducit
850 1579 866 1616 :
907 1561 1186 1616 avaritiam
1212 1602 1228 1630 ,
1271 1576 1390 1631 quae
1419 1561 1571 1631 juxta
1603 1562 1747 1631 Apo‘

153 1659 355 1714 stolum
402 1655 678 1713 idolorum
707 1655 942 1711 servitus
977 1654 1175 1710 dicitur
1220 1654 1438 1726 (Ep/tes.
1469 1657 1561 1725 v);
1596 1655 1752 1711 lasci-

152 1751 328 1819 viam,
363 1750 416 1805 in
445 1749 661 1804 nomine
683 1747 1054 1803 fornicationis
1077 1745 1215 1818 (Col.
1238 1747 1322 1817 ιιι)
1349 1764 1363 1803 :
1389 1755 1443 1803 et
1464 1747 1518 1802 in
1544 1746 1753 1802 deliciis

1849 526 2015 581 dimet
2038 528 2248 584 animas
2271 543 2481 585 eorum.
2506 528 2589 584 Illi
2611 545 2741 586 vero
2771 532 2894 602 igne
2921 533 3142 606 insuper
3171 544 3437 607 perpetuo

1849 621 2092 675 comburi
2123 621 2397 690 dicuntur,
2433 623 2574 680 fame
2601 623 2768 696 affligi
2799 641 2813 681 :
2847 635 2973 682 tunc
3017 629 3200 701 utique
3226 631 3442 700 quando

1849 713 1926 769 illi
1955 715 2047 784 qui
2077 731 2217 771 nunc
2239 718 2487 772 esuriunt
2515 718 2814 790 sitiuntque
2839 721 3098 791 justitiam
3122 722 3338 794 (Matth.
3361 725 3441 796 v),

1849 806 2182 863 saturitatem
2224 811 2525 880 percipient
2574 813 2966 883 incorruptam.
3012 814 3146 870 Mori
3176 831 3343 883 vero,
3377 830 3444 872 eo

1851 898 1994 967 quod
2025 912 2121 954 eos
2141 897 2360 955 deserat
2389 901 2549 956 Deus.
2571 901 2719 958 Sicut
2747 904 2892 959 enim
2915 906 3095 960 anima
3131 905 3444 962 discedente

1851 991 2083 1046 moritur
2108 1004 2329 1061 corpus,
2361 991 2440 1048 sic
2470 995 2670 1060 anima,
2689 995 2798 1051 Deo
2827 997 3130 1066 deserente,
3158 1000 3296 1054 mori
3321 1015 3446 1055 cre-

1852 1081 2025 1138 denda
2049 1093 2151 1140 est.
2193 1084 2396 1142 Luctus
2445 1102 2606 1157 porro
2636 1088 2747 1144 illis
2776 1099 2880 1158 est,
2907 1107 3067 1162 quem
3108 1090 3357 1148 Christus
3389 1093 3446 1148 in

1852 1174 2142 1247 Evangelio
2164 1177 2298 1235 dicit
2320 1179 2475 1254 (Luc.
2496 1180 2572 1254 vr)
2601 1200 2615 1237 :
2640 1183 2734 1239 Vae
2760 1185 2913 1240 vobis
2944 1186 3036 1256 qui
3065 1186 3252 1243 ridetis
3276 1202 3442 1255 nunc,

1853 1275 2109 1341 quoniam
2149 1273 2401 1344 lugebitis
2437 1284 2491 1331 et
2518 1275 2750 1345 flebitis;
2789 1280 2856 1335 ab
2883 1279 2968 1335 his
2998 1281 3167 1351 plagis
3197 1298 3322 1339 suos
3352 1299 3448 1339 vo-

1853 1363 1969 1419 lens
1998 1364 2142 1421 Deus
2191 1367 2477 1425 indemnes
2529 1371 2858 1438 ostendere,
2900 1372 3075 1426 dicit:
3109 1372 3176 1429 Et
3222 1390 3290 1429 ne
3329 1390 3452 1444 per-

1854 1457 2136 1528 stringaris
2166 1460 2338 1531 plagis
2367 1461 2504 1531 ejus,
2529 1478 2595 1518 ac
2625 1465 2670 1519 si
2697 1464 2904 1519 diceret
2938 1483 2952 1520 :
2983 1465 3221 1531 Quorum
3256 1467 3449 1523 volun-

1855 1556 2020 1604 tatem
2052 1552 2304 1608 conversi
2334 1552 2538 1610 habere
2567 1557 2814 1612 noluistis
2841 1557 2893 1612 in
2929 1559 3164 1627 peccatis
3188 1559 3447 1628 similem,

1854 1659 2040 1715 parem
2072 1660 2178 1702 non
2209 1645 2485 1717 recipietis
2517 1649 2801 1706 ultionem.
2847 1651 3033 1722 Neque
3063 1653 3208 1708 enim
3241 1652 3448 1708 viribus

1859 1741 2065 1797 nostris
2095 1743 2311 1799 easdem
2343 1759 2631 1813 possumus
2659 1749 2843 1817 plagas
2870 1750 3123 1818 evadere,
3147 1765 3272 1806 cum
3298 1750 3454 1806 nobis

153 1844 591 1916 gastrimargiam
619 1884 637 1912 ,
689 1860 847 1915 quam
892 1843 1154 1898 Dominus
1198 1843 1492 1898 cavendam
1525 1857 1751 1912 praemo-
1782 1825 1833 1889 Β
1861 1832 2091 1890 hocsolo
2106 1835 2202 1892 Dei
2218 1835 2482 1893 beneficio
2498 1839 2842 1895 concedatur.
2859 1839 3450 1898 Sedrectumordinem

152 1953 318 2004 nens,
352 1937 487 1994 dicit
511 1937 667 2009 (Luc.
713 1936 824 2005 xxi)
861 1954 873 1989 :
912 1935 1029 1991 Non
1062 1945 1354 2006 graventur
1388 1935 1551 1991 corda
1575 1945 1755 1992 vestra

151 2031 217 2086 in
249 2030 465 2100 crapula
492 2039 547 2085 et
573 2029 854 2086 ebrietate.
901 2028 968 2084 Et
991 2043 1147 2099 reges
1168 2037 1327 2084 terra:
1354 2070 1369 2096 ,
1401 2029 1602 2100 inquit,
1631 2043 1754 2084 cum

149 2137 222 2179 ea
277 2124 521 2179 fornicati
574 2131 717 2178 sunt.
776 2121 1011 2178 Avaritia
1062 2123 1206 2178 enim
1244 2123 1298 2178 in
1330 2136 1396 2178 eo
1426 2122 1570 2193 quod
1601 2123 1750 2190 dicit,

151 2223 494 2271 mercatores
520 2214 832 2285 locupletati
857 2223 1004 2282 sunt,
1027 2214 1154 2271 licet
1183 2215 1399 2285 quidam
1429 2216 1517 2271 hic
1540 2215 1756 2271 divitias

152 2306 397 2376 peccatis
429 2321 536 2360 non
567 2305 912 2360 facultatibus
933 2304 1068 2376 (Sic)
1096 2305 1408 2360 existimare
1436 2305 1750 2372 maluerint,

156 2409 352 2471 gentes
377 2400 699 2470 permixtam
723 2399 870 2469 vulgi
900 2397 1154 2468 ignobilis
1179 2398 1580 2454 multitudinem
1610 2398 1757 2454 desi-

156 2493 362 2562 gnavit,
385 2506 546 2562 reges
558 2505 711 2558 vero,
729 2490 818 2560 qui
844 2490 986 2545 inter
1013 2503 1108 2546 eos
1124 2490 1495 2560 temporaliter
1507 2489 1756 2546 videntur

157 2589 449 2654 excellere,
481 2595 836 2654 mercatores,
866 2588 957 2657 qui
988 2586 1218 2641 terrenis
1261 2586 1428 2640 lucris
1455 2585 1752 2654 inhiantes,

164 2697 265 2753 pro
292 2681 621 2737 abundantia
652 2681 937 2750 temporali
985 2694 1110 2735 suas
1141 2679 1340 2735 infelici
1366 2689 1605 2735 mercatu
1633 2679 1755 2733 ani-

155 2787 276 2830 mas
297 2783 654 2841 commutant,
675 2773 950 2830 contraria
973 2772 1148 2828 doctis
1172 2771 1384 2827 Domini
1413 2781 1754 2842 peragentes,

155 2870 251 2939 qui
280 2869 409 2925 dicit
436 2868 657 2936 (Matth.
682 2868 794 2936 xvi)
830 2886 840 2919 :
873 2867 1044 2933 Quam
1067 2866 1217 2923 dabit
1247 2866 1407 2922 homo
1439 2876 1758 2923 commuta-

155 2963 365 3018 tionem
389 2978 486 3032 pro
511 2960 688 3016 anima
712 2962 848 3016 sua?
872 2959 941 3014 Et
966 2958 1144 3014 audivi
1169 2960 1328 3014 aliam
1349 2977 1522 3016 vocem
1543 2962 1608 3014 de
1630 2961 1758 3016 caelo

155 3054 435 3110 dicentem.
461 3052 625 3109 Vocis
662 3053 898 3109 cmlestis
924 3053 1142 3109 auditus
1173 3053 1265 3110 ille
1295 3061 1379 3110 est
1407 3095 1421 3120 ,
1447 3069 1584 3125 quos
1618 3070 1758 3124 prae-

152 3147 317 3203 scivit
345 3156 399 3202 et
427 3146 834 3216 praedestinavit
863 3146 1171 3202 conformes
1200 3145 1318 3201 ﬁeri
1351 3147 1603 3217 imaginis
1630 3146 1756 3202 Filii

150 3239 236 3294 sui
283 3210 470 3308 (Rom.
501 3238 653 3307 vin);
685 3246 780 3304 et,
826 3236 981 3292 Novit
1017 3237 1278 3292 Dominus
1321 3238 1412 3307 qui
1463 3210 1597 3293 sunt
1639 3238 1756 3307 ejus
1785 3210 1834 3276 α

153 3330 250 3404 (II
283 3331 426 3386 Tim.
453 3332 550 3403 ιι);
603 3340 658 3387 et
686 3331 772 3386 his
802 3331 1021 3387 similia.
1054 3330 1308 3402 Sequitur
1335 3330 1569 3402 denique
1603 3349 1615 3386 :
1652 3331 1753 3387 Exi

154 3426 220 3481 de
246 3440 337 3494 ea,
363 3423 583 3495 papulas
603 3441 765 3490 meus,
790 3440 852 3478 ne
869 3424 1140 3494 particeps
1167 3424 1242 3479 sis
1268 3423 1595 3478 delictorum.
1620 3424 1761 3480 Huc—

153 3531 337 3588 usque
363 3516 428 3572 ad
459 3517 692 3585 primum
723 3516 854 3571 mihi
896 3516 1168 3588 pertinere
1196 3516 1411 3572 videtur
1437 3517 1755 3585 adventum,

153 3609 379 3681 quando
405 3623 573 3678 usque
596 3608 663 3662 ad
690 3608 851 3663 finem
875 3607 1060 3663 saeculi
1078 3609 1158 3664 sic
1177 3608 1474 3678 permixtos
1499 3609 1602 3665 sibi
1631 3608 1760 3665 boni

154 3703 402 3758 tolerant
433 3701 626 3771 malos,
660 3711 723 3756 ut
764 3717 863 3772 pro
893 3702 974 3758 eis
1004 3716 1104 3756 nec
1133 3701 1303 3758 bonos
1330 3703 1640 3758 existiment
1666 3703 1762 3758 de-

154 3795 450 3864 serendas,
488 3811 588 3851 nec
615 3795 759 3866 ipsos
791 3795 950 3851 noxia
986 3795 1286 3852 imitatione
1330 3797 1641 3853 scctandos.
1669 3795 1761 3853 Sic

153 3890 311 3944 cnim
357 3897 411 3944 et
451 3888 583 3943 illud
631 3888 1003 3959 prOpheticum
1057 3889 1381 3959 adimpletur
1421 3889 1570 3961 (Isa.
1603 3889 1708 3959 LII)
1745 3908 1759 3944 :

160 3982 326 4037 Exite
355 3980 423 4035 de
455 3980 633 4035 medio
663 3995 873 4046 eorum,
904 3989 957 4034 et
988 3981 1322 4035 immundum
1357 3996 1423 4035 ne
1453 3981 1757 4050 tetigeritis,

155 4091 295 4133 cum
315 4090 424 4130 non
455 4073 638 4144 utique
660 4073 903 4127 discessu
925 4075 1168 4142 corporis
1191 4113 1205 4138 ,
1248 4072 1343 4127 sed
1385 4072 1630 4127 discessu
1667 4088 1763 4128 ne-

155 4169 446 4243 quissimte
469 4167 760 4224 voluntatis
784 4173 965 4222 rectus
989 4181 1093 4222 non
1116 4166 1533 4223 commisceatur
1555 4167 1759 4236 pravis.

154 4265 420 4334 Sequitur
453 4280 465 4316 :
502 4261 572 4317 Et
611 4277 679 4316 ne
722 4260 1100 4331 perstringaris
1144 4260 1309 4331 plagis
1338 4261 1450 4332 ejus
1476 4301 1491 4327 ,
1518 4261 1764 4330 quoniam

158 4355 364 4411 delicta
393 4356 506 4420 eius
527 4371 685 4424 usque
707 4355 774 4407 ad
803 4355 983 4408 caelum
1022 4361 1355 4423 pervenerunt
1380 4393 1396 4418 ,
1441 4360 1487 4407 et
1518 4353 1764 4407 meminit

159 4447 430 4503 Dominus
457 4445 595 4499 Deus
623 4446 960 4516 iniquitatum
988 4445 1121 4515 ejus,
1152 4454 1206 4500 et
1231 4443 1355 4499 ideo
1383 4443 1560 4500 reddit
1586 4443 1636 4499 ei
1666 4444 1765 4497 du-

156 4538 350 4610 plicia,
382 4548 434 4592 et
465 4538 519 4591 in
546 4553 645 4606 quo
677 4539 869 4608 populo
915 4537 1161 4604 miscuit,
1203 4535 1424 4607 duplum
1473 4535 1762 4590 remixtum

1869 1934 2064 1985 tenens
2085 1930 2320 2000 Spiritus
2343 1942 2583 1999 sanctus,
2607 1933 2778 1990 voluit
2805 1933 3080 1992 declarare
3101 1936 3243 2004 illos,
3275 1936 3366 2007 qui
3398 1936 3455 1991 in

1862 2019 2062 2089 pietate
2093 2021 2149 2076 in
2181 2023 2346 2078 corde
2375 2023 2514 2095 (Sic)
2544 2040 2652 2082 non
2685 2028 3045 2096 captivantur,
3079 2044 3305 2085 assensu
3332 2029 3456 2085 nui-

1861 2113 2366 2184 latenusimpiorum
2382 2118 2670 2187 perstringi
2692 2122 2994 2176 tormentis.
3009 2122 3287 2178 Justorum
3307 2122 3452 2178 enim

1861 2206 2058 2260 animae
2087 2206 2140 2261 in
2171 2222 2332 2262 manu
2354 2208 2450 2264 Dei
2475 2219 2700 2279 sunt,et
2725 2228 2832 2267 non
2864 2221 3044 2282 tanget
3075 2214 3195 2269 illos
3217 2225 3460 2271 tormen-

1862 2309 1972 2354 tum
1995 2299 2213 2356 malitiae
2240 2300 2396 2371 (Sap.
2415 2302 2518 2373 ιιι).
2545 2302 2636 2360 Sic
2656 2313 2835 2361 autem
2858 2305 2974 2361 haec
2994 2321 3113 2375 quae
3135 2315 3259 2361 tunc
3279 2306 3458 2362 futura

1865 2399 1995 2447 sunt
2023 2391 2440 2458 circumscribit,
2476 2402 2534 2448 ut
2560 2409 2724 2464 opera
2754 2397 3086 2466 expresserit
3129 2397 3411 2454 inferenda
3435 2439 3453 2468 ,

1867 2502 1991 2558 quo:
2020 2488 2282 2560 supplicia
2313 2505 2421 2546 non
2451 2498 2630 2546 tamen
2658 2491 2842 2546 saeculi
2870 2491 3027 2560 hujus
3051 2491 3284 2562 putanda
3309 2501 3457 2561 sunt,

1860 2579 2040 2638 flnalia
2078 2599 2201 2639 mox
2234 2584 2450 2641 finitura
2478 2585 2769 2652 curricula,
2815 2587 2953 2641 sicut
2982 2601 3048 2640 ex
3078 2586 3459 2657 subsequenti-

1861 2674 1964 2730 bus
1985 2677 2335 2745 approbatur.
2354 2677 2486 2734 Nam
2509 2689 2563 2734 et
2582 2678 2844 2734 Dominus
2865 2678 3249 2734 contritionem
3270 2678 3461 2733 mundi

1861 2769 2192 2839 praedicens,
2224 2771 2454 2842 subjecit
2476 2771 2629 2843 (Luc.
2656 2773 2780 2844 xxi)
2800 2789 2815 2826 :
2839 2772 2945 2828 Sed
2975 2787 3081 2826 non
3109 2773 3288 2827 statim
3312 2772 3458 2828 ﬁnis.

1864 2861 1933 2916 Et
1964 2864 2158 2934 ﬂebunt
2188 2875 2235 2920 et
2264 2866 2507 2937 plangent
2535 2883 2589 2921 se
2613 2882 2756 2938 reges
2784 2876 2932 2921 terra'
2954 2868 3043 2934 qui
3064 2883 3180 2920 cum
3204 2881 3265 2922 ea
3294 2866 3461 2937 forni-

1863 2957 1965 3010 cati
1988 2968 2127 3026 sunt,
2157 2960 2276 3014 etin
2297 2959 2496 3016 deliciis
2524 2960 2850 3025 conversati,
2875 2976 2989 3014 cum
3013 2961 3231 3016 viderint
3253 2965 3456 3031 fumum

1866 3051 2090 3105 incendii
2119 3053 2256 3122 ejus,
2288 3064 2342 3108 et
2372 3052 2440 3107 de
2466 3052 2757 3123 longinquo
2792 3062 2983 3108 stantes
3014 3062 3221 3123 prapter
3251 3059 3457 3107 metum

1865 3160 2040 3216 paenae
2069 3149 2202 3218 ejus,
2237 3147 2460 3202 dicentes
2482 3163 2501 3201 :
2530 3147 2618 3201 Va:
2641 3163 2739 3215 vae,
2769 3148 2948 3201 civitas
2977 3145 3074 3201 illa
3101 3145 3355 3216 Babylon,
3388 3144 3461 3198 ci-

1863 3240 1992 3294 vitas
2021 3239 2117 3293 illa
2142 3241 2314 3310 fortis,
2343 3241 2465 3311 quia
2489 3257 2595 3294 una
2617 3242 2747 3296 hora
2767 3240 2984 3296 advenit
3006 3240 3268 3310 judicium
3291 3248 3456 3292 tuum.

1867 3331 1936 3387 Et
1967 3341 2300 3387 mercatores
2349 3341 2618 3387 terrarum
2666 3332 2900 3401 ﬂebunt,
2942 3330 3256 3400 plangentes
3299 3342 3460 3396 eam,

1864 3425 2108 3494 quoniam
2145 3441 2334 3480 merces
2370 3441 2548 3480 eorum
2578 3426 2755 3481 nullus
2798 3424 3143 3480 mercabitur.
3179 3422 3463 3491 Quomodo

1864 3516 1936 3572 sit
1964 3526 2172 3572 certum
2193 3555 2209 3583 ,
2235 3518 2485 3574 eamdem
2518 3517 2870 3586 Babyloniam
2900 3516 3133 3572 diversis
3169 3515 3462 3584 significari

1864 3608 2158 3675 vocabulis,
2184 3615 2240 3664 et
2258 3609 2372 3664 sive
2399 3623 2466 3664 ex
2498 3609 2717 3680 regibus
2748 3619 2926 3676 terrai,
2950 3611 3065 3665 sive
3085 3625 3151 3665 ex
3181 3610 3454 3680 gentibus,

1864 3699 1978 3755 sive
1997 3715 2063 3755 ex
2091 3700 2484 3756 mercatoribus
2514 3703 2768 3767 existere,
2794 3703 2840 3756 si
2864 3701 2980 3770 ipsa
3010 3715 3269 3757 succensa
3294 3700 3369 3756 illi
3388 3701 3468 3756 di-

1865 3801 2061 3848 cuntur
2086 3807 2116 3847 a
2141 3793 2301 3862 longe
2322 3802 2717 3864 consequenter
2738 3801 2905 3859 stare,
2932 3808 3159 3864 eamque
3188 3808 3296 3850 non
3315 3808 3464 3849 com-

1865 3899 2082 3940 munem
2114 3885 2345 3941 dolendo
2373 3886 2692 3952 cruciatum,
2716 3886 2812 3942 sed
2840 3886 3007 3942 libera
3026 3886 3466 3943 consideratione

1866 3979 2244 4034 miserabiliter
2265 3978 2685 4048 deplorare,nisi
2712 3981 2855 4048 quia,
2875 3987 2930 4033 ut
2953 3979 3207 4048 praemisi,
3234 3989 3325 4035 ant
3355 3995 3464 4035 non

1867 4067 1957 4122 hic
1978 4069 2346 4124 omnimodum
2366 4069 2477 4138 jam
2505 4071 2666 4124 finem
2691 4069 2875 4123 mundi
2906 4071 3164 4126 debemus
3191 4071 3460 4141 accipere,

1867 4157 1962 4211 sed
1985 4156 2396 4214 diminutionem
2421 4174 2604 4213 rerum
2627 4159 2987 4213 humanarum
3010 4169 3064 4214 et
3084 4160 3464 4216 contritionem

1867 4247 2108 4317 gentium
2131 4247 2506 4303 diversarum?
2537 4248 2891 4304 Saecularium
2921 4249 3120 4318 quippe
3151 4249 3458 4306 divitiarum

1869 4355 2121 4410 pompam
2147 4340 2281 4395 dicit
2307 4339 2531 4408 auferri,
2560 4355 2655 4410 per
2687 4355 2850 4409 quam
2882 4343 3062 4410 pravis
3092 4342 3458 4399 voluntatibus

1869 4432 2229 4503 adimplendis
2257 4432 2638 4490 circumﬂuens
2677 4433 2976 4489 carnalium
3006 4434 3320 4491 deliciarum
3368 4451 3467 4507 op-

1871 4534 2128 4598 portuna,
2156 4527 2556 4598 quodammodo
2585 4526 3049 4598 importunitatem
3078 4529 3471 4602 suffragabatur

155 4637 255 4686 est
278 4629 326 4683 ei
357 4645 370 4682 :
402 4637 459 4684 et
510 4632 821 4698 inquantum
867 4646 920 4684 se
962 4628 1284 4684 clarificavit
1310 4669 1324 4693 ,
1359 4638 1406 4682 et
1446 4627 1760 4684 deliciarum
1790 4619 1848 4683 D
1876 4621 2116 4679 occasio.
2150 4623 2264 4691 Qua
2297 4621 2509 4678 sublata
2557 4638 2653 4693 per
2699 4621 2966 4679 defectum
2997 4631 3054 4679 et
3079 4623 3469 4680 desolationem

156 4720 380 4787 habuit,
422 4721 684 4776 intantum
715 4723 872 4777 datur
902 4721 955 4777 ei
997 4721 1267 4776 cruciatus
1299 4728 1347 4775 et
1378 4721 1554 4776 luctus
1575 4763 1590 4787 ,
1633 4736 1763 4792 quo-

156 4815 316 4872 niam
343 4814 468 4868 dicit
493 4815 545 4867 in
567 4815 720 4869 corde
740 4831 853 4881 suo,
877 4815 1000 4885 quia
1027 4818 1210 4886 regina
1237 4829 1379 4883 sum,
1410 4824 1457 4869 et
1483 4815 1638 4869 vidua
1661 4831 1763 4870 non

155 4925 391 4983 possum
421 4923 564 4978 esse,
600 4924 699 4965 nec
729 4911 919 4964 luctum
949 4911 1132 4965 visura
1169 4925 1310 4965 sum.
1341 4910 1635 4980 Propterea
1658 4926 1763 4965 una

157 5006 304 5060 hora
335 5002 533 5057 venient
565 5004 732 5074 plaga:
761 5003 894 5074 ejus,
930 5017 1092 5066 mors,
1121 5010 1167 5055 et
1197 5002 1386 5069 luctus,
1419 5011 1467 5056 et
1500 5008 1683 5072 tumes,
1713 5011 1761 5056 et

153 5096 286 5166 igne
310 5091 654 5157 cremabitur,
687 5092 808 5163 quia
833 5092 982 5161 fortis
1005 5101 1077 5145 est
1107 5089 1370 5146 Dominus
1398 5094 1487 5160 qui
1516 5105 1636 5148 eam
1659 5094 1757 5162 ju-

153 5187 381 5243 dicabit.
405 5186 529 5242 Haec
568 5186 749 5241 omnia
779 5184 1015 5241 secundo
1041 5184 1257 5255 quidem
1288 5184 1544 5242 adventui
1575 5187 1758 5241 futura

153 5282 460 5340 creduntur
484 5281 792 5349 convenire,
819 5281 1036 5352 quando
1062 5281 1311 5337 examine
1342 5283 1579 5352 supremi
1609 5283 1757 5353 judi-

155 5376 234 5432 cii
288 5375 520 5430 societas
563 5373 851 5443 impiorum
906 5373 1168 5440 exclusa,
1215 5371 1574 5430 retributione
1613 5373 1761 5445 justa

156 5469 449 5542 plectetur,
484 5475 543 5522 ut
568 5467 660 5537 qui
683 5465 1054 5536 temporaliter
1075 5475 1461 5536 peccaverunt,
1483 5467 1536 5520 in
1569 5481 1765 5536 perpe—

157 5575 320 5618 tuum
354 5559 663 5630 puniantur.
697 5557 809 5613 Hoc
833 5567 917 5613 est
947 5556 1096 5614 enim
1123 5557 1268 5628 quod
1297 5558 1372 5611 ait
1404 5574 1419 5611 :
1449 5556 1678 5613 Reddite
1711 5557 1762 5615 ei

157 5652 424 5722 duplicia,
454 5660 510 5706 et
535 5649 755 5719 duplum
778 5651 1070 5706 remixtum
1101 5659 1206 5718 est,
1234 5659 1295 5706 ut
1321 5651 1412 5722 qui
1435 5649 1764 5706 transitoriis

159 5747 374 5805 deliciis
420 5744 736 5809 fruebatur,
782 5745 1000 5801 mtcrnis
1033 5747 1312 5802 crucietur
1357 5745 1659 5802 tormentis.
1699 5744 1767 5799 Et

159 5842 255 5898 nis
289 5841 472 5896 usuris
502 5838 732 5893 liberare
761 5851 889 5893 suos
927 5838 1178 5898 Christus
1217 5841 1426 5914 psalmo
1457 5841 1765 5913 praecinitur

412 5932 684 5997 ΡΑτιιοι..
733 5932 1020 6000 LXVIII.

1876 4716 2080 4772 divinis
2111 4716 2272 4771 modo
2293 4715 2512 4786 judiciis
2541 4715 2794 4786 irrogata,
2820 4717 2956 4772 certi
2993 4715 3313 4784 superstites
3333 4713 3470 4771 alio-

1877 4825 1997 4864 rum
2030 4809 2383 4879 perhibentur
2430 4808 2707 4864 interitum
2751 4809 3028 4879 plangere.
3061 4808 3188 4863 ideo
3214 4808 3470 4865 dicuntur

1877 4923 1907 4963 a
1937 4909 2094 4980 longe
2123 4919 2268 4965 stare
2291 4917 2345 4964 et
2377 4918 2524 4964 metu
2552 4924 2728 4979 paenae
2758 4909 2952 4964 similis
2983 4908 3297 4965 formidare.
3333 4908 3468 4964 For-

1876 4999 2034 5056 tassis
2085 5001 2228 5056 enim
2269 5000 2338 5055 ad
2370 5003 2473 5056 hoc
2504 5002 2782 5070 pertinet,
2817 5001 2959 5071 quod
3001 5001 3205 5058 fumum
3237 5001 3473 5058 incendii

1874 5096 2060 5150 videre
2122 5095 2376 5150 dicuntur
2425 5105 2678 5166 tanquam
2728 5097 3003 5166 specimen
3070 5096 3210 5168 ignis
3261 5097 3470 5153 asterni.

1875 5188 2076 5244 Fumus
2107 5189 2254 5244 enim
2285 5190 2479 5246 futuris
2512 5191 2604 5247 dat
2657 5193 2890 5248 flammis
2921 5193 3201 5251 indicium.
3244 5194 3470 5251 Enarrat

1873 5281 2101 5355 proinde
2129 5282 2177 5337 si
2209 5298 2311 5353 qua
2337 5283 2582 5340 humanis
2605 5286 2790 5342 usibus
2812 5287 3142 5358 necessaria,
3165 5290 3210 5344 si
3240 5305 3343 5360 qua
3373 5305 3472 5345 sa:-

1875 5374 2150 5430 cularibus
2173 5375 2326 5431 novit
2347 5375 2671 5434 utilitatibus
2699 5393 2728 5432 a
2752 5379 2961 5449 cupidis
2985 5390 3146 5451 atque
3166 5382 3474 5439 carnalibus

1875 5483 2205 5540 magnOpere
2246 5471 2591 5542 concupisci,
2645 5471 2740 5527 sed
2786 5481 2839 5528 et
2887 5472 2977 5528 illa
3005 5489 3128 5545 qua:
3173 5475 3474 5532 notissimis

1874 5562 2112 5634 quinque
2142 5566 2394 5621 sensibus
2425 5565 2607 5621 carnis
2637 5565 3034 5623 delectabiliter
3055 5571 3203 5624 novit
3235 5569 3472 5637 hauriri,

1875 5672 2047 5728 eaque
2075 5659 2390 5729 pronuntiat
2417 5657 2666 5713 defutura
2689 5699 2706 5724 ,
2743 5658 2844 5714 hoc
2881 5661 3042 5716 modo
3082 5679 3092 5712 :
3127 5660 3324 5718 Merces
3353 5666 3471 5718 auri

1876 5758 1922 5805 et
1959 5753 2159 5823 argenti
2187 5762 2236 5806 et
2264 5753 2504 5824 lapidum
2533 5753 2891 5822 pretiosorum
2914 5763 2961 5809 et
2989 5757 3400 5826 margaritarum
3426 5768 3474 5810 et

1876 5844 2045 5900 serici.
2093 5843 2380 5917 ﬂuensque
2408 5845 2642 5902 utilitate
2689 5845 2932 5901 locorum
2958 5848 3124 5916 (Sic),
3157 5860 3204 5906 et
3229 5864 3472 5922 purpura

3023 5943 3102 6001 29
