3968 6354
529 304 632 364 90.7

1655 300 1952 366 PRIMASll
1989 298 2438 364 ADBUME'I‘ANI
2481 300 2696 360 EPISC.

3732 301 3825 356 90.2

529 426 816 495 coccineae,
835 433 889 480 et
917 422 1084 483 vestis
1111 431 1158 486 et
1185 421 1362 481 omnis
1386 421 1514 492 ligni
1538 419 1741 482 cedrini
1761 430 1809 475 et
1833 435 2000 482 omne.
2021 433 2117 475 vas
2143 420 2200 490 Α,
2222 418 2394 478 dicens
2425 433 2443 471 :
2475 416 2602 480 Hoc
2616 419 2810 492 trapetis
2835 406 3160 478 deinon
3199 413 3440 487 Babym
3473 417 3586 472 tua
3614 434 3824 490 πωςκα,

531 520 830 596 eburneum
853 518 917 572 de
946 518 1162 588 pretioso
1193 517 1356 585 ligno,
1383 523 1430 570 et
1459 531 1589 583 tere,
1618 516 1830 585 etferro
1851 557 1866 582 ,
1899 524 1960 570 eL
1972 531 2116 570 mar-

529 626 690 668 more.
721 610 1008 680 ﬂuensque
1035 609 1196 672 etiam
1244 608 1318 668 ad
1359 622 1575 668 sensum
1618 607 1940 678 pertinentia
1996 621 2115 662 me-

530 713 708 760 morat
734 704 1032 770 oculotum.
1082 700 1230 764 idem
1253 701 1396 772 quod
1431 700 1498 756 ad
1527 701 1789 758 olfactum
1821 700 2112 769 pertineat,

535 795 808 866 sequitur:
833 791 906 848 Et
924 793 1268 858 cinnamomi,
1291 800 1342 847 et
1367 793 1669 861 incensum,
1692 802 1740 848 et
1764 801 2115 863 unguentum.

535 886 610 940 De
641 896 911 956 unguento
953 884 1111 948 etiam
1147 895 1343 944 tactum
1393 885 1670 944 interserit
1703 902 1724 942 ε,
1750 893 1798 939 et
1841 884 2003 951 thus,
2037 884 2121 938 in-

531 977 664 1046 quit.
708 976 943 1042 Proinde
977 994 1095 1048 quae
1144 978 1212 1033 ad
1260 992 1478 1048 gustum
1505 978 1822 1048 rediguntur
1859 986 1915 1038 et
1961 992 2115 1034 usum

531 1069 754 1140 adjecit,
779 1069 968 1132 dicens
999 1088 1014 1124 :
1045 1081 1093 1125 et
1121 1073 1324 1137 vinum,
1355 1081 1406 1124 et
1432 1072 1634 1137 oleum,
1659 1081 1710 1132 et
1739 1071 1996 1126 triticum.
2025 1069 2120 1125 Ju-

531 1169 708 1216 rnenta
737 1177 894 1229 porro
921 1171 976 1218 et
1002 1177 1191 1231 pecora
1210 1203 1228 1231 ,
1255 1172 1303 1216 et
1330 1179 1611 1230 equorum,
1645 1173 1690 1240 et
1717 1162 1996 1218 rhedarum
2024 1175 2110 1216 ve-

533 1250 706 1305 liicula
739 1260 900 1320 atque
943 1254 1212 1322 mancipia
1239 1293 1264 1332 ,κ
1295 1265 1353 1308 et.
1386 1253 1592 1322 diversi
1619 1253 1837 1322 generis
1863 1253 2118 1314 animalia

531 1341 775 1396 utilitatis
819 1357 982 1398 causa
1035 1344 1204 1414 ponit.
1261 1344 1554 1412 Pomorum.
1593 1360 1808 1416 quoque
1856 1355 2116 1414 tuorum,

531 1435 725 1506 inquit,
758 1437 1196 1506 concupiscentia
1224 1439 1422 1498 animm
1445 1438 1582 1508 abiit
1606 1439 1706 1508 abs
1735 1447 1805 1504 te.
1841 1439 1953 1498 Hoc
1981 1454 2117 1510 quo-

529 1544 633 1596 que
662 1529 728 1584 ad
767 1538 1040 1600 aspectum
1086 1529 1294 1600 redegit
1337 1540 1394 1588 et
1429 1540 1661 1601 gustum.
1697 1530 1768 1588 Et
1798 1533 1977 1592 omnia
2017 1530 2110 1586 illa

532 1622 747 1692 pinguia
781 1631 832 1698 et
870 1623 1012 1676 clara
1043 1623 1304 1691 perierunt
1351 1623 1449 1695 abs
1479 1631 1558 1690 te,
1590 1637 1692 1686 nec
1723 1625 1842 1696 jam
1869 1638 1934 1684 ea
1971 1623 2113 1678 ultra

530 1713 789 1782 invenies,
828 1723 1129 1790 mercatores
1171 1715 1248 1769 tui
1282 1729 1517 1792 quoque,
1539 1717 1628 1786 qui
1652 1715 1832 1782 divites
1853 1715 1986 1788 [acti
2001 1724 2124 1770 sunt.

2223 517 2272 561 et
2315 508 2544 578 amplius
2592 523 2700 568 non
2743 507 3046 564 invenietur.
3100 505 3358 564 Novimus
3414 507 3726 570 Dominum
3775 513 3822 568 in

2224 601 2511 671 Evangelia
2553 600 2756 658 dixisse
2797 598 3038 672 (Matth.
3072 601 3302 674 xviii):
3352 601 3452 662 ἴω
3497 603 3731 662 mundo
3763 607 3822 660 ah

2222 692 2516 761 scandalis,
2547 699 2603 750 et
2629 692 2926 763 subiecisse
2948 693 3076 766 ινφ
3104 695 3314 756 homini
3337 711 3434 764 per
3460 711 3652 771 quem
3671 712 3817 756 scan-

2223 785 2408 842 dalum
2432 788 2580 842 venit
2605 801 2622 851 ;
2652 784 2838 841 utilius
2855 794 2942 842 est
2970 785 3050 843 illi
3074 786 3122 844 si
3139 787 3278 857 lapis
3302 788 3540 847 molaris
3575 788 3816 859 impona-

2222 886 2308 932 tur
2328 877 2470 931 circa
2509 876 2705 948 collum
2735 876 2874 946 ejus,
2905 887 2964 934 et
2990 880 3305 949 projiciatur
3328 881 3384 936 in
3429 895 3631 946 mare,
3670 899 3813 952 quam

2223 976 2280 1022 ut
2308 966 2628 1038 scandalizet
2656 982 2821 1026 unum
2851 968 2924 1030 de
2947 971 3154 1039 pusillis
3193 972 3334 1040 iatis,
3367 972 3716 1044 signiﬁcans
3735 992 3813 1030 au-

2221 1069 2396 1134 ctores
2438 1062 2672 1117 scandali
2718 1063 2810 1120 tali
2857 1078 3015 1134 poena
3057 1065 3396 1136 plectendos.
3445 1067 3558 1126 Ubi
3607 1084 3716 1126 non
3757 1073 3809 1126 de

2220 1153 2336 1209 solo
2369 1153 2623 1208 seandalo
2653 1153 2759 1210 litis
2790 1165 2917 1222 puto
2962 1157 3364 1230 accipiendum,
3417 1160 3528 1228 sed
3556 1160 3632 1216 de
3679 1167 3804 1217 omni

2219 1247 2399 1315 specie
2431 1247 2726 1324 peccatoris
2761 1247 3091 1321 frequentat,
3125 1251 3434 1326 secundum.
3464 1252 3627 1320 illam
3672 1269 3804 1330 gege-

2221 1338 2328 1393 lam
2372 1352 2530 1408 quam
2587 1346 2768 1394 sancta
2823 1339 3122 1408 Scriptura,
3157 1340 3268 1408 sive
3321 1341 3580 1417 Dptgino
3614 1344 3800 1416 dicente

2224 1429 2439 1500 (Matth.
2460 1432 2500 1501 ι)
2527 1447 2541 1484 :
2565 1431 2623 1490 Si
2649 1431 3086 1500 scandalizaverit
3113 1443 3165 1491 te
3189 1435 3407 1512 oculus,
3441 1450 3572 1506 pes,
3606 1452 3790 1506 manus,

2222 1525 2336 1580 sive
2366 1525 2532 1582 Paulo
2571 1526 2813 1596 apostolo
2839 1524 2898 1593 (Ι
2928 1525 3051 1583 Cor.
3084 1528 3162 1600 XI)
3187 1545 3202 1582 :
3231 1529 3359 1600 Quis
3390 1529 3792 1598 scandalizatur,

2220 1624 2275 1672 et
2301 1631 2400 1686 ego
2430 1631 2537 1672 non
2565 1617 2734 1676 urori;
2759 1603 2860 1684 Cui
2881 1620 3062 1696 sensui
3093 1620 3332 1690 psalmus
3355 1620 3478 1694 ($11
3501 1622 3538 1691 ).
3555 1625 3788 1698 concinit.

2221 1707 2406 1764 dicens
2438 1723 2453 1762 :
2484 1708 2586 1766 Per
2614 1709 2765 1790 diem,
2797 1710 2878 1778 sol
2907 1727 3016 1794 non
3041 1721 3160 1770 uret
3208 1721 3281 1780 te,
3322 1728 3518 1786 omne.
3565 1715 3687 1780 luna
3717 1733 3787 1786 per

533 1807 595 1858 ab
633 1819 691 1858 ea
717 1806 866 1876 longe
897 1804 1100 1858 stabunt
1125 1816 1336 1878 propter
1368 1808 1608 1882 timorem,
1628 1822 1800 1876 parum
1828 1810 1959 1880 ejus,
1985 1808 2116 1876 [len-
2145 1813 2204 1874 Β,
2222 1810 2456 1868 noctem,
2487 1801 2576 1856 ubi
2603 1817 2724 1860 cum
2753 1804 2917 1862 etiam
2944 1806 3101 1884 malae
3118 1805 3460 1862 credulitatis
3497 1806 3570 1863 de
3602 1808 3787 1864 Christo

532 1907 605 1964 tes
630 1906 685 1954 et
718 1897 1048 1972 plangentes,
1077 1907 1126 1952 et
1148 1899 1405 1964 dicentes,
1444 1897 1550 1966 ifaz,
1574 1915 1648 1953 υω
1676 1899 1770 1954 illa
1792 1900 1966 1958 civitas
1992 1915 2110 1952 ma-

527 2007 651 2061 gna,
684 1990 851 2064 velata
897 2006 1126 2061 purpura
1172 2001 1218 2048 et
1257 1993 1476 2063 byssiuo
1503 2003 1559 2050 et
1603 1994 1852 2064 coccino,
1888 2003 1933 2047 et
1965 1993 2110 2049 culta

530 2101 653 2138 auro
677 2094 725 2140 et
763 2085 935 2160 lapide
959 2069 1181 2154 pretioso
1209 2096 1256 2143 et
1285 2071 1568 2158 margarita
1588 2129 1602 2154 ,
1636 2096 1684 2141 et
1709 2104 1812 2141 una
1852 2088 1982 2140 hora
2014 2099 2113 2142 ex-

528 2180 829 2235 terminatae
847 2189 969 2234 sunt
993 2189 1148 2234 tanta:
1176 2182 1384 2234 divitiis.
1414 2181 1612 2236 lloram
1640 2179 1728 2235 hic
1749 2193 1846 2250 pro
1873 2185 2117 2248 tempore

528 2273 677 2341 poni,
709 2272 1000 2329 multorum
1035 2274 1462 2333 testimoniorum
1508 2274 1764 2344 probatur
1787 2271 2041 2342 judiciis,
2070 2282 2118 2326 et

531 2369 696 2424 omnis
733 2370 1075 2439 gubernator,
1109 2377 1162 2422 et.
1196 2370 1377 2432 omnis
1419 2384 1516 2442 per
1550 2384 1698 2428 mare
1743 2369 2004 2440 navigans
2025 2414 2038 2435 ,
2070 2378 2118 2422 et

528 2467 703 2534 nautis
726 2469 773 2528 et
797 2461 885 2531 qui
907 2471 1182 2518 morantur
1206 2464 1260 2524 in
1286 2465 1434 2530 mari,
1466 2463 1613 2534 longe
1639 2463 1864 2528 stabunt
1889 2479 1902 2517 :
1943 2464 2120 2518 viden-

532 2561 606 2606 tes
627 2531 835 2620 fumum
865 2553 1087 2610 incendii
1107 2557 1239 2628 ejus,
1271 2555 1495 2612 dicentes
1522 2531 1704 2622 (Qua:
1729 2555 1911 2608 similis
1930 2554 2125 2628 civitati

531 2643 650 2702 huic
677 2630 912 2715 magnae?
936 2643 1000 2699 Et
1020 2662 1172 2716 super
1207 2649 1378 2717 capita
1415 2664 1510 2706 sua
1539 2647 1812 2704 mittentes
1839 2648 2116 2718 pulverem,

532 2734 585 2787 id
631 2743 748 2801 est,
779 2735 1078 2806 principum
1120 2752 1337 2802 suorum
1387 2737 1576 2794 faciem
1629 2738 2050 2806 exprobrantes,
2088 2755 2120 2798 a

531 2825 722 2894 quibus
747 2827 955 2883 seducti
1001 2819 1303 2899 periebant,
1345 2831 1655 2885 clamabunt
1694 2833 1905 2899 ﬂentes,
1955 2841 2001 2884 et
2034 2833 2119 2886 lu-

531 2927 731 2989 gentes,
775 2928 821 2973 et
859 2920 1079 2974 dicentes
1106 2935 1237 2974 voce
1281 2907 1508 2988 magna:
1564 2920 1688 2988 Vw,
1726 2937 1800 2976 vae
1821 2923 2000 2978 civitas
2031 2921 2126 2976 illa

533 3027 752 3080 magna,
782 3012 837 3066 in
885 3029 987 3084 qua
1025 3013 1199 3065 divites
1231 3013 1354 3083 facti
1391 2997 1512 3067 sunt
1541 3030 1744 3079 omnes,
1790 3015 1879 3080 qui
1928 3013 2127 3069 habent

530 3119 682 3158 naves
725 3103 776 3157 in
817 3105 947 3158 mari
991 3106 1054 3159 de
1092 3105 1333 3178 claritate
1378 3111 1520 3179 ejus,
1560 3108 1686 3179 quia
1725 3125 1830 3162 una
1861 3110 1988 3162 hora
2028 3125 2127 3164 ex-

2219 1903 2273 1949 et
2301 1893 2560 1964 Ecclesia,
2589 1894 2643 1950 id
2669 1904 2753 1952 est
2776 1895 2844 1977 de
2873 1897 2991 1978 sole.
3014 1907 3076 1958 et.
3094 1898 3220 1964 luna
3259 1899 3596 1972 intellectus
3625 1902 3788 1968 admit-

2221 1991 2369 2055 titur,
2399 1989 2482 2044 vel
2533 1988 2599 2044 de
2645 1993 2876 2062 peccatis
2923 1992 3265 2074 adversitatis
3311 2003 3378 2056 et
3415 1997 3787 2068 prosperitatis.

2220 2081 2361 2152 quod
2386 2080 2454 2136 ad
2487 2081 2666 2136 lunam
2695 2081 3040 2150 referendum
3062 2094 3166 2164 est,
3191 2086 3278 2142 vel
3304 2085 3388 2146 ad.
3408 2088 3613 2164 solem,
3635 2104 3788 2146 omitas

2223 2181 2472 2242 tanquam
2498 2172 2548 2226 in
2581 2188 2778 2242 genere
2811 2163 3296 2247 transgressionutn
3345 2163 3574 2250 species
3602 2183 3784 2236 nomine

2222 2263 2459 2341 seandali
2491 2264 2739 2319 videntur
2760 2264 2977 2324 includi.
3013 2256 3174 2336 Quod
3203 2269 3290 2332 hic
3319 2253 3552 2341 quoque
3589 2273 3784 2327 auctoris

2223 2339 2482 2425 scandali,
2507 2357 2559 2411 id
2588 2366 2671 2413 est
2698 2358 2861 2413 totius
2893 2362 3090 2428 peccati
3120 2361 3187 2440 ad
3218 2339 3633 2440 modium—mola;
3657 2379 3769 2420 mer-

2223 2450 2427 2520 gendus
2459 2451 2708 2505 insinuat.
2739 2449 2899 2521 Lapis
2924 2467 3052 2507 vero
3095 2453 3316 2509 molaris
3348 2456 3448 2520 hic
3497 2471 3596 2524 pro
3616 2470 3764 2523 pecca-

2225 2552 2400 2600 torum
2433 2544 2708 2615 pondere,
2763 2561 2887 2616 qua:
2930 2560 2998 2612 ex
3033 2547 3193 2622 rebus
3243 2533 3628 2620 temporalibus
3670 2564 3774 2604 coa-

2225 2639 2509 2694 trahuntur
2538 2638 2662 2708 poni
2690 2638 2822 2694 mihi
2872 2639 3102 2696 videtur.
3153 2640 3347 2698 Molam
3381 2643 3529 2704 enim
3558 2643 3607 2697 in
3640 2657 3781 2708 saecu-

2225 2729 2416 2786 larium
2468 2746 2645 2787 rerum
2694 2730 2920 2786 circuitu
2975 2733 3100 2802 poni
3153 2734 3412 2790 Dominus
3451 2735 3636 2801 docet,
3678 2750 3779 2789 cum

2227 2823 2354 2878 dicit
2387 2841 2401 2879 :
2435 2822 2560 2879 Duce
2587 2807 2849 2881 {molentes
2873 2826 2925 2882 in
2957 2828 3119 2882 mola.
3155 2826 3225 2883 Et
3266 2844 3366 2883 vos:
3393 2831 3782 2896 citharoedorum,

2227 2921 2276 2968 et
2299 2901 2626 2984 musicorum,
2655 2924 2702 2969 et
2733 2917 3266 2987 symphoniacorum,
3290 2929 3334 2974 et
3354 2921 3653 2986 tubicinum,
3672 2921 3783 2990 jam

2228 3022 2328 3060 non
2351 3005 2590 3059 audietur
2618 3006 2763 3063 inte.
2802 3008 2876 3064 De
2921 3009 3026 3064 illis
3058 3011 3292 3082 quinque
3331 3012 3556 3067 sensibus
3593 3027 3778 3065 sonum

2229 3095 2528 3163 distulerat,
2547 3113 2705 3170 quem
2726 3085 3144 3157 nuncsatianter
3167 3104 3451 3180 expressit,
3467 3120 3618 3175 quem
3636 3106 3782 3159 etiam

535 3197 815 3251 terminata
847 3207 940 3252 est.
972 3198 1166 3252 Verum
1195 3199 1315 3268 quia
1358 3201 1553 3256 multos
1577 3216 1641 3266 ex
1675 3201 1774 3256 hac
1800 3201 2125 3257 contritione
2151 3201 2202 3270 G
2230 3187 2368 3246 inter
2397 3190 2504 3272 Μία
2533 3191 2601 3244 de
2633 3191 2792 3270 modo
2813 3192 3013 3248 aurem
3045 3196 3322 3264 Ρνπάίκῖι·
3352 3211 3418 3252 3°
3459 3197 3503 3253 δῖ
3557 3197 3781 3272 diem“

532 3288 778 3343 novimus
801 3305 942 3358 saepe
963 3290 1242 3359 compungi
1269 3332 1283 3356 ,
1317 3293 1360 3343 si
1407 3293 1470 3346 ad
1504 3309 1688 3348 eorum
1732 3308 2017 3362 personam
2059 3309 2125 3350 ea

533 3379 650 3434 loca
692 3381 882 3450 quibus
934 3396 1336 3450 permonemur,
1383 3383 1551 3455 redigi
1591 3384 1826 3450 debent,
1877 3400 1981 3440 non
2039 3385 2124 3439 in-

535 3472 914 3527 convenieuler
961 3463 1262 3541 accipitur,
1313 3473 1364 3528 id
1417 3484 1539 3543 est,
1600 3476 1756 3546 longe
1797 3478 2016 3550 stabunt
2070 3486 2124 3533 et

535 3564 862 3631 clamabunt,
896 3562 1137 3618 videntes
1175 3563 1376 3619 fumum
1422 3567 1655 3622 incendii
1696 3565 1843 3638 ejus,
1870 3578 1925 3622 ut
1967 3568 2128 3640 longe

548 3654 616 3707 sit
644 3670 745 3714 non
776 3670 895 3708 cum
925 3656 1144 3723 perditis
1171 3657 1384 3724 cadere,
1445 3659 1538 3712 sed
1569 3659 1744 3712 subita
1781 3661 1953 3728 pntius
1995 3649 2128 3716 con-'

537 3744 785 3798 versione
830 3744 1172 3799 stabilitatem
1224 3746 1503 3815 accidere,
1552 3759 1835 3819 propterea
1881 3767 1979 3806 suo
2019 3752 2123 3806 Do-

540 3831 685 3885 mino
714 3840 822 3886 stat
861 3840 951 3885 aut
991 3835 1162 3897 cadit,
1207 3837 1345 3904 quod
1393 3854 1498 3892 non
1546 3829 1922 3908 corporaliter
1953 3852 2119 3908 stare,

541 3922 636 3976 sed
659 3925 818 3977 animi
851 3922 1008 3979 debet
1040 3925 1260 3996 intelligi
1294 3929 1469 3983 stabili
1498 3931 1547 3984 in
1579 3930 1683 3985 ﬁde
1713 3935 2033 3999 conversio;
2068 3945 2125 3989 ut

541 4023 595 4067 et
623 4013 759 4084 quod
791 4028 847 4068 se
875 4015 1127 4086 plangere
1171 4018 1422 4073 dicuntur
1469 4022 1585 4076 aliis
1616 4027 1983 4093 pereuntibus,
2023 4025 2125 4094 ipsi

541 4106 907 4180 intelligantur
935 4110 1297 4180 ptenitentiam
1346 4129 1532 4184 gerere
1587 4116 1935 4173 fructuosam.
1987 4122 2121 4177 Hinc

536 4198 679 4254 enim
707 4200 993 4269 Apostolus
1017 4202 1144 4258 dicit
1177 4203 1397 4276 (Ephes.
1429 4207 1490 4275 ll)
1523 4223 1534 4259 :
1576 4207 1710 4262 Cum
1743 4213 1944 4265 mortui
1976 4228 2122 4268 esse-

539 4292 603 4344 tis
634 4292 845 4349 delictis
879 4304 931 4350 et
962 4298 1193 4364 peccatis
1221 4299 1416 4353 vestris
1439 4340 1454 4365 ,
1487 4300 1538 4354 in
1583 4301 1779 4370 quibus
1827 4304 2122 4375 aliquando

537 4382 847 4439 ambulastis
875 4377 1165 4444 secundum
1195 4391 1451 4445 stnculum
1484 4394 1668 4447 mundi
1699 4393 1858 4472 hujus
1879 4438 1893 4462 ,
1925 4411 2121 4452 secun-

537 4473 664 4526 dum
709 4477 1005 4547 principem
1046 4483 1323 4550 potestatis
1368 4484 1506 4539 aeris
1556 4484 1747 4554 hujus,
1777 4487 2002 4556 spiritus
2030 4492 2120 4560 qui

536 4582 679 4622 nunc
707 4581 958 4638 operatur
987 4573 1040 4628 in
1068 4572 1188 4630 ﬁliis
1220 4574 1532 4632 diffidentiae
1552 4619 1567 4644 ,
1610 4581 1661 4634 in
1706 4581 1898 4651 quibus
1929 4593 1983 4637 et
2023 4599 2119 4640 nos

533 4673 724 4717 omnes
742 4661 1028 4732 aliquando
1053 4668 1357 4722 conversati
1389 4684 1575 4724 sumus
1608 4671 1657 4724 in
1685 4671 1970 4727 desideriis
2002 4689 2118 4730 car-

532 4752 638 4819 nis,
669 4753 923 4811 facientes
953 4756 1254 4813 voluntates
1283 4761 1461 4815 carnis
1495 4771 1693 4815 nostra:
1731 4772 1783 4816 et
1825 4765 2117 4838 cogitatio-

534 4863 684 4920 num,
709 4856 764 4903 et
776 4863 988 4904 eramus
1011 4860 1197 4904 natura
1219 4851 1314 4906 ﬁlii
1335 4851 1450 4919 irae,
1474 4853 1614 4909 sicut
1632 4864 1684 4908 et
1704 4857 1903 4924 caeteri,
1920 4859 2004 4912 vel
2036 4858 2119 4913 his

531 4937 748 4996 similia.
781 4941 1084 4997 Secundum
1117 4943 1250 5010 hare,
1282 4945 1523 5014 inquam,
1557 4947 1796 5017 Apostoli
1822 4949 1987 5019 dicta,
2015 4966 2112 5021 po—

534 5040 638 5088 test
666 5032 752 5088 hic
766 5033 915 5088 locus
936 5031 1315 5091 conversurum
1340 5038 1582 5108 personis
1606 5041 1802 5110 aptari.
1830 5041 1944 5096 Non
1968 5043 2114 5098 enim

533 5124 651 5192 quis
699 5123 921 5180 inveniri
947 5134 1122 5194 potest
1150 5127 1341 5195 bonus,
1373 5130 1465 5198 qui
1496 5145 1603 5185 non
1638 5133 1781 5200 prius
1808 5132 1970 5189 fuerit
1994 5148 2112 5189 ma-

533 5215 633 5270 lus.
669 5216 803 5271 Hinc
827 5218 1062 5287 psalmus
1086 5219 1336 5290 (cxvut):
1387 5220 1835 5281 Prasvaricatores
1872 5227 2115 5297 reputavi

533 5322 720 5362 omnes
749 5318 1058 5378 peccatores
1091 5319 1280 5377 terrai;
1311 5310 1537 5366 fortasse
1567 5315 1710 5369 enim
1759 5317 1886 5372 inde
1916 5318 2002 5374 hic
2030 5335 2117 5376 se-

531 5402 741 5468 quitur:
758 5401 1042 5458 Exsultate
1067 5421 1219 5476 super
1238 5422 1370 5471 eam,
1401 5405 1512 5461 caeli
1534 5417 1584 5461 et
1603 5411 1790 5474 sancti,
1819 5419 1872 5465 et
1894 5416 2118 5482 apostoli

533 5504 578 5546 et
603 5495 884 5563 prophetae.
910 5495 1187 5568 Tanquam
1210 5499 1298 5554 isti
1330 5503 1578 5556 conversi
1608 5516 1772 5572 super
1789 5502 1996 5572 judicio
2020 5507 2112 5562 Dei

531 5583 778 5642 delectati
802 5589 1098 5658 gaudeant,
1131 5595 1368 5661 quoniam
1401 5594 1657 5664 judicavit
1703 5595 1876 5664 Deus,
1919 5595 2109 5669 inquit,

534 5677 594 5730 de
607 5691 668 5731 ea
687 5681 944 5747 judicium
970 5692 1205 5737 vestrum.
1233 5683 1302 5738 Et
1322 5688 1527 5740 sustulit
1555 5689 1769 5759 angelus
1797 5688 1945 5756 fortis
1975 5692 2110 5762 lapi-

534 5769 647 5819 dem
676 5767 739 5822 ad
764 5772 1178 5841 magnitudinem
1203 5775 1357 5832 mola:
1388 5792 1615 5848 magntc,
1646 5790 1693 5833 ct
1715 5781 1851 5834 irrisit
1873 5785 1923 5836 in
1947 5802 2105 5856 mare,

2231 3269 2504 3349 Quidquid
2522 3283 2637 3334 visu
2661 3267 2962 3350 pulchrum,
2989 3284 3174 3339 auditu
3195 3301 3483 3355 canorum,
3509 3297 3643 3343 tactu
3667 3267 3783 3346 blan-

2229 3371 2390 3440 dum,
2422 3373 2649 3430 odoratu
2693 3390 2889 3452 suave,
2922 3388 3078 3452 gustu
3109 3379 3464 3449 delectabile,
3517 3381 3583 3436 de
3623 3383 3782 3436 saeculo

2229 3466 2581 3520 transiturum
2605 3475 2709 3522 est.
2757 3468 2823 3523 Et
2854 3485 2921 3524 ne
2971 3470 3052 3524 his
3080 3482 3361 3528 contentus
3421 3460 3542 3530 esse
3587 3475 3777 3542 sivisset,

2229 3551 2426 3626 adjecit
2453 3557 2613 3612 etiam
2642 3557 2710 3613 de
2735 3560 2815 3613 his
2836 3551 2958 3630 qua:
2985 3559 3050 3615 ad
3078 3577 3234 3616 usum
3268 3562 3529 3620 humanae
3560 3565 3670 3620 vita:
3689 3581 3778 3634 per-

2229 3649 2420 3720 tinent,
2451 3651 2634 3707 dicens
2662 3668 2677 3706 :
2711 3651 2891 3724 Neque
2919 3654 3060 3711 ullus
3089 3643 3282 3728 artifex
3314 3658 3480 3713 ullius
3529 3661 3642 3714 artis
3670 3660 3779 3712 iisre-

2228 3727 2470 3797 nietur'in
2497 3753 2545 3797 te
2567 3746 2819 3812 amplius,
2845 3755 2890 3800 et
2913 3762 3011 3801 vox
3035 3749 3184 3802 molle
3226 3765 3331 3804 non
3377 3751 3607 3805 audietur
3637 3753 3678 3804 in
3714 3760 3769 3812 te,

2226 3833 2335 3901 jam
2366 3848 2539 3905 neque
2570 3836 2748 3891 lumen
2778 3837 2996 3893 lucernae
3027 3839 3213 3895 lucebit
3243 3841 3362 3909 tibi,
3399 3857 3450 3900 et
3468 3862 3551 3899 uox
3568 3845 3710 3914 sponsi
3732 3851 3772 3894 et

2229 3941 2430 3994 sponsw
2467 3919 2570 3981 non
2595 3930 2834 3983 audietur
2855 3933 2907 3984 in
2943 3940 2991 3987 te
3010 3933 3263 4002 amplius.
3299 3936 3367 3991 Et
3419 3938 3552 3994 dicit
3577 3952 3662 4007 quo
3687 3951 3778 3990 meo

2230 4015 2337 4071 rito
2368 4035 2378 4068 :
2412 4018 2534 4088 quia
2583 4021 2916 4087 negotiantes
2966 4025 3040 4076 tui
3083 4023 3298 4081 fuerunt
3337 4019 3682 4106 "magistratus
3709 4041 3781 4082 ter-

2229 4099 2469 4177 rw,'quia
2491 4112 2768 4168 maleficiis
2796 4113 2849 4166 in
2882 4115 2980 4169 tuis
3003 4132 3402 4177 exerraverunt
3436 4099 3613 4178 omnes
3638 4101 3782 4196 grates.

2230 4203 2307 4256 Ac
2334 4199 2376 4256 si
2414 4201 2659 4259 diceret:
2687 4204 2821 4273 Quia
2854 4207 2907 4262 in
2939 4209 3044 4264 vita
3072 4219 3160 4266 tua
3192 4213 3332 4268 male
3377 4231 3476 4270 usa
3518 4235 3578 4274 es
3625 4197 3786 4290 ternio-

2230 4292 2431 4347 ralibus
2471 4293 2648 4366 bonis,
2677 4306 2730 4352 et
2759 4297 2887 4368 ipsis
2910 4301 3053 4371 juste
3083 4302 3218 4358 ultra
3245 4304 3617 4379 fraudaberis,
3636 4322 3683 4365 et
3704 4324 3786 4379 pte-

2227 4384 2312 4437 nis
2337 4386 2550 4440 aeternis
2578 4387 2878 4446 damnanda
2912 4388 3372 4466 restringeris.iEt
3425 4383 3480 4456 in
3522 4413 3578 4460 te
3624 4403 3786 4474 sanguis

2229 4478 2590 4545 praphetarnm
2620 4489 2667 4534 et
2686 4493 2980 4539 sanctorum
3010 4488 3237 4543 inventus
3265 4500 3371 4559 est,
3406 4502 3452 4547 et
3477 4498 3701 4550 omnium
3724 4509 3789 4548 oc-

2227 4568 2464 4656 cisorum
2481 4586 2644 4642 super
2669 4584 2888 4634 terram.
2918 4577 3013 4635 llic
3034 4583 3272 4650 apertius
3293 4584 3637 4657 declaratur,
3661 4599 3790 4644 totum

2181 4653 2282 4717 “in
2307 4677 2406 4717 una
2434 4653 2656 4722 civitate
2683 4667 2990 4741 Babyloniae
3018 4688 3212 4744 corpus
3242 4677 3442 4734 diaboli
3477 4685 3555 4738 de
3603 4684 3706 4740 suis
3728 4697 3795 4738 er-

2223 4754 2468 4811 eessibus
2499 4758 2785 4830 increpari.
2829 4763 3011 4836 Neque
3034 4770 3176 4824 enim
3206 4769 3260 4825 in
3307 4786 3413 4842 qua
3452 4778 3679 4834 civitate
3703 4791 3796 4848 pro-

2225 4844 2444 4914 phetas,
2479 4848 2532 4904 in
2559 4851 2748 4908 eadem
2778 4856 3022 4912 novimus
3071 4857 3278 4916 occisos
3304 4859 3628 4937 martyres,
3667 4844 3798 4940 quan-

2223 4943 2334 4990 tum
2357 4938 2550 4994 attinet
2580 4941 2647 4996 ad
2678 4943 2781 4998 loci
2825 4943 3276 5017 signiﬁcationem
3296 4994 3311 5020 ,
3342 4970 3469 5011 cum
3510 4938 3696 5017 tamen
3718 4975 3798 5014 una

2221 5025 2292 5082 sit
2318 5027 2506 5114 civitas
2535 5034 2816 5103 impiorum
2845 5040 3126 5100 societate.
3157 5044 3416 5120 Sequitur
3446 5069 3459 5104 :

2292 5142 2418 5198 CAP.
2463 5161 2579 5208 ιιι.
2609 5147 2734 5222 Post
2760 5152 2872 5226 Ilaec
2896 5157 3076 5234 audivi,
3108 5176 3284 5236 vaccas
3321 5166 3610 5237 turbas-pm
3646 5173 3804 5241 ingens

2220 5232 2354 5290 tium
2407 5237 2753 5297 clamantium
2803 5258 2930 5304 voce
2975 5232 3164 5323 magna
3211 5232 3456 5328 ini-calo,
3507 5232 3806 5332 ἀίειηιῷιιιε

2223 5327 2470 5408 Alleluia.
2504 5330 2661 5388 Salus
2702 5345 2750 5390 et
2776 5338 2998 5426 claritas
3024 5342 3130 5426 Deo
3156 5358 3330 5424 nostra
3351 5389 3370 5416 ,
3419 5327 3810 5424 quoniams“

2223 5432 2270 5476 et
2289 5428 2436 5495 justa
2456 5436 2575 5508 sunt
2582 5429 2796 5518 judicia.
2819 5434 2929 5503 ejus
2949 5475 2962 5499 ,
3001 5436 3126 5516 quia
3155 5441 3246 5508 sic.
3262 5444 3534 5513 judicavit
3578 5450 3642 5505 de
3671 5465 3818 5519 lnge:

2223 5515 2346 5569 trice
2373 5533 2578 5598 "109mb
2607 5534 2721 5602 ιιιιαε
2764 5515 3002 5604 σὀνταρίε-
3027 5515 3226 5602 “'79?”-
3266 5549 3360 5608 θεν
3406 5515 3808 5610 mniaqu

2221 5622 2408 5693 suam,
2452 5621 2500 5664 et
2525 5614 2799 5694 vindicavit
2843 5623 3147 5698 sanguinein
3183 5641 3446 5702 sempr-pp;
3755 5636 3809 5698 ἀι

2220 5700 2456 5754 ntanibus
2482 5703 2615 5771 ejus.
2649 5699 2715 5756 Et
2766 5705 2948 5760 iterum
2997 5699 3236 5769 dixerunt
3267 5699 3582 5778 :VAVilcluia.
3631 5699 3806 5780 Simile

2221 5789 2469 5859 quiddam
2501 5793 2552 5848 in
2585 5793 2870 5867 Evangelio
2893 5800 3148 5860 Dominus
3173 5809 3488 5880 testabatur,
3524 5816 3719 5876 dicens
3738 5819 3800 5876 de
