3968 6354
199 348 302 411 909

1185 336 1625 395 (ΖΟΜΜΕΝΤΑΒ.
1667 335 1730 389 ΙΝ
1775 333 2153 389 APUCALYP.
2199 333 2324 387 LIB.
2370 334 2430 388 ν.

3366 343 3470 397 ato

203 464 358 533 huius
381 460 625 533 corporis
644 471 874 532 persona
905 457 1173 525 justorum
1209 452 1538 525 generaliter
1565 450 1778 520 sangui-
1808 448 1863 509 Δ
1889 446 2069 502 Scribe
2094 463 2113 502 :
2150 446 2299 501 Beati
2342 449 2429 517 qui
2474 449 2541 501 ad
2584 464 2777 502 caenam
2804 452 3103 520 nuptiarum
3148 453 3280 525 Agni
3306 461 3471 513 vocati

198 574 319 612 nem
349 554 667 626 exigendum
700 571 712 611 :
748 551 795 608 Α
822 551 1115 620 sanguine,
1148 548 1320 617 inquit
1350 547 1368 615 (
1396 544 1587 599 Matth.
1639 559 1732 599 xm
1758 544 1775 613 )

203 648 334 703 Abel
347 648 475 717 justi
494 662 662 713 usque
678 644 742 699 ad
755 644 1070 714 sanguinem
1081 640 1353 695 Zacharias
1372 639 1461 693 ﬁlii
1482 637 1778 703 Barachim,

203 741 521 811 pepulorum
542 738 746 807 scilicet
762 744 816 792 et
838 734 1175 792 sacerdotum
1200 732 1518 788 insinuatam
1542 729 1782 799 comple-

201 844 353 887 ctens
368 831 600 885 breviter
615 843 900 884 summam.
919 826 1047 882 Ideo
1065 833 1121 881 et
1137 823 1209 879 ibi
1232 831 1287 879 et
1303 824 1479 878 locum
1498 828 1781 886 memorat,

206 941 363 996 quem
396 923 696 991 occidistis,
734 923 978 993 inquiens
1000 964 1014 989 ,
1044 922 1182 975 inter
1216 919 1474 988 templum
1510 925 1564 971 et
1594 916 1784 981 altare,

204 1016 460 1085 templum
486 1014 551 1068 ad
582 1013 859 1084 populum,
891 1012 1063 1066 altare
1090 1009 1154 1064 ad
1178 1008 1488 1065 sacerdotes
1511 1007 1786 1076 redigens.

204 1110 355 1177 Quod
381 1119 555 1164 autem
584 1109 777 1164 iterum
795 1108 1063 1171 dixerunt,
1083 1104 1333 1172 Alleluia,
1360 1103 1597 1159 Ecclesia
1622 1104 1788 1159 Deum

205 1218 365 1271 super
388 1202 604 1272 judiciis
632 1200 748 1271 ejus
780 1198 1106 1254 indesinenti
1138 1196 1335 1251 aﬂectu
1370 1194 1659 1250 collaudat.
1696 1195 1791 1249 Al-

206 1294 363 1348 leluia
390 1293 532 1347 enim
572 1291 789 1356 dicitur,
821 1288 1036 1345 laudate
1079 1289 1385 1342 Dominum.
1436 1287 1689 1357 Sequitur
1726 1288 1792 1341 de

206 1384 294 1438 illa
327 1383 607 1439 meretrice
628 1398 643 1440 :
666 1380 731 1434 Et
750 1384 923 1452 fumus
942 1380 1011 1434 de
1038 1379 1125 1433 illa
1155 1379 1381 1433 ascendit
1406 1378 1459 1431 in
1479 1378 1669 1432 secula
1691 1395 1790 1432 sw-

206 1478 455 1533 culorum.
486 1475 725 1530 Ecclesia
755 1473 962 1529 scilicet
986 1479 1372 1542 perseverante
1393 1470 1448 1526 in
1472 1469 1612 1525 illius
1636 1471 1794 1527 laude

207 1567 424 1632 lzetitiae,
454 1565 771 1636 perditionis
800 1564 981 1620 fumus
1004 1572 1282 1633 permanet
1305 1563 1615 1632 impiorum.
1642 1562 1795 1617 Sicut

206 1660 346 1714 enim
371 1659 547 1713 fumus
569 1658 708 1729 ignis
736 1656 907 1720 initia,
933 1660 1011 1711 sic
1031 1657 1154 1726 igne
1176 1665 1560 1725 perseverante
1584 1655 1793 1711 fumum

213 1750 345 1805 dicit
367 1750 566 1805 inesse.
609 1749 811 1804 Horum
842 1748 1114 1818 specimen
1146 1748 1409 1804 bonorum
1441 1758 1602 1820 atque
1625 1750 1793 1804 malo-

1888 550 2027 593 sunt.
2058 540 2134 595 De
2164 540 2260 595 hac
2284 540 2536 595 Dominus
2565 540 2693 597 dicit
2718 542 2928 613 (Matth.
2956 546 3072 615 vm)
3100 564 3111 597 :
3156 546 3224 601 Et
3264 564 3474 605 recuru-

1889 632 2018 689 bent
2039 649 2161 689 cum
2188 634 2455 690 Abraham
2483 647 2535 691 et
2553 634 2719 691 Jacob
2746 639 2797 691 in
2821 654 2983 709 regno
3010 642 3301 709 caelorum;
3326 644 3474 699 item.

1889 740 1996 798 que
2025 745 2038 781 :
2068 727 2358 784 Transiens
2386 730 2709 785 ministrabit
2732 732 2857 798 illis,
2886 733 3002 787 illos
3030 735 3277 791 videlicet
3306 738 3473 810 signi-

1891 818 2090 885 ﬁcans,
2124 821 2212 889 qui
2239 822 2528 876 secundum
2563 825 2891 893 propositum
2926 828 3101 881 vocati
3132 840 3255 884 sunt
3280 833 3472 900 sancti,

1894 918 1948 965 et
1972 911 2022 964 in
2053 910 2436 979 plenitudinem
2470 921 2749 970 transeunt
2796 918 3109 973 electorum.
3156 920 3302 976 Multi
3332 924 3473 978 enim

1893 1010 2019 1056 sunt
2039 1003 2234 1071 vocati,
2267 1005 2421 1072 pauci
2452 1018 2579 1060 vero
2610 1005 2764 1062 electi
2790 1007 3004 1076 (Matth.
3041 1015 3150 1080 xx).
3184 1010 3250 1065 Et
3280 1013 3473 1068 iterum

1894 1093 2033 1147 dixit
2063 1094 2186 1148 mihi
2218 1110 2237 1148 :
2269 1095 2397 1150 Hazc
2422 1098 2575 1150 verba
2614 1116 2731 1153 vera
2772 1101 2989 1171 etjusta
3030 1102 3127 1157 Dei
3162 1114 3301 1159 sunt.
3329 1106 3477 1161 Tunc

1898 1183 2156 1240 Ecclesia
2183 1185 2438 1241 divinitus
2480 1188 2702 1254 dicitur,
2736 1194 2949 1260 quando
2999 1194 3225 1249 Verbum
3271 1198 3362 1252 Dei
3390 1214 3479 1254 ea—

1897 1276 2127 1348 demque
2155 1281 2355 1335 veritas
2379 1282 2666 1337 revelatur.
2702 1284 2767 1336 Et
2800 1289 3060 1354 prostravi
3102 1304 3187 1346 me
3219 1290 3285 1344 ad
3327 1293 3480 1359 pedes

1898 1370 2009 1441 ejus
2036 1380 2090 1424 ut
2122 1372 2393 1427 adorarem
2424 1390 2558 1429 eum.
2590 1374 2659 1429 Et
2686 1376 2758 1431 ait
2795 1378 2919 1432 mihi
2952 1394 2968 1433 :
3009 1378 3139 1434 Vide
3169 1398 3233 1435 ne
3278 1383 3480 1451 feceris,

1897 1465 2147 1535 quoniam
2194 1484 2464 1523 conservus
2498 1479 2614 1524 tuus
2640 1486 2787 1537 sum,
2812 1482 2860 1527 et
2896 1476 3117 1542 fratrum
3156 1484 3358 1530 tuorum
3391 1478 3484 1530 ha-

1900 1561 2123 1613 bentium
2151 1563 2495 1615 testimonium
2524 1564 2649 1618 Jesu
2677 1565 2895 1621 Christi.
2928 1567 3091 1621 Deum
3119 1569 3297 1623 adora.
3332 1570 3483 1626 Licet

1897 1654 1955 1709 in
1978 1654 2240 1724 principio
2272 1656 2428 1725 hujus
2460 1657 2579 1712 libri
2626 1659 2850 1714 dixerim
2896 1676 2990 1731 per
3019 1672 3345 1733 assumptam
3386 1680 3483 1719 an-

1898 1744 2002 1815 geli
2031 1756 2333 1802 creaturam
2364 1749 2642 1804 Dominum
2670 1749 2941 1807 Christum
2971 1755 3160 1809 Joanni
3188 1756 3367 1811 omnia
3390 1772 3484 1811 rc-

211 1859 327 1897 mm
349 1887 362 1912 ,
391 1844 443 1896 ίη
475 1856 705 1911 paupere
753 1848 808 1894 ει
844 1840 1009 1894 divite
1058 1841 1341 1898 Dominum
1387 1842 1620 1896 arbitror
1652 1842 1789 1909 ﬁgu-
1822 1837 1873 1898 Β
1896 1838 2138 1904 velasse,
2169 1840 2307 1908 quod
2338 1840 2498 1893 etiam
2550 1840 2636 1895 hic
2672 1844 2900 1896 maxime
2946 1845 3111 1899 claret
3154 1848 3477 1916 intellectui,

212 1950 363 1991 rasse
388 1935 537 2008 (Luc.
569 1936 702 2004 xvi).
732 1932 800 1987 Et
824 1942 1228 2002 prostraverunt
1274 1949 1333 1989 se
1358 1934 1536 2006 viginti
1572 1943 1789 2002 quatuor

212 2032 431 2085 seniores
480 2036 525 2081 et
554 2034 773 2098 quatuor
794 2028 1057 2088 animalia,
1091 2036 1137 2081 et
1162 2027 1501 2081 adoraverunt
1532 2026 1694 2081 Deum
1716 2042 1793 2081 se-

214 2122 417 2174 dentem
448 2121 509 2174 in
527 2123 741 2174 throno.
768 2120 1062 2176 Ecclesiam
1106 2128 1389 2175 memorat.
1417 2120 1691 2190 Sequitur,
1717 2120 1797 2174 di-

216 2218 380 2265 centes
404 2227 423 2264 :
447 2211 605 2264 Amen
631 2227 652 2265 .'
678 2212 860 2278 id'est,
890 2226 1096 2278 verum,
1128 2211 1374 2267 ﬁdeliter.
1410 2209 1474 2264 Et
1502 2228 1605 2266 eoa:
1644 2212 1797 2266 exivit

215 2301 279 2354 de
309 2302 466 2368 cmlo,
498 2302 667 2356 dicens
697 2315 715 2354 :
747 2302 981 2356 Laudate
1003 2301 1169 2356 Deum
1203 2311 1459 2367 vestrum,
1482 2319 1652 2357 omnes
1676 2318 1791 2357 ser.

214 2392 267 2447 vi
304 2394 442 2463 ejus,
472 2405 522 2446 et
542 2395 631 2463 qui
659 2394 843 2446 timetis
868 2393 1057 2460 Deum,
1104 2394 1279 2463 pusilli
1326 2401 1375 2446 et
1420 2396 1614 2466 magni.
1662 2393 1793 2449 Cum

216 2485 318 2540 hoc
345 2487 575 2554 imperat
596 2485 899 2541 faciendum
931 2494 989 2541 et
1009 2495 1274 2541 memorat
1304 2486 1522 2552 factum,
1549 2486 1691 2542 illius
1718 2490 1795 2543 rei

216 2577 363 2633 dedit
382 2577 660 2644 indicium,
688 2578 835 2647 quod
858 2593 1077 2634 suorum
1102 2578 1314 2634 laudem
1347 2579 1594 2649 placitam
1614 2595 1798 2636 susce-

216 2670 353 2740 perit
373 2670 691 2737 electorum,
717 2671 1021 2741 approbans
1046 2672 1251 2726 scilicet
1276 2672 1632 2742 praemissam,
1658 2674 1799 2727 indi-

216 2775 446 2833 censque
473 2773 810 2832 perpetuam.
844 2763 1019 2832 Magni
1047 2773 1225 2818 autem
1254 2774 1379 2817 sunt
1424 2764 1480 2817 in
1530 2761 1795 2832 Ecclesia,

219 2854 283 2911 de
309 2855 501 2926 quibus
524 2855 809 2925 Apostolus
840 2874 850 2906 :
878 2854 1228 2927 Sapientiam,
1257 2856 1433 2926 inquit
1456 2856 1506 2927 (Ι
1542 2855 1660 2910 Cor.
1692 2854 1754 2926 ιι)
1781 2896 1795 2921 ,

218 2950 482 3017 loquimur
502 2948 640 3004 inter
662 2949 948 3019 perfectos.
999 2951 1065 3005 Et
1108 2950 1367 3006 Dominus
1410 2952 1430 3021 (
1463 2949 1651 3007 Matth.
1674 2951 1749 3022 v)
1785 2968 1797 3004 ε

221 3041 319 3107 Qui
343 3039 610 3107 docuerit,
643 3040 831 3111 inquit,
864 3040 942 3096 sic
971 3040 1239 3109 homines,
1279 3056 1503 3112 magnus
1526 3042 1802 3097 vocabitur

222 3133 275 3187 in
297 3148 461 3203 regno
480 3133 755 3189 cmlorum.
780 3134 987 3202 Pusilli,
1011 3133 1080 3189 de
1104 3134 1295 3204 quibus
1317 3134 1442 3189 dicit
1466 3133 1520 3205 (1
1538 3133 1657 3188 Cor.
1681 3132 1761 3204 ιιι)
1787 3152 1797 3186 :

1897 1944 2017 1986 cum
2041 1946 2100 1987 se
2124 1948 2229 1988 non
2260 1936 2385 1989 sinit
2409 1935 2618 1990 adorari
2649 1947 2705 1991 ut
2738 1938 2924 2007 Deum,
2956 1941 3046 1995 sed
3091 1943 3266 2011 potius
3302 1952 3484 1998 monet

1898 2024 2137 2091 reputari
2173 2039 2522 2089 conservum,
2556 2042 2826 2097 unumque
2855 2029 3021 2085 Deum
3070 2032 3327 2101 perdocet
3358 2034 3487 2088 ado-

1898 2113 2122 2168 randum
2146 2156 2159 2179 ,
2196 2124 2367 2183 potest
2419 2126 2593 2172 tamen
2648 2134 2963 2187 permovere
3014 2122 3313 2192 legentem,
3343 2128 3487 2196 quod

1898 2204 2059 2258 etiam
2078 2204 2169 2260 ille
2184 2206 2309 2261 dicit
2327 2224 2339 2260 :
2356 2208 2468 2277 Ego
2482 2223 2596 2264 sum
2612 2212 2814 2279 primus
2831 2222 2885 2267 et
2898 2214 3218 2269 novissimus
3236 2217 3396 2289 (Sup.
3415 2223 3451 2286 ι)
3471 2236 3485 2273 :

1899 2294 2007 2351 Sed
2036 2299 2137 2352 hoc
2167 2315 2229 2353 ex
2262 2314 2487 2369 persona
2520 2303 2719 2358 Christi
2763 2312 3009 2374 angelum
3054 2308 3251 2365 dixisse
3279 2315 3489 2366 noveri-

1902 2401 2037 2441 mus.
2074 2388 2127 2441 ln
2172 2388 2276 2443 ﬁne
2304 2391 2537 2461 denique
2566 2392 2694 2448 dicit
2728 2412 2742 2448 :
2789 2395 2942 2467 (Inf.
2967 2402 3118 2466 xxii)
3151 2419 3164 2452 :
3193 2402 3299 2469 Ego
3334 2402 3491 2458 Iesus

1900 2477 2023 2531 misi
2050 2479 2297 2549 angelum
2322 2496 2499 2535 meum
2525 2484 2795 2540 testiﬁcari
2819 2486 2969 2541 vobis
2994 2489 3107 2543 haec
3136 2490 3187 2543 in
3215 2490 3489 2549 Ecelesiis.

1904 2568 2159 2639 Sequitur
2194 2587 2209 2624 :
2241 2572 2604 2628 Sanctiﬁcatio
2632 2576 2764 2629 enim
2792 2577 3179 2635 testiﬁcationis
3214 2592 3294 2636 est
3340 2584 3496 2653 spiri-

1903 2669 1987 2716 tus
2034 2662 2434 2732 prophetarum.
2482 2666 2669 2721 Omnis
2712 2669 2909 2737 quippe
2958 2685 3165 2726 summa
3202 2676 3494 2743 prophetia:

1904 2762 1956 2809 et
1998 2755 2346 2812 sanctiﬁcatio
2385 2757 2604 2826 spiritus
2664 2760 2713 2813 in
2761 2762 3069 2819 testimonio
3113 2765 3241 2820 Jesu
3290 2768 3489 2823 Christi

1904 2847 2173 2915 consistit,
2199 2850 2281 2903 cui
2312 2851 2487 2905 omnis
2510 2852 2594 2905 lex
2615 2861 2668 2906 et
2689 2853 2967 2922 prophetia
2990 2856 3245 2912 deservit.
3274 2858 3497 2928 Propter

1904 2938 2045 3009 quod
2071 2948 2127 2995 et
2154 2940 2206 2995 in
2239 2950 2420 2997 monte
2447 2956 2506 2998 se
2535 2942 2881 2999 manifestans
2912 2945 3128 3017 (Matth.
3155 2964 3291 3015 xvn;
3324 2948 3489 3007 Marc.

1904 3048 1991 3098 ut;
2024 3033 2151 3088 Luc.
2183 3034 2261 3103 1x)
2290 3033 2429 3089 inter
2464 3035 2681 3107 Moysen
2704 3046 2765 3093 et
2792 3038 2982 3105 Etiam,
3017 3043 3191 3097 vultus
3224 3045 3494 3113 vestisque

1907 3126 2150 3181 claritate
2187 3126 2557 3196 resplenduit,
2605 3142 2771 3198 seque
2818 3131 3182 3185 testimonium
3231 3148 3258 3185 a
3306 3135 3420 3205 lege
3445 3144 3498 3189 et

223 3226 495 3297 Tanquam
519 3227 754 3296 parvulis
775 3227 829 3281 in
864 3225 1099 3294 Christo,
1134 3227 1214 3283 lac
1240 3225 1390 3282 vobis
1438 3236 1622 3296 potum
1653 3226 1798 3294 dedi,
1827 3220 1875 3283 (Ξ
1908 3218 2185 3287 prophetis
2213 3217 2413 3273 habere
2439 3220 2703 3274 veraciter
2726 3221 3034 3277 declaravit.
3080 3224 3135 3280 Si
3181 3226 3306 3296 quid
3352 3230 3495 3283 enim

222 3332 326 3372 non
354 3333 555 3374 escam.
586 3317 654 3373 Et
694 3319 869 3373 audivi
911 3334 1083 3373 vocem
1127 3318 1373 3373 tubarum
1418 3332 1730 3388 magnarum
1758 3329 1805 3372 et

223 3409 375 3480 quasi
431 3426 603 3464 uocem
653 3411 945 3465 tonitruum
997 3410 1254 3477 fortium,
1305 3419 1354 3465 et
1401 3412 1551 3482 quasi
1610 3424 1802 3466 sonum

224 3520 472 3573 aquarum
496 3502 779 3558 multarum
805 3504 1080 3558 dicentium
1101 3520 1120 3558 :
1165 3504 1404 3559 Alleluia.
1453 3505 1510 3559 ln
1542 3504 1686 3560 tubis
1716 3504 1804 3560 illa

225 3596 531 3666 praedicatio
549 3597 878 3666 designatur,
896 3612 1054 3667 quam
1079 3597 1240 3653 Isaias
1277 3598 1408 3653 dicit
1432 3596 1585 3670 (Isai.
1610 3599 1766 3670 xvm)
1790 3618 1802 3653 :

226 3688 428 3757 Clama,
460 3706 526 3746 ne
556 3705 757 3756 cesses,
788 3691 938 3760 quasi
968 3692 1090 3745 tuba
1119 3692 1293 3747 exalta
1323 3706 1509 3747 vocem
1543 3701 1719 3758 tuam,
1752 3694 1804 3747 in

227 3798 329 3853 qua
355 3784 730 3855 praedicatione
752 3784 1051 3840 insinuatur
1066 3786 1228 3841 etiam
1256 3785 1423 3840 divini
1455 3785 1693 3841 formido
1719 3785 1807 3856 ju-

227 3876 383 3943 dicii;
408 3876 545 3933 hanc
565 3886 693 3947 puto
723 3881 936 3935 nomine
961 3881 1251 3949 signiﬁcari
1278 3881 1519 3949 tonitrui,
1552 3883 1801 3951 quoniam

228 3968 531 4025 hominibus
557 3980 874 4039 congruunt.
919 3972 1121 4026 Idcirco
1163 3975 1315 4042 aquis
1359 3975 1541 4029 multis
1573 3977 1802 4044 populos

227 4075 432 4121 certum
462 4072 549 4119 est
570 4064 726 4119 solite
748 4064 994 4133 ﬁgurare,
1024 4066 1114 4133 qui
1144 4064 1312 4119 Deum
1346 4067 1587 4131 laudant,
1618 4068 1805 4122 dicen-

229 4173 350 4216 tes:
383 4159 639 4225 Alleluia;
685 4160 925 4215 Ecclesia
974 4160 1153 4230 itaque
1191 4176 1311 4217 cum
1359 4170 1415 4218 et
1468 4164 1725 4233 prmdicat
1753 4174 1809 4221 et

231 4252 415 4306 metuit
442 4262 496 4306 et
526 4250 703 4306 laudat
722 4293 737 4318 ,
783 4266 904 4306 cum
938 4261 1192 4320 tremore,
1222 4254 1359 4309 sicut
1389 4254 1603 4324 legitur,
1630 4257 1808 4310 exsul-

232 4354 349 4400 tat:
380 4347 587 4405 Servite
614 4345 843 4401 Domino
871 4345 923 4400 in
957 4347 1183 4412 timore,
1207 4357 1259 4403 et
1301 4350 1562 4403 exsultate
1602 4346 1653 4403 ei
1684 4364 1806 4403 cum

232 4447 481 4493 tremore.
518 4437 772 4506 Quoniam
796 4440 1020 4509 regnavit
1054 4440 1303 4493 Dominus
1326 4441 1671 4509 omnipotens.
1699 4438 1806 4495 Re-

232 4535 315 4579 cte
344 4526 429 4579 hic
458 4528 901 4596 omnipotentiam
938 4529 1055 4597 ejus
1078 4528 1344 4583 meminit.
1379 4529 1529 4585 Fecit
1570 4530 1712 4585 enim
1741 4545 1805 4585 ex

1911 3311 2423 3379 prauuuntiaverunt,
2455 3312 2669 3367 Christo
2693 3325 2747 3367 et
2793 3314 3047 3371 Ecclesiae
3094 3316 3336 3373 famulari
3381 3322 3497 3391 ipse

1911 3410 2158 3468 testatur,
2192 3404 2375 3459 dicens
2407 3404 2473 3459 de
2496 3406 2675 3476 Moyse
2702 3406 2882 3476 (Joan.
2908 3408 2962 3479 v)
2998 3427 3009 3461 :
3046 3411 3121 3465 De
3152 3428 3237 3467 me
3257 3412 3347 3468 ille
3367 3417 3497 3468 scri-

1910 3497 2035 3566 psit.
2061 3495 2192 3550 Nam
2222 3504 2276 3551 et
2300 3512 2610 3567 resurgens,
2647 3498 2894 3563 Necesse,
2926 3500 3096 3571 inquit
3124 3503 3144 3572 (
3168 3502 3294 3557 Luc.
3340 3520 3428 3558 xiv
3450 3505 3495 3575 ),

1910 3596 1993 3643 est
2021 3588 2229 3657 impleri
2252 3590 2431 3644 omnia
2462 3604 2581 3657 quae
2608 3592 2807 3660 scripta
2839 3603 2956 3646 sunt
2989 3594 3042 3646 in
3073 3592 3190 3664 lege
3227 3594 3420 3665 Moysi,
3444 3606 3497 3651 et

1912 3678 2227 3749 Prophetis,
2273 3689 2329 3736 et
2371 3680 2624 3748 Psalmis,
2660 3682 2726 3736 de
2758 3699 2861 3739 tne.
2903 3684 3087 3753 Neque
3128 3685 3197 3739 ibi
3248 3687 3499 3741 videntur

1911 3772 2138 3829 fortasse
2163 3771 2361 3828 Christi
2394 3789 2493 3829 nec
2519 3789 2715 3829 sonare
2752 3790 2848 3830 nec
2876 3776 3160 3847 signiﬁcari
3210 3780 3494 3847 mysteria;

1912 3865 1978 3921 ad
2007 3867 2110 3922 hoc
2130 3866 2520 3922 interseruntur
2540 3882 2604 3921 ex
2625 3866 2820 3937 quibus
2840 3869 3013 3922 omnis
3036 3868 3328 3937 Scriptura:
3352 3870 3499 3923 illius

1912 3958 2082 4012 series
2125 3958 2339 4012 dicendi
2388 3958 2745 4013 instrumento
2774 3974 3101 4029 consurgens
3150 3960 3325 4029 aptius
3371 3976 3499 4015 con-

1913 4060 2170 4115 struatur,
2202 4052 2341 4105 sicut
2370 4054 2421 4105 in
2453 4066 2676 4122 organo.
2707 4054 2837 4107 Nam
2866 4054 3118 4122 quidquid
3154 4054 3391 4109 locorum
3423 4064 3500 4109 tea

1915 4142 2131 4211 tigeriut
2158 4151 2332 4207 sonat,
2364 4144 2457 4197 sed
2482 4153 2539 4197 ut
2565 4144 2821 4199 sanabilis
2854 4145 3002 4198 locus
3030 4146 3349 4199 necessariae
3381 4163 3492 4199 mo-

1914 4233 2199 4289 dulationis
2224 4242 2437 4287 cautum
2467 4244 2685 4299 exerat,
2711 4242 2769 4288 et
2804 4235 3018 4301 religata
3048 4234 3284 4288 deservit
3321 4239 3497 4290 omnis

1913 4326 2122 4382 illorum
2149 4328 2470 4381 instructura
2493 4342 2766 4383 vasorum.
2795 4327 3000 4381 Deinde
3023 4328 3176 4381 latius
3198 4329 3498 4396 praemissa,

1914 4418 2062 4473 brevi
2110 4416 2549 4486 recapitulatione
2596 4418 2809 4473 retexit.
2848 4416 2969 4471 Vidi
3009 4420 3192 4473 calum
3220 4430 3493 4490 apertum;

1915 4519 1964 4569 et
1983 4527 2096 4565 ecce
2117 4529 2273 4583 equus
2297 4516 2460 4581 albus,
2488 4524 2539 4570 et
2565 4516 2651 4587 qui
2675 4514 2877 4569 sedebat
2906 4532 3057 4587 super
3086 4534 3200 4573 eum
3228 4518 3502 4573 uocabatur

234 4613 400 4665 nihilo
425 4630 540 4682 quae
571 4594 675 4670 non
707 4626 890 4679 erant,
932 4594 1180 4687 quaesivit
1219 4619 1310 4688 qui
1364 4629 1584 4688 peccato
1635 4623 1799 4691 perie-

1922 4607 2121 4662 Fidelis
2139 4619 2185 4663 et
2212 4608 2405 4664 Verus.
2455 4610 2551 4665 Hic
2579 4618 2659 4663 est
2685 4624 2842 4679 quem
2872 4610 3117 4679 superius
3161 4610 3371 4665 dixerat
3407 4606 3517 4693 «ιθ-ξ

235 4715 383 4770 rant,
418 4705 627 4762 invenit
650 4711 985 4777 puniendos:
1017 4721 1071 4765 et
1100 4727 1165 4767 ex
1188 4714 1267 4768 eis
1293 4728 1425 4782 quos
1456 4714 1646 4781 voluit,
1680 4715 1809 4772 fecit

235 4797 648 4852 misericorditer
688 4799 889 4868 justos;
937 4817 1002 4857 ex
1054 4803 1137 4857 his
1166 4804 1399 4875 denique
1454 4816 1703 4877 tanquam
1741 4825 1808 4864 ex

233 4888 489 4943 membris
519 4889 620 4943 sibi
652 4889 941 4945 Ecclesiam
982 4903 1323 4965 construens,
1352 4897 1445 4951 tali
1472 4900 1807 4969 redemptam

236 4995 458 5036 munere
486 4979 789 5053 [dignitate]
817 4982 1055 5051 donavit,
1078 4997 1135 5040 ut
1162 5002 1279 5042 eam
1312 4989 1416 5043 sibi
1446 5005 1699 5059 sponsam
1734 4992 1810 5046 fa-

238 5081 404 5139 ceret,
431 5087 551 5131 cum
582 5088 680 5129 nec
698 5089 852 5129 serva
881 5091 1003 5133 esse
1030 5090 1318 5136 meruerat.
1354 5082 1608 5153 Sequitur
1658 5085 1813 5142 deni-

237 5178 341 5232 que
372 5182 384 5216 :
416 5162 744 5219 Gaudeamus
767 5176 813 5219 et
841 5170 1183 5241 exsultemus,
1214 5183 1261 5228 et
1298 5176 1474 5230 demus
1503 5179 1550 5232 ei
1596 5179 1813 5235 clarita-

239 5267 367 5322 tem,
415 5259 663 5326 quoniam
708 5270 953 5315 venerunt
995 5266 1399 5337 nuptite,Agni,
1430 5280 1478 5323 et
1526 5285 1655 5325 uxor
1700 5274 1812 5343 ejus

239 5352 544 5418 prrrparavit
571 5368 645 5405 se.
668 5350 737 5407 Et
766 5355 947 5409 datum
968 5364 1045 5409 est
1069 5357 1121 5411 ei
1144 5365 1199 5409 ut
1234 5360 1517 5413 vestiretur
1534 5361 1812 5431 byssinum

237 5440 517 5501 candidum
536 5444 811 5499 mundum.
827 5432 1112 5516 'Byssinum
1131 5451 1266 5502 enim
1292 5450 1570 5517 mundum,
1588 5451 1813 5521 iustitiae

236 5543 523 5599 sanctorum
551 5546 687 5593 sunt.
716 5538 843 5593 litae
869 5542 1047 5595 omnia
1075 5542 1368 5596 electorum
1394 5542 1651 5598 Ecclesia:
1683 5559 1816 5599 con-

239 5625 419 5681 venire
443 5628 617 5695 nullus
643 5627 865 5697 ambigit
899 5632 1175 5699 spiritalis.
1214 5633 1289 5688 llli
1330 5647 1458 5689 sane
1486 5635 1601 5704 ejus
1625 5651 1696 5701 ,se
1725 5636 1808 5691 di-

237 5726 429 5785 cuntur
475 5718 698 5789 spiritali
743 5722 989 5790 conjugio
1038 5740 1377 5793 praeparare,
1412 5730 1498 5797 qui
1553 5730 1809 5799 operibus

222 5808 447 5884 justum
493 5813 773 5883 maluerunt
828 5826 1042 5883 semper
1086 5817 1352 5881 insistere.
1404 5816 1471 5873 Et
1525 5825 1598 5878 ait
1649 5825 1810 5877 mihi:

1918 4701 2082 4755 bitam
2108 4699 2346 4755 victoriae
2368 4700 2671 4771 percepisse
2692 4713 2967 4766 coronam,
2995 4716 3204 4770 aequum
3222 4710 3277 4754 et
3291 4702 3496 4770 justum

1918 4792 2006 4862 qui
2035 4792 2257 4861 iudicat,
2287 4800 2341 4847 et
2367 4792 2698 4861 praeliabitur
2716 4800 2775 4847 ut
2794 4808 2890 4848 rex
2918 4794 3156 4846 omnium
3180 4793 3499 4848 saeculorum

1916 4886 2210 4955 praeliatur,
2239 4887 2327 4956 qui
2360 4889 2413 4940 in
2452 4887 2564 4941 suis
2608 4899 2821 4957 semper
2860 4887 3117 4941 membris
3159 4890 3498 4956 compatitur,

1864 5014 1867 5023 ι
1918 4979 2133 5034 dimicat
2158 4995 2278 5034 cum
2301 4980 2501 5046 vincit,
2540 4980 2593 5033 in
2624 4980 2803 5047 seipse
2848 4987 3090 5043 coronat,
3122 4980 3217 5034 sed
3246 4980 3498 5033 virtutem

1917 5071 2244 5126 certantibus
2272 5071 2547 5138 prmbens,
2571 5071 2659 5138 qui
2688 5070 2968 5139 pollicetur
2998 5070 3333 5125 vincentibus
3360 5083 3498 5138 prae-

1916 5172 2085 5227 mium
2115 5168 2134 5239 (
2161 5169 2291 5239 Sap.
2323 5170 2422 5239 ιι).
2459 5169 2607 5224 Oculi
2651 5179 2821 5224 autem
2864 5172 2975 5240 ejus
3002 5180 3155 5224 erant
3202 5179 3260 5224 ut
3289 5173 3502 5241 ﬂamma

1916 5266 2069 5338 ignis,
2103 5274 2149 5318 et
2175 5278 2336 5333 super
2357 5274 2516 5334 caput
2541 5267 2654 5336 ejus
2676 5267 2969 5321 diademata
2996 5266 3187 5320 multa.
3208 5267 3262 5320 ln
3287 5282 3394 5337 quo
3416 5265 3505 5320 fa-

1917 5360 2121 5415 ciemus
2146 5358 2392 5413 virtutem
2418 5358 2585 5427 (Psal.
2607 5360 2737 5427 1.1x),
2763 5359 2813 5413 in
2843 5361 2957 5429 ipso
2983 5360 3267 5415 multitudo
3294 5369 3505 5414 sancto-

1918 5466 2055 5513 rum,
2089 5458 2403 5504 coronatum
2435 5449 2630 5502 dicitur
2664 5450 2861 5504 habere
2900 5451 3170 5505 decorem.
3208 5451 3273 5505 Et
3314 5450 3503 5507 habens

1918 5558 2102 5595 nomen
2142 5556 2387 5609 magnum
2421 5542 2667 5611 scriptum
2705 5542 2844 5613 quod
2888 5559 3033 5596 nemo
3062 5545 3200 5597 nouit
3244 5544 3345 5600 nisi
3371 5546 3500 5618 ipse.

1920 5635 2077 5689 Verbi
2131 5635 2223 5689 Dei
2272 5634 2503 5705 perlecta
2554 5635 2788 5703 cognitio
2844 5636 2949 5689 illis
2999 5638 3368 5703 manifestatur
3415 5639 3503 5708 qui

1919 5748 2113 5804 corpus
2140 5734 2337 5790 Christi
2372 5746 2427 5789 et
2466 5735 2701 5789 membra
2732 5750 2853 5789 esse
2898 5738 3221 5807 meruerint,
3275 5748 3329 5791 ut
3373 5746 3497 5807 pote

1919 5826 2125 5895 Corpori
2158 5836 2315 5895 caput
2352 5827 2593 5880 notitiam
2638 5827 2716 5881 sui
2766 5828 3066 5897 specialiter
3119 5830 3331 5896 tribuit,
3383 5830 3495 5900 ipse
