3974 6476
496 387 593 441 9H

1620 382 1919 442 PRIMASII
1957 354 2408 441 nummarium
2458 383 2671 442 EPISC.

3672 389 3791 446 9B

495 508 674 554 autem
718 496 865 553 novit
905 497 1049 569 quod
1094 495 1330 553 Ecclesia
1374 495 1429 553 iu
1478 496 1595 567 ipso
1633 498 1773 553 scire
1802 496 2077 552 meruerit.
2111 498 2163 557 Α
2188 494 2301 549 bris
2328 504 2383 550 et
2412 496 2617 565 sperari
2642 494 2791 552 dedit
2817 494 3199 565 promittendo,
3232 502 3290 552 et
3329 496 3593 567 possideri
3622 499 3794 559 faciet

495 593 596 660 Qui
627 593 1036 648 cnim’adhaaret
1067 593 1312 659 Domino,
1336 593 1412 648 ait
1439 593 1725 663 Apostolus
1751 590 1805 663 (I
1832 591 1951 646 Cor.
1981 591 2078 662 γι),

494 701 636 741 unus
662 687 881 755 spiritus
910 695 1021 750 est;
1054 694 1208 740 erunt
1232 685 1374 739 enim
1402 686 1508 739 duo
1536 685 1589 738 in
1620 699 1785 739 carne
1814 699 1937 737 una.
1974 683 2082 737 Ilcc

497 792 694 832 nomen
727 792 828 833 nec
854 776 1047 843 Judaei,
1076 790 1175 831 nec
1204 776 1545 847 alienigenae,
1578 790 1676 830 nec
1719 775 1957 830 haeretici
1988 788 2081 828 co-

496 876 812 935 gnoverunt.
842 868 895 923 Si
920 868 1060 921 enim
1084 867 1477 936 cognovissent,
1501 880 1769 938 nunquam
1796 866 2079 920 Dominum

495 960 680 1028 glorise
700 958 1092 1013 cruciﬁxissent
1116 957 1167 1028 (Ι
1198 958 1315 1011 Cor.
1342 957 1419 1029 ιι).
1448 958 1686 1027 Itemque
1714 975 1727 1009 ε
1759 958 1986 1012 Mundus
2011 969 2081 1022 te,

498 1051 672 1120 inquit
701 1049 897 1113 (Joan.
929 1064 1037 1104 xvu
1062 1050 1099 1118 ),
1135 1066 1242 1104 non
1290 1051 1567 1121 cognovit;
1610 1050 1829 1118 suisque
1871 1062 2083 1103 rursum

496 1140 771 1209 discipulis
801 1140 929 1195 dicit
957 1139 1137 1204 (Joan.
1168 1141 1281 1210 XIV)
1316 1158 1327 1193 :
1355 1140 1461 1195 Vos
1488 1149 1664 1195 autem
1697 1140 1947 1194 videbitis
1976 1154 2081 1200 me,

497 1234 617 1303 quia
646 1249 747 1305 ego
768 1235 911 1303 vivo,
941 1244 995 1289 et
1024 1248 1118 1288 vos
1150 1234 1355 1289 vivetis.
1405 1232 1463 1288 In
1514 1234 1605 1288 illo
1636 1233 1721 1287 die
1765 1248 1860 1287 vos
1888 1247 2087 1301 cogno-

496 1329 657 1383 scetis
683 1330 803 1398 quia
834 1344 933 1399 ego
968 1330 1022 1383 in
1050 1329 1209 1384 Patre
1230 1343 1375 1396 meo,
1398 1337 1453 1384 ct
1474 1342 1571 1383 vos
1602 1328 1655 1382 in
1684 1341 1789 1389 me,
1820 1336 1873 1381 et
1903 1341 2000 1395 ego
2030 1325 2083 1379 in

494 1422 665 1477 vobis.
702 1421 856 1477 Unde
886 1422 1048 1476 etiam
1076 1437 1108 1475 a
1136 1420 1409 1491 discipulis
1456 1420 1807 1489 respondetur
1853 1418 2083 1485 (lbid.):

497 1513 746 1580 Domine,
778 1512 906 1583 quid
932 1512 1129 1568 factum
1167 1520 1269 1578 est,
1302 1513 1425 1582 quia
1456 1512 1609 1567 nobis
1650 1510 2086 1565 manilestaturus

494 1625 555 1665 es
586 1619 637 1665 te
665 1611 862 1679 ipsum,
899 1618 953 1664 et
981 1624 1088 1663 non
1120 1608 1356 1663 mundo?
1400 1607 1551 1675 Quod
1597 1615 1775 1661 autem
1808 1605 1999 1659 attinet
2019 1602 2088 1657 ad

496 1701 806 1768 haereticos,
837 1702 977 1756 idem
1006 1716 1192 1756 rursus
1222 1700 1351 1755 dicit
1377 1700 1454 1754 eis
1484 1698 1699 1770 (Matth.
1747 1713 1874 1762 xm;
1916 1696 2085 1750 Marc.

496 1792 617 1862 tv):
659 1792 818 1847 Vobis
859 1792 1040 1847 datum
1087 1803 1169 1848 est
1212 1808 1370 1849 nosse
1416 1792 1731 1864 mysterium
1772 1790 1923 1862 regni
1966 1790 2083 1859 Dei,

2187 588 2479 657 implendo.
2507 588 2582 643 Ita
2604 598 2657 644 et
2674 588 2760 644 hic
2779 588 2930 644 solus
2948 588 3197 644 Christus
3219 603 3380 645 nosse
3398 589 3618 659 dicitur,
3638 595 3797 663 quod

2185 676 2303 749 ejus
2329 693 2541 749 sponsa:
2566 680 2620 737 in
2642 680 2757 751 ipso
2778 681 2920 736 scire
2946 681 3257 736 conceditur
3282 700 3294 733 :
3341 698 3435 751 per
3459 698 3625 753 quem
3647 694 3707 739 et
3738 684 3796 739 in

2185 786 2291 841 quo
2322 772 2557 828 Ecclesia
2592 774 2927 842 perducetur.
2963 774 3217 842 Sparsam
3249 788 3410 844 porro
3441 776 3631 831 dicens
3659 792 3796 831 san-

2184 862 2347 931 guine
2386 873 2593 918 vestem
2619 864 2844 931 Christi,
2875 864 3145 934 passionis
3172 864 3292 933 ejus
3333 863 3536 919 indicia
3574 865 3794 920 descri-

2186 954 2403 1020 buntur,
2436 957 2552 1011 sive
2580 956 2631 1010 in
2655 955 2772 1025 ipso
2799 958 2993 1026 capite,
3024 958 3138 1012 sive
3171 963 3223 1010 in
3270 972 3500 1028 corpore
3528 959 3679 1027 quod
3714 969 3794 1015 es!

2188 1050 2445 1105 Ecclesia.
2478 1050 2612 1106 llinc
2635 1050 2921 1119 Apostolus
2942 1051 3008 1105 ad
3032 1050 3288 1106 Hebraeos
3308 1051 3467 1106 docet
3489 1051 3655 1123 (Heb.
3689 1056 3792 1119 ιιι),

2187 1139 2254 1192 ab
2286 1139 2436 1192 initio
2467 1139 2585 1196 sine
2614 1139 2872 1209 sanguine
2897 1140 3270 1197 remissionem
3302 1152 3652 1212 peccatorum
3686 1159 3794 1197 non

2187 1230 2448 1285 celebrari
2480 1232 2535 1285 in
2567 1232 2671 1285 illis
2714 1231 2975 1302 legalibus
3002 1247 3258 1302 pecorum
3289 1234 3547 1289 victimis.
3582 1235 3660 1289 De
3695 1236 3782 1289 Ec-

2188 1321 2349 1376 clesia
2380 1336 2595 1392 quoque
2624 1322 2755 1376 dicit
2781 1323 2993 1393 (Colos.
3029 1324 3091 1393 l),
3132 1323 3199 1379 Ut
3222 1324 3549 1394 adimpleam
3580 1340 3642 1379 ea
3676 1342 3791 1392 qua

2190 1413 2381 1469 desunt
2407 1416 2716 1483 passionum
2743 1415 2937 1469 Christi
2963 1416 3015 1470 in
3044 1430 3205 1471 carne
3237 1432 3378 1481 mea,
3402 1434 3619 1472 memor
3639 1417 3789 1471 VOCIS

2190 1507 2386 1562 auditae
2414 1507 2568 1579 (Act.
2605 1524 2657 1563 tu
2683 1506 2702 1579 )
2737 1526 2751 1562 :
2779 1507 2961 1574 Saule,
2992 1508 3175 1577 Saule,
3206 1510 3338 1581 quid
3366 1526 3452 1566 me
3494 1526 3765 1582 perseque

2191 1600 2305 1655 ris?
2356 1590 2803 1672 Quidquid—enim
2850 1602 3092 1665 Ecclesia
3142 1605 3367 1675 patitur,
3400 1604 3655 1660 Christus
3691 1604 3788 1672 pati

2191 1692 2453 1747 veraciter
2480 1692 2695 1747 dicitur.
2722 1691 2799 1747 De
2828 1705 2933 1763 quo
2962 1692 3103 1748 idem
3132 1694 3418 1763 Apostolus
3442 1696 3578 1750 dicit
3601 1695 3771 1763 (Hebr

2194 1783 2307 1855 ix):
2338 1784 2515 1841 Semel
2539 1799 2729 1855 passus
2753 1794 2836 1841 est
2865 1785 2932 1840 ad
2957 1787 3241 1842 multorum
3262 1788 3641 1845 exhaurienda
3665 1807 3777 1861 pec-

496 1883 603 1939 illis
630 1893 809 1939 autem
834 1886 925 1956 qui
956 1886 1083 1940 loris
1109 1894 1272 1951 sunt,
1325 1887 1377 1940 in
1409 1886 1675 1954 parabolis
1713 1884 1894 1939 omnia
1926 1884 2084 1953 ﬁunt,
2118 1874 2166 1934 B
2191 1886 2331 1933 cata.
2356 1877 2525 1947 Hujus
2553 1880 2719 1935 vestis
2747 1878 2824 1934 sic
2855 1878 3017 1935 Isaias
3045 1896 3259 1952 quoque
3298 1882 3550 1939 habitum
3582 1902 3783 1942 memo-

494 1985 556 2031 ut
575 1976 819 2032 videntes
841 1976 1058 2032 videant
1084 1987 1137 2033 et
1160 1993 1264 2033 non
1295 1978 1616 2049 intelligant.
1648 1977 1861 2033 Habetis
1884 1991 2082 2032 nomen

498 2081 746 2136 magnum
777 2070 1033 2138 scriptum
1056 2110 1070 2134 ,
1105 2069 1249 2141 quod
1286 2084 1445 2126 nemo
1473 2071 1621 2125 novit
1671 2070 1773 2125 nisi
1816 2070 1953 2141 ipse.
1984 2068 2085 2123 Ca-

497 2160 728 2215 vendum
756 2176 886 2217 sane
916 2172 1030 2231 est,
1059 2178 1129 2219 ne
1168 2163 1371 2219 carnali
1414 2162 1693 2233 prudentia
1731 2162 2083 2234 subripiente,

496 2268 692 2309 nomen
722 2254 869 2320 Filii,
900 2255 968 2310 de
994 2271 1101 2326 quo
1129 2272 1271 2313 nunc
1299 2258 1491 2328 agitur,
1520 2266 1612 2313 aut
1656 2257 1799 2313 Patri
1837 2267 1925 2311 aut
1966 2258 2088 2327 Spi-

448 2334 466 2348 ’
495 2343 621 2399 ritui
652 2354 839 2401 sancto
867 2355 1085 2415 putetur
1107 2348 1459 2417 incognitum,
1486 2350 1577 2403 sed
1602 2350 1777 2419 potius
1803 2348 1960 2419 hujus
1981 2350 2086 2407 loci

495 2436 951 2504 Opportunitatem
996 2438 1169 2503 nacti,
1213 2439 1406 2493 usitata
1456 2438 1748 2509 Scripturae
1794 2440 2086 2510 locutione,

497 2526 601 2583 hoc
626 2544 693 2585 ex
722 2545 874 2587 mero
899 2534 1211 2589 noverimus
1233 2550 1577 2605 expressum,
1607 2535 1748 2607 quod
1774 2538 1912 2594 sicut
1939 2538 2088 2592 solus

498 2617 667 2674 Filius
710 2636 873 2678 nosse
918 2622 1145 2692 dicitur,
1200 2626 1374 2680 omnis
1412 2639 1636 2695 prorsus
1685 2626 1920 2682 Trinitas
1950 2626 2091 2682 scire

497 2710 756 2769 doceatur
788 2734 801 2767 :
827 2716 967 2771 sicut
987 2724 1041 2772 et
1067 2717 1111 2772 si
1141 2717 1269 2788 quid
1299 2718 1458 2775 Pater
1488 2719 1635 2774 solus
1658 2720 1798 2775 scire
1819 2729 2088 2788 narratur,

496 2816 619 2859 cum
648 2820 747 2861 sua
770 2809 1125 2877 proculdubio
1149 2810 1413 2879 sapientia
1440 2826 1558 2881 qua:
1588 2810 1833 2866 Christus
1855 2820 1969 2879 est,
2004 2810 2092 2867 vel

458 2958 465 2964 _
497 2912 619 2955 cum
643 2915 741 2955 suo
762 2901 996 2971 Spiritu,
1038 2904 1130 2974 qui
1158 2903 1331 2959 Patris
1352 2916 1407 2959 et
1428 2905 1546 2960 Filii
1572 2904 1801 2976 Spiritus
1826 2906 2086 2974 creditur,

500 3010 660 3051 nosse
691 2997 965 3067 probetur.
1012 2998 1145 3053 Nam
1186 3014 1307 3053 cum
1351 2998 1494 3053 diem
1528 2999 1714 3067 judicii
1753 3000 1903 3055 solus
1932 2999 2090 3056 Pater

502 3105 664 3147 nosse
678 3092 1157 3162 perhibetur,scire
1171 3093 1408 3163 profecto
1419 3100 1473 3149 et
1485 3093 1651 3148 Filius
1663 3103 1717 3149 et
1728 3093 1959 3164 Spiritus
1973 3108 2088 3149 san-

497 3189 618 3237 ctus
634 3198 739 3239 non
755 3194 1012 3254 negatur:
1037 3185 1114 3241 sic
1130 3185 1292 3240 etiam
1309 3199 1431 3240 cum
1449 3185 1679 3256 Spiritus
1702 3196 1923 3242 sanctus
1939 3187 2089 3244 solus

2189 1977 2272 2023 rat
2302 1968 2323 2039 (
2344 1967 2453 2022 Isa.
2490 1971 2657 2039 uix)
2707 1988 2719 2025 :
2766 1970 2896 2037 Quis
2946 1979 3032 2027 est
3077 1972 3178 2029 iste
3201 1974 3291 2044 qui
3328 1977 3474 2031 venit
3495 1977 3569 2033 de
3600 1978 3784 2039 Edoni.

2192 2059 2369 2114 tinctis
2403 2062 2641 2117 vestibus
2670 2062 2739 2117 de
2767 2062 2973 2118 Bozra‘l
3005 2063 3108 2120 Iste
3134 2064 3400 2123 formosus
3431 2070 3485 2125 in
3517 2072 3659 2126 stola
3698 2088 3783 2128 sua

2192 2152 2443 2225 gradiens
2472 2155 2524 2209 in
2547 2156 2889 2213 multitudine
2912 2156 3239 2217 fortitudinis
3266 2177 3403 2220 sua.
3432 2163 3554 2235 Ego
3597 2168 3686 2237 qui
3715 2168 3788 2223 lo-

2191 2260 2328 2313 quor
2353 2244 2658 2315 justitiam,
2680 2257 2735 2303 et
2764 2262 3125 2321 propugnator
3168 2266 3286 2308 sum
3328 2254 3398 2309 ad
3443 2257 3781 2317 salvandurn.

2192 2339 2371 2405 Quare
2397 2355 2526 2411 ergo
2554 2341 2776 2398 rubrum
2818 2353 2903 2400 est
2930 2343 3301 2402 indumentum
3332 2356 3507 2419 tuum,
3542 2360 3602 2408 et
3628 2356 3780 2409 vesti-

2194 2441 2372 2489 menta
2405 2442 2490 2489 tua
2535 2435 2677 2490 sicut
2720 2435 3043 2495 calcantium
3092 2440 3149 2495 in
3193 2441 3489 2499 torcularil
3534 2444 3779 2503 Torcular

2191 2524 2398 2580 calcavi
2425 2527 2594 2595 solus,
2626 2535 2684 2584 et
2710 2527 2777 2585 de
2803 2531 3050 2600 gentibus
3080 2547 3185 2588 non
3207 2544 3289 2589 est
3318 2535 3399 2591 vir
3420 2551 3659 2607 mecum,
3683 2550 3774 2595 etc.

2193 2615 2263 2671 Et
2292 2618 2543 2673 exercitus
2564 2619 2652 2689 qui
2672 2631 2791 2675 sunt
2817 2623 2868 2675 in
2897 2626 3043 2691 casto,
3070 2626 3410 2696 sequebantur
3430 2645 3551 2684 eum
3571 2631 3626 2685 in
3650 2636 3777 2703 equis

2194 2706 2345 2763 albis.
2380 2709 2439 2763 In
2466 2710 2631 2777 cmlo,
2662 2711 2715 2765 in
2757 2711 3033 2782 Ecclesia,
3070 2726 3321 2788 tanquam
3366 2723 3610 2779 revelata
3652 2724 3778 2780 Iacie

2192 2802 2416 2871 gloriam
2464 2803 2674 2858 Domini
2722 2806 3063 2875 speculantes
3102 2810 3123 2880 (
3156 2808 3221 2863 II
3245 2810 3366 2867 Cor.
3413 2829 3472 2868 ιιι
3501 2814 3548 2884 ).
3588 2816 3777 2872 Omnes

2194 2898 2381 2952 mundi
2406 2898 2571 2954 corde
2596 2913 2757 2970 super
2789 2901 2968 2959 nivem
2996 2906 3166 2975 gratia
3202 2904 3430 2962 dealbati
3465 2908 3486 2978 (
3504 2908 3650 2963 Psal.
3682 2926 3712 2965 ι
3731 2914 3773 2979 ),

2194 2988 2468 3046 Christum
2516 2993 2669 3063 sequi
2719 2994 2993 3051 dicuntur.
3046 2995 3228 3052 Induit
3280 2999 3539 3070 byssiunm
3587 3002 3763 3056 album

2194 3084 2477 3152 mundum,
2503 3087 2647 3157 quod
2671 3090 2920 3158 superius
2944 3089 3183 3161 justitias
3222 3091 3454 3147 deﬁnivit
3478 3108 3597 3149 esse
3634 3110 3761 3150 san-

2195 3184 2428 3246 ctorum,
2444 3179 2637 3250 quibus
2652 3195 2772 3236 cum
2788 3196 2886 3238 sua
2908 3183 3193 3253 unicuique
3214 3185 3555 3253 distribuunt,
3568 3202 3759 3257 corpus

496 3276 701 3346 aliquid
731 3280 871 3333 scire
892 3278 1120 3346 dicitur,
1156 3289 1211 3335 et
1239 3295 1335 3349 per
1374 3280 1601 3336 similem
1648 3281 1933 3338 locutionis
1968 3296 2080 3339 mo-

2196 3285 2299 3341 que
2316 3279 2370 3325 et
2386 3270 2626 3327 animum
2643 3273 2753 3328 Deo
2772 3274 3085 3343 subjiciunt,
3100 3275 3154 3331 in
3171 3277 3326 3347 equis
3338 3280 3494 3344 albis,
3506 3279 3561 3333 id
3577 3290 3661 3336 est
3676 3296 3763 3337 cor

496 3366 623 3421 dum
670 3369 846 3425 Patris
874 3387 1068 3428 nomen
1100 3373 1183 3427 vel
1226 3372 1349 3428 Filii
1394 3375 1683 3443 reticetur,
1732 3377 1872 3431 scire
1911 3386 2090 3434 tamen

496 3460 672 3517 modis
694 3462 943 3517 omnibus
962 3463 1287 3532 declaratur,
1313 3464 1400 3519 ubi
1423 3466 1713 3535 Apostolus
1735 3467 1865 3522 dicit
1887 3466 1937 3537 (Ι
1962 3465 2085 3523 Cor.

493 3554 553 3624 ιι)
592 3570 605 3607 :
639 3555 806 3611 Nemo
828 3556 929 3611 scit
956 3557 1233 3613 hominum
1260 3573 1377 3629 quae
1407 3569 1535 3615 sunt
1562 3559 1818 3629 hominis,
1847 3562 1951 3617 nisi
1976 3562 2089 3633 spi-'

495 3648 629 3704 ritus
652 3650 905 3719 hominis,
938 3652 1028 3722 qui
1051 3656 1105 3708 in
1135 3653 1253 3723 ipso
1282 3662 1384 3719 est,
1418 3655 1491 3711 ita
1521 3663 1577 3711 et
1601 3672 1720 3726 qua:
1746 3656 1799 3712 in
1833 3659 1942 3715 Deo
1962 3668 2089 3715 sunt

492 3758 653 3798 nemo
682 3746 952 3815 cognovit,
985 3746 1087 3800 nisi
1130 3745 1365 3816 Spiritus
1405 3748 1521 3813 Dei,
1556 3763 1586 3802 a
1616 3764 1719 3817 qua
1747 3750 1969 3806 scientia
1995 3761 2087 3807 aut

493 3835 741 3906 Patrem,
775 3846 864 3891 aut
914 3836 1111 3892 Filium
1162 3853 1415 3907 separare
1453 3840 1721 3895 dementis
1767 3850 1868 3897 est.
1901 3842 2085 3913 Neque

496 3929 638 3985 enim
670 3932 757 3999 qui
791 3931 915 3985 alibi
947 3931 1118 4003 dicit(
1148 3932 1342 4005 Ephcs.
1377 3950 1428 3989 tv
1454 3935 1505 4005 ),
1551 3935 1726 3993 Nolite
1765 3938 2085 3995 contristare

492 4021 749 4091 Spiritum
779 4034 1023 4080 sanctum
1054 4025 1169 4093 Dei,
1202 4027 1255 4081 in
1286 4042 1391 4098 quo
1435 4028 1628 4099 signati
1670 4031 1826 4097 estis,
1862 4032 1913 4085 in
1940 4030 2083 4088 diem

489 4116 874 4187 redemptionis
923 4127 1143 4187 vestrae,
1180 4120 1304 4190 quia
1346 4118 1559 4177 Patrem
1607 4129 1661 4178 et
1690 4122 1881 4177 Filium
1910 4122 2080 4192 siluit,

487 4209 543 4263 id
570 4218 671 4277 est,
703 4225 889 4266 eorum
921 4226 1203 4281 personam
1231 4212 1298 4268 ab
1328 4228 1491 4283 opere
1518 4223 1714 4277 nostrae
1747 4214 2081 4284 redemptio-

486 4304 573 4357 nis
596 4302 847 4371 exclusit,
877 4318 998 4359 cum
1016 4319 1113 4374 per
1132 4304 1458 4360 individuam
1480 4307 1634 4361 unius
1657 4314 1862 4362 natura:
1887 4314 2079 4377 poten-

486 4396 612 4449 tiam
656 4395 1033 4465 inseparabilia
1060 4396 1356 4453 doceantur
1394 4412 1561 4469 opera
1603 4397 1901 4454 Trinitatis.
1944 4397 2077 4453 Nam

483 4485 625 4553 'quod
656 4487 915 4543 Dominus
940 4488 992 4542 in
1024 4488 1314 4559 Evangelio
1343 4490 1473 4545 dicit
1516 4488 1728 4561 (Marc.
1761 4492 1902 4564 xm),
1933 4490 2077 4547 diem

412 4639 440 4657 ,κ
484 4574 633 4629 illum
657 4576 844 4643 judicii
877 4594 1049 4647 neque
1078 4578 1268 4634 Filium
1290 4621 1306 4648 ,
1338 4582 1433 4637 sed
1460 4581 1671 4639 Patrem
1701 4584 1876 4640 solum
1908 4585 2072 4654 scire,

443 4661 452 4747 ξ
484 4668 573 4723 illa
603 4668 783 4739 regula
815 4669 1099 4725 locutionis
1144 4670 1246 4728 hoc
1288 4673 1484 4729 dicitur
1516 4691 1531 4728 :
1559 4676 1685 4745 quia
1729 4676 1949 4733 sciendo
1976 4677 2076 4732 ali-

419 4754 449 4827 ςξ
482 4762 607 4832 quid
634 4762 865 4817 scientes
911 4760 1069 4829 facit,
1100 4774 1153 4817 et
1193 4763 1495 4819 nescientes
1543 4764 1709 4821 efﬁcit
1756 4768 2071 4826 nesciendo.

438 4840 447 4917 ἶ
481 4855 745 4921 Quocirca
786 4871 882 4926 per
912 4856 1233 4911 insinuatam
1264 4856 1628 4928 intelligentiae
1673 4861 1946 4929 regulam,
1977 4876 2074 4917 no-

480 4963 607 5003 men
649 4947 768 5003 Filii
794 4948 937 5018 quod
963 4949 1039 5002 illi
1066 4948 1171 5003 soli
1214 4948 1411 5005 dicitur
1446 4950 1737 5019 cognitum,
1769 4961 1824 5007 et
1850 4952 1993 5007 Patri
2019 4962 2075 5009 et

477 5038 702 5109 Spiritui
752 5050 941 5095 sancto
981 5041 1356 5111 cognoscimus
1404 5042 1765 5100 manifestum.
1818 5044 1952 5101 Nam
2003 5045 2071 5102 de

478 5131 616 5186 Filio
641 5132 748 5187 dici
775 5132 997 5189 evidens
1020 5135 1401 5204 consequentia
1446 5145 1772 5206 protestatur
1791 5179 1806 5206 ,
1836 5154 1958 5195 cum
1987 5139 2070 5195 di-

477 5225 614 5280 citur
649 5245 661 5280 :
693 5226 760 5280 Et
782 5236 892 5281 erat
934 5238 1218 5300 c00pertus
1247 5239 1450 5285 vestem
1483 5245 1758 5301 aspersam
1794 5235 2063 5303 sanguine,

476 5328 522 5371 et
549 5318 745 5374 dicitur
775 5336 960 5374 nomen
1005 5323 1116 5392 ejus
1166 5320 1391 5376 Verbum
1430 5320 1548 5377 Dei.
1592 5324 1647 5379 Si
1696 5324 1827 5380 nulli
1867 5341 2063 5381 nomen

477 5411 593 5480 cjus
620 5428 778 5468 nosse
807 5412 1147 5482 conceditur,
1178 5431 1272 5470 cur
1300 5423 1485 5486 aperte
1518 5416 1747 5473 Verbum
1800 5418 1895 5474 Dei
1923 5434 2064 5476 nunc

475 5504 834 5570 praedicatur?
883 5504 989 5559 Sed
1033 5505 1177 5559 sicut
1217 5506 1443 5577 legimus
1490 5505 1690 5578 (Joan.
1721 5508 1848 5578 ιιι),
1891 5508 2091 5566 Nemo,

476 5596 720 5650 ascendit
745 5596 941 5651 coelum
963 5636 980 5663 ,
1013 5596 1115 5651 nisi
1146 5597 1233 5667 qui
1273 5597 1340 5653 de
1368 5598 1507 5654 caelo
1551 5600 1858 5669 descendit,
1893 5601 2058 5659 Filius

472 5680 728 5750 hominis,
756 5687 847 5756 qui
880 5696 964 5742 est
991 5688 1045 5743 in
1075 5687 1244 5754 cmlo,
1277 5696 1335 5742 ut
1377 5689 1454 5743 sic
1491 5689 1847 5762 intelligamus
1878 5694 2019 5764 quod
2040 5737 2056 5763 ,

473 5773 522 5829 si
551 5774 673 5842 quis
692 5778 1052 5835 membrorum
1082 5780 1405 5849 ascenderit,
1433 5783 1485 5837 in
1517 5784 1632 5853 ipso
1678 5787 1851 5856 capite
1878 5796 1933 5845 et
1964 5805 2059 5861 per

476 5866 652 5936 ipsum
680 5874 838 5936 caput
864 5881 1102 5928 meretur
1132 5873 1425 5931 ascendere
1454 5892 1469 5932 :
1496 5877 1587 5947 qui
1620 5878 1719 5934 hoc
1749 5880 1858 5940 suis
1885 5897 2059 5944 mem-

2193 3377 2325 3434 pore
2349 3373 2404 3418 et
2430 3372 2611 3420 mente
2635 3365 2849 3421 candidi
2880 3380 3093 3437 semper
3113 3368 3399 3437 incedunt,
3423 3373 3770 3441 praecedentes

2195 3453 2288 3528 [F.
2306 3472 2459 3528 supp.
2480 3453 2557 3527 et]
2574 3466 2857 3527 sequentes
2872 3458 3073 3516 Christi
3100 3462 3349 3532 vestigia,
3372 3464 3461 3518 cui
3491 3464 3546 3520 in
3570 3464 3770 3522 Cantica

2191 3548 2521 3605 Canticorum
2549 3549 2745 3605 dicitur
2774 3549 2952 3621 (Cant.
2981 3552 3023 3622 ι)
3054 3569 3068 3607 :
3101 3552 3230 3608 Post
3253 3563 3306 3610 te
3334 3556 3391 3610 in
3436 3556 3659 3613 odorem
3687 3576 3769 3614 un-

2189 3651 2510 3711 guentorum
2543 3650 2753 3698 tuorum
2780 3657 3080 3700 curremus.
3112 3644 3181 3700 Et
3209 3646 3274 3701 de
3322 3662 3411 3701 ore
3451 3649 3567 3719 ejus
3615 3650 3766 3707 exibat

2189 3733 2397 3804 gladius
2418 3742 2632 3805 utraque
2660 3745 2803 3805 parte
2829 3747 3031 3804 acutus,
3060 3747 3114 3792 ut
3140 3754 3208 3794 ex
3234 3754 3300 3795 eo
3339 3750 3648 3811 percuteret
3680 3760 3760 3798 na-

2190 3828 2385 3898 tiones,
2411 3840 2459 3885 et
2478 3833 2588 3902 ipse
2624 3842 2762 3903 reget
2782 3849 2867 3888 eas
2896 3834 2948 3888 in
2977 3835 3119 3907 virga
3141 3836 3326 3907 ferrea.
3370 3835 3636 3909 Utrinque
3657 3854 3756 3893 acu-

2190 3931 2295 3991 tus,
2324 3924 2440 3980 sive
2465 3925 2582 3981 acie
2606 3926 2806 3996 gemini
2838 3928 3144 3985 testamenti
3175 3929 3476 4000 signiﬁcat,
3505 3932 3623 3989 sive
3642 3934 3763 4004 quod

2186 4014 2256 4071 de
2278 4014 2550 4086 Sapientia
2578 4018 2802 4088 legimus
2831 4018 3039 4089 (Prov.
3071 4021 3235 4094 xxxx)
3268 4041 3280 4075 :
3312 4023 3517 4095 Legem
3548 4036 3602 4082 et
3625 4027 3762 4082 mise-

2184 4109 2471 4165 ricordiam
2499 4112 2553 4167 in
2583 4112 2761 4183 lingua
2786 4123 2996 4184 portat,
3026 4125 3277 4187 tanquam
3300 4118 3571 4187 judicium
3602 4130 3651 4177 et
3680 4121 3763 4175 mi-

2184 4202 2557 4259 sericordiam.
2587 4204 2746 4276 Virga
2776 4214 2958 4263 autem
2981 4207 3178 4277 ferrea,
3203 4208 3431 4278 justitias
3453 4212 3586 4269 inde
3612 4222 3763 4268 muta-

2182 4291 2304 4350 bilis
2320 4295 2604 4365 rectitudo,
2622 4304 2670 4351 et
2687 4298 2798 4367 ipse
2817 4298 3041 4356 calcavit
3062 4302 3289 4357 torcular
3308 4304 3416 4357 vini
3436 4305 3537 4360 ire
3554 4305 3648 4360 Dei
3669 4322 3763 4361 ma-

2180 4386 2270 4455 gni
2294 4388 2674 4459 omnipotentis.
2708 4389 2859 4446 Sicut
2889 4393 3179 4449 accedente
3202 4396 3389 4450 tritura
3415 4408 3585 4453 exuta
3612 4399 3760 4470 paleis

2180 4475 2446 4534 frumenta
2469 4480 2524 4535 in
2547 4479 2755 4537 horreis
2776 4484 3147 4553 recluduntur,
3163 4489 3243 4543 sic
3264 4487 3317 4542 in
3345 4490 3629 4558 torculari,
3646 4507 3763 4560 pou-

2180 4566 2310 4624 dere
2337 4569 2699 4641 depressionis
2721 4574 2981 4643 adhibito,
3015 4586 3106 4633 aut
3134 4578 3317 4634 vinum
3338 4595 3368 4634 a
3397 4580 3661 4648 vinaeeis,
3685 4592 3765 4636 aut

2096 4643 2154 4706 Ῑ)
2178 4661 2357 4717 oleum
2394 4662 2461 4718 ab
2487 4678 2704 4721 amurca
2743 4668 2809 4722 de
2852 4682 3004 4724 more
3041 4670 3433 4740 perspicaciter
3476 4673 3763 4743 eliquatnr.

2183 4754 2335 4821 Quod
2374 4755 2440 4811 de
2482 4756 2636 4813 vinea
2684 4760 2946 4829 propheta
2974 4762 3309 4830 describens,
3340 4764 3473 4819 dicit
3499 4765 3641 4834 (Isa.
3673 4767 3759 4835 v):

2178 4845 2248 4901 Et
2286 4847 2521 4911 torcular
2552 4848 2658 4904 fodi
2688 4851 2743 4905 in
2773 4866 2857 4906 ea.
2890 4853 3001 4909 Hoc
3038 4854 3097 4908 ﬁt
3138 4855 3189 4909 in
3228 4854 3471 4911 Ecclesia
3512 4872 3635 4911 curn
3674 4866 3757 4909 aut

2179 4936 2502 4996 adversitate
2530 4944 2922 5009 persecutionis
2953 4954 3184 5013 extorta,
3214 4956 3308 5001 aut
3334 4948 3633 5003 occasione
3671 4950 3758 5003 ali-

2174 5031 2330 5103 cujus
2359 5034 2677 5091 calamitatis
2698 5037 2966 5111 adempta,
2985 5040 3074 5095 alii
3109 5050 3364 5112 tanquam
3392 5055 3613 5098 amurca
3642 5058 3756 5098 cor-

2172 5132 2339 5179 ruunt
2380 5125 2766 5185 irremediabili
2798 5130 2951 5202 lapsu
3002 5134 3324 5204 praecipites,
3355 5136 3450 5192 alii
3495 5138 3757 5208 probabili

2172 5215 2321 5271 cultu
2362 5218 2567 5275 enitent
2604 5222 2882 5277 clariores.
2938 5222 3107 5279 Habet
3147 5224 3311 5281 etiam
3357 5229 3413 5282 in
3462 5239 3611 5285 veste
3638 5231 3760 5285 etin

2172 5313 2365 5379 femore
2388 5329 2483 5368 suo
2512 5329 2707 5372 nomen
2737 5318 3006 5388 scriptum,
3042 5319 3155 5375 Rea:
3196 5338 3398 5394 regunt,
3428 5333 3479 5380 et
3511 5325 3759 5383 Dominus

2170 5413 2538 5473 dominorum.
2568 5418 2628 5473 In
2664 5427 2835 5487 veste,
2868 5421 2923 5475 in
2950 5420 3191 5479 Ecclesia
3222 5440 3383 5495 quam
3410 5424 3660 5484 Christus
3684 5429 3763 5485 in-

2168 5504 2329 5562 dutus
2377 5515 2480 5577 est,
2511 5524 2694 5580 quam,
2724 5511 3016 5568 secundum
3052 5513 3374 5584 Apostolum
3426 5516 3648 5590 (Ephes.
3679 5522 3757 5591 ν),

2167 5600 2445 5657 mundavit
2490 5601 2706 5659 lavacro
2745 5618 2899 5673 aquae
2936 5604 2992 5660 in
3029 5606 3218 5673 verbo,
3252 5617 3309 5663 ut
3338 5608 3619 5666 exhiberet
3646 5612 3753 5667 sibi

2167 5703 2283 5773 ipse
2313 5703 2611 5761 Ecclesiam
2652 5707 2966 5777 gloriosam,
2995 5723 3103 5765 non
3150 5709 3441 5769 habentem
3485 5715 3759 5771 maculam

2166 5814 2339 5870 neque
2366 5816 2573 5872 rugam.
2606 5802 2674 5858 Ut
2698 5804 2865 5862 vestis
2885 5804 3028 5862 enim
3055 5805 3365 5876 mundatur,
3389 5824 3459 5866 ne
3486 5811 3757 5867 maculam

2165 5892 2430 5958 incurrat;
2462 5893 2789 5965 extenditur,
2840 5911 2909 5953 ne
2954 5912 3137 5969 rugam
3185 5900 3494 5957 contrahat.
3547 5901 3661 5960 Sed
3706 5912 3759 5961 et
