3968 6354
238 387 344 445 θιδ
957 341 963 350 ’
1263 385 1706 444 αοιιιιΕΝτΑιι.
1746 386 1812 443 IN
1850 386 2229 445 APOCALYP.
2270 388 2400 447 LIB.
2443 380 2506 438 v.
3416 400 3521 457 sit

250 506 457 561 femore
507 504 646 561 illius
694 490 979 575 posteritas
1010 505 1233 562 seminis
1280 506 1610 579 designatur,
1640 508 1693 563 in
1722 522 1830 575 quo
1855 519 1907 579 Α
1936 524 2117 579 equum
2144 509 2345 576 album,
2377 509 2467 581 qui
2507 508 2711 566 exierat
2736 509 2801 567 de
2830 526 2918 568 ere
2946 513 3079 585 ejus.
3119 513 3294 573 llnum
3323 530 3520 589 corpus

245 596 628 652 benedicentur
654 610 842 653 omnes
871 606 1080 668 gentes,
1106 598 1256 667 juxta
1274 598 1590 670 Apostolum
1618 599 1831 657 docen-

250 696 356 745 tem
405 688 557 761 (Gal.
602 689 874 761 nt):Non
921 690 1055 746 dixit
1089 707 1103 744 :
1142 700 1198 746 et
1240 693 1569 762 seminibus,
1598 693 1747 765 quasi
1777 694 1831 750 in

243 780 447 846 multis,
466 779 562 836 sed
588 782 738 851 quasi
760 780 817 837 in
847 797 978 849 uno,
1000 790 1058 839 et
1083 784 1275 839 semini
1303 794 1416 851 tuo,
1443 786 1531 855 qui
1561 794 1644 842 est
1672 786 1831 842 Chri-

242 880 378 929 stus.
410 871 511 927 Cui
543 880 795 943 tanquam
841 882 1057 932 mortuo
1085 874 1259 944 fratri,
1290 877 1583 934 secundum
1608 887 1833 935 vetusta:

246 966 650 1023 consuetudinis
692 968 863 1039 legem
892 967 1071 1039 (Deut.
1114 970 1273 1040 xxv),
1297 986 1484 1027 semen
1517 971 1835 1042 spiritaliter

246 1059 388 1115 idem
440 1057 729 1128 Apostolus
774 1061 1061 1129 suscitans,
1091 1060 1223 1116 dicit
1262 1061 1314 1131 (1
1350 1060 1470 1117 Cor.
1502 1060 1687 1132 1):Ne
1712 1061 1835 1132 quis

248 1154 388 1209 dicat
416 1152 559 1223 quod
606 1154 659 1207 in
701 1154 921 1210 nomine
969 1169 1089 1210 meo
1116 1152 1371 1225 baptizati
1416 1157 1567 1224 estis,
1599 1170 1720 1211 cum
1767 1153 1835 1209 ab

247 1247 545 1304 Jerusalem
570 1261 736 1316 usque
775 1246 842 1301 ad
874 1247 1145 1318 Illyricum
1172 1261 1232 1302 se
1261 1247 1404 1302 dicat
1448 1246 1628 1302 omnia
1662 1247 1837 1302 Evan-

249 1340 386 1411 gelio
413 1338 705 1406 replevisse
734 1338 913 1408 (Rom.
939 1339 1265 1409 xv),quibus
1294 1339 1545 1409 gentibus
1574 1339 1837 1395 veraciter

248 1429 449 1484 diceret
474 1426 529 1499 (Ι
567 1426 685 1482 Cor.
734 1426 831 1496 tv),
860 1426 918 1482 ln
959 1426 1176 1483 Christo
1204 1427 1330 1482 Jesu
1360 1442 1456 1497 per
1485 1427 1838 1498 Evangelium

250 1537 349 1591 ego
379 1536 474 1574 vos
500 1520 681 1591 genui.
715 1520 774 1574 lu
806 1520 908 1575 hoc
947 1535 1077 1591 ergo
1102 1521 1308 1578 femore
1343 1530 1596 1591 tanquam
1629 1524 1681 1578 in
1712 1524 1836 1579 ﬁliis

253 1617 557 1683 propagatis
581 1612 781 1668 Christi
804 1612 993 1667 notitia
1020 1627 1129 1668 non
1158 1623 1482 1679 atramento,
1507 1615 1604 1671 sed
1632 1614 1837 1684 Spiritu

253 1708 347 1761 Dei
406 1706 543 1771 \ivi,
576 1721 684 1761 non
732 1706 785 1761 in
830 1706 1026 1761 tabulis
1074 1707 1330 1777 lapideis,
1383 1710 1482 1765 sed
1533 1710 1587 1764 in
1640 1710 1838 1767 tabulis

256 1798 436 1853 cordis
481 1798 789 1853 carnalibus
831 1798 1084 1853 scribitur
1131 1797 1221 1871 (II
1264 1798 1381 1853 Cor.
1419 1801 1522 1869 ιιι).
1566 1801 1669 1869 Qui
1713 1816 1835 1858 cum

1937 601 2119 657 divisit
2170 605 2223 658 in
2274 613 2493 673 partes,
2543 604 2728 660 volens
2776 605 3060 663 ostendere
3105 604 3265 664 etia'm
3314 612 3521 681 pridem

1936 700 2177 749 mortuos
2223 708 2344 750 esse
2383 694 2524 764 illos,
2553 711 2687 765 quos
2732 697 2974 753 viventes
3001 697 3200 756 Christi
3250 702 3522 761 invenerit

1935 784 2203 839 secundus
2253 786 2546 853 adventus,
2578 788 2715 843 sicut
2761 788 2985 859 legimus
3036 791 3138 862 (Il
3182 792 3364 849 Thess.
3414 794 3521 865 n):

1938 877 2108 945 Quem
2142 878 2395 934 Dominus
2433 879 2588 936 Jesus
2617 881 2904 938 interﬁciet
2947 885 3138 954 spiritu
3182 885 3293 941 oris
3323 888 3427 954 sui,
3460 896 3517 943 et

1936 968 2178 1025 destruet
2218 969 2572 1027 illustratione
2610 973 2871 1029 adventus
2925 976 3028 1031 sui.
3074 976 3143 1030 Et
3183 996 3361 1034 omnes
3408 998 3527 1036 aves

1938 1060 2141 1114 satiata:
2166 1070 2284 1114 sunt
2314 1076 2377 1116 ex
2416 1061 2650 1117 carnibus
2695 1081 2887 1119 eorum.
2920 1065 3036 1122 Non
3067 1083 3233 1138 usque
3271 1070 3405 1126 adeo
3431 1071 3526 1127 de-

1939 1155 2129 1211 bemus
2161 1156 2453 1211 carnaliter
2480 1171 2690 1227 sapere,
2726 1167 2784 1212 ut
2809 1170 3021 1216 sanctos
3056 1172 3303 1232 tanquam
3331 1164 3524 1221 altiora

1940 1255 2185 1316 petentes
2230 1247 2483 1303 carnibus
2513 1248 2798 1318 impiorum
2827 1253 3054 1306 saturari
3100 1255 3399 1318 credamus,
3428 1256 3525 1311 sed

1940 1341 2178 1395 revelata
2203 1341 2403 1395 sanctis
2449 1340 2627 1395 divina
2656 1344 2960 1412 aequalitate
2985 1345 3197 1414 judicii,
3224 1363 3327 1417 qua
3360 1349 3530 1418 pleni-

1941 1431 2184 1487 tudinem
2231 1432 2506 1489 redimens
2551 1434 2846 1490 electorum
2873 1477 2890 1504 ,
2920 1437 3256 1495 damnandos
3298 1454 3529 1499 caeteros

1941 1524 2203 1589 sanxerit,
2228 1525 2455 1579 saturari
2478 1523 2727 1580 dicuntur
2760 1527 2921 1597 hujus
2946 1531 3251 1599 cognitione
3278 1532 3525 1601 justiti-.13,

1941 1627 2101 1683 quam
2156 1616 2211 1668 in
2268 1614 2368 1669 hac
2418 1615 2521 1669 vita
2586 1618 2794 1673 esurire
2850 1628 2905 1673 et
2951 1620 3102 1675 sitire
3159 1624 3279 1692 quis
3335 1628 3532 1693 poterit

1942 1704 2155 1777 (Matth.
2199 1705 2286 1775 v),
2336 1721 2441 1761 non
2488 1707 2723 1776 perfecte
2767 1714 3249 1781 comprehendere.
3300 1717 3431 1771 Nam
3481 1727 3535 1771 ct

1942 1799 2109 1855 Isaias
2142 1799 2235 1853 Dei
2266 1808 2397 1854 nutu
2444 1801 2511 1855 de
2563 1800 2740 1871 impiis
2770 1804 2998 1874 loquens
3031 1807 3199 1878 (Isai.
3248 1811 3435 1884 ιχνι),
3470 1812 3535 1866 Et

250 1890 453 1960 Regem
484 1905 667 1959 regum
696 1900 749 1945 et
778 1890 1061 1945 Dominum
1109 1891 1345 1946 fatentur
1375 1894 1615 1948 omnium
1660 1893 1807 1949 domi
1864 1908 1911 1968 Β
1942 1900 2119 1957 erunt,
2174 1890 2367 1961 inquit,
2415 1908 2584 1962 usque
2635 1894 2700 1947 ad
2756 1897 3057 1952 satietatem
3106 1901 3326 1956 visionis
3376 1904 3524 1958 omni

248 1998 439 2037 norum
494 1979 549 2050 (I
583 1981 719 2035 Tim.
765 1980 839 2053 ι),
892 1982 1085 2051 quibus
1134 1982 1249 2039 haec
1294 1985 1570 2055 inscriptio
1618 1986 1837 2043 femoris

251 2081 532 2140 reputatur
560 2073 906 2129 credentibus
935 2075 990 2129 in
1034 2090 1178 2143 eum,
1211 2084 1266 2131 et
1300 2076 1688 2135 benedicentur
1717 2097 1838 2137 cum

252 2163 393 2219 fideli
438 2164 730 2220 Abraham.
784 2164 854 2220 Et
895 2167 1001 2220 uidi
1047 2183 1211 2221 unum
1260 2170 1500 2239 angelum
1540 2179 1758 2228 stantem
1785 2174 1839 2227 in

248 2255 376 2311 sole.
426 2256 688 2326 Angelum
737 2257 1033 2313 Ecclesiam
1078 2261 1458 2330 praedicantem
1487 2262 1634 2321 dicit.
1668 2266 1839 2322 Recte

252 2361 384 2404 sane
411 2348 607 2417 adjecit
626 2364 815 2404 unum.
842 2349 955 2405 Una
979 2357 1065 2406 est
1083 2353 1226 2407 enim
1249 2352 1497 2409 columba
1519 2369 1636 2410 mea
1660 2356 1833 2426 (Cant.

248 2443 351 2512 vi),
381 2450 601 2513 propter
645 2443 926 2499 servandae
976 2446 1193 2502 unitatis
1237 2448 1575 2518 mysterium,
1609 2451 1666 2505 in
1696 2451 1833 2518 sole,

251 2533 343 2589 ubi
369 2533 477 2603 jam
505 2534 727 2601 clareat,
754 2549 855 2591 nec
884 2544 1107 2607 propter
1135 2546 1337 2594 metum
1390 2539 1614 2597 ulterius
1643 2540 1825 2598 lateat.

244 2625 314 2682 Et
358 2625 595 2681 clamavit
655 2643 774 2683 uoce
830 2644 1039 2702 magna.
1102 2628 1161 2687 In
1217 2646 1406 2703 magna
1456 2647 1619 2701 voce,
1675 2634 1837 2690 liber-

246 2724 328 2773 tas
357 2716 707 2789 intelligenda
749 2729 831 2775 est
878 2735 1087 2792 magna:
1113 2723 1354 2793 ﬁduciae,
1383 2725 1555 2782 dicens
1599 2727 1835 2783 omnibus

246 2808 425 2864 avibus
446 2812 579 2865 caeli.
614 2812 756 2868 Aves
778 2826 881 2883 pro.
904 2813 1143 2870 locorum
1174 2815 1519 2886 qualitatibus
1548 2818 1834 2889 aliquando

244 2901 619 2973 intelliguntur
646 2905 821 2972 malae,
851 2905 1136 2976 aliquando
1188 2906 1364 2963 bonae.
1414 2908 1512 2965 llic
1538 2923 1669 2965 sane
1696 2913 1835 2967 sicut

243 2994 442 3050 dudum
478 2994 636 3067 (Sup.
669 2995 788 3067 vin)
828 2997 1023 3067 aquila:
1052 2998 1277 3055 volantis
1301 3001 1512 3071 species
1536 3002 1831 3073 inducitur,

247 3088 322 3145 ita
365 3104 509 3145 nunc
557 3088 850 3145 invitantur
893 3091 1200 3160 spirituales
1236 3094 1303 3148 ad
1352 3108 1583 3151 coenam.
1624 3096 1700 3153 De
1728 3112 1834 3167 qua

246 3180 428 3247 Petro,
453 3183 541 3251 qui
571 3180 850 3250 praesentis
888 3181 1112 3252 ﬁguram
1160 3186 1401 3256 gestabat
1438 3187 1719 3257 Ecclesiae,
1751 3188 1834 3245 di-

1943 1982 2114 2035 carm‘.
2160 1982 2311 2036 lianc
2358 1992 2485 2051 puto
2534 1984 2872 2039 saturitatem
2905 1986 2992 2041 hic
3019 1990 3144 2057 poni
3176 1991 3354 2045 avium
3382 2008 3527 2062 prae-

1942 2074 2184 2129 missam.
2217 2074 2347 2130 Nam
2400 2084 2454 2131 et
2502 2075 2794 2146 Apostolus
2842 2095 3056 2150 quoque
3098 2083 3296 2139 fatetur
3340 2085 3428 2141 hic
3472 2102 3534 2143 se

1942 2166 2169 2222 necdum
2203 2168 2440 2237 perfecte
2484 2169 2826 2239 percepisse,
2859 2173 3043 2229 dicens
3087 2174 3362 2247 (Philipp.
3392 2176 3531 2246 tn):

1942 2258 2057 2312 Non
2089 2259 2231 2329 quod
2270 2259 2384 2329 jam
2436 2261 2793 2331 perceperim,
2828 2272 2921 2318 aut
2944 2264 3054 2334 jam
3086 2266 3356 2336 perfectus
3406 2269 3530 2334 sim,

1940 2365 2140 2420 sequor
2185 2362 2364 2408 autem
2395 2353 2440 2407 si
2470 2364 2526 2409 et
2571 2356 3058 2427 comprehendam,
3088 2360 3139 2414 in
3171 2376 3274 2431 quo
3303 2370 3358 2418 et
3386 2377 3535 2419 com-

1940 2442 2240 2511 prehensus
2263 2458 2405 2512 sum,
2427 2459 2456 2498 a
2483 2442 2722 2501 Christo.
2750 2447 2866 2502 Non
2888 2448 3068 2518 itaque
3094 2464 3279 2507 eorum
3304 2453 3532 2510 damna-

1941 2535 2087 2591 tione
2145 2537 2486 2607 gaudebunt,
2538 2538 2635 2594 sed
2697 2539 2842 2610 quod
2894 2540 3091 2597 divina:
3140 2544 3364 2613 iustitiae
3413 2547 3533 2605 luce

1938 2630 2118 2686 satiati
2140 2631 2253 2703 jam
2283 2633 2572 2704 gaudeant.
2606 2634 2779 2691 Aliter
2804 2646 3030 2706 possunt
3059 2648 3112 2693 et
3141 2641 3194 2694 in
3224 2641 3366 2697 malo
3398 2657 3529 2699 aves

1942 2723 2174 2794 intelligi
2196 2726 2372 2795 angeli
2398 2736 2842 2796 transgressores,
2870 2729 2963 2800 qui
2989 2745 3114 2785 eum
3138 2746 3267 2788 suos
3290 2732 3356 2788 ad
3387 2733 3533 2792 inte-

1938 2813 2103 2868 ritum
2163 2816 2515 2886 perduxerint
2571 2826 2903 2887 sectatores,
2945 2822 3024 2877 sic
3072 2824 3216 2880 malo
3263 2824 3534 2883 desiderio

1938 2908 2151 2978 expleto
2200 2910 2388 2966 satiari
2435 2911 2691 2968 dicuntur
2737 2914 2991 2972 carnibus
3042 2918 3414 2988 perditorum,
3465 2920 3534 2978 de

1936 3020 2123 3062 eorum
2176 3016 2452 3077 captantes
2499 3008 2844 3066 damnatione
2887 3011 3216 3084 satietatem,
3249 3015 3443 3086 quibus
3471 3031 3534 3074 se

1938 3105 2189 3152 auctores
2219 3099 2561 3168 praebuerant
2588 3100 2654 3154 ad
2684 3116 2945 3158 errorem.

2007 3188 2137 3242 CAP.
2168 3204 2259 3243 xx.
2304 3187 2371 3242 Et
2412 3192 2518 3243 uidi
2547 3196 2789 3264 angelum
2820 3192 3013 3250 fortem
3056 3198 3446 3255 descendentem
3470 3202 3534 3258 de

243 3272 465 3328 eebatur
495 3272 636 3345 (Act.
664 3273 720 3345 x)
744 3293 756 3327 :
779 3273 947 3330 Macta
970 3284 1024 3331 et
1044 3278 1329 3345 manduca,
1358 3294 1481 3335 cum
1510 3282 1832 3341 occiduntur
1861 3285 1907 3349 C
1938 3278 2083 3347 σωιο,
2112 3276 2382 3334 habentem
2422 3280 2615 3335 clavem
2642 3283 2833 3354 abyssi,
2864 3297 2912 3341 et
2950 3296 3184 3342 catenam
3212 3306 3453 3362 magnam
3478 3295 3532 3350 in

245 3368 386 3439 quod
417 3368 632 3424 fuerunt
674 3377 732 3424 ut
776 3369 968 3427 ﬁerent
996 3373 1139 3443 quod
1190 3375 1327 3445 ipse,
1361 3375 1415 3430 id
1446 3389 1530 3433 est
1558 3377 1751 3447 ﬁdelis,
1777 3388 1833 3435 et

242 3463 298 3520 in
346 3478 543 3533 corpus
599 3472 940 3520 transeuntes
996 3465 1253 3523 Ecclesia:
1306 3470 1566 3526 membris
1628 3470 1835 3531 Christi

246 3555 590 3625 complantati
619 3566 970 3627 conregnant.
996 3558 1053 3614 Si
1083 3561 1210 3630 quid
1240 3561 1382 3617 enim
1414 3564 1829 3635 manducamus,

242 3648 297 3703 in
326 3662 520 3718 corpus
549 3655 792 3704 nostrum
822 3649 1138 3721 trajicimus.
1177 3652 1371 3722 Venite,
1404 3655 1601 3728 inquit,
1630 3661 1698 3713 ad
1728 3676 1829 3716 cre-

242 3756 361 3795 nam
396 3757 634 3812 magnam
664 3741 781 3808 Dei,
804 3753 861 3798 ut
886 3743 1059 3800 edatis
1103 3763 1281 3801 carnes
1322 3764 1523 3819 regum,
1570 3760 1620 3805 et
1650 3767 1834 3808 carnes

244 3834 580 3898 tribunorum,
609 3842 657 3888 ct
695 3850 877 3891 carnes
907 3836 1148 3905 fortium,
1186 3846 1235 3892 et
1269 3855 1449 3895 carnes
1495 3857 1761 3912 equorum,
1786 3852 1836 3900 et

242 3926 525 3981 sedentium
564 3942 726 3997 super
769 3944 883 3995 eos,
920 3939 966 3985 et
1007 3948 1188 3987 carnes
1220 3935 1447 3988 omnium
1479 3934 1761 3993 liberorum
1785 3947 1835 3994 et

243 4033 522 4083 seruorum,
560 4026 607 4071 et
631 4019 934 4100 pusillorum
954 4030 1003 4074 et
1025 4038 1345 4093 magnorum.
1366 4027 1638 4096 Equorum
1669 4038 1724 4085 et
1750 4043 1835 4086 se-

246 4110 483 4165 dentium
515 4111 568 4163 in
599 4109 679 4165 eis
722 4110 944 4182 intelligi
992 4122 1170 4182 potest
1220 4116 1657 4189 praepositorum,
1691 4121 1836 4190 quod

249 4202 448 4258 erroris
475 4211 529 4258 et
562 4217 747 4259 eorum
797 4218 934 4275 quos
970 4204 1301 4261 seducehant
1339 4216 1464 4263 ante
1492 4208 1742 4278 fallaciis,
1768 4227 1835 4270 eo

245 4296 388 4365 quod
418 4297 485 4352 de
511 4312 699 4353 eorum
726 4312 940 4369 quoque
986 4314 1212 4356 numero
1256 4314 1554 4358 conversos
1604 4305 1832 4375 suscipit

243 4387 505 4453 Ecclesia,
534 4388 734 4444 liberos
772 4389 1075 4445 caelibatum
1106 4400 1381 4460 tenentes,
1409 4406 1619 4461 servos,
1646 4396 1834 4466 conju-

244 4488 415 4549 gates,
440 4480 693 4547 pusillos,
720 4480 1085 4548 promiscuum
1108 4491 1163 4538 et
1185 4483 1421 4554 ignobile
1447 4485 1660 4557 vulgus,
1681 4502 1832 4559 mag-

251 4583 374 4633 nos,
404 4578 497 4623 aut
547 4570 919 4641 philosophos,
951 4580 1045 4627 aut
1071 4573 1158 4629 vel
1206 4590 1406 4645 genere
1454 4578 1538 4632 vel
1583 4577 1834 4636 facultate

1940 3385 2097 3423 manu
2124 3386 2239 3426 sua.
2270 3371 2336 3426 Et
2383 3374 2554 3428 tenuit
2584 3376 2859 3431 draconem
2891 3379 3043 3435 illum
3074 3394 3357 3453 serpentem
3397 3387 3532 3441 anti-

1939 3477 2113 3531 quum,
2136 3464 2227 3533 qui
2253 3467 2663 3536 cognominatus
2704 3478 2776 3524 est
2822 3472 3058 3529 diabolus
3101 3485 3151 3529 et
3192 3476 3440 3548 Satanas,
3486 3492 3533 3538 et

1939 3554 2175 3625 alligavit
2216 3571 2331 3609 eum
2360 3557 2500 3612 mille
2521 3560 2698 3615 annis.
2723 3563 2983 3633 Angelum
3016 3565 3437 3627 descendentem
3466 3572 3531 3629 de

1940 3648 2102 3715 caelo,
2122 3647 2411 3704 Dominum
2436 3661 2679 3708 nostrum
2708 3652 2892 3711 Jesum
2912 3654 3185 3713 Christum
3214 3662 3527 3732 accipimus,

1940 3742 2030 3813 qui
2079 3742 2258 3811 magni
2306 3744 2519 3799 consilii
2568 3748 2806 3816 Angelus
2862 3763 3202 3823 nuncupatur
3236 3754 3394 3827 (Isai.
3424 3758 3532 3831 ιιι),

1938 3834 2137 3905 quique
2168 3836 2476 3891 mortalium
2505 3838 2730 3896 visitans
2756 3842 3057 3914 regionem,
3088 3845 3280 3904 fortior
3308 3849 3531 3921 alligare

1944 3927 2113 3983 voluit
2163 3928 2378 3997 fortem,
2411 3940 2469 3985 ut
2494 3932 2544 3987 ei
2576 3949 2706 3989 vasa
2736 3951 2857 4006 quae
2895 3938 3097 3995 dudum
3147 3942 3243 3998 ira:
3292 3942 3531 4019 fuerant,

1937 4032 2062 4072 vasa
2096 4019 2482 4076 misericordiae
2515 4023 2847 4091 perfecisset,
2890 4028 2994 4085 hoc
3026 4046 3291 4103 peragens
3336 4050 3525 4106 opere,
3558 4090 3561 4095 λ

1938 4110 2081 4181 quod
2111 4120 2238 4167 ante
2266 4114 2587 4181 promiserat
2614 4120 2999 4186 praedicatione
3026 4141 3037 4176 :
3060 4123 3250 4193 Nemo,
3276 4128 3528 4199 inquiens

1943 4203 2155 4275 (Matth.
2186 4221 2289 4272 xu;
2323 4206 2490 4262 Marc.
2520 4224 2609 4276 nt;
2638 4211 2768 4267 Luc.
2814 4216 2895 4284 ιι),
2926 4226 3104 4285 potest
3127 4218 3350 4275 domum
3376 4222 3532 4280 fortis

1941 4297 2169 4363 intrare,
2201 4307 2257 4352 et
2286 4312 2411 4353 vasa
2460 4299 2579 4369 ejus
2625 4302 2882 4372 diripere,
2914 4305 3015 4360 nisi
3048 4309 3198 4376 prius
3227 4310 3531 4381 alligaverit

1937 4387 2158 4454 fortem,
2185 4389 2236 4443 id
2265 4398 2350 4445 est
2379 4390 2668 4446 diabolum.
2697 4392 2878 4450 Clavis
2906 4396 3086 4467 abyssi
3114 4408 3199 4454 est
3225 4400 3526 4459 divinorum

1938 4474 2271 4551 profunditas
2317 4483 2662 4551 judiciorum.
2701 4486 2911 4543 Judicia
2960 4491 3103 4547 enim
3149 4492 3246 4550 Dei
3296 4496 3529 4568 abyssus

1937 4575 2105 4630 multa
2132 4574 2305 4645 (Psal.
2331 4575 2517 4648 xxxv).
2549 4576 2661 4634 Soli
2688 4582 2887 4652 quippe
2917 4585 3186 4655 cognitum
3208 4597 3312 4655 est,
3342 4592 3432 4661 qui
3457 4592 3530 4651 de

244 4660 523 4715 sublimes.
570 4660 636 4715 Et
666 4663 772 4716 vidi
798 4663 1031 4733 bestiam,
1064 4664 1118 4719 id
1159 4674 1244 4723 est
1290 4667 1589 4735 diabolum,
1615 4678 1664 4724 et
1692 4687 1835 4743 reges
1863 4667 2286 4728 Dmultitudine
2339 4679 2681 4742 peccatorum
2738 4675 2793 4730 in
2855 4677 3242 4746 plenitudinem
3298 4660 3529 4742 devocat

244 4764 413 4821 teme,
443 4763 491 4809 et
517 4756 766 4811 exercitus
807 4772 981 4811 eorum
1010 4758 1267 4815 collectos
1294 4760 1362 4813 ad
1393 4760 1692 4832 faciendum
1721 4761 1832 4819 bel-

244 4847 356 4903 lum
381 4864 495 4903 cum
522 4846 745 4903 sedente
770 4865 932 4920 super
960 4865 1155 4922 equum
1177 4852 1360 4908 album
1389 4862 1438 4908 et
1464 4870 1582 4909 cum
1610 4856 1836 4912 exercitu

245 4944 379 5005 eius,
406 4941 460 4995 id
484 4948 570 4996 est
595 4955 717 4995 cum
744 4940 963 4997 Christo
984 4951 1039 4999 et
1078 4942 1344 5002 Ecclesia.
1372 4945 1656 5003 Prmmissa
1684 4948 1836 5004 simi-

244 5023 393 5089 lium”
413 5033 757 5104 expositione
796 5034 1060 5102 locorum,
1095 5036 1183 5091 hic
1230 5053 1444 5110 quoque
1477 5048 1656 5109 potest
1684 5040 1836 5097 locus

244 5123 482 5193 agnosci.
514 5122 584 5179 Et
612 5124 932 5196 apprehensa
960 5134 1035 5181 est
1077 5127 1256 5194 bestia,
1280 5138 1327 5184 et
1351 5146 1467 5184 cum
1493 5131 1583 5187 illa
1612 5133 1835 5201 pseudo-

246 5220 527 5290 pr0pheta,
578 5217 822 5275 diabolus
866 5226 922 5275 et
968 5218 1366 5289 Antichristus,
1421 5223 1507 5279 vel
1558 5225 1831 5295 praepositi

244 5321 522 5383 totumque
563 5327 760 5385 corpus
791 5311 930 5384 ejus,
959 5314 1050 5385 qui
1089 5314 1290 5370 fecerat
1317 5316 1467 5387 signa
1514 5317 1617 5373 sub
1658 5319 1830 5375 oculis

240 5403 378 5474 ejus,
409 5404 595 5475 quibus
641 5404 807 5476 signis
854 5404 1061 5462 seducti
1092 5415 1247 5461 erant
1284 5408 1510 5464 adorare
1542 5409 1827 5479 imaginem

240 5494 431 5562 bestiis,
465 5503 510 5548 et
551 5496 637 5565 qui
676 5506 995 5566 acceperant
1022 5496 1308 5567 charagma
1340 5498 1500 5553 illius.
1542 5498 1657 5553 Vivi
1686 5502 1830 5555 missi

238 5593 356 5637 sunt
387 5583 439 5637 hi
464 5584 566 5638 duo
586 5586 639 5638 in
661 5594 901 5657 stagnum
922 5588 1057 5660 ignis
1079 5589 1307 5643 ardentis
1335 5588 1458 5660 igne
1481 5598 1536 5646 et
1557 5592 1823 5663 sulphure.

242 5676 377 5743 Duo,
400 5684 560 5745 caput
576 5685 630 5731 et
645 5691 841 5750 corpus
870 5679 1063 5737 diaboli
1094 5681 1319 5754 ejusque
1345 5685 1597 5751 societas,
1620 5700 1824 5756 praeoc-

238 5775 433 5838 cupata
453 5769 789 5836 narratione;
813 5772 954 5842 quod
974 5773 1150 5831 adhuc
1172 5775 1405 5832 futurum
1430 5786 1548 5833 erat
1567 5788 1815 5835 extremo

240 5867 500 5929 tempore.
536 5859 601 5916 Et
645 5863 814 5922 atteri
851 5866 1002 5921 occisi
1046 5875 1163 5922 sunt
1199 5868 1373 5938 gladio
1401 5869 1623 5926 sedentis
1669 5886 1823 5941 super

1941 4762 2360 4819 intellectorum.
2395 4764 2527 4821 Hinc
2549 4765 2675 4822 alibi
2695 4768 2943 4839 legimus,
2973 4772 3075 4840 Qui
3103 4774 3342 4830 clausisti
3372 4778 3528 4849 abys-

1940 4872 2059 4913 sum
2089 4866 2143 4912 et
2179 4858 2400 4928 signasti
2447 4873 2610 4929 super
2650 4876 2794 4916 eum.
2838 4863 2895 4918 ln
2926 4877 2992 4919 eo
3032 4875 3212 4923 autem
3256 4867 3528 4930 diabolum

1941 4951 2147 5005 catenis
2196 4951 2392 5006 dicitur
2440 4952 2710 5023 alligasse,
2741 4954 2795 5009 in
2841 4969 2947 5025 quo
2992 4956 3111 5027 ejus
3150 4969 3469 5031 potestatem
3496 4978 3526 5017 a

1941 5042 2265 5100 sedueendis
2290 5044 2619 5115 hominibus,
2636 5048 2729 5117 qui
2752 5048 3016 5105 liberandi
3033 5050 3248 5109 fuerant
3268 5054 3526 5113 cohibens

1940 5138 2250 5194 refrenavit.
2295 5138 2442 5196 Mille
2471 5150 2651 5197 autem
2679 5144 2801 5198 anni
2832 5143 3043 5204 duobus
3090 5148 3267 5205 modis
3299 5162 3526 5221 possunt

1938 5229 2187 5302 intelligi,
2215 5240 2307 5286 aut
2332 5233 2454 5303 quia
2483 5235 2668 5291 multis
2698 5236 2856 5293 annis
2888 5239 3041 5295 mille
3082 5240 3182 5297 ista
3209 5256 3299 5299 res
3328 5244 3523 5314 agitur,

1934 5322 1987 5378 id
2041 5332 2124 5379 est
2172 5334 2325 5380 sexto
2378 5340 2641 5383 annorum
2694 5330 3021 5403 millenario,
3051 5343 3525 5409 quantumcunque

1936 5427 2103 5483 usque
2127 5414 2193 5470 ad
2226 5414 2389 5471 ﬁnem
2429 5418 2613 5474 saeculi
2660 5421 2974 5491 proteletur,
3004 5425 3156 5497 cujus
3182 5442 3325 5483 nunc
3348 5432 3522 5500 spatia

1936 5506 2235 5575 posteriora
2258 5509 2569 5578 volvuntur,
2586 5521 2840 5570 secuturo
2860 5514 3115 5588 deinceps
3132 5520 3357 5578 sabbato
3373 5525 3519 5594 quod

1933 5611 2039 5653 non
2066 5597 2230 5654 habet
2258 5614 2559 5671 vesperam,
2583 5605 2794 5675 requies
2822 5607 3029 5664 scilicet
3053 5619 3366 5671 sanctorum
3393 5630 3517 5687 qua:

1934 5706 2040 5747 non
2086 5693 2249 5750 habet
2287 5696 2473 5765 ﬁnem,
2502 5707 2558 5753 ut
2600 5699 2760 5770 hujus
2806 5703 3091 5761 millenarii
3125 5716 3377 5780 tanquam
3405 5712 3515 5769 diei

1933 5783 2279 5841 novissimam
2308 5797 2513 5857 partem
2544 5806 2665 5861 qua:
2703 5795 3003 5852 remanebit
3028 5812 3197 5870 usque
3225 5801 3292 5858 ad
3320 5803 3512 5859 termi-

1932 5891 2058 5932 num
2088 5878 2292 5948 szeculi,
2319 5881 2467 5938 mille
2496 5897 2665 5942 annos
2689 5887 2941 5960 appellet,
2974 5902 3042 5949 eo
3068 5891 3320 5965 loquendi
3349 5894 3509 5952 modo
