3968 6354
501 360 601 415 915

1636 351 1931 410 PNMASII
1973 350 2419 411 ADRUMETANI
2459 355 2672 413 EPISG.

3711 367 3802 421 916

500 495 605 549 quo
635 492 759 548 pars
785 478 1119 550 signiﬁcatur
1146 492 1243 549 pro
1275 485 1410 543 toto,
1441 485 1531 530 aut
1561 484 1708 532 certe
1739 475 1888 531 mille
1916 486 2089 529 annos
2120 478 2170 536 Α
2190 474 2298 542 jam
2321 484 2523 545 gentes.
2556 474 2688 531 Post
2718 477 2858 546 haec,
2881 478 3071 550 inquit,
3098 488 3298 549 oportet
3321 495 3450 539 eum
3490 484 3633 538 scivi
3662 484 3800 540 brevi

505 588 603 643 pro
633 574 793 627 annis
833 572 1081 628 omnibus
1131 571 1286 642 hujus
1330 571 1511 625 saeculi
1540 569 1738 641 posuit,
1768 578 1825 624 ut
1854 568 2090 636 perfecto

505 686 727 728 numero
770 679 1047 725 notaretur
1073 669 1186 738 ipsa
1222 667 1479 737 temporis
1508 666 1806 736 plenitudo.
1854 665 2093 720 Millena—

502 766 618 821 rius
641 764 836 834 quippe
862 776 1115 817 numerus
1139 760 1345 815 denarii
1376 760 1582 815 numeri
1611 758 1929 830 quadratum
1956 757 2087 811 soli-

503 857 633 912 dum
677 855 871 911 reddit.
928 854 1121 908 Decem
1174 854 1372 922 quippe
1419 852 1602 907 decies
1653 850 1843 915 ducta,
1888 847 2091 904 faciunt

505 956 743 1013 centum,
768 960 885 1014 quae
911 945 1021 1013 jam
1050 944 1216 1013 ﬁgura
1238 943 1516 1013 quadrata,
1540 943 1636 997 sed
1666 942 1902 997 nondum
1930 941 2091 1011 plena

505 1047 615 1102 est;
646 1045 705 1092 ut
734 1044 909 1089 autem
966 1036 1021 1089 in
1072 1034 1407 1088 altitudinem
1452 1041 1635 1104 surgat
1679 1041 1733 1087 et
1760 1031 1929 1087 solida
1962 1030 2088 1097 ﬁat,

505 1141 692 1181 rursus
738 1134 953 1180 centum
984 1124 1168 1180 decies
1212 1124 1651 1193 multiplicantur,
1680 1131 1735 1177 et
1766 1121 1909 1177 mille
1937 1128 2085 1176 sunt.

503 1219 612 1274 Nec
648 1217 779 1273 illud
824 1216 1017 1272 melius
1061 1214 1398 1285 intelligitur,
1432 1213 1571 1284 quod
1610 1213 1663 1267 in
1703 1213 1910 1282 psalmo
1958 1212 2088 1283 (etv)

505 1309 699 1380 legitur
723 1328 731 1361 :
760 1312 962 1364 Memor
992 1309 1088 1363 fuit
1111 1308 1163 1363 in
1191 1309 1445 1362 saeculum
1478 1305 1781 1360 testamenti
1810 1305 1912 1371 sui,
1939 1305 2087 1359 verbi

2200 576 2440 635 tempore.
2475 569 2532 625 Si
2580 570 2680 626 hoc
2721 581 2805 627 est
2846 572 3061 628 diabolo
3102 574 3252 644 ligari
3275 585 3330 631 et
3356 576 3585 633 includi
3620 578 3797 634 Eccle-

2198 659 2357 726 siam,
2388 677 2494 715 non
2527 676 2683 733 posse
2712 666 2993 731 seducere,
3022 666 3122 721 hoc
3150 683 3277 737 ergo
3307 670 3409 724 erit
3445 669 3669 724 solutio
3693 672 3797 740 ejus

2193 761 2249 805 ut
2286 752 2491 821 possit?
2516 755 2674 809 absit.
2707 754 2990 825 Nunquam
3028 759 3169 813 enim
3192 758 3389 813 abillo
3422 759 3688 815 Ecclesia
3717 778 3793 819 se-

2190 848 2424 915 ducitur,
2456 849 2831 917 przedestinata
2858 858 2917 907 et
2943 851 3115 907 electa
3150 862 3273 908 ante
3302 853 3505 908 mundi
3538 856 3790 910 constitu.

2192 943 2393 996 tionem
2422 939 2637 1011 (Ephes.
2672 942 2732 1011 ι),
2763 942 2829 997 de
2873 957 2978 1013 qua
3014 945 3223 1000 dictum
3270 956 3352 1002 est
3386 942 3488 1019 (ΙῚ
3526 949 3671 1005 Tim.
3703 956 3785 1020 n):

2190 1034 2348 1090 Novit
2376 1035 2635 1089 Dominus
2662 1036 2751 1103 qui
2797 1046 2921 1089 sunt
2950 1035 3109 1106 ejus;
3143 1038 3239 1093 sed
3287 1040 3551 1111 alligatio
3601 1042 3784 1097 diaboli

2191 1137 2294 1194 est,
2324 1144 2429 1183 non
2457 1127 2692 1196 permitti
2719 1142 2974 1184 exercere
3020 1132 3184 1185 totam
3230 1134 3607 1188 tentationm
3638 1150 3782 1205 nam

2186 1231 2388 1292 potest,
2414 1220 2496 1276 vel
2536 1221 2607 1287 vi,
2641 1221 2724 1276 vel
2774 1221 2921 1289 dolo,
2954 1222 3022 1277 ad
3060 1224 3401 1280 seducendos
3454 1225 3716 1282 homines
3738 1230 3779 1283 in

2186 1321 2395 1384 partem
2439 1327 2624 1380 suam,
2655 1313 2739 1368 vel
2791 1314 3034 1385 cogendo
3075 1315 3353 1383 violenter,
3383 1317 3485 1372 vel
3538 1318 3775 1376 fallendo.

505 1400 646 1471 quod
690 1399 959 1454 mandavit
993 1399 1041 1453 in
1077 1399 1227 1453 mille
1256 1397 1653 1468 generationes,
1684 1396 1737 1450 id
1766 1404 1848 1451 est
1877 1411 2086 1453 omnes.
2191 1404 2344 1472 Quod
2373 1406 2418 1461 si
2442 1406 2859 1476 permitteretur,
2878 1408 2936 1462 oin
2968 1417 3070 1462 tam
3096 1408 3253 1479 longo
3274 1404 3539 1479 tempor'e
3569 1421 3627 1466 et
3656 1421 3776 1466 una

504 1490 572 1544 Et
607 1493 745 1545 misit
785 1491 956 1555 illum,
990 1490 1185 1559 inquit,
1220 1490 1274 1542 in
1306 1489 1567 1559 abyssum.
1599 1487 1791 1555 Utique
1820 1488 2074 1543 diabolum

2194 1500 2503 1555 inﬁrmitate
2526 1501 2821 1555 multorum
2854 1502 3114 1570 plurimos
3145 1504 3299 1568 tales,
3330 1504 3539 1572 quales
3574 1505 3708 1562 Deus
3736 1508 3775 1562 id

507 1583 648 1636 misit
677 1585 729 1637 in
759 1583 1031 1653 abyssum,
1060 1598 1167 1651 quo
1210 1584 1427 1637 nomine
1463 1580 1755 1650 signiﬁcata
1795 1590 1877 1636 est
1906 1583 2090 1638 multi-
2190 1592 2403 1663 perpeti
2431 1608 2537 1647 non
2568 1592 2704 1660 vult,
2736 1601 2789 1647 et
2832 1593 3018 1649 ﬁdeles
3054 1594 3327 1667 deﬁceret,
3356 1597 3584 1652 idcirco
3612 1600 3774 1667 ,ἣξει

507 1672 634 1726 tudo
658 1672 1066 1727 innumerabilis
1097 1672 1405 1741 impiorum,
1432 1687 1658 1738 quorum
1684 1672 1736 1725 in
1762 1672 2090 1743 malignitate
2196 1694 2279 1739 ius
2306 1694 2389 1739 est
2413 1701 2425 1737 :
2450 1694 2576 1739 tunc
2606 1690 2781 1739 autem
2804 1685 3049 1740 solvetur
3067 1727 3081 1751 ,
3113 1688 3326 1756 quando
3351 1699 3411 1743 et
3462 1689 3638 1744 breve
3663 1701 3772 1745 tem-

505 1762 788 1819 adversum
847 1763 1141 1819 Ecclesiam
1200 1763 1293 1817 Dei
1360 1764 1584 1817 multum
1645 1763 1909 1833 profunda
1965 1773 2093 1820 sunt
2194 1790 2294 1843 pus
2338 1774 2459 1829 erit.
2502 1774 2633 1829 Nam
2679 1774 2848 1830 tribus
2892 1776 3046 1830 annis
3074 1784 3128 1831 et
3155 1792 3248 1831 sex
3279 1779 3579 1834 mensibus
3609 1781 3770 1850 legitur

503 1856 689 1909 corda.
720 1856 835 1909 Non
858 1856 978 1925 quia
1012 1855 1082 1910 ibi
1116 1854 1360 1909 diabolus
1387 1863 1509 1909 ante
1540 1869 1645 1909 non
1675 1863 1811 1919 erat,
1838 1854 1933 1909 sed
1964 1855 2085 1910 ideo
2118 1874 2165 1933 Β
2205 1868 2330 1922 toﬁs
2372 1867 2485 1923 suis
2543 1882 2868 1939 suorumque
2932 1868 3133 1924 viribus
3182 1874 3480 1927 smviturus
3502 1915 3517 1937 ,
3571 1882 3623 1928 et
3664 1876 3768 1931 [sies

505 1947 631 2003 illuc
674 1948 868 2002 dicitur
918 1948 1136 2016 missus,
1166 1949 1288 2017 quia
1338 1947 1593 2003 exclusus
1641 1962 1671 2001 a
1716 1947 2081 2016 credentibus,

504 2040 623 2109 plus
644 2042 807 2110 coepit
832 2040 1023 2109 impios
1045 2040 1340 2110 possidere.
1372 2039 1496 2094 Plus
1526 2055 1755 2110 namque
1781 2040 2087 2109 possidetur

504 2147 534 2187 a
566 2132 800 2198 diabolo,
848 2134 936 2203 qui
979 2149 1084 2187 non
1133 2133 1307 2187 solum
1357 2132 1619 2187 alienatus
1662 2147 1692 2185 a
1741 2132 1870 2199 Deo,
1902 2148 2085 2188 verum

504 2224 664 2279 etiam
694 2224 859 2294 gratis
888 2225 1000 2278 odit
1030 2225 1326 2279 servientes
1357 2224 1487 2277 Deo.
1516 2223 1583 2276 Et
1612 2224 1815 2291 clausit,
1838 2233 1886 2277 et
1911 2226 2087 2296 signa-

502 2316 573 2369 vit
608 2332 761 2383 super
815 2331 958 2382 eum,
992 2326 1049 2368 ut
1088 2332 1191 2369 non
1237 2315 1517 2369 seduceret
1544 2313 1656 2383 jam
1696 2322 1896 2384 gentes,
1928 2316 2089 2369 donec

507 2406 758 2462 ﬁniantur
788 2407 928 2461 mille
970 2408 1113 2461 anni.
1146 2406 1349 2461 Clausit
1375 2420 1536 2475 super
1565 2420 1711 2473 eum,
1742 2404 1895 2472 dicit,
1924 2406 2087 2461 inter-

508 2500 639 2555 dixit
662 2500 711 2554 ei
738 2515 803 2554 ne
824 2502 1044 2554 vetitum
1073 2500 1365 2569 transgredi
1390 2500 1613 2554 ulterius
1636 2499 2082 2570 praesumpsisset.

512 2592 755 2662 Signavit
782 2601 959 2647 autem
987 2592 1127 2662 quod
1158 2591 1390 2657 addidit,
1423 2591 1753 2661 signiﬁcasse
1782 2590 1913 2644 mihi
1940 2590 2088 2646 vide-

509 2694 623 2751 tur,
656 2683 795 2754 quod
836 2684 1105 2738 occultum
1145 2698 1265 2739 esse
1311 2684 1509 2750 voluit,
1549 2683 1637 2753 qui
1680 2683 1981 2754 pertineant
2019 2684 2087 2739 ad

507 2787 709 2847 partem
737 2777 959 2844 diaboli,
985 2787 1035 2833 et
1060 2778 1149 2846 qui
1173 2791 1276 2831 non
1300 2778 1616 2846 pertineant.
1647 2776 1917 2846 Aliquanti
1941 2777 2085 2831 enim

505 2868 572 2923 de
599 2869 876 2924 stabilibus
905 2869 1101 2923 cadunt
1122 2910 1136 2934 ,
1170 2878 1221 2923 et
1251 2869 1317 2923 de
1348 2869 1595 2936 reprobis
1636 2870 1771 2925 certi
1814 2870 2085 2924 fructuosa

505 2962 809 3030 compuncti
840 2961 1192 3015 conversione
1222 2961 1513 3015 salvantur.
1537 2962 1619 3015 Ab
1640 2961 1719 3015 eis
1746 2971 1924 3015 autem
1947 2976 2083 3031 gen-

503 3050 643 3105 tibus
680 3051 997 3105 seducendis
1040 3051 1196 3121 hujus
1229 3051 1495 3106 interdicti
1532 3051 1744 3107 vinculo
1767 3060 1823 3107 et
1850 3052 2084 3109 claustro

504 3143 747 3198 diabolus
780 3143 1091 3212 prohibetur
1125 3154 1285 3214 atque
1311 3145 1613 3215 cohibetur,
1646 3160 1780 3216 quos
1812 3146 2085 3218 pertinen-

2195 1968 2355 2015 erunt
2398 1972 2519 2014 cum
2562 1960 2756 2030 quibus
2802 1960 3218 2032 belligerandum
3250 1973 3353 2033 est,
3385 1976 3447 2019 ut
3476 1965 3617 2021 vinci
3647 1977 3765 2023 tanta

2196 2053 2313 2123 ejus
2346 2054 2543 2123 impetu
2571 2053 2889 2123 insidiisque
2930 2070 3037 2109 non
3075 2057 3301 2126 possint.
3336 2059 3395 2113 Si
3439 2066 3624 2113 autem
3654 2077 3762 2114 nun-

2192 2160 2351 2215 quam
2383 2146 2703 2212 solveretur,
2738 2147 2913 2201 minus
2958 2159 3239 2215 appareret
3268 2150 3387 2219 ejus
3418 2150 3655 2222 ‘maligna
3680 2169 3758 2221 po-

2193 2240 2377 2305 tentia,
2420 2240 2591 2294 tninus
2635 2249 2837 2295 sancta:
2880 2240 3115 2296 civitatis
3152 2240 3484 2299 ‘ﬁdelissima
3532 2248 3753 2315 patientis

2192 2333 2546 2403 probaretur,
2600 2333 2779 2388 minus
2844 2333 3076 2404 denique
3146 2337 3561 2406 perspiceret!"
3621 2352 3742 2408 quam

2194 2438 2387 2493 magno
2416 2423 2534 2493 ejus
2575 2425 2717 2478 malo
2760 2428 2873 2480 tam
2918 2425 3054 2480 bene
3084 2426 3243 2481 luerit
3272 2442 3405 2484 usus
3441 2432 3733 2499 oinnipotem

2194 2514 2355 2569 Deus.
2384 2516 2509 2570 Haec
2538 2525 2714 2571 autem
2747 2516 2986 2587 alligatio
3029 2518 3250 2587 diahoti,
3272 2532 3383 2575 non
3430 2524 3602 2578 solum
3628 2526 3736 2579 facta

2190 2614 2364 2660 estex
2393 2622 2499 2677 quo
2541 2609 2706 2673 coepit
2762 2609 2999 2664 Ecclesia
3049 2620 3249 2679 przeter
3291 2613 3539 2670 Judaeam
3576 2627 3741 2672 terram

2192 2698 2522 2754 in‘nationes
2567 2701 2701 2755 alias
2740 2701 2977 2768 dilatari,
3004 2704 3099 2759 sed
3129 2707 3288 2761 etiam
3322 2716 3476 2765 nunc
3514 2710 3569 2765 ﬁt
3602 2708 3742 2767 etﬁet

2193 2804 2362 2860 usque
2391 2792 2455 2845 ad
2488 2794 2772 2847 terminum
2815 2796 3025 2862 saeculi,
3056 2810 3160 2866 quo
3186 2798 3477 2855 solvendus
3506 2810 3608 2867 'e‘st,
3634 2803 3742 2871 "quia

2186 2892 2242 2937 et
2274 2896 2422 2938 nunc
2460 2883 2725 2953 homines,
2762 2889 2977 2955 quando
3008 2888 3075 2944 ab
3104 2888 3417 2947 inﬁdelitate
3440 2896 3611 2962 ἥσω
3649 2907 3733 2948 eos

2192 2974 2521 3044 possidebat,
2550 2983 2943 3033 convertuntur
2971 2979 3036 3034 ad
3060 2980 3248 3046 ﬁdem,
3275 2983 3359 3037 ille
3386 2982 3559 3052 otique
3588 2983 3723 3037 fortis

2193 3065 2462 3135 alligatur,
2491 3068 2705 3137 quando
2737 3070 2802 3124 ab
2828 3080 2897 3126 eo
2928 3085 3050 3126 vasa
3074 3073 3198 3142 ejus
3224 3074 3507 3143 eripiuntur
3532 3076 3728 3147 (Matth.

2190 3174 2297 3223 xn;
2332 3158 2499 3214 Marc.
2525 3174 2613 3225 tn;
2648 3159 2773 3215 Luc.
2811 3162 2909 3234 ιι).
2944 3163 3009 3217 Et
3054 3165 3177 3235 vidi,
3204 3167 3395 3236 inquit,
3428 3170 3566 3222 sedes
3590 3170 3638 3223 iu
3664 3170 3735 3222 vi-

506 3246 586 3292 tes
616 3237 679 3292 ad
710 3238 980 3293 Christum
1027 3241 1315 3296 seducebat
1355 3251 1509 3297 antea
1557 3242 1639 3297 vel
1690 3245 1923 3300 tenebat.
1971 3244 2082 3301 llos
2109 3255 2158 3320 ο
2184 3252 2339 3307 sione
2382 3261 2430 3305 et
2471 3253 2720 3308 sedentes
2763 3262 2927 3323 super
2970 3272 3076 3323 eos,
3104 3265 3154 3310 et
3188 3257 3449 3329 judicium
3497 3260 3656 3312 datast
3680 3266 3739 3313 est

500 3332 641 3384 enim
682 3330 824 3386 Deus
852 3333 1015 3403 elegit
1053 3342 1174 3389 ante
1204 3335 1387 3390 mundi
1419 3337 1854 3395 conSIitutionem
1884 3354 2079 3396 eruere

498 3425 565 3479 de
615 3436 874 3495 potestate
922 3430 1281 3497 tenebrarum,
1324 3439 1377 3487 et
1426 3434 1716 3491 transferre
1759 3436 1811 3490 in
1856 3452 2077 3507 regnum

500 3514 625 3571 Filii
654 3518 954 3574 dilectionis
984 3535 1116 3589 suae,
1145 3521 1283 3576 sicut
1319 3525 1603 3593 Apostolus
1647 3527 1776 3581 dicit
1807 3527 1968 3597 (Eph.
2012 3529 2076 3599 t).

497 3606 615 3661 Jam
663 3609 921 3666 seducere
967 3612 1116 3667 illum
1160 3625 1343 3685 gentes
1389 3618 1553 3673 etiam
1602 3633 1774 3687 nunc,
1803 3629 1858 3677 et
1893 3636 2079 3677 secum

492 3696 716 3756 trahere
747 3704 798 3755 in
826 3712 1083 3758 aeternam
1125 3720 1337 3773 pmnam
1359 3747 1373 3771 ,
1407 3710 1499 3763 sed
1529 3724 1634 3764 non
1666 3711 2078 3779 praedestinatos

495 3789 547 3843 in
572 3788 826 3844 "mternam
873 3795 1060 3856 vitam.
1084 3797 1204 3864 quis
1233 3797 1406 3852 ﬁdelis
1454 3800 1706 3868 ignorat?
1736 3801 1891 3856 Novit
1929 3805 2074 3861 enim

495 3879 751 3961 Dominus
772 3883 860 3950 qui
880 3893 1003 3937 sunt
1024 3884 1140 3954 ejus
1163 3886 1247 3957 (ΙΙ
1278 3887 1507 3961 Tim").
1536 3892 1612 3946 Ex
1635 3892 1717 3947 his
1735 3894 1789 3948 in
1819 3903 2075 3953 {sternam

493 3958 889 4026 damnationem
905 3976 1169 4031 neminem
1186 3977 1274 4032 ille
1289 3958 1515 4036 seducit.
1532 3982 1613 4038 Ad
1627 3987 1729 4039 hoc
1740 3985 1881 4041 enim
1893 3987 2079 4045 diabo-

450 4072 457 4075 '
495 4061 575 4147 lus
598 4048 798 4130 ligatus
828 4074 909 4119 est
941 4075 994 4122 et
1016 4067 1248 4125 inclusus
1268 4071 1483 4143 abysso,
1501 4086 1555 4129 ut
1580 4076 1692 4147 jam
1718 4093 1822 4135 non
1856 4080 2077 4137 seducat

488 4146 673 4237 gentes
686 4170 749 4209 ex
764 4156 951 4225 quibus
963 4168 1168 4215 constat
1184 4163 1416 4219 Ecclesia
1427 4182 1576 4235 ,quas
1587 4146 1713 4223 ante
1725 4170 1973 4226 seductas
1986 4181 2075 4226 te-

490 4246 649 4301 nebat
672 4259 953 4319 antequam
986 4264 1166 4309 essent
1203 4256 1474 4314 Ecclesite.
1507 4261 1685 4331 Neque
1708 4264 1848 4320 enim
1871 4265 2070 4322 dictum

486 4346 586 4404 est,
608 4343 780 4410 utjam
803 4358 905 4398 non
920 4345 1199 4403 sedttceret
1213 4350 1561 4422 aliquem,sed
1580 4366 1630 4408 ut
1650 4357 2068 4429 nonseduceret,

484 4428 677 4499 inquit,
702 4435 810 4501 jam
841 4447 1047 4505 gentes,
1074 4439 1127 4493 in
1157 4442 1346 4510 quibus
1376 4442 1674 4501 Ecclesium
1705 4451 1885 4515 procul
1907 4451 2070 4507 dubio

484 4521 649 4573 voluit
674 4516 915 4595 intelligi.
944 4522 1124 4583 Donec
1152 4530 1421 4602 ﬁniantur,
1450 4537 1642 4607 inquit,
1664 4540 1811 4595 inille
1831 4543 1979 4609 anni,
2012 4544 2067 4598 id

2186 3346 2288 3398 eis.
2339 3340 2474 3397 Cum
2504 3343 2729 3399 dixisset
2768 3346 2988 3416 alligato
3012 3347 3225 3403 diabolo
3272 3364 3371 3419 per
3410 3352 3557 3407 mille
3597 3362 3737 3407 armos

2185 3434 2474 3492 seducendi
2534 3438 2837 3507 ademptam
2892 3439 3063 3496 fuisse
3129 3442 3341 3498 solitam
3406 3454 3733 3515 potestatem,

2185 3528 2408 3599 ejusque
2454 3532 2774 3588 solutionem
2824 3532 3061 3589 loturam
3125 3537 3274 3592 brevi
3335 3548 3581 3609 tempore
3616 3549 3731 3610 pm-

2185 3620 2426 3687 dixisset,
2459 3629 2584 3677 tunc
2614 3623 3020 3691 recapitulaudo
3050 3627 3175 3695 quid
3206 3628 3257 3681 in
3286 3629 3409 3684 istis
3442 3632 3587 3686 mille
3611 3630 3730 3685 annis

2184 3711 2294 3782 agit
2341 3712 2596 3777 Ecclesia,
2632 3714 2715 3769 vel
2746 3725 2933 3784 agatur
2964 3718 3014 3772 in
3044 3732 3125 3784 ea,
3157 3718 3332 3776 dixit:
3360 3723 3430 3776 Et
3470 3724 3575 3778 vidi
3606 3724 3720 3778 sales

2184 3811 2239 3875 et
2268 3803 2519 3859 sedentes
2566 3820 2726 3874 super
2772 3822 2885 3873 eas,
2914 3816 2969 3863 et
2994 3808 3258 3879 judicium
3302 3813 3506 3870 datum
3547 3824 3611 3870 est

2183 3892 2298 3948 Non
2342 3894 2441 3949 hoc
2488 3898 2778 3965 putandum
2827 3911 2910 3956 est
2957 3901 3023 3956 de
3068 3902 3251 3959 ultimo
3291 3904 3529 3973 judicio,
3561 3907 3633 3962 sed
3665 3906 3717 3961 tle

2183 3987 2443 4055 regimine
2468 3989 2647 4059 potius
2673 3991 3074 4063 intelligendum
3100 4004 3185 4050 est
3198 4000 3725 4068 praepositorumqn

2181 4094 2316 4148 quos
2356 4096 2496 4138 nunc
2542 4083 2889 4163 praesidentes
2936 4086 3174 4142 Ecclesia
3204 4090 3567 4160 gubernatur,
3590 4102 3725 4164 quas

2180 4184 2277 4225 suo
2326 4187 2447 4243 rege
2496 4175 2757 4244 probabili
2808 4180 3002 4233 meruit
3053 4181 3239 4238 audire
3296 4186 3730 4253 sanetioue:0uz

2180 4266 2428 4337 ligaveris
2458 4270 2512 4325 in
2558 4278 2734 4339 terra,
2766 4273 2923 4342 ligata
2967 4284 3124 4330 erunt
3160 4287 3219 4332 et
3252 4280 3306 4334 in
3354 4282 3525 4348 melo;
3560 4292 3611 4338 et
3642 4294 3731 4351 qua

2178 4360 2403 4415 solveris
2451 4360 2504 4417 in
2556 4374 2716 4428 terra,
2747 4374 2903 4420 erunt
2947 4366 3121 4421 soluta
3162 4379 3218 4424 et
3268 4370 3319 4425 in
3366 4373 3511 4427 caelo
3538 4372 3729 4445 (latri.

2176 4446 2307 4520 xvt).
2330 4450 2483 4506 Unde
2510 4453 2795 4522 Apostolus
2816 4453 2877 4525 ‘(I
2900 4454 3019 4510 Cor.
3045 4458 3098 4527 v)
3118 4466 3138 4511 ':
3158 4459 3301 4526 Quid
3321 4462 3468 4516 enim
3497 4464 3625 4519 mihi
3650 4472 3730 4525 est,

2175 4542 2367 4612 inquit,
2398 4543 2467 4599 de
2496 4545 2581 4600 his
2616 4547 2710 4613 qui
2751 4547 2882 4603 foris
2919 4560 3043 4605 sunt
3065 4551 3558 4619 judicare?‘nonne
3585 4556 3730 4611 dehis

483 4620 595 4719 est:
616 4624 707 4668 aut
732 4610 871 4717 quod
916 4622 1226 4677 remanebat
1256 4625 1323 4679 de
1352 4637 1510 4719 sexto
1541 4629 1626 4685 die
1649 4631 1736 4699 qui
1762 4644 1969 4689 constat
1996 4650 2065 4691 ex
2091 4640 2146 4701 Β
2173 4610 2263 4706 qui
2294 4639 2436 4692 intus
2464 4648 2585 4693 sunt
2612 4610 2706 4695 vos
2732 4643 3016 4711 judicatis?
3047 4610 3114 4699 Et
3144 4648 3358 4716 animae,
3392 4649 3591 4719 malm,
3619 4651 3735 4706 occi-

483 4696 628 4759 htilie
670 4707 845 4772 annis,
878 4700 969 4762 aut
1016 4724 1203 4766 omnes
1248 4717 1371 4770 anni
1422 4718 1615 4786 quibus
1660 4696 1915 4791 deinceps
1963 4726 2062 4781 hoc

478 4797 731 4851 saeculum
757 4794 1115 4871 peragendum
1140 4814 1239 4860 est.
1272 4808 1449 4864 Donec
1470 4821 1647 4865 autem
1676 4813 1752 4867 sic
1781 4814 2055 4883 imposuit,

480 4886 587 4942 non
617 4892 738 4960 quia
771 4904 957 4961 postea
985 4895 1053 4950 sit
1082 4898 1395 4954 seducturus
1439 4917 1529 4957 eas
1556 4903 1815 4960 duntaxat
1845 4921 2054 4976 gentes,

474 4993 543 5035 ex
593 4982 787 5050 quibus
838 4976 1210 5069 prtedestinata
1257 5003 1465 5048 constat
1516 4994 1774 5062 Ecclesia,
1803 5014 1830 5050 a
1862 5000 2056 5069 quibus

478 5072 797 5129 seducendis
820 5068 914 5129 illo
939 5086 1021 5131 est
1047 5080 1260 5135 vinculo
1287 5091 1542 5153 castoque
1574 5068 1895 5157 prohibitus,
1919 5096 2059 5148 sicut

472 5161 563 5214 illa
621 5164 889 5221 loc‘ulio‘ne
938 5169 1047 5236 jam
1097 5164 1294 5225 dictum
1346 5184 1445 5250 est.
1501 5166 1590 5231 Sic
1638 5188 1693 5232 et
1742 5180 1793 5235 in
1850 5182 2055 5250 psalmo

472 5250 873 5322 (cxxn):Sicut
913 5252 1051 5311 oculi
1098 5262 1267 5315 nostri
1316 5246 1383 5318 ad
1435 5265 1713 5323 Dominum
1760 5246 1925 5326 Deum
1961 5289 2054 5327 no-

472 5344 866 5409 strum,‘donec
892 5348 1213 5406 misereatur
1266 5357 1451 5411 nostri.
1508 5358 1693 5429 Neque
1742 5364 1883 5418 enim
1929 5382 2049 5421 cum

475 5433 723 5490 misertus
774 5437 953 5504 fuerit,
984 5438 1048 5495 ad
1083 5442 1246 5497 Deum
1293 5460 1571 5501 servorum
1605 5453 1743 5506 oculi
1776 5453 1913 5508 ultra
1946 5472 2050 5512 non

469 5538 587 5579 esse
614 5531 831 5595 putandi
865 5540 1011 5597 sunt,
1036 5546 1125 5589 aut
1155 5549 1300 5593 certe
1328 5541 1428 5594 iste
1457 5552 1541 5595 est
1569 5534 1700 5598 ordo
1732 5548 2047 5605 verborum:

470 5615 538 5667 Et
556 5618 746 5674 clausit
768 5632 821 5677 et
845 5625 1072 5693 signavit
1101 5643 1260 5696 super
1286 5646 1405 5685 eum
1430 5633 1602 5689 donec
1626 5634 1880 5692 ﬁniantur
1902 5642 2046 5697 mille

472 5706 627 5769 anni,
668 5716 727 5763 ut
773 5718 877 5767 nn‘n
925 5716 1203 5773 seduceret
1247 5720 1355 5787 jam
1405 5733 1626 5791 gentes,
1673 5725 1721 5779 id
1770 5736 1871 5795 est,
1928 5731 2051 5788 ideo

466 5800 671 5867 clausit,
706 5800 875 5860 donec
904 5806 1156 5864 ﬁuiantdr
1192 5812 1338 5869 mille
1363 5817 1514 5883 anni,
1550 5828 1606 5873 ut
1641 5833 1743 5874 non
1778 5820 2056 5882 seduceret

2171 4743 2353 4783 sorum
2395 4740 2603 4800 prapler
2645 4734 2989 4789 testimonium
3033 4734 3181 4807 Iesu,
3209 4749 3257 4791 et
3287 4754 3507 4810 propter
3548 4744 3731 4796 verbm

2171 4819 2285 4875 Dei.
2320 4822 2648 4883 Subauditur
2674 4826 2815 4895 quod
2847 4835 3028 4895 postea
3054 4828 3138 4884 hic
3168 4830 3409 4889 dicturus
3432 4844 3538 4902 est,
3558 4848 3731 4905 regna-

2169 4909 2300 4964 bunt
2319 4912 2579 4968 cumJesu
2598 4915 2744 4970 mille
2769 4918 2944 4984 annis,
2964 4920 3157 4974 animae
3183 4922 3393 4978 scilicet
3421 4930 3724 4996 martyrum.

2169 5001 2403 5057 nondum
2454 5005 2556 5060 sibi
2604 5008 2919 5074 corporibus
2966 5011 3076 5064 suis
3125 5012 3371 5079 redditis,
3406 5031 3588 5085 neque
3614 5016 3731 5070 enim

2169 5089 2376 5160 piorum
2428 5094 2619 5148 animae
2656 5104 2990 5152 mortuorum
3022 5112 3339 5169 separantur
3370 5104 3449 5158 ab
3496 5106 3730 5165 Ecclesia.

2166 5199 2285 5255 qua:
2318 5200 2458 5241 nunc
2482 5188 2643 5241 etiam
2672 5198 2754 5245 est
2793 5206 3014 5260 regnum
3043 5193 3281 5259 Christi:
3311 5198 3513 5269 alioqui
3556 5198 3731 5255 necati

2166 5275 2332 5331 altare
2372 5275 2569 5333 Christi
2614 5279 2769 5343 ﬁeret
2790 5296 2975 5338 eorum
3016 5289 3272 5342 memoria
3302 5289 3359 5344 in
3383 5295 3731 5348 communica-

2167 5369 2308 5423 tione
2351 5372 2595 5439 corporis
2622 5371 2841 5430 Christi.
2887 5377 3140 5443 Quamvis
3168 5390 3296 5450 ergo
3322 5397 3447 5438 cum
3488 5388 3605 5440 suis
3632 5400 3729 5439 corb

2165 5460 2382 5526 poribus
2412 5462 2671 5529 nondum,
2704 5464 2813 5533 jam
2863 5476 3042 5524 tamen
3068 5485 3255 5529 eorum
3298 5476 3496 5532 anime
3520 5485 3730 5548 regnant

2160 5565 2278 5605 cum
2310 5553 2423 5620 illo,
2451 5570 2571 5609 cttm
2599 5556 2685 5609 isti
2710 5557 2863 5612 mille
2886 5561 3012 5615 anni
3053 5564 3365 5622 decurrunt.
3394 5567 3549 5624 Unde
3568 5569 3621 5624 in
3643 5572 3729 5623 hoc

2162 5644 2295 5699 libro
2326 5646 2520 5701 dicitur
2553 5648 2710 5719 (Sup.
2742 5649 2889 5720 xw):
2912 5651 3058 5707 Beati
3085 5659 3278 5712 mortui
3307 5659 3402 5729 qui
3432 5661 3486 5715 in
3518 5662 3725 5716 Domino

2163 5736 2482 5790 moriuntur.
2508 5737 2715 5808 Regnat
2741 5738 2923 5811 itaque
2949 5758 3069 5799 cum
3095 5747 3309 5805 Christo
3339 5768 3481 5808 nunc
3504 5756 3722 5822 primqu

2163 5828 2403 5884 Ecclesia
2435 5832 2487 5884 in
2530 5832 2660 5889 vivis
2696 5842 2759 5889 et
2804 5837 3048 5894 mortuis.
3082 5840 3371 5915 Propterea
3401 5850 3576 5919 enim;
3598 5849 3721 5906 sit!!!
