3968 6354
251 361 354 419 917

1263 355 1709 414 εοιιιιεΝτΑιι.
1743 345 1808 414 ιιι
1847 355 2230 416 amcam.
2273 336 2404 416 Li'n.
2447 363 2512 418 v.

3436 351 3490 415 at
3504 361 3538 416 8

254 479 330 534 ait
371 471 867 548 Apostolus‘mbm.
901 465 1058 544 11V),
1079 470 1319 529 Ioﬂttu‘s
1363 480 1445 528 est
1480 470 1752 537 Christus,
1786 481 1843 529 ut
1869 481 1924 542 Α
1946 473 2190 545 dixisset,
2214 477 2266 530 in
2299 477 2418 532 istis
2438 475 2673 533 secunda
2699 462 2844 533 mors
2870 469 2974 533 n‘Ou
3001 475 3163 532 habet
3191 459 3534 547 potestatem,

249 580 310 627 et
335 571 580 626 vivorum
597 575 1015 625 'etmortuorum
1043 563 1368 622 dominetur.
1394 563 1518 620 'Sed
1544 563 1666 621 ideo
1695 579 1840 620 mar-

251 670 434 735 tyrrlm
459 671 670 718 tantum
697 661 905 718 animas
928 657 1395 725 commemoravit,
1425 660 1547 729 quia
1570 659 1671 730 ipsi
1706 671 1843 729 prae-

255 757 413 828 cipue
453 763 682 828 regnant
725 765 846 828 post
887 765 1138 826 mortem,
1164 756 1255 826 qui
1301 759 1473 826 uSque
1501 755 1569 810 ad
1613 764 1842 810 mortem

249 863 354 919 pro
377 849 607 906 veritate
639 847 1015 906 “certaverunt.
1060 848 1168 906 Sed
1194 861 1224 903 a
1261 853 1415 918 parte
1461 855 1634 904 totum
1680 849 1842 903 etiam

256 943 484 999 cancros
513 949 754 998 mortuos
795 942 1156 1014 intelligemus
1195 941 1527 1012 pertinentes
1556 940 1622 995 ad
1657 939 1845 997 Eccle-

259 1037 414 1103 siam,
446 1035 586 1106 quod
605 1044 698 1092 ἐει
726 1047 949 1107 regnum
988 1033 1210 1091 Christi.
1235 1035 1388 1103 Quod
1415 1045 1546 1090 vero
1578 1034 1841 1104 sequitur,

260 1129 389 1182 Etsi
419 1128 506 1198 qui
529 1143 630 1182 non
658 1128 996 1182 «duraverunt
1025 1126 1235 1182 bestiam
1259 1129 1368 1181 'nec
1399 1126 1675 1196 imaginem
1705 1125 1840 1196 ejus,

257 1227 431 1292 neque
465 1225 779 1292 acceperunt
807 1221 1156 1291 scriptionem
1185 1221 1241 1274 in
1269 1219 1563 1275 fronte'aut
1595 1221 1649 1272 in
1672 1217 1844 1274 ‘r'nanu

257 1307 562 1376 Sumsimul
611 1310 679 1366 de
718 1310 854 1366 vivis
883 1319 949 1366 ει
993 1310 1220 1367 mortuis
1267 1309 1527 1366 debemus
1576 1310 1842 1380 accipere.

258 1405 388 1471 Qum
421 1401 502 1457 sit
546 1409 707 1471 porro
745 1403 923 1458 'bestia
967 1403 1073 1457 ista
1115 1411 1274 1471 quam
1318 1402 1501 1471 jussit,
1535 1400 1844 1471 diligentius

214 1506 231 1512 ·
257 1491 684 1562 requirendum;
720 1505 826 1546 non
851 1501 1037 1547 tamen
1085 1491 1339 1547 abhorret
1376 1505 1404 1544 a
1437 1491 1542 1546 ﬁde
1588 1501 1759 1558 recta,
1787 1499 1848 1547 ut

261 1590 377 1657 ipsa
401 1588 562 1657 impia
585 1588 782 1643 civitas
824 1587 1172 1656 intelligatur,
1198 1596 1252 1641 et
1293 1585 1520 1655 populus
1549 1584 1843 1641 inﬁdelium

259 1681 561 1736 contrarius
596 1679 802 1749 populo
854 1678 997 1734 ﬁdeli
1025 1687 1080 1733 et
1108 1677 1313 1732 civitati
1362 1678 1476 1743 Dei,
1512 1676 1686 1747 imago
1717 1689 1848 1734 vero

260 1775 413 1844 ejus,
445 1771 716 1828 simulatio
758 1770 876 1842 ejus
922 1770 1052 1824 mihi
1096 1769 1328 1836 videtur,
1369 1768 1431 1823 'in
1475 1770 1556 1824 eis
1598 1768 1846 1824 videlicet

1948 569 2188 640 adjunxit
2212 557 2399 627 dicens
2422 587 2436 627 :
2461 569 2715 628 Sederunt
2736 571 3023 626 sacerdotes
3054 570 3150 625 Dei
3181 569 3461 637 ctChristi,
3488 579 3536 624 et

1947 659 2230 731 regnabant
2267 679 2383 716 cum
2424 678 2488 718 eo
2531 661 2671 716 mille
2706 663 2887 731 annis,
2941 678 3047 718 non
3088 666 3269 732 utique
3312 661 3379 718 de
3405 663 3536 717 solis

1947 755 2214 825 episcopis
2259 767 2315 813 et
2359 757 2687 829 presbyteris
2713 739 2915 812 dictum
2943 765 3047 821 est,
3084 751 3177 812 sed
3204 753 3367 812 etiam
3398 757 3536 811 sicut

1945 867 2138 909 omnes
2161 851 2404 909 Christos
2431 853 2682 922 dicimus,
2712 863 2931 924 propter
2955 852 3240 924 mysticum
3269 848 3527 915 chrisma,

1945 945 2025 1001 sic
2049 959 2238 1002 omnes
2266 947 2602 1015 sacerdotes,
2633 939 2890 1016 quoniam
2919 959 3108 1000 omnes
3133 943 3374 1000 membra
3405 936 3535 997 ειῆι

1947 1039 2104 1095 unius
2135 1038 2451 1105 sacerdotis,
2475 1039 2544 1094 de
2571 1039 2762 1109 quibus
2792 1037 3070 1107 apostolus
3101 1037 3293 1092 Petrus
3320 1052 3332 1088 :
3362 1031 3529 1098 Gens,

1948 1127 2118 1202 inquit
2159 1125 2240 1201 ’(7
2289 1129 2434 1185 Petr.
2485 1129 2604 1202 ιι),
2653 1141 2869 1197 sancta,
2914 1131 3092 1197 regale
3143 1125 3526 1183 sacerdotium.

1951 1221 2016 1277 Et
2071 1238 2184 1277 cum
2232 1221 2365 1277 ﬁniti
2421 1209 2634 1292 'fuerint,
2683 1221 2876 1292 inquit,
2927 1222 3064 1275 mille
3111 1219 3258 1284 anni,
3311 1220 3535 1271 solvetur

1951 1314 2178 1370 Satanas
2231 1316 2294 1368 dc
2349 1314 2590 1368 custodia
2645 1328 2782 1381 sua,
2836 1323 2884 1369 et
2935 1312 3090 1367 exibit
3147 1311 3214 1365 ad
3271 1309 3536 1364 seducett-

1947 1406 2046 1462 das
2096 1407 2360 1474 nationes,
2397 1422 2511 1476 qua:
2565 1414 2681 1459 sunt
2733 1405 2786 1460 iu
2843 1415 3062 1474 quatuor
3105 1402 3311 1472 angulis
3364 1410 3533 1465 terrw,

1947 1496 2060 1568 Gog
2115 1507 2160 1552 et
2218 1497 2430 1569 Magog,
2477 1508 2523 1551 et
2575 1496 2750 1552 trahet
2803 1512 2895 1551 eas
2937 1497 2991 1550 in
3046 1495 3275 1557 bellum,
3320 1505 3536 1562 quarunt

1948 1603 2184 1642 numerus
2206 1599 2277 1643 est
2302 1600 2357 1642 ιιι
2379 1606 2533 1642 arena
2555 1590 2730 1643 maris.
2762 1586 2841 1642 Ad
2871 1587 2971 1642 hoc
3000 1601 3125 1655 ergo
3156 1595 3282 1640 tunc
3309 1582 3536 1644 seducit,

1954 1692 2010 1735 ut
2036 1693 2129 1736 eos
2158 1685 2212 1735 in
2241 1681 2444 1736 bellum
2478 1681 2652 1736 trahat
2679 1700 2691 1734 :
2725 1697 2847 1736 nam
2883 1689 2938 1736 et
2959 1689 3112 1733 antea
3139 1676 3312 1732 modis
3341 1674 3538 1745 quibus

1953 1783 2181 1843 poterat,
2235 1771 2329 1843 per
2358 1775 2497 1828 mala
2531 1773 2693 1828 multa
2726 1783 2779 1827 et
2807 1775 2953 1828 varia
2993 1770 3306 1827 seducebat.
3361 1768 3541 1820 Exivit

249 1867 510 1923 'oninibo's
536 1867 626 1936 qui
653 1864 800 1920 velut
846 1863 1006 1918 ﬁdem
1031 1861 1350 1932 proﬁtentur
1380 1870 1434 1917 et
1459 1861 1741 1918 inﬁdeliter
1768 1862 1848 1916 vi-
1873 1863 1924 1935 Ἦ
1953 1878 2151 1936 autem,
2206 1868 2406 1923 dictum
2456 1877 2558 1934 est,
2602 1868 2655 1921 in
2697 1876 2936 1934 apertam
2987 1865 3418 1933 persecutionem
3469 1857 3540 1913 de

150 1996 158 2004 -
254 1964 414 2014 'vnt'it.
448 1959 678 2030 Fingnn‘t
700 1959 843 2014 enim
871 1972 931 2014 se
960 1972 1080 2014 esse
1107 1958 1246 2028 quod
1277 1971 1386 2012 non
1418 1966 1564 2021 sunt,
1589 1961 1848 2011 vocantur

263 2052 404 2120 quod
421 2052 603 2107 Veraci
624 2050 828 2121 efﬁgie,
855 2050 949 2105 sed
978 2050 1150 2104 fallaci
1181 2047 1414 2120 imagine
1444 2037 1756 2115 Christiani,
1781 2048 1849 2104 ad

265 2143 510 2200 eamdem
576 2145 806 2214 namque
870 2142 1096 2198 bestiam
1147 2143 1437 2211 pertinent.
1509 2139 1622 2196 Non
1676 2141 1852 2196 solum

266 2247 450 2306 aperte
477 2237 685 2293 inimici
721 2235 955 2291 nominis
996 2234 1192 2290 Christi
1225 2245 1278 2289 et
1307 2235 1422 2304 ejus
1450 2234 1851 2305 gloriosissimas

265 2331 518 2396 civitatis,
550 2331 643 2386 scd
670 2330 828 2385 etiam
859 2329 1065 2384 zizania
1095 2343 1218 2398 qua:
1241 2325 1307 2383 de
1347 2343 1510 2397 regno
1540 2330 1679 2396 ejus,
1709 2326 1852 2396 quod

267 2431 349 2478 est
379 2423 641 2488 Ecclesia,
677 2422 731 2476 in
775 2421 882 2476 ﬁne
931 2420 1110 2476 smculi
1160 2417 1455 2489 colligenda
1487 2429 1630 2474 sunt.
1665 2420 1731 2474 Et
1762 2420 1852 2489 qui

263 2525 388 2571 sunt
435 2516 526 2583 qui
569 2513 676 2569 noti
707 2513 946 2568 adorant
992 2513 1212 2568 bestiam
1253 2527 1353 2566 nec
1383 2511 1679 2579 imaginem
1711 2511 1848 2580 ejus,

261 2607 364 2662 nisi
393 2603 484 2677 qui
528 2605 732 2661 iaciunt
771 2605 914 2675 quod
940 2607 1016 2661 ait
1042 2607 1332 2676 Apostolus
1361 2603 1448 2675 (II
1487 2603 1608 2660 Car.
1634 2603 1712 2674 γι)
1739 2622 1750 2656 :
1777 2604 1854 2660 Ne

264 2700 380 2755 sitis
405 2699 879 2772 jugum'ducentes
919 2714 1042 2755 cum
1091 2691 1435 2753 inﬁdeiibu's?
1479 2712 1585 2750 non
1628 2697 1854 2752 adorant

261 2793 430 2856 enim,
481 2792 531 2846 id
573 2801 675 2858 est,
729 2806 836 2846 non
885 2791 1246 2854 consentiunt,
1304 2793 1408 2844 non
1467 2788 1849 2858 subjiciuntur.

264 2881 447 2953 Neque
468 2883 737 2953 accipiunt
763 2881 1165 2950 inscriptionem
1184 2928 1197 2948 ,
1223 2875 1406 2937 notam
1441 2871 1646 2936 scilicet
1668 2879 1852 2935 crimi-

263 2975 349 3030 nis
377 2974 428 3029 in
456 2973 629 3030 fronte
660 2981 878 3044 propter
919 2973 1335 3044 professionem,
1366 2974 1418 3028 in
1449 2988 1606 3027 manu
1637 2979 1855 3042 propter

264 3067 656 3138 operationem.
686 3066 766 3122 Ab
813 3066 896 3120 liis
929 3066 1090 3134 igitur
1128 3068 1282 3122 malls
1310 3065 1489 3131 alieni,
1523 3067 1636 3121 sive
1678 3064 1855 3121 adhuc

265 3162 319 3214 in
349 3161 448 3216 ista
479 3159 688 3214 mortali
718 3174 881 3214 carne
909 3159 1174 3226 viventes,
1205 3161 1316 3214 sive
1347 3159 1602 3225 defuncti,
1631 3163 1856 3229 regnant

1957 1962 2213 2017 lateribus
2239 1969 2549 2030 erumperet
2576 1960 2818 2014 odiorum
2851 1957 3138 2011 novissima
3165 1951 3540 2024 persecutione

1949 2053 2172 2125 judicio,
2207 2063 2488 2122 prapterea
2511 2060 2795 2120 antequam
2825 2057 2929 2103 tota
2958 2046 3197 2102 Ecclesia
3217 2055 3269 2099 et
3292 2043 3542 2098 civitates

1953 2146 2153 2202 Christi
2186 2147 2254 2200 ab
2284 2143 2528 2201 universa
2560 2142 2760 2198 diaboli
2791 2141 3007 2195 civitate
3056 2137 3287 2206 patietur
3316 2139 3543 2202 quanta-

1945 2241 2162 2309 ‘C‘unque
2186 2238 2289 2293 erit
2318 2246 2540 2306 utraque
2569 2233 2732 2304 su'per
2759 2243 2978 2288 terram.
3008 2230 3210 2286 Gentes
3237 2240 3398 2296 porro
3426 2225 3544 2278 ista;

1957 2330 2070 2398 Cog
2101 2336 2153 2384 et
2187 2325 2392 2399 MagOg,
2440 2325 2653 2396 quidam
2686 2324 3028 2392 su5picantur
3053 2317 3225 2376 Getas
3250 2327 3304 2374 et
3333 2315 3544 2372 Massa-

1956 2429 2106 2490 getas
2151 2430 2367 2489 propter
2400 2418 2600 2488 primas
2641 2417 2831 2470 horum
2864 2415 3141 2468 nominum
3169 2407 3400 2466 litteras.
3435 2407 3546 2464 Sed

1958 2510 2460 2580 interpretationem
2511 2510 2788 2562 nominum
2843 2504 3205 2572 intendentes,
3264 2502 3545 2556 meliorem

1960 2605 2042 2662 his
2071 2613 2324 2675 coaptare
2356 2602 2736 2673 cognoscimus
2768 2599 3122 2653 intellectum.
3160 2591 3294 2648 Nam
3326 2592 3440 2660 Gog
3468 2591 3548 2643 di-

1959 2701 2095 2754 citur
2137 2708 2362 2763 tectum,
2412 2697 2598 2765 Magog
2627 2695 2697 2748 de
2740 2699 2903 2756 tecto,
2960 2700 3214 2759 tanquam
3259 2686 3452 2741 domus
3493 2690 3550 2738 et

1958 2795 2073 2863 ipse
2098 2791 2186 2862 qui
2219 2789 2460 2861 procedit
2497 2789 2564 2843 de
2591 2786 2776 2841 domo.
2807 2782 3008 2838 Gentes
3037 2796 3164 2851 ergo
3195 2788 3322 2834 sunt
3352 2779 3404 2832 in
3430 2777 3549 2846 qui-

1958 2888 2056 2943 bus
2079 2885 2352 2940 diabolutn
2380 2883 2522 2939 velut
2554 2883 2604 2936 in
2629 2879 2826 2950 abysso
2848 2876 3093 2948 superius
3119 2871 3548 2942 intelligebamus

1961 2974 2248 3037 inclusum,
2281 2980 2335 3027 et
2360 2971 2476 3041 ipse
2499 2970 2565 3025 de
2587 2969 2693 3024 illis
2719 2963 3114 3038 quodammodo
3141 2977 3265 3018 sese
3293 2959 3549 3026 eﬁerens,

1960 3074 2014 3120 et
2046 3063 2344 3131 procedens
2397 3070 2453 3116 ut
2490 3058 2598 3115 illae
2639 3059 2746 3114 sint
2779 3065 2999 3119 tectum,
3049 3053 3141 3109 ille
3163 3052 3238 3108 'de
3271 3061 3436 3107 teeto.
3491 3046 3551 3103 Si

1961 3159 2138 3210 antem
2176 3163 2462 3222 utrumque
2516 3148 2817 3205 referamus
2857 3147 2921 3200 ad
2960 3154 3170 3215 gentes,
3222 3156 3328 3196 non
3381 3153 3550 3194 unum

265 3267 386 3308 cum
418 3251 634 3307 Christo
673 3251 782 3322 jam
815 3248 954 3306 nunc
986 3251 1156 3306 modo
1196 3251 1427 3321 quo‘dam
1465 3251 1586 3306 huic
1625 3250 1854 3321 tempori
1881 3251 1927 3329 α
1962 3249 2151 3304 horum
2170 3247 2236 3301 ad
2265 3245 2402 3309 illas,
2434 3243 2662 3298 alterum
2689 3241 2756 3295 ad
2783 3239 3078 3306 diabolum,
3113 3244 3168 3292 et
3195 3244 3393 3292 tectum
3416 3235 3549 3303 ipsae

266 3353 502 3412 congruo
519 3345 624 3412 per
660 3349 830 3397 totum
883 3341 982 3397 hoc
1031 3341 1410 3409 intervallum,
1443 3341 1586 3412 quod
1628 3357 1853 3398 numero

267 3435 414 3490 inille
438 3437 699 3490 annorum
729 3431 1078 3504 signiﬁcatur.
1103 3433 1324 3505 'Reliqui
1363 3443 1550 3491 eoru‘m
1583 3453 1683 3491 non
1716 3438 1855 3491 rixe-

268 3531 411 3593 run't,
447 3522 644 3596 inquit.
679 3525 822 3582 Bura
862 3526 1006 3582 enim
1036 3537 1187 3582 'nunc
1226 3537 1330 3596 est,
1359 3541 1483 3584 cum
1529 3530 1724 3585 mortui
1762 3545 1856 3584 au-

269 3621 418 3676 diunt
458 3627 643 3678 vocem
696 3623 812 3678 Filii
851 3623 950 3679 Dei
1001 3622 1184 3695 (Joan.
1214 3625 1376 3697 v),'et
1422 3627 1512 3696 qui
1563 3626 1854 3694 audierint,

261 3716 466 3772 ‘vivent.
489 3709 708 3787 Reliqui
749 3731 878 3788 ergo
906 3725 1092 3772 eurum
1137 3733 1241 3773 non
1274 3721 1474 3774 vivent.
1529 3721 1678 3788 Quod
1729 3736 1858 3777 vero

269 3803 521 3874 subdidit,
539 3807 706 3862 donec
745 3806 1013 3864 'ilniant'trr
1053 3809 1204 3864 ’milte
1259 3812 1414 3879 anni,
1448 3797 1856 3883 intelligendum

270 3910 351 3954 est
391 3901 540 3969 'qu‘od
588 3915 654 3955 eo
698 3913 937 3970 tempore
968 3903 1086 3955 ‘no’n
1134 3902 1381 3957 vixerant
1408 3915 1514 3970 quo
1554 3905 1738 3959 th'ere
1767 3903 1858 3960 de-

261 3993 524 4061 buerant,
542 3993 619 4046 'ad
659 3995 821 4048 vitam
868 3991 1073 4048 scilicet
1100 3993 1168 4054 de
1197 3999 1370 4049 morte
1415 3997 1772 4060 transeundo;
1804 4007 1858 4053 et

271 4082 393 4138 ideo
417 4095 538 4136 cum
561 4081 682 4134 dies
724 4078 930 4134 venerit
969 4083 1076 4147 quo
1124 4081 1218 4134 ﬁat
1261 4092 1316 4135 et
1359 4096 1644 4151 corporum
1673 4099 1858 4139 resur-

272 4175 460 4240 rec'tlo,
488 4181 591 4228 non
623 4171 690 4228 ad
724 4173 988 4228 vitam'de
1013 4174 1384 4229 monumentis
1423 4174 1735 4244 precedent,
1762 4179 1856 4231 sed

271 4269 336 4323 ad
359 4267 646 4338 judicium,
675 4265 743 4320 ad
792 4263 1188 4320 damnationem
1215 4265 1438 4331 scilicet,
1475 4281 1594 4336 quas
1621 4267 1854 4322 secunda

273 4373 426 4416 mors
445 4359 671 4414 'dicitur.
715 4357 898 4412 Donec
927 4356 1180 4411 ﬁniantur
1207 4357 1352 4411 enim
1384 4356 1531 4412 mille
1560 4358 1706 4422 anni,
1737 4359 1857 4427 qui-

282 4464 492 4520 cunque
533 4463 639 4504 non
684 4449 956 4513 vixerunt,
990 4447 1038 4502 id
1067 4458 1148 4502 est
1179 4456 1293 4503 toto
1322 4449 1424 4503 isto
1473 4457 1712 4516 tempore
1751 4465 1858 4519 quo

271 4543 444 4610 agitur
491 4539 813 4595 resurrectio
855 4538 1046 4606 prima,
1101 4547 1156 4594 e‘t
1204 4553 1311 4594 non
1353 4538 1623 4595 audie’riut
1668 4556 1854 4595 vocem

273 4635 392 4692 Filii
426 4633 538 4700 Dei,
561 4635 628 4688 'u't
657 4631 725 4687 ad
763 4631 929 4688 vitam
971 4632 1038 4688 de
1081 4645 1255 4688 morte
1287 4641 1583 4699 transeant,
1618 4635 1858 4703 proiecto
1883 4652 1936 4714 ο
1959 4629 2127 4692 bitur,
2159 4624 2509 4681 concludetur
2543 4639 2556 4676 :
2592 4635 2691 4676 nec
2718 4618 2961 4675 militiam
2993 4631 3146 4672 suam
3175 4613 3402 4681 deserit,
3431 4625 3551 4682 quas
3607 4685 3610 4688 _

273 4728 324 4782 in
348 4725 581 4781 secunda
614 4724 1010 4779 resurrectione
1052 4738 1169 4793 quae
1197 4723 1378 4778 carnis
1405 4735 1509 4790 est,
1542 4723 1591 4777 in
1622 4734 1851 4780 mortem

272 4815 706 4870 secundam-cum
737 4815 848 4883 ipsa
877 4827 1039 4870 carne
1068 4814 1388 4870 transibunt.
1423 4815 1676 4886 Sequitur
1709 4819 1853 4872 enim

271 4920 325 4967 et
353 4909 487 4964 dixit
513 4902 682 4964 :‘Harc
703 4908 1008 4963 resurrectio
1037 4909 1203 4976 prima
1230 4919 1323 4966 est.
1354 4909 1541 4965 Beatus
1571 4921 1616 4965 et
1648 4921 1854 4966 sanctus

271 5002 359 5073 qui
384 5001 531 5056 habet
568 4998 840 5070 partemin
872 4999 971 5054 hac
1017 5001 1182 5067 prima
1217 5003 1603 5056 resurrectione.
1650 5003 1704 5058 ld
1747 5011 1850 5069 est,

271 5095 536 5164 particeps
567 5093 692 5163 "eius
720 5090 907 5146 fuerit.
957 5090 1073 5162 Ipse
1111 5102 1286 5147 autem
1318 5101 1400 5148 est
1429 5095 1694 5165 particeps
1719 5095 1859 5165 ejus,

272 5189 358 5259 qui
386 5203 490 5242 non
513 5185 686 5242 solttm
711 5201 737 5238 a
755 5191 954 5252 'morte,
974 5199 1076 5256 qua
1101 5185 1153 5241 in
1178 5187 1412 5256 peccatis
1435 5197 1536 5252 est,
1565 5188 1854 5253 reviviscit,

273 5294 458 5336 verum
503 5280 757 5335 etiamin
795 5292 860 5334 eo
901 5278 1045 5347 quod
1088 5281 1340 5336 revixerit
1387 5283 1738 5351 permanebit.
1791 5282 1860 5338 In

262 5372 411 5438 ‘isti‘s,
433 5370 623 5441 inquit,
639 5370 862 5426 secunda
883 5386 1021 5425 mors
1042 5387 1139 5424 non
1165 5370 1308 5424 habet
1333 5381 1649 5441 potestatem.
1684 5374 1857 5432 liabet

271 5479 401 5535 ergo
425 5463 478 5518 in
507 5464 747 5534 reliquis,
767 5462 834 5517 de
863 5463 1058 5533 quibus
1101 5465 1351 5532 superius
1383 5463 1458 5518 ait
1483 5482 1497 5518 :
1523 5464 1735 5538 Reliqui
1764 5482 1856 5522 eo-

261 5571 390 5613 rum
421 5569 528 5609 non
570 5554 837 5620 vixerunt,
869 5555 1042 5611 donec
1075 5553 1328 5610 ﬁniantur
1363 5557 1510 5612 inille
1551 5560 1696 5624 anni,
1725 5573 1858 5628 quo-

275 5650 415 5704 niam
445 5656 564 5702 "toto
589 5648 694 5702 isto
723 5651 983 5717 temporis
1013 5647 1300 5704 intervallo
1327 5648 1484 5719 'quod
1515 5649 1660 5706 mille
1688 5665 1858 5706 annos

275 5749 451 5804 vocat,
482 5747 954 5810 quantumcunque
983 5740 1036 5794 in
1077 5755 1142 5795 eo
1166 5741 1394 5812 quisque
1421 5755 1605 5796 eorum
1640 5742 1774 5796 vixit
1803 5742 1855 5795 in

276 5841 534 5905 corpore,
571 5845 688 5888 'non
735 5831 930 5889 revixit
973 5844 1003 5887 a
1050 5843 1241 5891 morte.
1292 5833 1442 5903 Quod
1499 5842 1676 5891 autem
1733 5848 1856 5891 cum

1958 3349 2104 3407 sunt,
2134 3338 2256 3408 quia
2282 3338 2335 3392 in
2361 3339 2442 3392 eis
2473 3341 2612 3390 nunc
2643 3333 2931 3388 includitur
2961 3341 3014 3387 et
3040 3332 3235 3400 tegitur
3266 3328 3547 3395 inimicus,

1959 3441 2011 3487 et
2039 3431 2107 3486 de
2149 3438 2290 3485 tecto
2327 3429 2457 3497 ipsa:
2490 3437 2668 3491 erunt,
2713 3424 2928 3493 Quando
2975 3424 3027 3477 in
3061 3430 3303 3492 apertum
3355 3419 3540 3476 odium

1960 3532 2230 3594 eruptura:
2257 3529 2434 3578 erunt.
2479 3511 2637 3588 Quod
2671 3527 2802 3573 vero
2830 3518 2904 3571 ait
2933 3534 2945 3568 :
2995 3513 3064 3569 Et
3093 3515 3432 3568 ascenderunt
3460 3527 3542 3564 su-

1962 3633 2052 3687 per
2083 3615 2409 3670 latitudinem
2437 3621 2610 3678 terraz,
2660 3622 2707 3665 et
2737 3611 3024 3664 cinxerunt
3054 3615 3224 3661 castra
3251 3614 3549 3659 sanctorum

1962 3718 2006 3763 et
2036 3708 2273 3761 dilectam
2296 3705 2575 3773 civitatem,
2608 3717 2711 3758 non
2736 3704 2917 3770 utique
2949 3701 3013 3754 ad
3045 3714 3208 3754 unum
3244 3698 3422 3752 locum
3451 3711 3546 3750 ve-

1965 3805 2110 3858 nisse
2151 3801 2236 3856 vel
2267 3813 2508 3855 ventura:
2538 3811 2659 3854 esse
2691 3796 3005 3867 s'igniﬁcatae
3035 3803 3182 3859 sunt,
3235 3791 3388 3862 quasi
3437 3803 3548 3844 uno

1964 3894 2142 3963 aliquo
2163 3889 2288 3947 loco
2337 3891 2513 3946 iu'tura
2545 3889 2654 3944 sint
2703 3897 2878 3942 Ctlr-ll‘a
2908 3895 3217 3942 sanctorum
3259 3892 3314 3938 et
3353 3882 3546 3937 dilecta

1963 3985 2178 4050 civitas,
2229 3983 2351 4039 cum
2385 3983 2498 4036 lucc
2527 3996 2632 4036 non
2665 3981 2732 4035 sit
2765 3979 2868 4034 nisi
2896 3977 3095 4032 Christi
3129 3974 3388 4038 Ecclesia,
3434 3980 3547 4026 toto

1965 4081 2227 4130 terrarum
2261 4075 2390 4129 orb'e
2431 4073 2641 4129 diﬁ'usn.
2696 4073 2773 4128 Ac
2806 4087 2898 4141 per
2929 4071 3040 4124 ‘hoc
3081 4069 3382 4136 ubicunque
3422 4072 3551 4118 tunc

1962 4169 2064 4223 erit
2089 4182 2206 4237 qua:
2237 4167 2288 4220 in
2313 4167 2560 4219 omnibus
2587 4164 2832 4234 gentibus
2863 4162 2987 4228 erit,
3021 4159 3164 4229 quod
3189 4155 3549 4225 signiﬁcatum

1966 4267 2046 4313 est
2076 4257 2292 4311 nomin‘e
2323 4249 2616 4308 latitudinis
2638 4255 2830 4315 ’κει-τῖε,
2882 4245 2970 4303 u'bi
3001 4255 3160 4302 erunt
3197 4254 3372 4300 castra
3411 4257 3547 4298 san-

1963 4357 2193 4413 ctorum,
2243 4346 2312 4401 ibi
2329 4337 2533 4399 'ililecta
2563 4343 2674 4396 Deo
2705 4341 2900 4394 civitas
2931 4337 3054 4407 erit,
3097 4335 3170 4391 ibi
3199 4335 3267 4388 ab
3299 4333 3550 4388 omnibus

1964 4441 2194 4497 initnicis
2216 4439 2326 4494 suis
2347 4436 2736 4508 persecutionis
2763 4429 2906 4487 illius
2924 4429 3256 4486 immanitate
3281 4428 3548 4496 cingetur,

1953 4536 2066 4590 hoc
2093 4542 2196 4600 est,
2248 4531 2301 4586 in
2331 4529 2590 4601 angustiis
2623 4523 2985 4582 tribulationis
3014 4521 3332 4587 arc‘tabitur,
3379 4535 3550 4589 urge-

1965 4720 2229 4775 vocabulo
2259 4728 2338 4773 est
2370 4716 2632 4787 appellata
2682 4724 3002 4769 castrorum.
3060 4705 3214 4775 Quod
3257 4720 3386 4762 vero
3433 4705 3549 4758 ait:

1966 4812 2030 4867 Et
2060 4810 2320 4866 descendit
2353 4809 2486 4882 ignis
2517 4809 2578 4861 de
2609 4807 2753 4871 creto,
2805 4813 2852 4857 et
2883 4800 3114 4856 comedit
3142 4815 3248 4864 eos,
3297 4811 3406 4852 non
3448 4809 3548 4850 ex-

1965 4917 2194 4960 tremum
2239 4902 2533 4972 putandum
2567 4900 2616 4955 id
2672 4913 2792 4954 esse
2822 4897 3164 4965 supplicium,
3219 4906 3326 4962 quo
3357 4889 3552 4959 impios

1966 4996 2214 5051 novimus
2260 4991 2577 5047 cruciandos
2611 4988 2826 5060 (Matth.
2859 4991 3008 5054 xxv),
3062 4985 3156 5038 sed
3204 4985 3341 5052 ignis
3373 4983 3550 5051 potius

1967 5086 2274 5144 invidentia:
2318 5097 2424 5155 quo
2468 5082 2796 5138 cmi-inbitur
2844 5079 3142 5134 adversitas
3188 5075 3255 5130 de
3297 5073 3550 5129 ﬁrmitate

1966 5189 2274 5235 sanctorum
2300 5194 2316 5245 ;
2349 5178 2746 5232 ﬁrmamentum
2777 5172 2919 5228 enim
2951 5180 3056 5239 εει,
3105 5169 3244 5223 unde
3274 5167 3394 5237 quia
3424 5180 3550 5221 san-

1965 5275 2066 5330 ctis
2097 5271 2357 5328 stabilitas
2386 5269 2588 5333 veniat,
2639 5265 2832 5322 merito
2864 5259 3307 5335 persequentibus
3336 5269 3550 5329 quoque

1967 5365 2089 5420 inde
2122 5363 2263 5434 ignis
2293 5360 2488 5417 dicitur
2519 5359 2793 5414 advenire.
2829 5353 2970 5410 ‘llinc
3000 5353 3244 5424 legimus,
3273 5347 3429 5406 Zelus
3455 5363 3549 5419 ap-

1967 5455 2251 5528 prehendit
2283 5453 2537 5524 populum
2568 5447 2913 5515 ineruditum,
2943 5455 2998 5503 et
3023 5459 3166 5501 nunc
3192 5441 3328 5515 ignis
3355 5442 3548 5498 advert-

1970 5550 2138 5606 saties
2179 5555 2478 5603 consumet.
2541 5543 2667 5599 llaec
2713 5541 3018 5612 persecutio
3059 5538 3374 5604 novissima,
3427 5549 3549 5607 qua:

1970 5643 2146 5698 futura
2177 5651 2257 5697 est
2287 5641 2353 5695 ab
2384 5637 2716 5695 Antichristo
2746 5637 2917 5692 tribus
2945 5635 3096 5689 annis
3134 5642 3190 5689 et
3218 5643 3314 5688 sex
3348 5630 3548 5687 mensi-

1967 5739 2083 5802 btts,
2117 5737 2241 5792 erit.
2274 5736 2425 5804 Quod
2458 5744 2666 5805 tempus
2701 5732 2944 5803 quamvis
2970 5732 3243 5801 exiguum,
3273 5736 3448 5784 utrum
3480 5723 3551 5781 ad

1965 5833 2112 5890 mille
2156 5846 2328 5888 annos
2358 5830 2639 5902 pertineat,
2681 5829 2876 5901 quibus
2917 5835 2973 5886 et
3013 5826 3282 5884 diabolum
3330 5826 3548 5895 ligatum

3585 5261 3608 5322 ζ

3585 5331 3598 5393 ἒ
