3968 6354
473 267 575 323 919

1578 267 1883 330 PRIMASII
1927 269 2384 329 ADRUMETANI
2422 269 2639 331 EPISC.

3701 269 3797 327 92!]

366 376 383 387 ³
471 381 623 449 dicit,
654 386 711 438 et
738 387 955 439 sanctos
983 395 1209 456 regnare
1236 394 1356 438 cum
1386 381 1624 451 Christo,
1672 396 1738 440 an
1765 384 1819 440 in
1849 384 2053 441 eisdem
2079 390 2133 452 Α
2161 394 2340 440 ventus
2370 402 2474 440 non
2504 392 2595 440 est.
2651 382 2787 440 Eum
2815 395 2876 439 se
2904 381 3106 440 vidisse
3158 383 3287 443 dicit
3322 384 3399 443 in
3457 381 3687 439 throno
3711 395 3792 438 se-

470 475 628 530 annis
655 474 757 532 hoc
780 490 1001 545 parvum
1029 476 1261 545 spatium
1283 476 1697 546 superaddatur,
1726 486 1886 547 alque
1905 486 2056 533 extra

471 568 562 636 sit,
596 568 794 625 merito
821 569 1112 638 ambigitur
1141 585 1154 621 :
1186 568 1311 638 quia
1340 568 1388 623 si
1418 568 1716 625 dixerimus
1741 568 1809 623 ad
1837 569 2056 626 eosdem

471 674 642 715 annos
674 660 962 730 pertinere,
997 674 1100 713 non
1129 666 1281 714 tanto
1311 667 1575 731 tempore,
1634 661 1727 717 sed
1762 660 2057 730 prolixiore

470 767 593 809 eum
621 751 836 809 Christo
862 768 1085 824 regnum
1116 761 1424 809 sanctorum
1471 755 1773 825 reperietur
1816 755 2053 823 extendi,

462 860 638 945 suam
668 843 910 900 diabolus
940 844 1167 914 alligari.
1230 844 1480 901 Profecto
1527 846 1669 901 enim
1719 848 1889 901 sancti
1934 862 2056 903 cum

472 935 574 994 suo
596 951 724 1007 rege
749 935 911 991 etiam
940 936 994 991 in
1018 937 1134 1006 ipsa
1159 938 1427 1008 praecipue
1458 939 1835 1007 persecutione
1865 954 2058 1008 regna-

470 1032 608 1088 bunt
634 1030 775 1085 mala
807 1038 955 1085 tanta
976 1030 1276 1099 vincentes,
1302 1031 1521 1101 quando
1541 1032 1652 1101 jam
1683 1032 1931 1088 diabolus
1948 1048 2055 1089 non

472 1124 574 1179 erit
597 1123 863 1193 alligatus,
899 1133 957 1178 ut
977 1139 1069 1179 eos
1091 1126 1340 1195 persequi
1364 1125 1614 1180 omnibus
1639 1125 1844 1181 viribus
1865 1128 2052 1196 possit.

470 1217 751 1284 Quomodo
792 1233 921 1289 ergo
966 1219 1068 1273 ista
1119 1220 1385 1289 scriptura
1434 1219 1642 1275 eisdem
1694 1221 1840 1275 mille
1896 1220 2053 1275 annis

470 1317 757 1380 utrumque
797 1311 1145 1375 determinat,
1195 1311 1398 1366 diaboli
1441 1312 1645 1367 scilicet
1692 1311 2055 1383 alligationem

470 1417 802 1472 regnumque
842 1412 1173 1471 sanctorum,
1228 1418 1351 1459 cum
1384 1404 1543 1457 trium
1575 1418 1838 1458 annorum
1869 1414 1924 1459 et
1959 1418 2055 1459 sex

472 1494 737 1550 mensium
762 1496 1047 1551 intervallo
1072 1496 1219 1564 prius
1240 1495 1551 1566 designatur
1572 1497 1812 1567 alligatio
1834 1496 2053 1562 diaboli,

472 1602 632 1658 quam
655 1604 881 1656 regnum
905 1597 1211 1645 sanctorum
1241 1590 1378 1644 ﬁniri
1406 1591 1459 1645 in
1482 1590 1567 1646 his
1589 1592 1742 1645 annis
1764 1591 1911 1647 mille
1931 1606 2055 1646 cum

471 1680 736 1736 Christo?
784 1682 843 1737 Si
871 1692 1050 1737 autem
1082 1682 1376 1737 dixerimus
1416 1699 1636 1751 parvum
1667 1683 2056 1754 persecutionis

2168 477 2411 544 dentem,
2464 477 2617 547 cujus
2646 491 2677 532 a
2702 476 2839 532 facie
2863 475 2995 546 fugit
3020 476 3220 533 ctelum
3252 487 3307 535 et
3332 488 3545 536 terra.
3608 476 3790 533 Postea

2169 572 2369 641 quippe
2396 578 2617 640 peracto
2638 568 2841 640 judicio
2862 583 2981 625 esse
3001 570 3253 627 desinunt
3269 571 3511 629 caelum
3538 577 3605 623 et
3635 576 3787 635 terra,

2166 676 2286 717 cum
2317 661 2539 731 incipiet
2576 676 2696 718 esse
2725 660 2921 717 coelum
2954 675 3147 717 novum
3178 670 3233 718 et
3257 672 3430 719 terra
3465 674 3651 727 nova,
3682 676 3781 717 nuc

2164 755 2367 810 talione
2393 755 2599 810 scilicet
2628 769 2808 810 rerum
2837 769 2947 810 non
2974 755 3282 811 omnimodo
3311 754 3782 822 interituramm,

2165 849 2411 905 transibit
2438 849 2526 904 hic
2544 848 2797 915 mundus,
2829 849 2971 903 unde
3000 856 3055 905 et
3075 848 3375 919 Apostolus
3402 846 3565 902 dicit
3594 845 3649 917 (1
3676 843 3779 902 Cor.

2161 941 2331 1013 vn):
2384 941 2629 998 Praeterit
2676 943 2820 997 enim
2866 941 3035 1014 figura
3082 943 3243 1011 hujus
3290 940 3540 997 saeculi.
3601 938 3778 1011 Figura

2162 1049 2291 1105 ergo
2316 1035 2577 1105 praeterit,
2607 1050 2715 1090 non
2748 1043 2959 1091 natura.
3008 1035 3075 1089 Et
3101 1035 3227 1103 vidi,
3278 1032 3508 1104 inquit,
3564 1040 3776 1089 mortua

2163 1142 2375 1198 magnos
2404 1134 2449 1181 et
2476 1126 2718 1199 pusillos,
2760 1135 2811 1181 et
2853 1126 3018 1198 aperti
3042 1134 3161 1180 sunt
3202 1125 3344 1191 libri,
3396 1132 3461 1178 et
3490 1124 3646 1177 alius
3672 1124 3776 1177 liber

2160 1225 2365 1286 apertus
2406 1225 2497 1284 est,
2547 1217 2635 1287 qui
2679 1225 2754 1272 est
2797 1217 2913 1271 vim:
2943 1215 3391 1288 uniuscujusque,
3453 1223 3514 1269 et
3558 1215 3773 1286 judicati

2160 1317 2276 1363 sunt
2323 1309 2512 1363 mortui
2558 1325 2620 1363 ea:
2658 1309 2789 1378 ipsis
2840 1309 3119 1378 scripturis
3149 1309 3430 1365 librorum
3491 1308 3766 1363 secundum

2160 1401 2297 1455 facta
2326 1416 2443 1457 sua.
2498 1400 2690 1457 Libros
2714 1402 2851 1456 dixit
2874 1416 2995 1458 esse
3037 1412 3251 1473 apertos
3279 1411 3337 1458 et
3385 1401 3643 1467 librum,
3691 1402 3765 1456 sed

2159 1493 2355 1548 librum
2382 1494 2682 1564 cujusmodi
2718 1510 2823 1549 non
2854 1495 3034 1550 tacuit.
3065 1494 3143 1549 Illi
3169 1496 3354 1565 itaque
3383 1494 3761 1564 intelliguntur

2158 1583 2292 1640 Novi
2323 1594 2377 1639 et
2398 1583 2607 1640 Veteris
2636 1584 2988 1651 Testamenti,
3020 1593 3076 1639 ut
3101 1600 3220 1640 cum
3252 1586 3304 1640 in
3333 1587 3432 1641 eis
3466 1586 3760 1640 ostenditur

2159 1676 2299 1746 quod
2332 1676 2472 1730 Deus
2525 1676 2638 1731 ﬁeri
2680 1678 3041 1746 praecepisset,
3100 1677 3153 1732 in
3196 1678 3290 1732 illo
3339 1678 3605 1733 clareret
3650 1679 3756 1748 quid

434 1760 447 1844 ι
475 1772 633 1843 hujus
661 1773 762 1829 hoc
790 1776 1019 1844 spatium
1049 1790 1153 1829 non
1184 1775 1602 1844 computandum
1630 1775 1682 1830 in
1711 1776 1858 1831 mille
1878 1776 2053 1844 annis,
2087 1780 2135 1842 Β
2161 1768 2350 1824 horum
2379 1769 2603 1838 quisque
2632 1768 2845 1824 fecisset
2872 1768 2985 1824 sive
3027 1785 3134 1824 non
3175 1770 3429 1825 fecisset.
3484 1768 3601 1836 Qui
3643 1770 3756 1825 liber

471 1866 571 1921 sed
597 1868 675 1922 eis
701 1867 932 1937 impletis
956 1868 1131 1937 potius
1153 1866 1537 1937 adjiciendum,
1570 1876 1629 1921 ut
1652 1867 1867 1937 proprie
1891 1870 2058 1937 possit

471 1960 720 2030 intelligi.
779 1960 933 2027 Quod
983 1976 1105 2016 cum
1162 1962 1433 2029 dixisset,
1485 1961 1805 2019 Sacerdotes
1858 1963 1954 2018 Dei
2004 1971 2059 2019 et

470 2051 668 2107 Christi
694 2059 749 2107 et
774 2053 1073 2121 regnabunt
1104 2069 1225 2109 cum
1251 2067 1318 2109 eo
1349 2054 1497 2110 mille
1528 2055 1700 2119 annis,
1732 2054 1965 2121 adjecit:
1991 2054 2059 2110 Et

472 2157 594 2198 cum
654 2143 789 2200 ﬁniti
829 2145 1028 2201 fuerint
1072 2147 1220 2202 mille
1251 2147 1400 2216 anni,
1450 2148 1689 2203 solvetur
1715 2147 1943 2205 Satanas
1991 2148 2059 2205 de

469 2234 709 2291 custodia
738 2250 858 2291 sua.
893 2237 999 2292 isto
1028 2238 1173 2293 enim
1204 2238 1366 2294 modo
1408 2247 1462 2294 et
1492 2254 1718 2311 regnum
1745 2250 2057 2296 sanctorum

469 2336 527 2383 et
547 2328 821 2384 vinculum
845 2328 1042 2385 diaboli
1071 2330 1230 2386 simul
1258 2340 1593 2387 cessaturum
1622 2347 1742 2388 esse
1769 2333 2054 2403 signiﬁcat.

469 2418 626 2475 Unde
655 2419 700 2474 si
727 2420 1118 2489 persecutionis
1160 2422 1307 2477 illius
1338 2431 1571 2493 tempus,
1623 2438 1723 2479 nec
1751 2424 1819 2479 ad
1845 2436 2057 2481 sancto-

469 2524 591 2565 rum
637 2525 888 2580 regnum,
938 2525 1039 2566 nec
1086 2512 1152 2566 ad
1205 2514 1502 2569 custodiam
1548 2514 1784 2584 Satanae,
1831 2531 2056 2586 quorum

470 2610 761 2675 utrumque
807 2606 859 2658 in
891 2604 1037 2661 mille
1063 2606 1217 2661 anuis
1260 2618 1366 2675 est,
1414 2608 1703 2677 pertinere,
1738 2609 1831 2664 sed
1863 2624 2054 2680 super-

472 2695 717 2752 additum
744 2704 799 2752 et
823 2706 975 2751 extra
1004 2698 1420 2768 computandum
1450 2714 1570 2756 esse
1599 2700 1872 2769 credatur,
1904 2702 2055 2773 cogi-

470 2805 595 2845 mur
642 2788 801 2844 fateri
831 2797 1045 2845 sanctos
1092 2791 1144 2846 in
1173 2790 1267 2846 illa
1315 2794 1691 2861 persecutione
1740 2802 2058 2864 regnaturos

470 2896 582 2937 non
610 2896 733 2937 esse
759 2896 881 2937 cum
915 2882 1162 2949 Christo;
1210 2884 1303 2940 sed
1327 2886 1447 2954 quis
1474 2885 1672 2941 audeat
1713 2886 1893 2942 dicere
1933 2895 2060 2943 tunc

473 2988 597 3029 cum
625 2973 716 3028 illo
746 2988 851 3027 non
884 2982 1171 3043 regnatura
1201 2989 1297 3029 sua
1323 2976 1586 3042 membra,
1615 2976 1828 3046 quando
1857 2977 1908 3031 ei
1939 2993 2057 3034 ma-

476 3053 623 3119 xime
650 3072 811 3135 atque
841 3064 1133 3122 fortissime
1173 3066 1543 3134 cohaerebunt,
1600 3077 1654 3124 et
1681 3084 1787 3139 quo
1816 3077 2059 3140 tempore

2160 1875 2266 1915 non
2298 1860 2586 1915 carnaliter
2616 1860 2933 1930 cogitandus
2958 1870 3062 1927 est,
3123 1875 3226 1917 nec
3256 1871 3539 1931 tanquam
3572 1863 3750 1931 scripto

2160 1962 2409 2009 exaratus
2438 1954 2574 2008 vitas
2618 1953 2900 2009 continere
2954 1954 3218 2022 putandus
3276 1962 3364 2009 est
3420 1953 3747 2023 singulorum

2155 2043 2360 2115 judicio
2387 2044 2765 2101 recensendas.
2828 2044 3085 2113 Quaedam
3115 2044 3259 2100 enim
3299 2043 3393 2099 vis
3424 2055 3518 2100 est
3568 2044 3743 2099 intelli-

2158 2137 2333 2208 genda
2362 2137 2561 2207 divina,
2616 2153 2720 2208 qua
2749 2138 2839 2194 ﬁet
2871 2149 2926 2193 ut
2966 2139 3261 2208 cuicunque
3291 2152 3475 2207 opera
3511 2152 3630 2201 sua,
3675 2137 3743 2192 vel

2160 2234 2322 2301 bona,
2372 2234 2456 2289 vel
2486 2234 2621 2288 mala
2652 2243 2843 2288 cuncta
2870 2233 2925 2288 in
2953 2233 3268 2288 memoriam
3296 2240 3647 2297 revocentur,
3690 2239 3735 2285 et

2161 2326 2354 2383 mentis
2385 2326 2578 2381 intuitu
2619 2326 2754 2380 mira
2783 2325 3067 2403 celeritate
3092 2333 3413 2389 cernantur,
3450 2333 3518 2379 ut
3546 2334 3724 2378 accuset

2160 2419 2245 2474 vel
2270 2427 2489 2474 excuset
2517 2418 2739 2474 scientia
2766 2418 3175 2485 conscientiam,
3208 2426 3374 2489 atque
3408 2418 3488 2473 ita
3517 2416 3717 2471 simulet

2160 2524 2350 2566 omnes
2389 2520 2443 2566 et
2477 2510 2673 2580 singuli
2719 2509 3048 2581 iudicentur,
3104 2525 3221 2581 quae
3260 2509 3529 2565 nimirum
3568 2508 3724 2563 divina

2161 2604 2242 2658 vis
2264 2602 2386 2658 libri
2425 2618 2622 2658 nomen
2651 2602 2877 2671 accepit.
2932 2600 2989 2656 In
3031 2615 3093 2656 ea
3125 2601 3323 2670 quippe
3352 2596 3728 2670 quodammodo

2160 2695 2375 2765 legitur,
2426 2694 2682 2765 quidquid
2727 2709 2792 2750 eo
2844 2693 3077 2749 faciente
3128 2692 3405 2748 recolitur.
3464 2690 3528 2747 Ut
3569 2698 3726 2743 autem

2162 2788 2474 2844 ostenderet
2500 2787 2590 2857 qui
2616 2786 2809 2842 mortui
2833 2785 3060 2856 judicati
3089 2794 3217 2841 sunt
3243 2783 3423 2855 pusilli
3451 2792 3503 2837 et
3539 2780 3721 2852 magni,

2159 2879 2560 2949 recapitulando
2577 2880 2727 2947 dicit,
2756 2888 3007 2948 tanquam
3030 2877 3243 2934 rediens
3263 2892 3363 2945 quo
3384 2876 3709 2946 pmterierat,

2162 2972 2342 3044 potius
2367 2971 2668 3027 distulerat.
2704 2969 2774 3025 Et
2801 2970 3043 3027 exhibuit
3069 2979 3299 3024 mortuos
3326 2984 3455 3021 mare
3475 2968 3557 3035 qui
3583 2967 3634 3018 in
3657 2979 3712 3017 eo

2164 3073 2329 3130 erant,
2362 3071 2409 3118 et
2450 3079 2585 3117 mors
2616 3072 2665 3118 et
2706 3063 2941 3133 infernus
2973 3061 3325 3117 reddiderunt
3353 3070 3571 3113 mortuos
3597 3070 3718 3126 quos

471 3163 673 3224 quanto
706 3156 810 3211 erit
838 3156 1017 3212 acrior
1045 3158 1276 3228 impetus
1307 3158 1452 3226 belli,
1511 3168 1662 3215 tanto
1690 3160 1864 3231 major
1894 3161 2058 3232 gloria
2084 3158 2133 3223 ο
2164 3160 2219 3215 in
2257 3174 2318 3216 se
2350 3158 2634 3215 habebant.
2686 3157 2801 3213 Hoc
2830 3158 3013 3226 procul
3046 3155 3207 3211 dubio
3238 3155 3386 3224 prius
3416 3152 3608 3207 factum
3634 3157 3720 3213 est,

474 3261 582 3303 non
605 3248 851 3315 cedendi,
881 3258 1027 3305 tanto
1048 3249 1267 3306 densior
1278 3265 1475 3307 corona
1498 3255 1743 3324 martyrii
1766 3254 2062 3322 lQuocirca

475 3355 598 3396 cum
625 3339 844 3398 Christo
872 3344 1211 3413 regnantium
1234 3353 1546 3402 sanctorum
1573 3347 1755 3417 plures
1784 3349 1909 3403 anni
1942 3347 2065 3404 fue-

477 3441 605 3489 runt
627 3449 784 3504 quam
830 3436 1029 3492 vinculi
1061 3436 1264 3493 diaboli
1291 3446 1452 3509 atque
1495 3439 1773 3509 custodiae,
1831 3440 1954 3511 quia
1986 3440 2065 3497 illi

473 3541 598 3583 cum
645 3543 771 3599 rege
822 3542 920 3584 suo
950 3529 1045 3585 Dei
1074 3528 1236 3597 Filio,
1289 3530 1399 3601 jam
1445 3531 1663 3587 diabolo
1716 3547 1824 3587 non
1874 3532 2062 3605 ligato,

475 3619 636 3673 etiam
687 3635 782 3689 per
831 3630 940 3677 tres
970 3622 1092 3677 illos
1120 3638 1291 3678 annos
1321 3640 1384 3679 ac
1409 3626 1692 3681 semissem
1737 3627 2061 3696 regnabunt.

478 3710 743 3765 Remanet
768 3711 929 3781 igitur
957 3721 1015 3767 ut
1040 3727 1164 3768 cum
1193 3715 1494 3785 audiamus,
1547 3716 1857 3774 sacerdotes
1887 3718 1984 3773 Dei
2013 3728 2067 3776 et

477 3802 683 3858 Christi
712 3804 1011 3873 regnabunt
1038 3820 1158 3860 cum
1184 3821 1249 3861 eo
1278 3807 1424 3861 mille
1468 3808 1644 3874 annis,
1699 3818 1753 3865 et
1780 3824 1900 3865 cum
1932 3811 2066 3867 finiti

481 3893 631 3947 mille
672 3895 796 3948 anni
838 3895 1081 3949 solvetur
1130 3895 1356 3951 Satanas
1409 3897 1475 3952 de
1514 3899 1755 3955 custodia
1806 3915 1924 3970 sua,
1976 3911 2068 3957 aut

479 3999 591 4039 non
620 3985 769 4055 regni
803 3984 962 4055 hujus
990 3995 1297 4042 sanctorum
1327 3988 1691 4059 intelligamus
1718 4006 1887 4047 annos
1918 3993 2065 4049 mille

483 4076 646 4142 ﬁniri,
692 4077 788 4134 sed
822 4078 1018 4134 vinculi
1050 4078 1246 4135 diaboli
1284 4089 1444 4151 atque
1473 4084 1750 4150 custodia,
1801 4094 1858 4139 ut
1896 4098 2066 4141 annos

481 4171 649 4237 mille,
695 4171 747 4226 id
770 4179 852 4227 est
882 4186 1053 4228 annos
1083 4187 1271 4228 omnes
1297 4187 1426 4228 suos
1455 4189 1681 4245 quaeque
1720 4190 1847 4245 pars
1872 4175 2067 4231 habeat

482 4265 710 4321 diversis
737 4279 800 4319 ac
829 4266 1064 4336 propriis
1094 4265 1488 4335 prolixitatibus
1522 4266 1807 4332 finiendos,
1836 4267 2066 4337 amplio-

482 4371 570 4412 res
596 4365 906 4412 sanctorum
936 4371 1125 4427 regno,
1166 4356 1445 4413 breviores
1474 4357 1673 4412 diaboli
1701 4359 1943 4419 vinculo;
1977 4366 2069 4415 aut

484 4457 633 4502 certe
658 4448 779 4518 quia
810 4447 1191 4503 brevissimum
1220 4457 1433 4519 tempus
1463 4448 1679 4505 triennii
1707 4458 1761 4505 et
1790 4466 1883 4506 sex
1915 4465 2069 4505 men-

2169 3266 2328 3321 quam
2352 3258 2536 3305 essent
2564 3246 2764 3303 mortui
2785 3247 3032 3316 judicati.
3064 3245 3189 3301 ideo
3210 3243 3580 3312 recapitulavit
3602 3236 3721 3311 quod

2169 3342 2554 3409 intermiserat,
2587 3355 2727 3396 nunc
2756 3349 2937 3394 autem
2967 3337 3213 3392 ordinem
3243 3345 3461 3400 tenens,
3490 3333 3611 3388 dicit
3637 3349 3649 3383 :
3686 3338 3722 3382 et

2164 3436 2388 3507 judicati
2418 3442 2542 3489 sunt
2558 3432 2755 3503 singuli
2780 3430 3060 3486 secundum
3080 3429 3218 3485 facta
3238 3444 3356 3484 sua.
3383 3426 3500 3484 Sed
3519 3426 3603 3497 qui
3620 3430 3719 3479 sunt

2169 3528 2367 3586 mortui
2400 3542 2535 3599 quos
2565 3525 2810 3582 exhibuit
2847 3538 3019 3589 mare,
3068 3522 3171 3578 nisi
3201 3522 3277 3577 illi
3310 3536 3453 3592 quos
3482 3521 3539 3576 in
3560 3515 3719 3574 seculo

2169 3620 2377 3691 positos
2397 3618 2665 3675 secundus
2692 3615 2889 3673 Christi
2917 3615 3117 3672 invenit
3141 3613 3407 3669 adventus
3434 3612 3459 3668 2
3497 3621 3549 3667 et
3584 3610 3714 3663 bonos

2170 3714 2380 3771 scilicet
2405 3720 2460 3769 et
2490 3713 2658 3768 malos
2684 3719 3022 3767 mortuorum
3048 3708 3361 3779 signiﬁcans
3391 3708 3613 3771 nomine,
3637 3702 3707 3756 bo-

2170 3821 2292 3874 nos,
2323 3805 2520 3877 quibus
2547 3804 2742 3860 dicitur
2773 3801 2994 3871 (Coloss.
3020 3801 3102 3872 ιιι)
3136 3817 3151 3855 :
3184 3798 3382 3855 Mortui
3431 3799 3565 3855 enim
3587 3792 3703 3857 estis.

2169 3907 2224 3954 et
2268 3898 2375 3954 vita
2409 3907 2587 3953 vestra
2633 3896 2948 3953 abscondita
3002 3904 3084 3951 est
3112 3910 3230 3949 cum
3260 3892 3491 3949 Christo
3530 3889 3713 3950 iubeo;

2169 3990 2343 4046 malos
2372 4004 2523 4055 vero,
2549 3989 2618 4046 de
2644 3990 2836 4061 quibus
2862 3989 3057 4046 dicitur
3083 3988 3299 4061 (Matth.
3329 4001 3455 4054 vm,
3488 3985 3607 4040 Luc.
3632 3982 3715 4047 u):

2171 4085 2301 4140 Sine
2322 4094 2566 4141 mortuos
2594 4085 2856 4156 sepeliant
2884 4092 3126 4140 mortuos
3155 4097 3302 4139 suos.
3344 4081 3585 4137 Possunt
3605 4089 3717 4133 mor-

2170 4177 2245 4230 tui
2275 4176 2433 4230 etiam
2461 4186 2679 4245 propter
2702 4175 2804 4230 hoc
2832 4176 2957 4239 dici,
2988 4176 3131 4246 quod
3156 4173 3400 4229 mortalia
3425 4178 3723 4243 geruntcor-

2172 4281 2301 4338 pora
2326 4284 2341 4333 ;
2372 4265 2513 4322 unde
2544 4267 2831 4338 Apostolus
2859 4267 3038 4337 (Rom.
3063 4267 3177 4337 VIII)
3208 4285 3220 4320 :
3279 4264 3495 4335 Corpus
3520 4260 3720 4335 quidem,

2172 4359 2367 4431 inquit,
2398 4369 2667 4415 mortuum
2697 4368 2780 4415 est
2805 4368 3026 4431 propter
3052 4369 3355 4430 peccatum,
3400 4359 3620 4427 spiritus
3644 4368 3724 4407 au-

2173 4462 2279 4508 tem
2310 4453 2439 4508 vivit
2467 4462 2685 4522 propter
2707 4453 2994 4524 justitiam,
3028 4462 3310 4524 utrumque
3340 4452 3393 4507 in
3430 4452 3644 4506 homine
3665 4444 3724 4498 ri-

485 4541 621 4595 sium
667 4541 966 4609 computari
1005 4542 1196 4611 noluit,
1241 4543 1357 4599 sive
1404 4543 1545 4613 quod
1590 4543 1817 4612 amplius
1857 4543 2069 4599 videtur
2096 4545 2149 4606 D
2173 4554 2334 4601 vente
2358 4546 2412 4599 in
2435 4544 2537 4599 hoc
2562 4559 2791 4614 corpore
2818 4560 2939 4602 esse
2961 4545 3355 4601 demonstrans.
3387 4541 3542 4597 Mare
3566 4542 3727 4607 itaque.

483 4647 708 4701 regnum
739 4631 939 4687 habere
968 4644 1298 4700 sanctorum,
1326 4635 1467 4691 sicut
1494 4635 1615 4690 talia
1645 4637 1697 4689 in
1726 4636 1894 4691 sacris
1922 4650 2067 4705 saepe

484 4723 676 4779 litteris
707 4723 1032 4780 invenimus.
1063 4723 1192 4780 Post
1220 4726 1356 4781 hanc
1384 4735 1560 4780 autem
1597 4728 2067 4783 commemoratio-

485 4830 613 4871 nem
656 4816 960 4871 novissimae
1001 4815 1393 4887 persecutionis
1435 4816 1670 4872 breviter
1696 4818 2070 4886 complectitur

486 4918 680 4976 totum,
737 4909 881 4980 quod
926 4908 1117 4965 ultimo
1158 4906 1363 4979 judicio
1411 4909 1655 4965 diabolus
1700 4920 1755 4967 et
1809 4926 1929 4966 cum
1971 4927 2070 4969 suo

485 5002 729 5074 principe
753 5001 943 5057 civitas
972 5001 1184 5056 inimica
1212 5016 1434 5071 passura
1473 5009 1579 5058 est.
1610 5002 1749 5059 Dicit
1778 5004 1921 5060 enim
1951 5021 1965 5059 :
1995 5003 2072 5060 Et

484 5095 722 5149 diabolus
743 5096 830 5165 qui
853 5094 1123 5149 seducebat
1143 5110 1253 5162 eos,
1282 5094 1469 5150 missus
1490 5108 1563 5152 est
1590 5098 1643 5152 in
1670 5108 1907 5171 stagnum
1935 5101 2068 5171 ignis

487 5196 535 5241 et
566 5186 855 5255 sulphuris,
900 5201 1008 5255 quo
1035 5196 1083 5240 et
1114 5186 1273 5240 bestia
1300 5195 1348 5240 et
1393 5189 1840 5261 pseudopmpheta
1872 5192 2070 5247 crucia-

493 5281 685 5334 buntur
712 5281 794 5335 die
818 5288 867 5336 et
898 5280 1123 5335 noctein
1152 5280 1345 5335 swcula
1373 5281 1695 5337 surculorum.
1733 5284 1907 5340 Bestia
1935 5285 2071 5342 bene

485 5372 799 5444 intelligitur
829 5373 943 5443 ipsa
996 5372 1157 5442 impia
1184 5372 1394 5439 civitas,
1437 5375 1899 5445 pseudopwpbeta
1940 5393 2071 5433 vero

487 5467 604 5535 ejus
630 5475 722 5521 aut
752 5466 1113 5522 Antichristus
1140 5474 1243 5532 est,
1273 5475 1366 5522 aut
1394 5465 1567 5535 imago
1597 5466 1708 5533 illa,
1749 5466 1801 5522 id
1850 5479 1932 5524 est
1973 5469 2070 5540 ﬁg-

489 5565 730 5612 mentum
753 5558 822 5613 de
846 5573 950 5627 quo
972 5556 1059 5612 hic
1090 5557 1298 5612 locutus
1326 5567 1439 5612 est:
1467 5556 1535 5611 Et
1559 5557 1684 5625 vidi,
1715 5559 1903 5629 inquit,
1934 5561 2075 5615 thro-

488 5664 613 5703 num
657 5663 895 5717 magnum
940 5657 989 5703 et
1018 5646 1319 5706 candidum.
1372 5657 1420 5701 et
1451 5648 1706 5704 sedentem
1742 5666 1897 5719 super
1936 5667 2071 5719 eum,

492 5760 523 5797 a
553 5741 701 5810 cujus
732 5742 864 5797 facie
895 5742 1027 5813 fugit
1054 5741 1236 5797 mlum
1261 5751 1307 5796 et
1340 5750 1498 5811 terra,
1538 5752 1585 5797 et
1617 5742 1759 5799 locus
1780 5758 1963 5801 eorum
1994 5746 2074 5799 in-

2172 4640 2269 4705 ait,
2324 4636 2613 4693 exhibuit:
2664 4639 2785 4709 quia
2812 4639 2950 4694 sicut
2998 4638 3202 4693 inventi
3248 4644 3392 4702 sunt,
3450 4634 3725 4689 adfuerunt-

2174 4729 2319 4787 Mors
2347 4746 2476 4786 vero
2504 4739 2557 4787 et
2582 4730 2823 4787 infernus
2854 4730 3224 4794 reddiderunt,
3257 4726 3513 4798 quoniam
3546 4726 3660 4780 vitae
3679 4718 3727 4773 de

2174 4836 2276 4892 qua
2303 4822 2409 4891 jam
2433 4824 2699 4887 exierunt,
2732 4827 3141 4876 revocaverunt.
3173 4819 3281 4874 Nec
3308 4820 3511 4873 frustra
3536 4816 3726 4870 fortasse

2175 4927 2283 4967 non
2312 4913 2442 4967 satis
2472 4912 2592 4980 fuit,
2636 4922 2694 4966 ut
2737 4912 2988 4966 diceret:
3044 4910 3186 4965 Mors
3215 4916 3306 4962 aut
3350 4908 3617 4971 infernus,
3660 4896 3728 4954 sui

2176 5018 2461 5078 utrumque
2487 5008 2685 5063 dictum
2711 5015 2813 5075 est,
2861 5020 3009 5061 mors
3037 5013 3256 5074 propter
3282 5006 3474 5068 bonos,
3521 4999 3617 5071 qui
3641 5006 3725 5049 tan-

2176 5100 2454 5156 tummodo
2501 5108 2725 5155 mortcm
2756 5096 2965 5168 perpeti
2997 5104 3307 5167 potuerunt,
3356 5108 3467 5148 non
3513 5102 3575 5151 et
3602 5089 3722 5148 inier-

2173 5208 2331 5258 num;
2388 5191 2628 5247 infernus
2656 5198 2855 5257 autem,
2912 5198 3132 5259 propter
3158 5186 3329 5242 malos
3358 5186 3452 5256 qui
3479 5195 3533 5242 et
3578 5192 3731 5256 prunas

2176 5282 2315 5350 apud
2349 5282 2548 5339 inferos
2579 5282 2834 5353 pendunt.
2890 5280 2945 5337 Si
2988 5280 3131 5336 enim
3184 5294 3287 5333 non
3332 5276 3574 5333 absurde
3617 5269 3732 5330 credi

2179 5376 2415 5442 videtur,
2471 5374 2716 5445 antiquos
2744 5374 2907 5429 etiam
2936 5380 3150 5428 sanctos
3198 5372 3287 5440 qui
3315 5369 3533 5426 venturi
3563 5362 3730 5424 Christi

2180 5478 2468 5526 tenuerunt
2496 5469 2675 5533 ﬁdem,
2729 5468 2858 5523 locis
2882 5483 3041 5538 quam
3071 5483 3100 5521 a
3148 5465 3432 5521 tormentis
3478 5464 3731 5533 impiorum

2180 5563 2555 5619 remotissimis
2592 5572 2648 5617 et
2671 5561 2811 5631 apud
2843 5560 3047 5615 inferos
3077 5557 3262 5626 fuisse,
3313 5558 3488 5613 donec
3515 5570 3612 5611 eos
3638 5549 3732 5607 inde

2182 5655 2380 5710 Christi
2411 5654 2629 5723 sanguis
2655 5664 2708 5708 et
2737 5652 2801 5706 ad
2829 5668 2888 5706 ea
2916 5652 3032 5706 loca
3054 5651 3347 5705 descensus
3375 5656 3611 5713 erueret,
3640 5655 3732 5716 pro-

2186 5745 2327 5800 fecto
2356 5745 2613 5814 deinceps
2638 5742 2763 5799 boni
2788 5742 2994 5810 ﬁdeles,
3025 5740 3196 5798 eﬁ‘uso
3224 5742 3317 5797 illo
3347 5740 3520 5813 pretio
3542 5740 3647 5810 jam
3669 5747 3733 5790 ro-
