3968 6354
190 361 291 419 92]

1197 348 1643 415 COMMENTAR.
1685 352 1753 410 IN
1792 350 2172 413 APOCALYP.
2214 355 2344 414 LIB.
2387 357 2452 416 ν.

3377 368 3482 425 922

188 475 417 548 dempti,
473 485 694 545 prorsus
709 517 718 519 ν.
743 470 946 529 inferos
999 468 1269 538 nesciunt,
1324 467 1497 524 donec
1545 467 1780 537 receptis
1808 467 1865 530 Α
1889 466 2048 539 hujus
2071 470 2253 527 saeculi
2281 478 2385 528 tem
2397 485 2498 542 pus
2529 475 2700 544 gratia
2727 472 2823 531 Dei
2853 473 3084 548 desuper
3106 477 3354 538 veniente
3381 498 3478 554 per

189 571 355 628 etiam
406 567 746 638 corporibus,
803 566 944 623 bona
996 562 1262 633 recipiant
1310 576 1432 632 quae
1482 568 1780 616 merentur.

191 665 328 722 Cum
357 673 536 720 autem
559 664 810 730 dixisset,
854 670 910 718 et
943 661 1170 732 judicati
1214 668 1338 714 sunt
1367 657 1560 727 singuli
1589 671 1784 712 secun-

189 759 320 814 dum
349 758 484 812 facta
514 771 632 824 sua,
662 756 900 812 breviter
929 754 1184 826 subjecit,
1219 751 1490 822 quomodo
1516 765 1531 803 :
1561 749 1705 804 Mors
1737 757 1785 803 et

189 852 446 921 infernus,
478 850 672 919 inquit,
699 849 843 904 missi
881 855 1000 903 sunt
1027 848 1086 901 in
1111 854 1349 916 stagnum
1379 844 1535 915 ignis.
1565 841 1661 897 His
1689 856 1788 897 no-

196 943 439 1001 minibus
489 941 754 1013 signiﬁcat
806 940 1105 1006 diabolum,
1161 937 1416 1009 quoniam
1465 934 1658 990 mortis
1705 941 1788 990 est

196 1047 386 1094 auctor
413 1037 853 1106 internarumque
901 1047 1208 1105 pmnarum,
1252 1029 1669 1098 universamque
1714 1028 1787 1082 si-

192 1131 308 1187 mul
338 1129 645 1186 daemonum
668 1129 1003 1184 societatem.
1034 1125 1151 1180 lloc
1172 1133 1257 1179 est
1285 1121 1429 1178 enim
1456 1121 1598 1190 quod
1623 1135 1787 1189 supra

194 1220 504 1278 evidentius
533 1217 959 1290 praeoccupando
983 1217 1093 1287 jam
1122 1215 1331 1271 dixerat
1365 1229 1378 1267 :
1425 1213 1491 1267 Et
1517 1211 1784 1274 diabolus,

192 1315 287 1386 qui
311 1314 601 1372 seducebat
621 1329 735 1381 eos,
760 1314 958 1368 missus
981 1318 1065 1367 est
1093 1311 1146 1364 in
1174 1317 1422 1378 stagnum
1447 1305 1583 1375 ignis
1603 1313 1658 1360 et
1679 1303 1790 1359 sul-

199 1406 416 1477 phuris.
463 1405 616 1473 Quod
644 1419 773 1461 vero
802 1404 876 1458 ibi
906 1402 1186 1458 obscurius
1215 1398 1552 1470 adiunxerat,
1604 1397 1790 1451 dicens

193 1500 336 1568 quod
389 1506 445 1553 et
487 1497 658 1553 bestia
698 1505 750 1551 et
803 1491 1308 1566 pseudOpropheta,
1369 1489 1455 1543 hic
1517 1488 1780 1557 apertius,

195 1588 267 1645 Et
295 1591 379 1660 qui
408 1606 511 1644 non
540 1597 687 1652 sunt,
720 1588 912 1657 inquit,
946 1584 1148 1641 inventi
1179 1585 1232 1637 in
1262 1582 1390 1637 libro
1419 1582 1532 1636 vitae
1573 1581 1789 1650 scripti,

196 1685 345 1739 missi
376 1692 500 1739 sunt
530 1685 583 1736 in
614 1692 852 1753 stagnum
878 1681 1033 1754 ignis.
1063 1678 1306 1735 Necdum
1337 1677 1474 1733 liber
1503 1679 1605 1732 iste
1629 1691 1791 1732 com-

199 1787 469 1835 memorat
499 1793 567 1835 ne
597 1779 869 1834 oblivione
893 1777 1127 1845 fallatur,
1148 1777 1241 1832 sed
1267 1776 1792 1845 prmdestinationem

1890 565 2161 623 lavacrum
2189 570 2610 640 regenerationis
2642 569 2698 626 in
2727 569 2930 640 Spiritu
2977 582 3164 629 sancto
3209 577 3379 632 misso
3411 577 3480 634 de

1887 659 2052 726 caelo,
2104 660 2331 717 subinde
2369 661 2515 718 cives
2541 660 2657 732 ejus
2687 675 3022 736 accrescunt,
3080 665 3174 722 sed
3205 681 3301 737 per
3338 667 3483 738 judi-

1889 751 2030 806 cium
2048 751 2162 820 Dei,
2179 754 2322 822 quod
2343 755 2445 810 erit
2467 755 2818 811 novissimum
2835 772 2930 827 per
2953 758 3067 828 ejus
3083 759 3275 816 Filium
3296 760 3482 818 Jesum

1889 843 2181 910 Christum,
2243 854 2388 900 tanta
2417 847 2535 917 ejus
2575 856 2630 903 et
2675 856 2784 903 tam
2833 863 2970 903 nova
3018 849 3085 906 de
3117 850 3210 906 Dei
3252 868 3476 911 munere

1891 936 2108 992 claritas
2136 938 2432 1007 apparebit,
2478 947 2537 993 ut
2576 939 2721 995 nulla
2767 950 3088 997 remaneant
3134 943 3357 1015 vestigia
3387 961 3481 1001 ve-

1892 1030 2131 1096 tustatis,
2182 1031 2616 1101 quandoquidem
2654 1041 2707 1087 et
2753 1048 2978 1103 corpora
3023 1034 3089 1089 ad
3130 1035 3485 1107 incorruptio-

1892 1134 2017 1176 nem
2048 1129 2206 1190 atque
2234 1122 2692 1179 immortalitatem
2722 1139 2857 1180 nova
2887 1140 2952 1180 ex
2985 1127 3155 1182 veteri
3182 1131 3483 1199 corruptio-

1896 1229 1966 1268 ne
2014 1228 2076 1269 ac
2105 1216 2433 1272 mortalitate
2465 1219 2787 1275 transibunt.
2847 1219 2979 1275 Hinc
3017 1221 3161 1276 enim
3199 1224 3482 1292 promittit,

1893 1307 2081 1362 dicens
2133 1325 2145 1361 :
2199 1307 2267 1362 Et
2312 1309 2582 1379 absterget
2626 1311 2765 1367 Deus
2810 1326 3024 1367 omnem
3079 1312 3369 1385 lacrymam
3418 1316 3486 1373 ab

1893 1397 2064 1453 oculis
2111 1411 2315 1463 eorum,
2368 1407 2424 1454 et
2447 1413 2594 1453 mors
2621 1398 2732 1469 jam
2762 1416 2867 1455 non
2894 1402 3020 1468 erit,
3068 1417 3241 1473 neque
3277 1405 3470 1471 luctus,

1900 1503 2076 1559 neque
2122 1489 2345 1557 clamor,
2375 1491 2468 1545 sed
2500 1506 2598 1547 nec
2627 1491 2780 1546 dolor
2810 1494 2946 1549 ullus
2974 1511 2987 1548 :
3021 1510 3141 1564 quae
3167 1497 3343 1551 omnia
3375 1513 3483 1554 non

1897 1579 2045 1646 huic,
2102 1581 2196 1635 sed
2225 1580 2418 1636 futurae
2450 1582 2572 1638 vitae
2600 1591 2807 1640 certum
2837 1593 2921 1640 est
2966 1589 3276 1643 convenire.
3332 1589 3485 1648 Nunc

1897 1675 2041 1730 enim
2064 1675 2117 1729 in
2141 1674 2240 1729 hac
2269 1675 2376 1729 vita
2399 1684 2599 1744 quanto
2626 1678 2743 1746 quis
2771 1678 2931 1733 luerit
2959 1681 3216 1745 sanctior,
3251 1683 3486 1736 sanctis-

1897 1783 2001 1838 qtte
2030 1766 2312 1822 desideriis
2364 1768 2591 1837 plenior,
2647 1778 2791 1825 tanto
2836 1780 2918 1826 est
2951 1772 3001 1825 in
3059 1775 3303 1827 oratione
3354 1773 3487 1829 ﬁetu

199 1875 470 1947 signiﬁcat
509 1890 696 1931 eorum
736 1875 928 1944 quibus
952 1874 1060 1929 vita
1090 1874 1306 1930 dabin".
1335 1883 1559 1930 πίει-ηε,
1606 1874 1791 1945 Neque
1821 1863 1871 1924 B
1896 1857 2158 1930 superior.
2191 1859 2324 1914 [line
2357 1859 2580 1929 legimus
2607 1860 2780 1928 (Psal.
2807 1864 2922 1932 xw)
2949 1881 2961 1916 :
2989 1863 3169 1919 Facta:
3197 1874 3324 1920 sunt
3354 1865 3488 1921 mihi

199 1966 339 2020 enim
369 1966 542 2021 neseit
570 1980 666 2022 eos
697 1964 840 2020 Deus
871 1973 926 2018 et
953 1964 1005 2019 in
1034 1966 1138 2020 hoc
1184 1964 1322 2020 libro
1359 1965 1488 2035 legit
1526 1973 1585 2020 ut
1632 1965 1786 2032 sciat,

197 2057 294 2112 sed
323 2057 524 2127 potius,
571 2057 684 2126 ipsa
724 2055 844 2126 ejus
869 2055 1228 2126 przescientia,
1273 2054 1341 2110 de
1385 2056 1489 2110 illis
1518 2071 1638 2125 quae
1679 2055 1789 2110 falli

201 2167 309 2207 non
333 2163 528 2223 potest,
577 2154 713 2210 liber
741 2162 827 2209 est
856 2153 977 2209 vitae
1001 2155 1052 2208 in
1082 2169 1189 2224 quo
1219 2162 1346 2210 sunt
1370 2154 1576 2224 scripti,
1625 2155 1678 2210 id
1707 2164 1790 2210 est

201 2254 326 2299 ante
346 2247 682 2315 praecogniti.
701 2245 878 2300 Finito
899 2254 1078 2300 autem
1102 2245 1324 2315 judicio,
1340 2261 1447 2315 quo
1466 2246 1792 2316 praenuntia-

199 2339 279 2392 vit
307 2338 628 2408 judicandos
659 2340 849 2404 malos,
883 2349 1124 2394 restatut
1146 2341 1309 2394 etiam
1340 2340 1406 2396 de
1439 2342 1596 2396 bonis
1625 2341 1787 2396 dicat.

269 2433 400 2486 CAP.
432 2449 542 2486 xxi.
585 2433 652 2486 Et
681 2434 804 2502 vidi,
840 2434 1034 2503 inquit,
1072 2434 1258 2488 caelum
1287 2450 1472 2488 novum
1503 2446 1551 2489 et
1606 2444 1792 2489 terram

199 2541 399 2579 novam.
453 2524 585 2580 Nam
619 2527 842 2595 primunt
869 2525 1050 2580 caelum
1077 2534 1124 2581 et
1163 2535 1303 2581 terra
1329 2536 1696 2597 recesserunt,
1745 2535 1792 2581 et

199 2635 340 2673 mare
378 2622 494 2692 jam
541 2635 644 2674 non
682 2630 778 2676 est.
828 2619 939 2675 lsto
968 2620 1060 2676 fiet
1106 2620 1294 2676 ordine
1347 2622 1490 2691 quod
1543 2623 1792 2691 superius

199 2712 626 2784 praeoccupando
666 2711 776 2781 jam
824 2711 965 2767 dixit
993 2712 1192 2767 vidisse
1240 2726 1301 2768 se
1328 2727 1491 2783 super
1539 2711 1793 2768 thronum

201 2802 500 2872 sedentem,
530 2803 684 2873 cujus
726 2819 759 2858 a
781 2802 916 2859 facie
951 2802 1086 2874 fugit
1115 2803 1313 2859 emtum
1340 2814 1395 2859 et
1427 2811 1593 2858 terra.
1643 2802 1795 2860 Judi-

198 2896 333 2950 catis
383 2895 636 2951 videlicet
678 2895 855 2965 impiis
901 2905 1060 2966 atque
1104 2896 1398 2962 damnatis,
1453 2904 1578 2950 tunc
1611 2895 1796 2966 ﬁgura

205 2987 366 3057 hujus
424 2987 611 3042 mundi
663 2987 1057 3043 mundanorum
1108 2987 1311 3058 ignium
1378 2987 1796 3059 conﬂagratione

202 3081 518 3153 praeteribit,
570 3081 709 3138 sicut
740 3082 935 3138 factum
987 3090 1071 3138 est
1102 3081 1497 3138 mundanarum
1528 3098 1792 3153 aquarum

201 3174 548 3230 inundatione
595 3173 878 3240 diluvium,
933 3183 992 3229 ut
1020 3175 1159 3231 ccelo
1209 3185 1263 3230 et
1307 3183 1448 3230 terra
1495 3174 1550 3229 in
1600 3175 1796 3232 melius

1895 1952 2148 2024 lacrymae
2193 1968 2330 2008 meae
2370 1968 2535 2023 panes
2574 1953 2660 2009 die
2689 1971 2752 2009 ac
2783 1964 2960 2020 nocte,
3018 1966 3072 2012 et
3103 1957 3276 2027 (Psal.
3309 1957 3486 2029 XLVI),

1895 2044 2108 2100 Lavabo
2158 2062 2252 2115 per
2301 2046 2540 2116 singulas
2573 2055 2760 2103 noctes
2802 2047 2999 2102 lectum
3049 2065 3249 2113 meum,
3298 2051 3490 2120 hisque

1894 2136 2112 2192 similia.
2167 2135 2234 2190 Et
2257 2138 2388 2190 dixit
2428 2138 2552 2191 ntihi
2579 2154 2598 2192 :
2641 2137 2771 2192 Haec
2798 2139 2948 2192 verba
2977 2139 3279 2207 ﬁdelissima
3300 2152 3414 2195 sunt
3441 2149 3491 2197 et

1891 2243 2032 2296 vera,
2062 2237 2108 2282 et
2137 2229 2266 2283 dixit
2298 2230 2425 2282 mihi
2455 2246 2473 2284 :
2528 2229 2751 2284 Factum
2781 2239 2874 2285 est.
2923 2230 3049 2286 [hec
3077 2231 3225 2287 credi
3252 2240 3487 2302 oportet,

1895 2336 2004 2374 non
2055 2321 2272 2388 exponi,
2330 2322 2630 2389 praesertim
2678 2323 2803 2391 quia
2851 2322 2931 2376 sic
2974 2323 3108 2378 dicit
3139 2323 3334 2378 factum
3365 2338 3489 2380 esse

1893 2413 1963 2468 de
1990 2413 2285 2482 praeterito,
2329 2421 2388 2468 ut
2414 2413 2664 2468 dubitare
2712 2429 3036 2486 quemquam
3081 2431 3187 2471 non
3233 2416 3376 2471 sinat
3421 2416 3491 2473 de

1893 2506 2094 2562 futuro.
2133 2506 2246 2577 Ego
2273 2523 2388 2560 sum
2413 2516 2453 2563 Δ
2477 2515 2528 2561 et
2555 2514 2622 2574 Ω,
2653 2507 2857 2576 primus
2886 2516 2938 2562 et
2967 2509 3293 2564 novissimus
3325 2508 3486 2580 (Sup.

1897 2599 1957 2669 ι).
2012 2598 2161 2655 Sicut
2191 2599 2245 2653 in
2276 2598 2428 2653 initio
2469 2598 2594 2655 libri
2625 2598 2726 2654 hoc
2752 2613 2873 2655 esse
2900 2608 3125 2656 testatus
3148 2609 3250 2666 est,
3305 2600 3360 2656 in
3389 2601 3493 2657 hoc

1897 2690 2060 2745 tertio
2088 2690 2326 2758 oportuit
2354 2690 2550 2759 repeti,
2583 2701 2640 2745 ut
2661 2705 2835 2760 neque
2857 2703 2982 2748 ante
3005 2707 3127 2748 eum
3159 2692 3322 2758 Deus,
3348 2692 3491 2748 sicut

1897 2780 2061 2835 Isaias
2090 2779 2219 2834 dicit
2241 2779 2373 2850 (Isa.
2404 2781 2541 2851 xm),
2567 2796 2742 2851 neque
2767 2791 2888 2852 post
2909 2798 3030 2838 eum
3061 2783 3198 2838 alius
3218 2783 3489 2839 credatur.

1897 2873 2013 2947 Ego
2052 2875 2240 2929 sitienti
2285 2873 2417 2928 dabo
2446 2874 2509 2928 de
2539 2878 2680 2944 fonte
2724 2891 2872 2946 aqua:
2895 2877 3019 2932 viva:
3054 2877 3237 2948 gratis.
3287 2875 3364 2932 De
3391 2876 3494 2932 hoc

1898 2968 2047 3024 fonte
2077 2967 2264 3038 irrigat
2291 2982 2396 3022 non
2426 2967 2713 3024 credentes
2744 2969 2798 3023 in
2833 2968 2942 3037 via,
2971 2983 3129 3039 quem
3158 2969 3493 3024 vincentibus

1896 3060 2132 3116 ubertim
2163 3059 2519 3114 hauriendum
2553 3061 2757 3129 praebet
2781 3061 2833 3116 in
2874 3061 3066 3130 patria.
3119 3059 3196 3116 Ne
3225 3059 3492 3130 peregrini

1906 3156 1961 3208 in
1994 3154 2096 3209 hac
2125 3167 2310 3208 eremo
2337 3152 2428 3207 siti
2460 3152 2727 3218 deﬁciant,
2777 3168 2897 3207 cum
2929 3153 3203 3222 pluuntur,
3248 3161 3310 3207 ut
3335 3152 3488 3208 cives

201 3269 547 3324 commutatis
600 3267 1002 3337 incorruptione
1031 3276 1086 3324 et
1133 3269 1534 3324 immortalitate
1581 3281 1795 3324 sancto-
1822 3243 1871 3308 θ
1905 3244 2052 3311 tacut
2085 3259 2152 3300 ex
2186 3252 2424 3298 ίοττθηίθ
2447 3243 2758 3337 ἀθηθίῗηυω
2801 3244 2897 3337 Dei
2937 3243 3158 3337 Ῑυείίθτ-
3188 3243 3485 3337 (ῗδτίίῗηίωξ

202 3380 326 3421 rum
354 3379 580 3435 corpora
621 3378 859 3435 congrua
888 3364 1168 3434 utriusque
1198 3365 1496 3420 mutatione
1539 3364 1796 3434 qualitate

203 3458 510 3526 conveniat,
541 3457 880 3529 mundusque
910 3459 962 3514 in
993 3459 1184 3514 melius
1223 3459 1530 3528 innovatus,
1562 3467 1686 3528 apte
1704 3472 1795 3514 ac-

203 3551 580 3607 commodetur
625 3551 931 3607 hominibus
974 3552 1138 3607 etiam
1165 3553 1217 3606 in
1267 3552 1460 3608 melius
1501 3551 1790 3608 innovatis.

204 3645 356 3713 Quod
381 3654 560 3701 autem
589 3645 662 3700 ait
695 3660 708 3700 :
758 3644 827 3700 Et
856 3660 1005 3701 mare
1039 3645 1150 3716 jam
1181 3660 1289 3702 non
1319 3655 1422 3715 est,
1473 3656 1651 3701 utrum
1681 3661 1794 3703 ma-

203 3739 349 3794 ximo
378 3739 473 3795 illo
501 3738 694 3795 ardore
721 3739 977 3808 siccetur,
1032 3753 1099 3795 an
1147 3748 1204 3795 et
1249 3740 1423 3810 ipsum
1454 3748 1696 3796 vertatur
1735 3739 1794 3796 in

203 3830 420 3897 melius,
472 3845 581 3885 non
613 3829 766 3886 facile
794 3830 1047 3886 dixerim.
1097 3829 1310 3886 Caelum
1341 3829 1538 3902 quippe
1588 3844 1793 3886 novum

204 3930 259 3978 et
289 3931 483 3978 terram
525 3936 722 3976 novam
777 3922 1010 3977 futuram
1067 3922 1292 3992 legimus
1345 3921 1480 3992 (lsa.
1531 3921 1642 3993 LV).
1718 3923 1793 3979 De

203 4015 339 4069 mari
380 4021 560 4068 autem
591 4027 731 4067 novo
760 4013 960 4080 aliquid
991 4029 1076 4068 me
1106 4015 1312 4082 uspiam
1344 4014 1540 4083 legisse
1571 4030 1677 4069 non
1707 4031 1791 4070 re-

206 4105 348 4160 colo.
377 4104 530 4171 Quod
560 4105 604 4158 si
634 4103 771 4158 forte
800 4112 857 4158 ut
881 4103 1083 4158 assolet
1102 4104 1415 4174 prophetica
1439 4105 1637 4159 locutio
1671 4121 1792 4175 pro-

206 4198 338 4268 priis
382 4195 559 4252 verbis
590 4197 844 4251 translata
887 4196 1139 4262 miscere,
1193 4209 1257 4251 ac
1304 4196 1349 4251 si
1395 4195 1792 4264 quodammodo

205 4291 386 4346 velare
415 4289 556 4359 quod
587 4288 801 4355 dicitur,
833 4289 902 4343 de
929 4288 1020 4343 illo
1049 4287 1182 4342 mari
1204 4288 1376 4358 potuit
1404 4286 1607 4354 dicere,
1641 4287 1795 4357 cujus

207 4383 464 4438 vocabulo
496 4382 595 4437 hoc
622 4381 876 4437 satculum
908 4381 1242 4452 signiﬁcasse
1271 4381 1638 4452 cognoscitur.
1673 4380 1794 4437 Jam

208 4477 349 4532 enim
381 4486 505 4530 tunc
530 4491 634 4530 non
663 4476 762 4531 erit
793 4477 890 4530 hoc
922 4475 1176 4531 saeculum
1206 4474 1315 4530 vita
1340 4474 1648 4530 mortalium
1682 4484 1796 4532 tur-

210 4569 488 4624 bulentum
518 4583 580 4623 ac
609 4570 991 4640 procellosum,
1032 4569 1170 4639 quod
1202 4569 1365 4623 maris
1406 4569 1626 4623 nomine
1656 4569 1791 4640 ligu-

1908 3338 2208 3408 Utrumque
2253 3345 2430 3391 autem
2487 3335 2675 3408 gratis,
2750 3336 2871 3405 quia
2917 3335 3089 3406 gratia
3133 3334 3247 3401 Dei,
3323 3334 3495 3404 inquit

1899 3429 2192 3501 Apostolus
2223 3427 2404 3501 (Rom.
2426 3429 2526 3500 vr),
2572 3430 2680 3484 vita
2726 3437 2949 3485 aeterna.
3017 3428 3270 3499 Sequitur
3311 3444 3324 3482 :
3380 3427 3485 3495 Qui

1897 3533 2095 3600 uicerit,
2151 3532 2429 3604 possidebit
2461 3533 2590 3600 haec,
2633 3540 2682 3587 et
2727 3549 2814 3588 ero
2860 3532 2912 3588 ei
2944 3533 3104 3598 Deus,
3154 3539 3206 3586 et
3245 3533 3363 3601 ipse
3396 3533 3494 3586 erit

1897 3627 2024 3681 mihi
2054 3627 2211 3694 ﬁlius.
2245 3626 2398 3680 lllam
2432 3626 2521 3680 hic
2547 3627 2948 3696 generationem
2981 3633 3264 3694 memorat,
3296 3625 3364 3680 de
3390 3639 3496 3696 qua

1909 3721 2202 3793 Apostolus
2230 3721 2360 3776 dicit
2381 3720 2579 3792 (Galat.
2607 3719 2680 3794 tv)
2706 3738 2719 3776 :
2755 3721 2898 3776 Misit
2927 3723 3067 3776 Deus
3091 3721 3349 3790 Spiritum
3376 3719 3497 3776 Filii

1900 3814 1985 3870 sui
2016 3815 2068 3868 in
2102 3813 2265 3868 corda
2295 3823 2497 3877 nostra,
2543 3812 2888 3880 clamantem,
2920 3811 3070 3868 Abba
3099 3811 3277 3867 Pater.
3307 3811 3363 3868 Si
3406 3826 3498 3866 au-

1903 3917 2010 3963 tem
2039 3907 2133 3961 ﬁlii
2163 3916 2217 3962 et
2238 3906 2500 3976 haeredes,
2537 3906 2782 3963 haeredes
2804 3906 3022 3977 quidem
3047 3906 3162 3974 Dei,
3187 3905 3498 3962 cohaercdes

1899 4011 2076 4056 autem
2107 3999 2331 4055 Christi.
2383 4001 2491 4070 Spe
2517 4010 2696 4057 autem
2743 4001 2885 4056 salvi
2921 4000 3047 4055 tacti
3077 4014 3260 4056 sumus
3313 3998 3494 4071 (Rom.

1900 4093 2037 4163 vm).
2086 4091 2218 4146 Cum
2252 4107 2345 4161 per
2371 4107 2519 4161 spem
2552 4094 2899 4162 pervenietur
2928 4093 2994 4147 ad
3029 4109 3168 4159 rem,
3199 4093 3315 4162 ipse
3349 4093 3494 4148 Deus

1902 4182 2006 4238 erit
2035 4182 2222 4237 electis
2257 4191 2477 4237 aeternae
2506 4183 2856 4238 beatitudinis
2886 4185 3193 4252 przemium,
3243 4182 3384 4251 quod
3430 4183 3499 4238 ab

1900 4289 1966 4330 eo
1995 4274 2232 4344 possessi
2265 4274 2578 4343 possideant
2606 4275 2657 4329 in
2698 4285 2984 4329 aeternum.
3031 4273 3216 4329 Dubiis
3246 4283 3416 4326 autem
3449 4283 3497 4327 et

1903 4366 2241 4422 inﬁdelibus.
2280 4365 2498 4420 Duobus
2528 4367 2632 4420 hoc
2669 4366 2789 4420 loco
2819 4365 2977 4419 debet
3008 4361 3256 4434 intelligi,
3303 4364 3369 4418 de
3391 4379 3497 4433 quo

1900 4457 2130 4514 Jacobus
2159 4458 2437 4527 apostolus
2468 4456 2607 4529 (Jac.
2641 4454 2680 4527 ι)
2714 4471 2728 4509 :
2780 4455 2894 4521 Vir,
2926 4455 3118 4526 inquit,
3155 4455 3350 4524 duplex
3379 4455 3497 4510 ani-

1901 4565 2010 4613 mo,
2060 4551 2371 4605 inconstans
2397 4558 2481 4604 est
2526 4549 2578 4603 in
2606 4547 2855 4603 omnibus
2890 4548 2989 4602 viis
3019 4548 3151 4603 suis.
3189 4547 3257 4602 Et
3289 4547 3498 4603 abomi-

208 4663 363 4716 ravit.
395 4661 461 4715 Et
485 4662 757 4727 civitatem,
785 4661 974 4731 inquit,
1003 4677 1249 4732 magnam
1274 4662 1560 4717 Jerusalem
1584 4678 1790 4731 novam,

1899 4644 2060 4711 natis,
2089 4652 2136 4696 et
2165 4641 2458 4711 homicidis,
2509 4649 2557 4696 et
2588 4639 2914 4708 fornicariis,
2949 4649 2996 4695 et
3023 4641 3258 4711 veneﬁcis
3284 4681 3299 4707 ,
3344 4649 3390 4695 et
3418 4639 3498 4696 his

209 4755 312 4808 t-i'di
342 4755 721 4808 descendentem
750 4755 813 4807 de
853 4754 998 4821 ctelo,
1044 4772 1076 4808 a
1103 4753 1211 4808 Deo
1239 4763 1474 4824 aptatam
1516 4756 1666 4823 quasi
1695 4771 1794 4809 no-

210 4860 328 4899 vam
359 4857 576 4916 nuptam
626 4858 860 4901 ornatam
909 4849 1101 4904 marito
1143 4865 1256 4903 suo.
1308 4849 1375 4901 Et
1415 4850 1586 4902 audivi
1628 4866 1794 4903 vocent

210 4957 450 5012 magnam
479 4942 540 4994 de
585 4943 722 4996 coelo
752 4943 1000 4996 dicentem
1031 4960 1048 4996 :
1100 4943 1234 4997 Ecce
1283 4945 1668 4999 tabernaculum
1696 4946 1796 5001 Dei

210 5050 326 5088 cum
377 5034 684 5102 hominibus,
742 5044 787 5088 et
835 5034 1080 5088 habitabit
1129 5051 1244 5088 cum
1274 5037 1368 5102 eis,
1415 5047 1460 5091 et
1499 5048 1647 5091 erunt
1697 5037 1797 5107 ipsi

214 5126 432 5196 populus
457 5127 585 5197 ejus,
633 5134 682 5179 et
719 5126 826 5195 ipse
857 5124 992 5180 Deus
1024 5127 1118 5180 erit
1159 5143 1275 5180 cum
1302 5129 1395 5181 eis.
1451 5128 1518 5181 Et
1547 5131 1798 5202 absterget

213 5218 354 5273 Deus
381 5236 580 5274 omnem
611 5220 889 5290 lacryntam
926 5221 990 5273 ab
1017 5222 1178 5274 oculis
1207 5237 1404 5288 eorum,
1447 5233 1493 5276 et
1523 5240 1660 5279 mors
1688 5225 1797 5292 jam

213 5330 314 5367 non
345 5316 457 5383 erit,
511 5331 669 5386 neque
712 5315 878 5369 luctus
910 5332 1071 5384 neque
1110 5317 1323 5381 clamor,
1376 5319 1470 5373 sed
1513 5335 1613 5376 nec
1662 5322 1801 5378 ullus

213 5405 382 5473 dolor,
432 5408 553 5476 quia
595 5407 771 5476 priora
817 5408 1162 5463 transierunt.
1224 5407 1292 5462 Et
1339 5409 1468 5464 dixit
1506 5412 1700 5467 sedens
1745 5415 1800 5468 in

213 5498 395 5551 throno
428 5513 444 5551 :
479 5497 611 5553 Ecce
643 5514 772 5552 nova
798 5499 933 5570 facio
963 5500 1155 5553 omnia.
1201 5499 1275 5554 De
1312 5501 1451 5556 coelo
1474 5501 1801 5562 descendere

213 5590 410 5644 dicitur
439 5590 539 5645 ista
568 5590 783 5658 civitas,
815 5594 1072 5663 quoniam
1099 5593 1336 5649 caelestis
1363 5604 1444 5650 est
1471 5597 1663 5666 gratia,
1698 5613 1802 5668 qua

215 5685 356 5740 Deus
402 5699 520 5740 eam
569 5685 712 5752 fecit,
772 5695 990 5755 propter
1035 5687 1176 5757 quod
1224 5689 1269 5742 ei
1317 5688 1445 5743 dicit
1494 5690 1653 5744 etiam
1704 5707 1801 5762 per

218 5779 400 5833 Isaiam
434 5797 444 5832 :
488 5779 598 5849 Ego
625 5792 742 5833 sum
773 5779 1029 5834 Dominus
1060 5780 1261 5836 faciens
1291 5789 1342 5837 te
1365 5779 1500 5856 (Isa.
1532 5781 1675 5850 ην).
1724 5783 1800 5842 De

214 5873 354 5931 coelo
400 5873 618 5946 quidem
658 5872 727 5932 ab
773 5873 927 5931 initio
956 5887 1055 5932 suo
1083 5873 1382 5947 descendit,
1436 5891 1503 5936 ex
1550 5892 1657 5948 quo
1703 5890 1798 5950 per

1899 4749 1988 4818 qui
2042 4748 2196 4803 idolis
2238 4747 2498 4815 serviunt,
2541 4756 2588 4801 et
2615 4747 2847 4802 omnibus
2874 4748 3202 4801 mendacibus
3244 4762 3364 4817 pars
3401 4748 3498 4801 erit

1899 4843 1951 4894 in
1981 4851 2164 4911 stagno
2193 4840 2330 4909 ignis
2362 4839 2503 4909 quod
2533 4840 2707 4905 ardet,
2737 4850 2781 4893 et
2804 4841 3073 4908 sulphure,
3104 4839 3242 4910 quod
3267 4848 3337 4893 est
3362 4855 3498 4893 mors

1899 4935 2141 4988 secunda.
2193 4931 2318 4987 Haec
2349 4932 2427 4987 vel
2458 4931 2587 4986 vitia
2617 4933 2926 4998 criminum,
2956 4929 3041 4986 vel
3071 4929 3281 5001 ﬂagella
3313 4944 3499 5000 pana-

1899 5051 2016 5090 rum
2049 5049 2153 5089 non
2181 5033 2497 5102 exponenda
2528 5042 2652 5088 sunt
2685 5043 2742 5088 ut
2771 5033 3159 5102 intelligantur,
3212 5033 3306 5088 sed
3337 5034 3492 5104 cogi-

1904 5127 2063 5181 tanda
2110 5126 2284 5195 potius
2327 5126 2600 5196 quomodo
2629 5143 2726 5197 per
2757 5126 2852 5182 Dei
2900 5127 3125 5196 gratiam
3170 5125 3494 5183 devitentur.

1905 5220 1972 5274 Et
2010 5221 2141 5275 venit
2178 5237 2307 5274 unus
2352 5237 2414 5274 ex
2445 5229 2633 5289 septem
2662 5221 2880 5292 angelis,
2930 5221 3233 5275 habentibus
3283 5220 3490 5290 phialas

1903 5324 2130 5384 septem,
2169 5315 2345 5382 plenas
2373 5324 2563 5382 septem
2594 5313 2762 5386 plagis
2795 5313 3020 5370 ultimis.
3074 5314 3224 5370 Sicut
3263 5315 3316 5369 in
3349 5316 3491 5370 bono

1911 5407 2226 5464 universitas
2258 5408 2561 5478 septenario
2587 5422 2956 5478 saepenumero
2986 5407 3261 5478 ﬁguratur,
3306 5408 3385 5462 sic
3442 5416 3498 5465 et

1909 5502 1961 5557 in
1989 5501 2131 5556 malo
2163 5509 2340 5570 potest
2385 5501 2703 5556 universitas
2745 5501 3019 5571 plagarum
3047 5501 3240 5558 eodem
3271 5517 3498 5558 numero

1908 5593 2318 5664 comprehendi.
2350 5592 2502 5661 Quod
2535 5593 2580 5648 si
2604 5593 2721 5648 illas
2748 5609 2880 5664 quas
2903 5595 3148 5665 superius
3175 5597 3498 5653 memoravit

1908 5693 2123 5759 effusas,
2183 5708 2324 5749 nunc
2374 5693 2566 5748 asserit
2616 5693 2822 5763 plenas,
2875 5693 3181 5750 mirandum
3229 5697 3496 5766 quomodo

1906 5787 2106 5840 mundo
2126 5785 2339 5841 siluerit
2366 5785 2652 5856 irrogatas,
2680 5787 2780 5841 nisi
2804 5787 2940 5844 forte
2963 5789 3046 5843 hic
3069 5804 3285 5847 sensum
3311 5791 3496 5847 maluit

1909 5879 2291 5950 perstringere,
2342 5879 2484 5950 quod
2514 5895 2574 5940 se
2603 5879 2711 5951 jam
2740 5881 2898 5942 latius
2930 5893 3156 5943 noverat
3180 5884 3489 5959 digessisse,
