3968 6354
553 368 657 424 923

1670 344 1959 420 peruasit
1996 340 2447 416 mutatam:
2486 344 2697 419 arma.

3776 366 3878 422 Si?!

552 494 604 541 at
626 499 723 540 nec
741 486 1005 541 malorum
1032 484 1297 541 omitteret
1317 484 1669 551 mentionem,
1695 492 1749 537 et
1774 480 2127 536 intentionem
2158 480 2213 541 Α
2239 479 2344 532 lum
2373 476 2549 550 (Rom.
2575 477 2686 550 xi),
2716 480 2959 552 reliquiae
2980 472 3420 552 pdr‘eldcﬁonem
3444 478 3691 556 gratia:
3716 485 3877 538 salva

552 593 698 633 suam
740 578 808 632 ad
854 579 1047 633 bonam
1100 593 1223 631 mox
1248 574 1508 632 Ecclesia:
1539 576 1761 644 ﬁguram
1808 575 2124 638 diverteret,

553 670 615 725 .le
657 672 847 740 quibus
880 678 1063 725 cantat
1092 668 1263 740 ('P'sal.
1298 668 1449 739 xxvi)
1504 686 1517 721 :
1573 667 1747 723 Credo
1778 666 1959 721 videre
1990 666 2129 719 bona

552 761 760 815 Domini
808 761 858 814 in
894 750 1040 814 terra
1091 760 1403 813 viventium.
1467 758 1724 828 Sequitur
1755 757 1985 825 denique
2018 774 2029 807 :
2067 755 2131 809 Et

554 853 751 906 locutus
776 862 847 906 est
872 856 1087 921 mecum,
1121 854 1292 906 dicens
1321 868 1337 906 :
1362 851 1513 919 Veni,
1538 850 1800 907 ostendam
1827 852 1921 904 tibi
1939 864 2133 903 novam
2156 926 2157 929 η

367 904 377 913 ,
554 897 750 906 mm..-
776 897 846 906 --.
874 897 1087 921 mm",
1121 897 1291 906 mn..-
1321 897 1331 906 .
1372 897 1380 905 .
1413 897 1513 919 -...,
1540 897 1799 907 --.νη-η.--
1939 897 2003 903 --ν
2024 897 2133 903 ._--_

555 954 792 1021 nuptam,
816 958 1030 999 marem
1050 946 1201 1015 Agni,
1236 946 1284 1000 id
1316 956 1399 1001 est
1429 947 1746 1000 Ecclesiam.
1783 944 1849 998 Et
1879 932 2029 997 duiit
2058 960 2136 997 me

384 1228 427 1285 vi?

302 2198 469 2319 (7’3?

374 4316 421 4351 Ικ

382 4628 416 4661 ,λγ
481 4631 505 4653 ξ

364 4652 382 4708 θ
414 4684 491 4711 .iLv‘

554 1037 605 1089 in
632 1028 850 1090 montem
882 1034 1198 1106 magnumst
1238 1037 1423 1103 altmn,
1470 1047 1517 1090 et
1557 1036 1774 1091 ostendit
1803 1036 1928 1089 mihi
1957 1036 2137 1088 civita-

553 1138 655 1183 tem
682 1140 910 1185 sanctam
936 1130 1248 1196 Jerusalem,
1294 1132 1679 1209 descendentem
1705 1130 1768 1183 de
1795 1130 1918 1183 cmlo
1946 1147 1976 1201 α
2000 1127 2131 1207 Deo.

555 1222 679 1295 Haec
708 1230 813 1290 est,
838 1226 1154 1279 testimonio
1179 1206 1457 1285 Veritatis,
1482 1224 1675 1277 civitas
1706 1238 1866 1292 super
1897 1231 2131 1277 montem

552 1317 725 1384 posita
753 1317 967 1387 (Matth.
997 1318 1073 1387 v).
1110 1320 1241 1373 Hinc
1264 1318 1428 1372 lsaias
1448 1317 1598 1385 (Cap.
1630 1326 1706 1387 nt)
1735 1334 1748 1370 :
1784 1317 1914 1382 Erit,
1942 1317 2134 1385 inquit,

508 1449 519 1481 η
557 1398 609 1460 in
640 1408 945 1463 novissimis
967 1409 1153 1464 diebus
1181 1420 1508 1479 praeparatus
1531 1424 1685 1464 mons
1707 1410 1900 1463 domus
1926 1409 2137 1463 Domini

554 1500 608 1554 in
639 1504 838 1556 vertice
858 1504 1142 1569 montium,
1178 1512 1231 1557 et
1260 1504 1554 1557 elevahitur
1580 1502 1976 1571 super'colles;
2016 1506 2137 1557 sive

550 1608 658 1662 pro
702 1596 842 1650 illius
869 1598 1175 1651 summitate
1220 1595 1444 1666 justitiae
1474 1597 1539 1651 de
1569 1612 1667 1666 qua
1698 1596 1926 1665 legimus
1978 1593 2135 1667 (Isai.

558 1686 672 1756 xu)
694 1704 714 1739 ης
754 1687 965 1741 Justitia
990 1684 1081 1741 tua
1111 1689 1245 1741 sicut
1269 1696 1476 1742 montes
1508 1687 1642 1753 Dei;
1676 1687 1795 1741 sive
1823 1687 1947 1757 quia
1982 1700 2138 1742 mon-

557 1784 643 1830 tes
683 1776 894 1845 quidem
941 1787 993 1831 et
1038 1777 1265 1846 apostoli
1315 1786 1369 1832 ct
1410 1776 1691 1847 pr0phetae
1739 1786 2136 1846 nuncupantur.

2241 572 2391 627 facta:
2421 582 2563 638 sunt,
2595 572 2890 644 adjungens
2936 572 3180 647 (Ibidem)
3206 578 3460 645 qdoniam
3498 593 3640 631 non
3674 580 3873 645 τερσῑῆ

2240 669 2383 729 Deus
2412 669 2620 739 plebem
2645 684 2819 733 suam,
2849 678 3009 739 atque
3035 669 3155 725 ideo
3180 671 3463 727 duodecim
3496 664 3871 741 pdfﬁarchas

2240 762 2294 817 in
2341 761 2559 817 totidem
2588 762 2754 832 portis
2782 760 3040 817 debemus
3069 760 3339 833 accipere,
3384 764 3736 834 praesertim
3780 782 3863 819 au-

2239 853 2446 908 dientes
2475 853 2614 922 quod
2664 866 2770 908 non
2802 860 2857 907 tu
2889 853 3121 910 radicem
3158 862 3361 925 partas,
3406 852 3517 910 sed
3574 853 3752 909 radix
3794 866 3858 910 te.

2196 938 2199 939 ⁷
2240 944 2532 1001 Evidenter
2572 947 2713 1001 enim
2747 947 2903 1013 dieit,
2935 955 2989 1003 et
3026 946 3245 1003 nomina
3295 944 3509 1018 scripta
3570 946 3856 1003 duodecim

2241 1038 2475 1093 tribtmm
2508 1037 2735 1093 ﬁliorum
2764 1038 2948 1094 Israel.
2978 1038 3115 1094 Hinc
3144 1039 3286 1094 enim
3326 1039 3856 1110 'Apos'tdbe'conﬁ-

2242 1130 2430 1186 denter
2454 1130 2651 1185 clama’t
2696 1130 2874 1202 (Rom.
2906 1132 2995 1201 ix)
3018 1149 3035 1185 :
3056 1129 3162 1197 Qui
3200 1138 3327 1187 sunt
3354 1132 3609 1203 cognati
3658 1134 3771 1188 mei
3786 1150 3850 1189 se-

2184 1278 2195 1291 ,
2241 1225 2471 1279 cundum
2500 1228 2741 1289 carnem,
2766 1226 2861 1296 qui
2894 1238 3021 1280 sunt
3042 1222 3619 1296 lsraelitm,‘qutrrﬂ‘m
3652 1227 3847 1296 adoptiva

2242 1327 2323 1372 est
2349 1316 2606 1386 ﬁliorum,
2642 1316 2833 1388 glo‘ria,
2866 1330 2921 1372 et
2944 1324 3345 1384 testamentum,
3366 1320 3429 1372 et
3458 1317 3774 1387 tegislatio,
3802 1332 3839 1375 et

2246 1411 2586 1479 obsequium,
2614 1420 2668 1466 et
2687 1413 2973 1480 promissa,
3005 1426 3228 1482 quorum
3258 1422 3441 1482 patres
3468 1422 3539 1466 et
3570 1428 3645 1467 ex
3681 1415 3835 1482 quitus

2242 1504 2487 1561 Christus
2511 1507 2802 1562 secandum
2828 1516 3073 1575 carnem,
3092 1506 3178 1579 qui
3202 1517 3285 1563 est
3306 1510 3477 1578 super
3492 1516 3611 1563 ‘Om
3659 1509 3707 1563 ia
3726 1510 3833 1565 Deus

2238 1592 2557 1654 benedictus
2590 1599 2642 1654 in
2687 1601 2904 1656 saecula.
2943 1601 3177 1669 Angelos
3216 1604 3397 1656 autem
3426 1601 3537 1656 hic
3569 1600 3827 1669 signiﬁcari

2244 1699 2371 1759 puto
2393 1690 2512 1745 illos
2539 1691 2787 1746 seniores
2806 1706 2873 1745 ac
2896 1704 3156 1761 proceres
3186 1690 3416 1761 quorum
3437 1692 3557 1747 ‘illa
3596 1704 3730 1764 gens
3748 1694 3831 1747 (δι

2244 1785 2559 1852 pensatione
2585 1798 2645 1838 ac
2678 1783 2872 1838 ducatu
2901 1784 3217 1840 mirabiliter
3248 1785 3588 1853 regebatur.
3624 1784 3775 1852 Quod
3796 1790 3826 1841 si

561 1868 820 1923 Omnibus
843 1877 1018 1923 tamen
1051 1870 1364 1938 praecellens
1387 1871 1584 1922 eminet
1609 1868 1870 1922 Dominus
1892 1868 2140 1924 Christus
2164 1872 2221 1931 Β
2248 1877 2379 1932 deos
2408 1892 2551 1946 saepe
2578 1876 2681 1931 dici
2704 1876 3055 1931 meminimus
3083 1876 3255 1946 (Paul.
3275 1880 3457 1947 XLVI),
3482 1879 3635 1947 ‘qu’ld
3658 1881 3826 1933 miras:

560 1967 811 2027 tanquam
854 1972 1008 2014 mons
1038 1960 1093 2013 in
1120 1961 1321 2014 vertice
1364 1960 1644 2028 montium,
1691 1960 1757 2014 de
1785 1962 1935 2029 cujus
1962 1962 2136 2031 pleni-

562 2050 743 2105 tudine
784 2062 904 2117 uos,
957 2052 1149 2120 inquit,
1192 2052 1518 2120 accepimus,
1561 2062 1615 2106 et
1643 2053 1868 2121 gratiam
1900 2068 1995 2120 pro
2020 2068 2143 2123 gra-

570 2144 664 2200 tia.
707 2145 772 2199 Et
792 2144 932 2201 bene
953 2147 1019 2200 de
1049 2146 1185 2201 coelo
1211 2161 1240 2199 a
1271 2146 1412 2211 Deo;
1448 2148 1579 2200 tunc
1607 2146 1749 2201 enim
1782 2147 2009 2217 amplius
2049 2146 2145 2202 de-

556 2244 687 2289 cora
718 2235 945 2303 videtur,
978 2238 1189 2306 quando
1226 2252 1320 2307 per
1344 2224 1740 2308 Spiritum‘quo
1770 2239 1887 2307 ejus
1914 2252 2143 2307 Sponsus

564 2316 800 2393 creditur
835 2339 1126 2397 conceptus
1167 2338 1221 2383 et
1258 2330 1491 2401 genitus,
1542 2330 1835 2400 imaginem
1886 2318 2147 2388 meruerit

565 2427 780 2493 portare
811 2419 1105 2474 caelestem.
1143 2422 1260 2488 Ipsa
1289 2436 1414 2491 ergo
1443 2435 1663 2491 sponsa,
1696 2438 1815 2491 quae
1848 2418 1903 2479 et
1933 2420 2141 2479 Civitas.

568 2505 873 2574 'llabeutem,
916 2510 1110 2580 inquit,
1142 2512 1332 2565 lumen
1377 2513 1631 2568 claritatis
1672 2511 1789 2568 Dei.
1842 2515 1935 2569 Cui
1966 2516 2148 2571 Domi-

566 2610 671 2651 nus
705 2599 835 2653 dicit
862 2599 1076 2663 (Matth.
1110 2602 1164 2670 v)
1190 2618 1210 2657 τ
1251 2602 1357 2656 Vos
1380 2604 1510 2659 estis
1539 2606 1628 2659 lux
1654 2608 1864 2670 mundi,
1896 2622 2014 2675 quae
2044 2622 2149 2663 vox

567 2691 712 2745 omni
750 2695 957 2762 corpori
985 2695 1240 2764 competit
1263 2694 1486 2765 Christi,
1525 2712 1683 2767 quam
1716 2714 1782 2753 ex
1816 2715 1912 2754 ore
1940 2699 2150 2754 Verita-

560 2781 637 2835 tis
690 2793 819 2837 tunc
868 2786 1091 2853 apostoli
1137 2796 1491 2854 susceperunt
1538 2798 1786 2857 tempore
1836 2792 2149 2861 meritisque

569 2872 795 2942 priores.
845 2874 914 2929 Et
933 2877 1075 2946 quod
1114 2877 1379 2932 illuminat
1402 2892 1519 2933 eam
1550 2879 1717 2934 simile
1756 2890 1838 2935 est
1876 2882 2153 2950 pretiosis-

478 2950 702 3037 ῗξειητο
728 2966 908 3035 lapidi,
956 2970 1107 3037 quasi
1145 2971 1309 3038 lapidi
1328 2972 1580 3041 jaspidis,
1634 2974 1918 3043 refulgenti
1954 2975 2004 3028 in
2038 2990 2150 3029 mo-

470 3006 475 3013 κ

426 3028 427 3031 η
476 3016 485 3026 κ

569 3058 694 3113 dum
738 3061 999 3130 crystalli.
1050 3062 1186 3118 Cum
1238 3064 1308 3119 sit
1354 3064 1551 3119 diversi
1593 3069 1805 3136 generis
1853 3076 1905 3122 et
1956 3069 2151 3125 coloris

562 3149 729 3219 jaspis
771 3160 824 3206 et
870 3146 1175 3224 crystallus,
1226 3157 1363 3213 bene
1406 3164 1589 3213 tamen
1640 3173 1743 3229 pro
1792 3161 2149 3217 similitudine

569 3242 657 3296 hic
707 3246 987 3314 utrumque
1048 3248 1366 3317 conjunxit,
1448 3266 1675 3321 cumque
1746 3247 2239 3351 pretiosissimis
2288 3238 2341 3322 u,
2377 3260 2587 3313 nomina
2630 3238 2909 3314 duodecim
2945 3262 3292 3330 apostolorum
3332 3270 3381 3315 et
3412 3240 3563 3334 Agni.

569 3348 689 3389 mox
743 3347 1017 3407 comparat
1070 3340 1349 3410 lapidibus,
1399 3352 1523 3397 cum
1572 3342 1792 3399 Christo
1845 3273 2478 3415 revelatum,"3';garum
2533 3354 2806 3415 praemissa
2865 3356 3168 3415 mentione.
3222 3357 3503 3415 apostolos
3552 3342 3799 3411 metuam

2204 3384 2257 3427 fit

568 3348 689 3389 mox
743 3347 1017 3407 comparat
1070 3340 1349 3410 lapidibus,
1399 3352 1523 3397 cum
1572 3342 1792 3399 Christo
1845 3342 2185 3443 revelatum;

569 3426 728 3481 vellet
763 3429 1017 3500 intelligi,
1059 3430 1128 3486 de
1176 3444 1281 3503 quo
1322 3434 1517 3491 beatus
1560 3435 1751 3491 Pet-rus
1803 3453 1817 3492 :
1856 3426 2159 3510 Lapidem,’
2200 3426 2211 3453 ”

560 3520 737 3589 inquit
792 3521 877 3591 (I
932 3523 1249 3595 P811311);
1319 3530 1629 3596 angularem
1688 3530 2012 3598 pretiosum,
2086 3531 2147 3586 in

566 3608 912 3667 t‘undamento
950 3616 1251 3671 fundatum.
1292 3617 1357 3671 Et
1378 3620 1547 3691 habet
1599 3634 1801 3673 murum
1830 3638 2069 3692 magnum
2098 3632 2147 3677 et

568 3705 750 3770 latum,
768 3709 863 3774 qui
884 3707 1055 3763 habet
1083 3718 1258 3777 portas
1280 3694 1570 3774 duodecim,
1602 3720 1649 3764 et
1678 3712 1729 3763 in
1752 3714 1909 3782 portis
1940 3710 2163 3785 angelos

565 3794 833 3850 duodecim
848 3824 873 3861 τ,
920 3810 965 3853 et
995 3802 1202 3853 nomina
1243 3804 1432 3873 scripta
1459 3803 1728 3858 duodecim
1758 3805 1981 3859 tribuum
2009 3807 2146 3875 ﬁlio-

563 3902 679 3938 rum
724 3884 911 3943 Israel.
940 3889 1118 3944 Murus
1148 3890 1404 3947 Ecclesiae
1445 3892 1726 3961 Christus.
1756 3912 1912 3967 (ἰυθτη
1943 3908 1996 3953 οι
2026 3913 2144 3953 τπδ’

564 3991 727 4045 gnum
759 3970 1073 4047 legimusiet'
1090 3976 1391 4038 'e'xce’l's‘tmt.~
1406 3982 1629 4057 Magnus
1652 3980 1914 4044 Dominus
1951 4000 2005 4046 et
2030 3991 2145 4046 lau-

562 4067 752 4124 dabilis
779 4072 950 4137 Valde,
1000 4074 1049 4127 in
1082 4075 1301 4131 civitate
1326 4077 1419 4133 Dei
1450 4079 1635 4143 nostri,
1668 4080 1718 4134 in
1749 4092 1928 4137 monte
1957 4097 2143 4140 sancto

559 4165 695 4233 ejus,
719 4176 773 4221 et
800 4169 1049 4224 excelsus
1078 4170 1335 4227 Dominus
1360 4186 1522 4241 super
1546 4189 1735 4229 omnes
1757 4186 1941 4245 gentes
1954 4176 2138 4247 ⁸(Ρεαι.

560 4271 730 4323 xcvn;
763 4256 910 4314 Psal.
934 4275 1123 4327 chtv;
1153 4260 1300 4317 Psal.
1327 4263 1477 4335 exn).
1508 4266 1579 4321 De
1605 4282 1756 4321 muro
1779 4278 1955 4323 autem
1977 4270 2141 4326 lsaias

368 4334 421 4401 5’"
452 4334 493 4405 ί
556 4350 817 4427 propheta
865 4350 992 4406 dicit
1044 4351 1196 4422 (Cap.
1250 4355 1519 4423 xxvr):ln
1560 4344 1647 4413 die
1700 4359 1786 4412 illa
1838 4361 2141 4418 cantabitur

553 4430 821 4492 canticum
854 4440 992 4495 istud
1043 4444 1093 4495 in
1129 4456 1268 4498 terra
1294 4444 1429 4501 Juda
1457 4464 1470 4501 :
1501 4446 1638 4503 Urbs
1665 4450 1995 4507 fortitudinis
2042 4468 2140 4509 no-

553 4538 677 4583 strae
704 4532 851 4597 Sion,
881 4532 1126 4588 Salvator
1148 4546 1383 4604 ponetur
1409 4537 1462 4593 in
1490 4554 1551 4593 ea
1586 4556 1768 4595 murus
1808 4552 1862 4596 et
1885 4552 2132 4599 antemu-

2245 1968 2291 2021 si
2320 1970 2541 2036 angelos
2570 1968 2845 2037 appellare
2862 1969 3151 2023 ’creda‘mlus
3175 1969 3200 2023 ?
3226 1969 3657 2039 Applicabitur,
3688 1971 3826 2040 inquit

2246 2058 2443 2131 (Exod.
2472 2060 2629 2131 χχιι),
2658 2061 2721 2113 ad
2749 2060 2907 2126 deos;
2936 2069 2992 2115 et
3020 2058 3193 2125 (Paul.
3223 2059 3446 2132 tum),
3478 2062 3606 2130 Ego
3633 2061 3823 2126 dikiﬁi

2246 2153 2394 2217 estis,
2425 2160 2480 2207 et
2524 2152 2618 2206 ﬁlii
2662 2152 2871 2207 Excelsi
2902 2167 3111 2219 omnes,
3128 2162 3193 2208 “ut
3210 2154 3650 2209 universitatem
3692 2157 3821 2210 totius

2238 2243 2417 2313 plebis
2448 2244 2762 2310 complexus
2792 2243 3123 2310 ostenderet,
3156 2256 3275 2315 qum
3300 2243 3354 2298 in
3384 2246 3698 2314 prxpositis
3719 2261 3822 2299 eos

2248 2346 2353 2391 stat
2389 2346 2441 2391 et
2485 2337 2718 2407 populis.
2749 2337 2824 2391 Ab
2873 2337 3077 2391 Oriente
3122 2346 3286 2409 partae
3330 2346 3475 2404 tres,
3508 2339 3574 2392 ab
3600 2340 3819 2407 Aquilone

2242 2439 2410 2498 rportw
2440 2438 2560 2499 tres,
2584 2431 2653 2483 ab
2679 2431 2868 2483 Austro
2896 2439 3058 2500 porta:
3086 2439 3214 2494 tres,
3262 2432 3326 2483 ab
3359 2429 3648 2487 Occidente
3672 2444 3813 2502 parte

2252 2528 2374 2576 tres.
2400 2522 2554 2576 illum
2584 2521 2671 2576 hic
2697 2522 3083 2577 duodenarium
3099 2534 3402 2577 numerum
3446 2525 3808 2593 complectitur.

2251 2613 2342 2683 qui
2369 2622 2424 2667 et
2450 2613 2504 2668 in
2533 2612 2791 2682 apostolis
2818 2612 2973 2667 simul
2998 2628 3061 2669 ac
3090 2614 3309 2670 sedibus
3336 2630 3443 2684 pro
3483 2616 3815 2671 universitatis

2248 2707 2585 2777 plenitudine
2606 2708 2771 2762 nobis
2798 2709 3097 2763 insinuatur
3120 2722 3268 2777 saepe
3315 2718 3584 2765 smus.
3614 2710 3813 2766 Sedebi-

2252 2801 2340 2865 tis,
2375 2800 2566 2869 inquit,
2599 2812 2804 2856 meeum
2822 2814 2993 2870 super
3010 2803 3171 2857 sedes
3194 2802 3500 2868 duodecim,
3524 2804 3816 2872 iudicantes

2242 2891 2734 2950 duodecimtrihus
2762 2895 2923 2950 Israel
2948 2895 3173 2966 (Matth.
3214 2892 3354 2965 ἣν).
3386 2896 3553 2961 inpar
3571 2897 3733 2965 enim,
3767 2896 3814 2951 id

2242 2994 2355 3049 est,
2372 2987 2658 3051 ternarias,
2685 3000 2782 3056 per
2798 2998 2979 3056 parent
3000 2988 3387 3056 quaternariam
3412 2986 3811 3055 multiplicatus,

2259 3074 2311 3129 id
2333 3085 2437 3144 est,
2460 3086 2544 3131 ter
2568 3079 2839 3147 quaterni,
2862 3078 3253 3135 duodenarium
3287 3079 3423 3134 facit.
3441 3079 3693 3150 Sequitur
3717 3079 3815 3134 τε(

2257 3167 2392 3244 muri
2422 3168 2638 3221 civitatis
2658 3168 2859 3223 habent
2896 3170 3233 3240 fundamenta
3256 3170 3541 3241 duodecim,
3571 3152 3819 3255 et

2326 3338 2478 3407 arum
2533 3354 2806 3421 praemissa
2865 3356 3132 3410 mentione
3146 3390 3168 3424 ι,
3216 3357 3503 3437 apostolos
3552 3342 3801 3411 metuam

2217 3436 2225 3441 ’
2253 3438 2386 3499 Cum
2418 3444 2725 3501 noverimus
2761 3436 3051 3503 Ecclesium
3084 3464 3247 3503 unum
3280 3436 3494 3503 tantum
3512 3438 3783 3504 mea.

2251 3549 2364 3619 tum
2406 3539 2629 3619 habere,
2660 3541 2712 3595 id
2739 3550 2822 3596 est
2862 3542 3157 3610 Christum,
3189 3534 3399 3600 moveri
3424 3560 3540 3601 non
3566 3532 3797 3601 ᾖ

2244 3618 2380 3699 quid
2408 3630 2495 3686 hic
2523 3618 2641 3687 eam
2666 3632 2949 3690 duodecim
2982 3630 3178 3690 habere
3204 3636 3353 3691 dicit.
3379 3637 3667 3693 InCim'sto
3684 3638 3799 3691 enim

2249 3724 2474 3791 apostoli
2510 3733 2829 3779 meruerunt
2876 3740 2995 3782 esse
3044 3726 3301 3783 Ecclesia:
3350 3729 3795 3794 [undantiumde

2240 3830 2355 3885 quo
2386 3818 2433 3869 -Α
2446 3816 2685 3886 postolus
2708 3815 2772 3889 (I
2798 3817 2921 3874 Cor.
2965 3818 3045 3888 ιιι)
3074 3837 3096 3875 τ
3118 3820 3584 3889 Fundamentum,
3612 3822 3790 3892 inquit.

2240 3907 2391 3962 aliud
2436 3923 2595 3963 nemo
2642 3918 2816 3977 potest
2846 3925 3066 3980 ponere,
3112 3921 3317 3980 praeter
3345 3914 3403 3968 id
3435 3916 3572 3984 quod
3592 3916 3791 3985 panum

2246 4008 2348 4069 est,
2394 3999 2641 4055 Christus
2669 4000 2845 4058 Jesus.
2873 4003 2929 4057 ln
2976 4004 3090 4072 ipso
3115 4005 3277 4060 etiam
3318 4005 3423 4061 lux
3450 4007 3667 4077 apostoli
3696 4019 3797 4060 cur

2244 4089 2524 4156 dicuntur,
2552 4104 2675 4146 eum
2720 4092 2801 4147 eis
2844 4092 2985 4148 dicit
3009 4093 3221 4162 (Matth.
3253 4096 3313 4165 ν)
3348 4114 3363 4152 :
3400 4098 3515 4154 Vos
3571 4100 3691 4155 estis
3720 4098 3793 4151 ἰιι

2246 4182 2404 4251 hujus
2430 4184 2635 4249 mundi,
2663 4200 2784 4240 cum
2813 4186 2889 4241 sol
2914 4186 3161 4242 Christus
3188 4188 3277 4250 sit,
3302 4190 3400 4245 tu:
3422 4205 3691 4261 ver-aqu:
3709 4190 3797 4244 illl-

2244 4275 2413 4330 minat
2441 4286 2654 4332 omnem
2685 4276 2953 4333 hominem
2985 4281 3291 4335 venientem
3324 4283 3375 4335 in
3407 4282 3562 4339 hunc
3582 4283 3795 4339 mundum

2243 4366 2423 4440 (Joan.
2448 4368 2514 4441 ι).
2541 4367 2788 4426 Christus
2812 4373 2992 4443 itaque
3038 4373 3217 4429 lumen
3248 4373 3595 4443 illuminans,
3626 4376 3694 4431 illi
3728 4390 3797 4428 auo

2243 4470 2350 4517 tem
2378 4462 2557 4520 lumen
2574 4465 2956 4521 illuminatunt.
3011 4467 3169 4522 Multa
3200 4468 3355 4524 nobis
3378 4471 3659 4525 similibus
3677 4468 3796 4524 dictis

2240 4555 2516 4627 Scriptura
2558 4569 2742 4614 sancta
2772 4560 3079 4630 frequenter
3106 4562 3362 4617 insinuat.
3403 4564 3650 4620 Jacobus
3674 4563 3795 4618 deui-

552 4620 684 4693 rale.
720 4622 937 4690 Aperite
962 4634 1162 4694 portas,
1194 4634 1247 4683 et
1270 4629 1597 4698 ingrediatur
1624 4648 1755 4701 gens
1776 4634 1922 4704 justa
1947 4647 2133 4691 custo-

2240 4665 2343 4720 que
2364 4620 2645 4721 apostolus
2687 4653 2817 4708 dicit
2843 4620 2979 4722 (:lac.
3007 4652 3048 4723 ι)
3079 4671 3093 4709 :
3126 4653 3448 4711 Voluntarie
3498 4659 3689 4729 genuit
3722 4670 3797 4711 nos

549 4712 703 4769 diens
723 4716 1032 4784 veritatem;
1057 4728 1210 4774 vetus
1232 4737 1384 4777 error
1408 4723 1558 4779 abiit.
1585 4725 1701 4780 Uno
1725 4728 1913 4794 Spiritu
1939 4729 2127 4785 eadem

547 4809 901 4875 continentes,
943 4812 1137 4867 similia
1169 4830 1391 4871 narrare
1439 4817 1705 4873 videntur.
1752 4820 2005 4889 Sequitur
2032 4823 2123 4880 de-

548 4899 707 4966 nique
741 4904 898 4956 etiam
928 4903 996 4959 de
1026 4906 1202 4974 portis
1234 4908 1417 4963 dicens
1446 4925 1460 4962 :
1489 4908 1557 4963 Et
1582 4921 1760 4977 portas
1803 4913 2084 4971 duodecim
2104 4956 2121 4983 ,

544 5002 597 5047 et
645 4994 695 5048 in
744 4998 909 5065 portis
953 5002 1176 5069 angelos
1216 4988 1618 5071 duodeeitnIet
1664 4988 1879 5062 nomina
1924 5010 2125 5079 scripta

544 5084 822 5141 duodecim
871 5089 1101 5144 tribuum
1154 5092 1383 5149 filiorum
1430 5095 1615 5153 Israel.
1664 5098 1878 5153 Scimus
1906 5100 2123 5169 quidem

366 5206 395 5265 γ
546 5195 640 5263 per
665 5182 942 5237 duodecim
966 5186 1237 5253 apostolos
1269 5187 1549 5244 Dominum
1580 5204 1819 5246 nosmim
1855 5192 2125 5248 universis

468 5280 471 5281 '
544 5269 607 5321 ad
638 5270 795 5326 tidem
824 5275 1093 5328 introitum
1132 5276 1422 5343 primordia
1478 5280 1633 5334 aliter
1661 5283 1978 5351 praebuisse.
2014 5284 2123 5339 llu-

541 5352 624 5428 jus
652 5372 827 5417 tamen
873 5365 1269 5422 circumstantia
1302 5369 1405 5423 loci
1438 5370 1505 5424 ab
1550 5371 1649 5426 hac
1681 5389 1775 5428 nos
1824 5375 2121 5431 intentione

544 5452 839 5518 revocavit,
894 5455 1107 5524 quando
1135 5457 1415 5513 duodecim
1444 5459 1671 5513 tribuum
1706 5463 1933 5517 liliorum
1961 5463 2122 5520 Israel

544 5547 1215 5616 interposuitmentionem,
1237 5561 1481 5621 tanquam
1496 5536 1773 5608 duodecim
1799 5560 2126 5623 patriarchas

544 5648 769 5701 prmum
802 5638 886 5693 hic
912 5639 1132 5710 intelligi
1176 5646 1380 5712 volens,
1410 5660 1475 5700 ex
1506 5661 1731 5715 quorum
1781 5648 1945 5716 stirpe
1971 5651 2124 5705 novi-

542 5741 658 5780 mus
691 5732 991 5789 universam
1022 5733 1381 5793 lsraelitarum
1414 5750 1625 5809 gentem
1658 5740 1961 5808 specialiter
1992 5757 2118 5810 pro-

543 5829 806 5891 pagatum,
850 5824 905 5882 et
946 5843 1011 5882 ex
1058 5830 1270 5900 quibus,
1300 5831 1593 5890 secundum
1645 5832 1945 5902 apostolum
1975 5832 2117 5890 Pau-

2236 4741 2401 4797 verbo
2451 4743 2722 4809 veritatis,
2772 4753 2829 4798 ut
2854 4744 3026 4798 simus
3052 4744 3266 4799 initium
3308 4746 3545 4816 aliquod
3576 4757 3801 4803 creature

2231 4834 2367 4903 ejus.
2390 4833 2621 4889 Securus
2647 4844 2822 4890 tamen
2850 4833 3045 4890 Paulus
3070 4838 3344 4905 apostolus
3372 4841 3663 4906 praebendi
3690 4838 3797 4911 (Sir)

2227 4926 2512 4996 alloquitur
2559 4927 2739 4982 dicens
2784 4926 2852 5000 (Ι
2894 4927 3015 4983 Car.
3053 4929 3141 4998 ιν)
3173 4948 3187 4983 :
3222 4929 3279 4984 In
3325 4929 3557 4987 Christo
3582 4933 3701 4989 Iesu
3728 4948 3799 5000 per

2239 5017 2585 5088 Evangelium
2612 5033 2713 5089 ego
2736 5035 2833 5074 vos
2866 5019 3048 5087 genui.
3080 5021 3317 5076 Generat
3343 5033 3535 5079 autem
3573 5028 3800 5094 Deusper

2232 5108 2572 5177 adoptionem
2614 5111 2819 5179 gratim,
2851 5119 3073 5180 generat
3114 5128 3247 5167 vero
3275 5113 3473 5170 Paulus
3521 5119 3576 5171 in
3616 5118 3798 5172 Christo

2234 5201 2315 5255 vel
2363 5204 2683 5257 sacramenti
2738 5203 3235 5273 administratione,
3287 5208 3374 5263 vel
3426 5212 3799 5279 -]'rt‘a?dicatitme

2231 5295 2509 5361 doctrinm,
2543 5312 2747 5353 memor
2788 5305 2965 5353 tamen
3009 5300 3205 5355 divinae
3249 5300 3675 5371 admonitionis,
3701 5320 3797 5375 qua

2230 5385 2358 5440 dicit
2403 5384 2619 5457 (Matth.
2668 5388 2820 5456 χχιιι)
2852 5405 2864 5439 :
2894 5388 3069 5443 Nolite
3110 5391 3262 5445 vobis
3306 5392 3492 5449 dicere
3532 5396 3797 5465 magistros

2230 5491 2390 5543 super
2418 5485 2635 5542 terram,
2679 5494 2812 5532 unus
2840 5490 2923 5533 est
2965 5481 3109 5536 enim
3148 5484 3401 5552 magister
3426 5496 3617 5543 vester
3644 5489 3727 5557 qui
3752 5488 3795 5538 in

2230 5565 2378 5619 ca-lis
2422 5575 2524 5620 est.
2582 5566 2841 5623 Similiter
2889 5580 2945 5625 et
2988 5581 3184 5640 patres.
3233 5572 3374 5628 Idem
3430 5575 3632 5631 Paulus
3688 5575 3794 5630 alibi

2227 5656 2355 5710 dicit
2385 5655 2438 5727 (I
2462 5655 2580 5712 Car.
2610 5659 2649 5730 ι)
2681 5678 2693 5713 :
2719 5661 2964 5732 Nunquid
2995 5665 3190 5721 Paulus
3218 5682 3314 5735 pro
3334 5668 3493 5723 vobis
3520 5670 3790 5725 cruciﬁxus

2226 5757 2328 5815 est,
2359 5760 2447 5802 aut
2478 5751 2527 5805 in
2560 5753 2775 5807 nomine
2803 5754 2947 5809 Pauli
2994 5755 3247 5827 baptizati
3272 5760 3406 5814 estis
3429 5762 3537 5815 int
3569 5762 3790 5815 omnium

2227 5836 2460 5898 lidelium
2492 5840 2842 5904 intentionem
2874 5858 2928 5906 et
2976 5862 3127 5921 spem
3172 5850 3241 5911 ab
3280 5852 3532 5912 omnibus
3582 5868 3791 5926 suspen-
