3968 6354
161 399 267 457 925

1123 388 1576 451 (ΞΟΜΜΕΝΤἈΒ.
1614 384 1682 446 ΙΝ
1710 382 2092 447 Μ’ΌΕΜΛὍ.
2124 388 2264 446 LIB.
2309 390 2370 445 ν.

3315 380 3415 447 θὶΰ

161 518 315 580 dens,
342 515 395 569 in
422 514 589 571 Deum
618 514 822 570 salubri
854 512 1096 569 doctrina
1122 512 1400 581 deligeret.
1432 509 1544 564 Hoc
1570 522 1741 564 sensu
1769 509 1820 572 Α
1849 508 1926 563 Tu
1955 524 2012 561 es
2036 508 2247 574 Petrus,
2270 516 2325 562 ct
2353 520 2513 576 super
2535 504 2673 561 hanc
2689 508 2899 575 petram
2928 504 3199 562 aediﬁcabo
3222 508 3418 563 Eccle-

150 609 401 678 psalmus
426 610 579 680 (cxx)
604 623 813 678 quoque
837 606 1051 670 cecinit,
1079 604 1265 660 dicens
1292 621 1306 657 :
1332 602 1530 658 Levavi
1554 602 1741 656 oculos

156 715 315 758 meos
343 705 396 757 ln
424 710 655 770 montes,
689 701 828 756 unde
854 700 1032 755 veniat
1055 698 1308 753 auxilium
1332 696 1487 763 mihi,
1533 705 1744 750 montes

165 794 390 863 intelligi
414 794 601 850 volens
644 797 916 863 apostolos
943 802 998 849 et
1025 792 1335 863 prophetas,
1366 802 1503 858 quos
1532 788 1624 843 Sol
1649 787 1739 857 ju-

164 884 327 939 stitiae
353 883 596 941 Christus
619 885 982 955 principaliter
1005 882 1313 939 irradiavit.
1342 882 1422 935 'Ac
1446 894 1521 934 ne
1562 879 1618 934 in
1648 892 1744 934 no-

166 974 400 1028 minibus
449 973 617 1030 ﬁdere
665 984 976 1046 putaretur,
1025 989 1150 1028 mox
1195 978 1409 1027 secutus
1452 970 1740 1040 adiunxit:

169 1064 441 1119 Auxilium
464 1078 653 1120 meum
690 1081 721 1119 a
759 1065 1002 1128 Domino,
1045 1063 1134 1133 qui
1162 1061 1287 1117 fecit
1315 1062 1512 1115 caelum
1556 1068 1610 1114 et
1640 1069 1747 1113 ter-

171 1173 287 1213 ram
320 1157 672 1228 (Paal.cxx).
712 1160 861 1215 Sicut
899 1160 1061 1215 etiam
1114 1157 1505 1213 hicduodecim
1552 1155 1745 1210 funda-

174 1259 353 1303 menta
409 1248 702 1317 apostolos,
754 1249 809 1304 in
858 1264 964 1304 uno
1003 1257 1179 1302 tamen
1228 1245 1573 1301 fundamento
1620 1244 1749 1301 Jesu

169 1338 389 1394 Christo
410 1350 629 1395 vocatos
654 1339 912 1396 debemus
941 1353 1251 1408 agnoscere.
1277 1338 1359 1394 Ad
1390 1340 1490 1392 huc
1517 1338 1749 1406 pertinet

177 1430 323 1501 quod
360 1430 521 1485 etiam
554 1430 643 1485 hic
671 1447 868 1486 nomen
898 1430 1035 1500 Agni
1066 1446 1169 1485 non
1209 1431 1376 1493 siluit,
1405 1430 1591 1484 dicens
1628 1444 1642 1482 :
1684 1427 1750 1482 Et

172 1537 336 1591 super
377 1537 440 1578 ea
483 1523 698 1579 nomina
753 1523 1032 1578 duodecim
1087 1522 1451 1592 apostoiorum
1493 1529 1547 1576 et
1587 1520 1745 1590 Agni.

174 1610 547 1668 Fundamenta
578 1614 755 1683 itaque
780 1613 1029 1683 apostoli,
1061 1613 1155 1669 sed
1179 1614 1235 1668 in
1274 1629 1379 1667 uno
1406 1612 1749 1666 fundamento

175 1705 326 1760 Jesu.
357 1706 422 1761 Et
467 1708 613 1762 sol-us
660 1707 907 1762 Christus
952 1708 1069 1763 sine
1098 1706 1354 1776 apostolis
1398 1705 1521 1776 jure
1558 1704 1750 1760 dicitur

173 1799 609 1864 fundamentum,
640 1800 865 1868 apostoli
916 1809 1092 1855 autem
1138 1799 1257 1854 sine
1303 1798 1518 1854 Christo
1546 1790 1752 1851 funda-

178 1899 356 1945 menta
403 1891 664 1947 Ecclesiae
706 1892 1014 1947 nullatenus
1040 1892 1306 1947 dicentur.
1340 1892 1428 1948 Sic
1452 1892 1613 1946 etiam
1642 1906 1748 1945 cte-
1780 1908 1829 1971 Β
1854 1902 1926 1946 est
1948 1870 2890 1962 auecti‘sAngelumihie-Ecclesium
2921 1906 3061 1961 saepe
3088 1895 3213 1963 poni
3242 1870 3427 1964 aperta
3500 1886 3577 1955 7h
3614 1870 3778 1965 (χρία
3900 1928 3913 1945 -η

3624 1978 3703 2051 ίῑίῖ
3754 1991 3773 2047 ς
3824 2006 3845 2051 7

180 1993 293 2037 tera
321 1998 439 2052 qua:
469 1982 593 2038 huic
641 1984 759 2039 loco
800 1985 1217 2054 comparationis
1243 1984 1412 2054 gratia
1448 1985 1751 2052 putavimus

177 2072 513 2140 applicanda.
560 2074 867 2131 Meruerunt
916 2075 1059 2131 enim
1086 2075 1165 2129 illi
1200 2076 1259 2130 in
1305 2074 1519 2130 Christo
1566 2074 1750 2129 ﬁdeles

173 2163 485 2230 spiritaliter
504 2179 785 2235 generare,
816 2180 950 2236 quos
1001 2167 1116 2221 sine
1146 2167 1278 2235 ipsis
1300 2168 1450 2222 solus
1477 2164 1747 2232 Christus,

1846 600 1979 654 siam
2012 617 2207 656 meam.
2241 603 2317 656 Ac
2345 602 2388 656 si
2430 601 2631 657 diceret
2666 617 2682 655 :
2712 601 2885 671 Super
2920 616 3007 656 me
3034 600 3308 657 aedificabo
3342 611 3415 659 te.

1844 692 2000 747 Petra
2045 696 2185 748 enim
2211 704 2330 749 erat
2372 694 2618 749 Christus
2648 712 2660 746 :
2687 695 2766 748 sic
2793 707 2921 765 ergo
2942 702 2972 747 'a
3001 705 3149 763 petra
3182 695 3377 749 Petrus
3400 734 3418 761 ,

1845 787 1987 842 sicut
2009 801 2041 840 a
2068 787 2281 843 Christo
2308 789 2660 843 Christianus.
2702 788 2910 843 Docens
2942 787 3124 858 utique
3170 787 3419 858 fugienda

1848 877 2064 932 humani
2091 878 2290 933 erroris
2331 880 2564 944 inventa,
2594 887 2650 933 et
2675 878 2785 933 sola
2812 879 3005 934 divina:
3030 879 3269 934 veritatis
3299 893 3419 933 mu-

1848 971 2084 1025 nimenta
2131 970 2406 1025 sectanda.
2450 970 2519 1024 Et
2566 976 2764 1025 mensus
2801 982 2909 1041 est,
2936 971 3139 1041 inquit,
3172 971 3421 1027 civitatem

1847 1063 2099 1141 arundine
2146 1046 2447 1141 stadiorum.
2471 1064 2741 1118 duodecim
2785 1063 2974 1131 millia,
3003 1062 3329 1132 longitudine
3356 1072 3420 1116 ‘et

1850 1140 2132 1212 latitudine
2174 1168 2227 1212 et
2256 1140 2535 1213 altitudine
2579 1158 2787 1226 aequati.
2824 1157 2918 1211 Hic
2952 1166 3031 1211 est
3059 1156 3149 1209 illa
3176 1154 3421 1210 soliditas

1850 1249 2092 1317 veritatis
2122 1250 2353 1315 inviam,
2390 1264 2505 1319 qua.
2537 1249 2735 1303 Christi
2782 1248 3017 1303 Ecclesia
3055 1247 3157 1303 rite
3193 1250 3420 1304 Subnixu

1852 1334 2186 1393 circumferri
2218 1356 2321 1393 non
2353 1340 2548 1394 sinitur
2577 1340 2718 1393 omni
2740 1348 2898 1394 vento
2922 1339 3176 1394 doctrina;
3200 1338 3419 1412 (Ep/tes.

3460 990 3599 1114 erat

3470 1122 3479 1131 ι

1852 1429 1948 1499 1v).
1970 1431 2338 1495 Duodenarius
2364 1439 2539 1486 autem
2566 1424 2817 1486 numerus
2837 1442 3048 1487 centum
3076 1416 3447 1501 quadraginta!
3480 1446 3591 1519 fit“

1856 1532 2084 1592 quatuor
2105 1525 2336 1585 conficit,
2354 1541 2445 1593 per
2460 1541 2519 1580 se
2542 1526 2954 1593 subsummatus,
2979 1527 3260 1581 duodecies
3279 1528 3418 1580 enim
3440 1532 3445 1537 ’

1853 1604 2015 1670 decus
2040 1616 2345 1684 dipondios,
2361 1627 2573 1671 centum
2597 1620 2940 1687 quadraginta
2957 1628 3181 1688 quatuor
3203 1618 3421 1673 faciunt.

1854 1705 2103 1775 Sequitur
2132 1717 2307 1783 autem
2336 1723 2349 1758 :
2383 1708 2561 1761 Murus
2610 1718 2787 1762 autem
2819 1710 3089 1783 dimensus
3119 1718 3193 1781 est
3221 1718 3423 1783 centu-it

1854 1790 2195 1879 quddrdbiuta
2210 1784 3034 1877 quatuorcubitorum,[mensura
3067 1780 3287 1856 hominis
3311 1780 3425 1873 quin

1854 1982 2095 2037 locorum
2117 1981 2411 2051 frequentia
2440 1991 2776 2051 protestatur.
2805 1983 3139 2063 Et_quoniam
3164 1998 3229 2061 ex
3252 1983 3426 2061 homi-

1855 2074 2015 2129 nibus
2038 2073 2331 2143 conquisita
2358 2084 2569 2130 conStat
2599 2074 2857 2139 Ecclesia,
2886 2083 2940 2129 et
2960 2072 3159 2131 Christi
3199 2080 3429 2147 promis-

1853 2158 2094 2252 sionivbus
2124 2170 2436 2251 sublimata,
2465 2152 2773 2245 angelorum
2800 2154 3155 2239 aequalitatem
3209 2180 3427 2242 Sperat,

177 2253 225 2308 si
278 2256 476 2321 vellet,
534 2256 1030 2327 incomparabiliter
1082 2258 1383 2329 ‘ad0ptaret.
1445 2258 1759 2313 lMerueruntv
1855 2265 2132 2332 omnisque
2159 2262 2275 2332 ejus
2300 2264 2524 2317 intentio
2551 2278 2733 2317 eorum
2760 2263 3000 2317 societati
3024 2264 3275 2333 suspirat.
3300 2263 3429 2318 Pro-

174 2344 332 2397 etiam
358 2347 669 2416 populorum
714 2349 765 2403 in
792 2349 1005 2404 Christo
1032 2363 1155 2405 esse
1183 2350 1423 2418 magistri
1456 2358 1620 2417 atque
1649 2363 1748 2417 pa-

173 2441 371 2501 stores,
399 2437 493 2491 sed
521 2446 580 2491 ut
605 2439 808 2494 caelesti
837 2440 999 2507 Patri,
1046 2442 1302 2511 magistro
1335 2451 1495 2510 atque
1546 2441 1748 2511 pastori

175 2539 362 2582 eorum
388 2528 616 2584 servitus
638 2528 914 2586 militaret.
946 2531 1030 2585 illi
1050 2546 1187 2601 ergo
1214 2532 1502 2588 secundum
1531 2546 1749 2585 mensu-

177 2633 292 2674 ram
320 2636 481 2690 quam
507 2623 586 2677 eis
612 2624 839 2692 partitus
865 2632 948 2679 est
970 2622 1219 2679 Christus
1248 2624 1509 2679 beneﬁcio
1537 2623 1750 2679 Domini

177 2712 283 2779 sui,
318 2713 433 2783 ipse
459 2724 636 2770 autem
662 2714 908 2771 Christus
938 2716 1171 2786 potentia
1209 2716 1552 2786 singulariter
1591 2724 1749 2771 natu-

177 2804 298 2872 rali,
342 2806 411 2861 de
440 2822 547 2876 quo
577 2807 777 2864 dictum
823 2809 875 2863 in
904 2808 1197 2879 Evangelia
1240 2808 1601 2864 meminimus.
1631 2806 1751 2863 Non

178 2898 321 2952 enim
344 2899 410 2954 ad
440 2915 749 2956 mensuram
776 2902 867 2956 dat
891 2902 1030 2958 Deus
1068 2902 1314 2972 spiritum
1336 2900 1519 2972 (Iona.
1545 2900 1630 2970 tu)
1656 2940 1671 2965 ,
1697 2899 1751 2954 ia

181 2993 298 3061 ipso
324 2993 466 3048 enim
495 2994 760 3049 inhabitat
798 2994 973 3050 omnis
1010 2994 1284 3065 plenitudo
1311 2993 1606 3049 divinitatis
1627 3006 1752 3048 cor-

180 3083 435 3152 poraliter
458 3085 652 3157 (Calas.
684 3087 765 3157 ll),
797 3086 865 3142 de
892 3086 1044 3153 cujus
1076 3086 1411 3156 plenitudine
1441 3098 1539 3140 nos
1565 3099 1753 3140 omnes

181 3182 482 3246 accepimus
508 3178 682 3247 (Joan.
713 3178 776 3249 ι),
802 3187 854 3233 et
883 3180 1109 3246 gratiam
1130 3193 1226 3247 pro
1246 3180 1434 3248 gratia.
1467 3176 1750 3247 Sequitur:

1855 2363 2033 2423 pterea
2081 2354 2210 2407 dicit
2258 2360 2506 2408 mensura
2551 2352 2780 2407 hominis
2823 2368 2941 2423 quae
2979 2362 3064 2408 est
3104 2354 3317 2424 angeli,
3344 2353 3428 2408 vel

1852 2443 1994 2512 quod
2043 2444 2130 2498 illa
2157 2443 2346 2498 civitas
2370 2444 2568 2513 partim
2611 2458 2683 2498 ex
2712 2445 2913 2514 angelis
2942 2444 3011 2498 ibi
3038 2444 3147 2514 jam
3176 2453 3427 2514 perpetua

1853 2534 2106 2591 felicitate
2150 2534 2503 2599 manentibus,
2552 2536 2744 2603 partim
2786 2549 2863 2589 fex
2902 2534 3235 2605 peregrinis,
3267 2535 3319 2589 id
3347 2543 3430 2589 est

1854 2625 2158 2681 hominibus
2180 2633 2388 2680 constat
2417 2627 2621 2694 plenius
2651 2634 2955 2695 regnatura.
2982 2626 3150 2681 Aliter
3171 2627 3284 2682 sive
3308 2629 3429 2696 quia

1854 2715 2149 2771 detractum
2179 2714 2383 2770 ctelesti
2415 2714 2723 2768 habitationi
2753 2716 3060 2784 angelorum
3083 2715 3309 2785 quodam
3333 2733 3430 2771 nu-

1857 2820 2005 2862 mero
2043 2816 2497 2877 transgressorum
2531 2806 2827 2869 hominum,
2861 2821 3084 2863 numero
3120 2809 3428 2880 redempto-

1854 2913 1972 2953 rum
2031 2896 2244 2952 ﬁdimus
2292 2898 2714 2955 instaurandum.
2768 2898 2946 2955 Facile
2984 2900 3132 2955 enim
3174 2902 3430 2958 ’uberioi-e

1855 2991 2009 3060 copia
2033 2990 2426 3059 subrogabitur,
2455 3002 2560 3045 non
2592 3000 2767 3047 tamen
2794 2993 3083 3047 minuetur.
3126 2993 3258 3049 Hinc
3286 2984 3439 3050 enim

1856 3085 1908 3140 in
1928 3084 2343 3139 'Deuteronomio
2368 3083 2574 3139 canitur
2601 3084 2751 3155 (Cap.
2786 3088 2993 3155 xxxu):
3026 3085 3223 3142 Statuit
3248 3090 3428 3142 termi~

1856 3188 1953 3230 nos
1980 3176 2215 3243 gentium
2235 3175 2525 3229 secundum
2543 3190 2820 3230 numerum
2844 3176 3146 3245 angelorum
3166 3177 3290 3244 'Dei,
3318 3187 3425 3232 etc.

3622 1534 3623 1537 ~

3464 1614 3473 1676 l

3494 1732 3705 1836 [956/3

3515 2026 3565 2085 Α

184 3266 251 3321 Et
278 3268 365 3338 qui
391 3284 583 3323 mecum
611 3269 924 3339 loquebatur,
968 3269 1182 3325 habebat
1204 3269 1521 3324 arundinem
1546 3284 1753 3323 auream
1779 3284 1827 3350 ρ
1860 3270 1925 3324 Et
1966 3268 2063 3323 fuit
2085 3268 2369 3323 aediﬁcatio
2390 3271 2521 3322 muri
2566 3273 2676 3340 ejus
2702 3285 2766 3325 ea:
2791 3269 2963 3338 lapide
2982 3270 3209 3341 jaspide.
3235 3264 3427 3351 Beatus
3454 3261 3577 3370 [QC

181 3358 247 3414 ad
272 3376 580 3426 mensuram,
611 3338 947 3415 utrmett'retur
974 3362 1240 3427 civitatem,
1271 3369 1317 3416 et
1348 3369 1517 3429 portas
1544 3363 1675 3431 ejus,
1701 3368 1749 3415 et
1786 3338 1827 3350 “
1856 3363 2044 3418 Petrus
2074 3361 2284 3441 plebem
2314 3338 2626 3435 exhortatur
2655 3359 2718 3433 (1
2749 3360 2893 3417 Petr.
2934 3338 2999 3430 ni
3026 3402 3040 3427 ,
3070 3338 3132 3415 ut
3176 3344 3425 3431 tanquam
3454 3338 3557 3407 VC):

185 3465 366 3505 muros
388 3451 506 3521 ejus
530 3467 546 3516 ;
578 3460 626 3505 et
654 3452 829 3505 civitas
859 3453 911 3505 in
939 3451 1199 3521 quadrato
1235 3452 1400 3521 posita
1440 3460 1534 3515 est,
1564 3462 1611 3505 et
1640 3452 1752 3505 lon-

184 3543 358 3615 gitudo
380 3545 489 3613 ejus
519 3554 659 3598 tanta
684 3552 761 3597 est
788 3555 979 3614 quanta
1006 3552 1052 3598 et
1079 3542 1321 3598 tatitudo.
1356 3542 1609 3614 Superius
1650 3542 1752 3598 sibi

3288 3344 3411 3351 s—hi-_.

1855 3440 2073 3525 lapides
2253 3453 2578 3509 aedificentur
2608 3453 2661 3507 in
2686 3453 2906 3507 "domum
2951 3453 3301 3521 spiritualem.
3334 3452 3428 3507 Se-

1854 3551 2068 3619 quitur:
2104 3548 2364 3635 [propero
2390 3549 2563 3611 civitas
2592 3565 2654 3603 ex
2683 3564 2811 3627 auro
2858 3550 3056 3625 mundo
3076 3546 3274 3623 (similis
3296 3549 3430 3603 vitro

3512 3546 3588 3616 ri
3632 3569 3655 3616 π

185 3614 419 3690 δθθηηθδ
441 3635 571 3689 die“
592 3634 907 3690 arundinem
932 3635 1130 3701 ἀείδων
1149 3645 1397 3703 umquam
1414 3634 1754 3704 ὒΐεάίεὸιίο-
1850 3614 2070 3708 mundo.
2101 3614 2312 3697 Atti-hoc
2338 3641 2769 3697 inconvenientia
2798 3624 3022 3711 quoque
3051 3622 3337 3702 memorat,
3360 3642 3430 3696 ’ῐῐῐ
3448 3648 3461 3653 ⁷
3480 3650 3491 3657 ”
3513 3614 3531 3661 λ
3551 3650 3605 3685 ”
3624 3614 3648 3661 Τ

187 3728 269 3782 uis
299 3727 750 3797 dispensationem
788 3728 891 3782 sibi
927 3726 1269 3783 commissam
1296 3744 1307 3780 :
1334 3740 1478 3781 nunc
1496 3740 1632 3781 vero
1661 3739 1756 3779 an-

189 3818 362 3890 gelum
395 3817 485 3888 qui
512 3818 561 3872 ei
593 3818 925 3886 loquebatur,
954 3832 1168 3873 auream
1198 3817 1395 3872 habere
1424 3816 1553 3872 dicit
1596 3829 1756 3871 aruu-

192 3912 390 3975 diuem,
425 3921 482 3964 ut
509 3912 805 3978 metiretur,
836 3912 1026 3982 inquit,
1057 3911 1325 3967 civitatem
1352 3918 1409 3966 et
1434 3918 1616 3979 portas
1643 3909 1760 3979 ejus

191 4008 245 4056 et
277 4014 482 4054 muros.
512 3999 783 4054 Christum
828 4003 1005 4069 itaque
1031 4009 1243 4069 oportet
1282 4000 1527 4073 intelligi,
1559 4001 1648 4071 qui
1678 4006 1761 4053 est

1858 3732 2105 3790 omnibus
2147 3734 2581 3789 similitudinibus
2612 3735 2701 3788 nni
2746 3733 2999 3803 singulari
3030 3734 3191 3801 lapidi
3217 3734 3430 3788 Christo

1859 3825 2183 3895 singularem
2226 3824 2473 3879 deferens
2502 3824 2832 3892 dignitatem,
2867 3834 2921 3877 ut
2949 3826 2996 3879 ei
3024 3825 3197 3879 omnia
3242 3824 3433 3880 doceat

1862 3918 2110 3972 militare.
2145 3916 2277 3983 Quis
2305 3916 2447 3970 enim
2481 3916 2680 3969 nesciat
2718 3929 2903 3969 aurum
2950 3915 3087 3969 vitro
3112 3914 3430 3969 merito'dif-

1864 4008 2005 4075 ferre
2027 4016 2082 4061 et
2097 4007 2280 4061 colore
2300 4005 2556 4076 distingui
2577 4004 2598 4055 ?
2618 4004 2686 4058 Et
2716 4005 2838 4059 licet
2852 4014 3052 4059 “novum
3083 4018 3188 4059 non
3209 4005 3277 4059 sit
3304 4018 3434 4059 auro

192 4094 451 4162 sapientia
487 4092 578 4163 Dei
612 4080 665 4161 (I
692 4092 810 4145 Cor.
839 4082 877 4160 ι)
906 4093 1170 4173 attingens
1199 4106 1229 4145 a
1264 4072 1368 4144 ﬁne
1412 4106 1577 4160 usque
1603 4090 1670 4143 ad
1701 4062 1803 4143 [if
1846 4064 2162 4157 {Ecclesium
2198 4099 2435 4167 figurari,
2467 4062 2587 4164 qua:
2632 4106 2685 4149 et
2724 4097 2777 4149 in
2808 4096 3140 4150 candelabris
3182 4097 3355 4150 aureis
3383 4104 3437 4151 et
3618 4094 3637 4149 ἰ

194 4176 579 4263 nciiijortiter,
598 4192 653 4261 et
674 4184 961 4261 disponens
988 4182 1166 4237 omnia
1192 4183 1430 4249 suaviter
1451 4181 1605 4252 (Sap.
1626 4179 1759 4250 vui).

200 4264 326 4330 intra
351 4276 579 4346 legimus
609 4274 792 4347 (Prov.
826 4264 934 4344 xvi)
962 4291 974 4325 :
1012 4272 1249 4341 Accipite
1277 4274 1587 4342 sapientiam
1629 4273 1767 4327 sicut

1860 4189 2063 4259 phialis
2108 4198 2328 4258 propter
2357 4187 2629 4256 sapientiae
2650 4187 2857 4239 ‘cultum
2888 4200 3029 4255 saepe
3058 4197 3308 4253 conceptu
3340 4188 3469 4241 de-‘

1870 4279 2142 4347 scribitur,
2190 4276 2289 4331 hoc
2311 4286 2484 4331 tamen
2513 4284 2783 4344 permovet
2811 4276 2950 4344 quod
2978 4276 3438 4329 aurum'mundum

194 4382 407 4421 aurum.
444 4369 508 4421 Et
537 4382 719 4421 revera
752 4366 851 4420 soli
892 4365 1105 4420 Christo
1127 4366 1251 4420 licet
1273 4364 1445 4419 metiri
1472 4355 2011 4455 civitatemgﬂfvitm
2050 4367 2254 4422 mundo
2297 4367 2617 4421 consimilat.
2677 4366 2809 4419 Illud
2856 4376 3035 4419 autem
3090 4366 3439 4434 significatum

198 4459 284 4528 qui
317 4450 600 4529 unicuique
647 4456 879 4519 ﬁdelium
920 4456 1272 4535 spiritualium
1326 4454 1594 4508 distribuit
1628 4450 1837 4507 dona
1871 4459 2147 4522 existimo,
2197 4456 2337 4526 quod
2386 4456 2631 4526 prazdixit
2661 4456 2976 4523 Apostolus,
3005 4455 3187 4510 dicens
3222 4455 3277 4526 (I
3319 4456 3436 4512 Cor.

198 4552 511 4621 gratiarum,
542 4552 630 4622 qui
677 4553 835 4605 etiam
859 4591 873 4615 ,
905 4551 1043 4603 sicut
1071 4548 1327 4616 legimus,
1350 4547 1536 4615 omnia
1591 4547 1643 4599 in
1674 4560 1770 4599 nu-

1874 4550 1947 4620 tv)
1974 4568 1985 4603 :
2018 4549 2193 4604 Nolite
2222 4556 2347 4603 ante
2377 4559 2587 4616 tempus
2606 4547 2867 4616 judicare,
2894 4547 3239 4617 quoadusque
3266 4549 3443 4604 veniat

201 4634 370 4709 mero,
401 4652 455 4697 et
499 4656 763 4705 mensura,
808 4650 861 4695 et
908 4639 1140 4710 pondere
1184 4638 1443 4708 disposuit
1472 4636 1631 4707 (Sap.
1664 4635 1763 4705 χι).
1874 4642 2149 4705 Dominus,
2180 4641 2270 4711 qui
2302 4651 2354 4697 et
2376 4639 2699 4696 illuminabit
2727 4640 3037 4697 abscondita
3062 4642 3440 4710 tenebrarum,

204 4736 330 4789 Iltl'é
350 4728 605 4789 nimirum
634 4733 895 4788 dimensio
933 4731 1158 4785 (ivitatis
1184 4731 1249 4784 ab
1286 4729 1541 4799 Apostolo
1569 4742 1769 4781 memo-

202 4833 368 4890 ratur,
413 4840 533 4877 cum
564 4824 689 4878 dicit
731 4823 945 4895 (Ephes.
974 4824 1053 4888 tv)
1080 4837 1093 4875 :
1124 4819 1423 4875 Secundum
1467 4833 1770 4873 mensuram

202 4915 501 4972 donationis
523 4912 714 4967 ChriSti
734 4931 747 4978 ;
768 4914 1000 4981 itemque
1017 4910 1233 4984 (Ep/tes.
1254 4912 1333 4980 tu)
1362 4928 1373 4961 :
1398 4909 1523 4963 Mihi
1553 4910 1773 4963 minimo

204 5006 439 5061 omnium
492 5014 795 5061 sanctorum
824 5004 943 5057 data
968 5012 1049 5057 est
1089 5004 1203 5057 haec
1244 5003 1415 5072 gratia
1447 5003 1497 5056 in
1524 5001 1815 5085 gentibus“

204 5099 587 5167 evangelizare.
627 5096 749 5151 Ideo
795 5110 924 5149 sane
952 5095 1139 5149 civitas
1186 5094 1237 5147 in
1268 5093 1528 5164 quadrato
1560 5095 1771 5167 posita,

204 5200 258 5244 et
288 5190 429 5242 omni
471 5204 540 5243 ex
575 5195 724 5258 parte
761 5185 962 5254 {crinale
991 5185 1181 5238 dicitur
1207 5184 1539 5239 dimensione
1568 5183 1772 5261 locata,

206 5300 305 5351 qua
328 5265 479 5336 'uulla
527 5282 719 5335 sinitur
750 5281 800 5333 in
831 5276 1020 5348 mquali
1049 5277 1359 5331 diversitate
1386 5275 1601 5330 mutari.
1643 5276 1775 5330 [’er-

208 5376 328 5429 fecti
351 5374 492 5428 enim
521 5372 812 5428 secundum
836 5370 1151 5440 Apostoluur
1177 5367 1231 5438 (Ι
1250 5366 1369 5423 Cor.
1399 5368 1438 5437 ι)
1462 5382 1602 5433 esse,
1637 5366 1776 5420 idem

207 5482 417 5536 sapere,
450 5480 630 5534 pacem
662 5465 876 5529 habere,
909 5476 1035 5516 vere
1062 5469 1142 5515 est
1174 5460 1226 5513 in
1267 5459 1532 5512 soliditate
1578 5456 1776 5526 quadra

209 5554 518 5615 subsiStere.
546 5560 660 5626 Ipsa
689 5567 769 5613 est
797 5559 985 5611 civitas
1014 5570 1173 5626 quam
1204 5567 1365 5624 super
1391 5561 1624 5608 montem
1655 5552 1783 5636 adi:

211 5646 539 5716 licalamﬂd
584 5659 694 5717 est,
724 5666 883 5719 super
928 5665 986 5705 se
1038 5649 1341 5713 fundatam,
1394 5648 1444 5699 in
1496 5646 1783 5715 Evangelia

211 5746 465 5800 Dominus
495 5742 1045 5813 protestatur(Matth.
1072 5742 1149 5811 v).
1174 5741 1254 5797 Ad
1283 5740 1384 5795 hoc
1410 5748 1465 5793 et
1486 5738 1664 5804 Petro,
1693 5739 1785 5809 qui

212 5840 431 5911 figuram
457 5836 615 5892 totius
643 5838 891 5910 gestabat
930 5836 1207 5905 Ecclesia,
1230 5835 1359 5892 dicit
1392 5832 1607 5907 (Matth.
1632 5832 1741 5904 xvi)
1768 5850 1783 5892 :

1879 4742 1932 4788 et
1962 4732 2320 4788 manifestabit
2345 4732 2566 4787 consilia
2609 4731 2870 4787 cordium.
2902 4732 2956 4787 lu
2986 4734 3121 4789 vitro
3156 4735 3293 4789 enim
3338 4752 3443 4791 non

1877 4824 2020 4878 aliud
2066 4823 2437 4879 manifestatur
2465 4829 2724 4890 exterius,
2772 4813 3109 4893 quaquuo'd‘
3140 4822 3445 4881 continetur
3492 4812 3557 4889 ἐζ,
3592 4842 3603 4879 ς

1884 4915 2127 4969 interius.
2160 4915 2423 4981 Quocirca
2449 4916 2810 4985 illud'tempns
2832 4915 2919 4969 hic
2946 4914 3078 4969 liber
3103 4918 3441 4984 annuntians,
3510 4916 3513 4923 ’

1879 4990 1987 5077 quo
2007 5008 2105 5062 sibi
2130 5007 2357 5061 invicem
2386 5007 2738 5074 cogitationes
2767 5007 2818 5060 in
2843 5008 3158 5061 alterutrum
3190 5009 3449 5078 perspica-

1832 5074 1865 5151 f‘
1882 5086 2016 5152 citer
2043 5096 2399 5162 declarantur,
2431 5096 2655 5151 ﬁdenter
2682 5096 2816 5150 vitro
2859 5109 3045 5150 aurum
3092 5098 3261 5152 voluit
3303 5113 3450 5152 com-

1884 5203 2111 5259 parare;
2143 5186 2393 5257 quidquid
2430 5198 2607 5241 autem
2637 5197 2761 5241 tunc
2798 5186 2959 5241 inerit
2996 5188 3303 5257 cogitationi
3328 5203 3452 5243 san-

1884 5292 2113 5346 ctorum,
2171 5279 2444 5350 sapientiae
2480 5278 2654 5349 ‘l'ulget
2710 5278 2985 5333 honestate
3034 5281 3314 5349 decorum,
3367 5281 3451 5336 cui

1870 5356 2079 5431 merito
2126 5374 2374 5443 congruit
2419 5381 2805 5442 comparatum.
2840 5371 2989 5443 Nunc
3036 5373 3177 5429 enim
3231 5383 3455 5441 quauta-

1891 5482 2099 5537 cunque
2144 5467 2263 5535 quis
2291 5466 2487 5518 virtute
2510 5463 2804 5532 prmcellat,
2849 5472 3006 5517 nemo
3042 5464 3154 5517 scit
3181 5463 3453 5517 hominum
3544 5468 3555 5515 ἢ
3606 5484 3607 5489 η
3648 5506 3665 5537 ,._

1890 5575 2009 5631 qua:
2061 5564 2186 5610 sunt
2214 5555 2464 5619 hominis,
2512 5554 2610 5609 nisi
2643 5554 2858 5623 spiritus
2895 5553 3121 5609 hominis
3149 5553 3237 5624 qui
3264 5555 3317 5609 in
3343 5556 3456 5624 ipso

1892 5658 1973 5704 est
2002 5648 2053 5715 (1
2078 5648 2196 5703 Cor.
2232 5648 2311 5716 ιι).
2337 5648 2522 5713 Aliter,
2553 5646 2637 5701 vel
2667 5646 2807 5716 quod
2837 5648 3029 5701 vitrum
3054 5662 3149 5717 pro
3176 5661 3273 5702 suo
3292 5650 3458 5705 modo

1896 5740 1945 5795 iu
1977 5756 2171 5810 genere
2201 5755 2299 5796 suo
2332 5732 2546 5810 prersus
2587 5738 2837 5795 emineat.
2888 5736 3245 5795 Fundamenta
3280 5751 3459 5798 autem

1895 5850 1958 5889 ea:
1983 5834 2125 5890 enini
2154 5833 2326 5905 lapide
2346 5832 2585 5902 pretiose.
2617 5830 2756 5888 Et'iu
2782 5831 2989 5891 muco
3016 5832 3243 5905 legimus
3279 5830 3462 5893 Tobiae
