3968 6354
526 376 628 433 927
1639 370 1935 433 PRIMASII
1954 369 2423 465 ,ADRUMETANI
2468 371 2679 432 EPISC.
3762 377 3867 434 928

530 502 682 575 (Cap.
713 501 839 574 xm)
871 518 886 560 :
912 500 1141 574 lapides
1182 499 1403 572 pretiosi
1441 512 1628 556 omnes
1656 499 1799 555 muri
1830 497 1929 553 tui.
1959 497 2028 553 Et
2058 497 2113 553 in
2139 498 2195 583 Α
2218 492 2489 581 ιιοιιννίᾶί,
2521 493 2784 551 Dominus
2828 493 2971 551 enim
3004 496 3143 553 Deus
3172 498 3527 570 omnipotens
3558 506 3633 555 et
3669 501 3865 571 Agnos

528 594 662 649 Isaia
690 594 770 651 sic
804 595 956 666 (Cap.
985 594 1093 665 uv)
1122 610 1138 650 :
1170 593 1311 649 Ecce
1334 608 1433 665 ego
1460 602 1696 648 sternam
1740 606 1836 663 per
1864 592 2106 648 ordinem
2219 586 2475 656 templum
2497 586 2640 643 illius
2663 596 2767 643 est.
2791 587 3033 645 Ecclesia
3053 590 3216 659 enim,
3254 594 3579 661 praesertim
3619 598 3860 649 remotis

529 687 733 758 lapides
758 695 900 758 ωοε,
922 698 975 744 ει
999 687 1232 743 ιὐηάδδο
1263 688 1315 742 in
1333 686 1621 758 sapphiris,
1646 695 1701 743 ει
1722 701 1915 758 ponam
1938 684 2109 756 jaspi-
2214 676 2327 747 jam
2356 676 2609 747 zizaniis,
2643 678 2696 733 in
2728 680 2859 736 solis
2907 681 3092 737 electis
3141 685 3455 755 exsultans,
3493 687 3559 742 in
3608 686 3855 743 Domino

529 780 651 837 dem
694 780 1089 852 propugnacula
1142 787 1262 845 tua,
1320 786 1376 834 et
1417 788 1600 850 portas
1649 787 1763 835 tuas
1794 779 1848 833 in
1904 776 2108 847 lapides
2219 777 2428 825 sacrata
2456 778 2660 837 manet,
2686 780 2937 842 tanquam
2958 773 3012 828 in
3029 775 3229 845 templo
3250 779 3422 832 tutius
3441 779 3849 848 requiescens,

528 873 791 942 sculptos,
830 882 883 928 et
908 886 1095 928 omnes
1125 872 1383 928 terminos
1414 880 1533 927 tuos
1573 873 1627 927 in
1668 871 1870 942 lapides
1900 870 2112 927 deside.
2218 867 2327 915 uta
2348 874 2457 930 quo
2482 860 2750 916 existendi
2776 864 3007 933 sumpsit
3031 866 3313 935 originem,
3334 877 3390 923 et
3420 868 3846 938 redemptionis

529 966 759 1033 rabiles;
785 975 841 1021 et
876 966 1144 1037 quomodo
1173 967 1217 1021 si
1253 976 1549 1037 exponeret
1592 966 1734 1038 quod
1764 966 2011 1034 dicebat,
2043 980 2110 1022 ne
2218 963 2441 1023 exPer“!
2470 964 2553 1011 εει
2591 957 2890 1024 Ιθηίιθιθῐηι
2921 959 2975 1014 in
3025 960 3142 1030 ipso
3172 962 3386 1019 Malam
3421 980 3673 1033 quoque
3710 967 3840 1022 obti-

529 1065 757 1113 terrenae
786 1056 1001 1113 fabricae
1031 1057 1292 1112 ambitum
1320 1058 1611 1113 carnaliter
1648 1059 1913 1129 cogitares
1934 1100 1950 1126 ,
1977 1056 2106 1113 sub-

524 1146 658 1218 jecit
682 1155 838 1218 atque
867 1146 939 1203 ait
960 1145 1113 1218 (Isai.
1147 1148 1312 1218 xnv):
1350 1147 1637 1203 Universos
1669 1149 1807 1204 ﬁlios
1848 1156 1968 1203 tuos
2008 1147 2109 1203 do-

526 1246 643 1296 ctos
671 1254 700 1293 a
730 1240 980 1307 Domino,
1012 1248 1067 1296 et
1093 1241 1482 1296 multitudinem
1515 1240 1661 1310 pacis
1687 1240 1811 1297 ﬁliis
1846 1242 1973 1305 tuis,
2000 1248 2107 1296 etc.

526 1330 622 1387 His
642 1332 830 1388 beatus
862 1333 1056 1389 Paulus
1084 1334 1376 1389 concinens
1407 1333 1673 1399 sensibus,
1711 1333 1840 1388 dicit
1892 1333 2109 1405 (Ephes.

527 1421 601 1494 ιι)
626 1439 640 1477 :
668 1421 1090 1493 Superazdiﬁcati
1120 1439 1281 1494 super
1308 1423 1713 1480 fundamentum
1744 1426 2108 1495 apostolorum

527 1528 584 1576 et
614 1520 1016 1589 prophetarum,
1035 1520 1153 1589 ipso
1178 1535 1390 1576 summo
1418 1520 1661 1591 angulari
1690 1521 1869 1590 lapide
1897 1521 2111 1577 Christo

528 1610 691 1677 Jesu,
720 1612 775 1667 in
806 1629 910 1683 quo
959 1612 1137 1667 omnis
1167 1613 1449 1669 tediﬁcatio
1485 1623 1792 1669 constructa
1836 1614 2031 1669 crescit
2057 1614 2110 1668 in

530 1702 786 1770 templum
807 1712 1048 1758 sanctum
1080 1704 1133 1758 in
1166 1704 1414 1759 Domino.
1450 1703 1689 1758 Primum
1719 1705 2113 1773 fundamentum

460 1792 463 1827 ⁵
527 1794 716 1864 jaspis.
749 1792 860 1848 Hoc
888 1794 1029 1864 quod
1060 1794 1259 1849 dudum
1287 1794 1445 1863 dixit,
1478 1795 1822 1851 fundamenta
1847 1807 2023 1851 autem
2045 1812 2113 1851 ex

2219 1056 2344 1103 neat
2370 1052 2722 1105 mansionem.
2749 1050 2843 1105 His
2872 1052 3015 1107 enim
3047 1053 3215 1108 tribus
3243 1058 3425 1110 omnis
3452 1055 3598 1125 ejus
3634 1073 3835 1114 summa

2220 1141 2492 1211 perficitur
2517 1158 2659 1204 esse,
2684 1158 2866 1212 nosse,
2890 1144 3130 1215 diligere.
3161 1147 3298 1201 Deus
3326 1158 3520 1203 autem
3555 1165 3694 1204 eam
3720 1168 3831 1207 cea-

2219 1233 2354 1289 didit
2383 1232 2799 1301 informandam,
2829 1236 3149 1293 illuminavit
3184 1249 3458 1309 vocatam,
3496 1241 3828 1300 beatiﬁcarit

2218 1322 2466 1388 electam,
2488 1339 2610 1378 cum
2632 1339 2692 1379 se
2718 1323 2847 1379 facit
2865 1328 3129 1395 promissa
3149 1329 3568 1398 gloriﬁcatione
3596 1329 3820 1389 habitare

2219 1414 2509 1485 perlectam
2534 1458 2548 1482 ,
2574 1432 2679 1471 non
2706 1416 2816 1486 jam
2848 1432 2947 1488 per
2973 1417 3131 1474 ﬁdem
3179 1421 3564 1476 ambulantem
3589 1463 3607 1487 ,
3646 1424 3740 1478 sed
3777 1427 3817 1479 is

2218 1508 2397 1577 specie
2453 1509 2898 1579 congaudentem.
2930 1508 3000 1564 Et
3048 1512 3256 1579 civitas,
3308 1512 3536 1581 inquit,
3571 1528 3684 1566 non
3731 1528 3818 1585 ῳα

2218 1602 2326 1656 sole
2351 1612 2403 1657 et
2434 1603 2580 1669 luna,
2610 1614 2665 1658 ut
2696 1604 2896 1657 luceant
2925 1605 2971 1659 ei
2998 1621 3012 1670 ;
3037 1621 3155 1658 nam
3177 1605 3388 1658 claritas
3422 1603 3537 1658 Dei
3568 1606 3810 1662 illuminat

2219 1708 2351 1761 eam,
2376 1701 2423 1747 et
2451 1693 2661 1747 lucerna
2695 1696 2805 1766 ejus
2833 1694 3010 1764 Agnus
3033 1703 3125 1749 est.
3176 1695 3381 1750 Volens
3413 1711 3526 1751 nos
3549 1697 3629 1750 ab
3651 1699 3811 1754 usitata

2220 1783 2400 1839 diurni
2433 1786 2788 1855 nocturnique
2816 1785 3033 1840 luminis
3052 1786 3429 1841 vicissitudine
3453 1789 3700 1841 omnino
3716 1805 3810 1845 ses-

530 1883 679 1938 omni
708 1884 882 1954 lapide
911 1886 1165 1955 pretioso,
1200 1901 1341 1941 nunc
1388 1901 1710 1942 enumerans
1756 1888 2069 1941 nominatim
2094 1868 2121 1956 ,’
2146 1892 2195 1955 Β
2223 1879 2489 1948 pendere.
2515 1886 2570 1934 ει
2596 1878 2663 1933 ad
2698 1878 2829 1934 illud
2861 1878 3042 1934 lumen
3070 1878 3525 1934 incommmabile
3551 1896 3808 1947 ι’θτοαην

530 1976 789 2047 excurrit.
835 1976 1154 2045 Secundum,
1187 1979 1498 2049 sapphirus;
1536 1982 1758 2046 tertium,
1788 1980 2113 2049 chalcedon;

528 2056 785 2135 ()qu
814 2072 1147 2141 smaragdus;
1177 2072 1430 2140 quintum,
1454 2072 1750 2142 sardonyx;
1772 2082 2117 2141 sextum,sar-

530 2148 647 2211 “dius
673 2174 692 2222 ;
718 2159 1012 2227 septimum,
1036 2159 1418 2231 chrysolitltus;
1448 2170 1699 2229 octavum,
1733 2162 1955 2233 beryllus
1980 2181 1998 2229 ;
2025 2178 2118 2217 no-

483 2246 491 2275 ‘
530 2264 685 2315 num,
719 2252 984 2321 topasius;
1007 2253 1291 2321 decimum,
1321 2254 1722 2325 chrysoptasus;
1766 2258 2114 2325 undecimum,

356 2322 381 2405 ί
533 2344 879 2415 hyacinthus;
908 2348 1287 2415 duodecimum,
1329 2322 1663 2421 amethgstus.
1705 2322 1833 2406 ilstis
1872 2322 2119 2406 similitu;

308 2482 312 2489 .
354 2462 415 2527 [η
450 2432 455 2433 ί
532 2436 746 2490 dinibus
774 2437 1010 2506 lapidum
1032 2441 1294 2508 omnium,
1325 2441 1698 2513 signiﬁcantur
1719 2444 1913 2499 decora
1945 2458 2007 2499 ac
2027 2445 2120 2499 ﬁr-

244 2528 259 2553 ί
286 2530 289 2533 ·
408 2526 417 2543 ‘
444 2532 447 2535 ‘
470 2536 495 2559 "-
530 2534 807 2580 rnamenta
838 2528 1092 2585 virtutum
1122 2531 1313 2600 quibus
1342 2541 1396 2588 et
1422 2533 1786 2604 unusquisque
1812 2545 2118 2591 sanctorum

536 2616 849 2687 spiritaliter
870 2629 1220 2690 perornatur;
1245 2632 1301 2678 et
1323 2624 1375 2677 in
1404 2623 1521 2693 ipso
1564 2632 1674 2678 tota
1714 2624 1902 2679 civitas
1931 2625 2121 2682 iisdem

542 2717 791 2778 tanquam
824 2710 1089 2781 lapidibus
1111 2720 1166 2768 et
1188 2714 1383 2770 robore
1405 2714 1584 2781 ﬁrma,
1611 2721 1666 2770 et
1685 2714 1960 2770 varietatis
1976 2716 2122 2772 cultu

535 2810 745 2870 compta
789 2801 1129 2859 describitur.
1175 2803 1244 2859 Et
1270 2804 1542 2859 duodecim
1575 2813 1780 2875 portas,
1819 2806 2037 2875 εἰηθιιιω
2060 2824 2125 2862 ea:

535 2891 749 2963 singulis
785 2895 1099 2965 margaritis.
1132 2894 1284 2961 Quod
1311 2895 1379 2951 de
1400 2911 1509 2951 uno
1535 2896 1886 2953 fundamento
1908 2897 2124 2956 Christo

538 2988 593 3035 ct
623 2980 902 3038 duodecim
954 2983 1211 3053 apostolis
1238 2984 1376 3053 Agni
1418 2986 1550 3040 satis
1572 3000 1841 3057 superque
1866 2988 2120 3057 diximus,

544 3070 647 3126 hoc
674 3072 835 3128 etiam
864 3072 932 3130 de
970 3088 1075 3129 una
1103 3076 1390 3145 margarita
1411 3117 1426 3145 ,
1454 3076 1504 3131 id
1542 3087 1654 3142 est,
1686 3076 1933 3146 Christo,
1965 3095 2187 3153 quam“

542 3167 841 3238 negotiator
884 3168 1164 3226 inveniens
1219 3169 1450 3225 venditis
1504 3170 1755 3227 omnibus
1800 3175 2131 3243 comparavit
2166 3190 2202 3246 ς)

2221 1968 2353 2024 dicit
2380 1987 2394 2023 :
2424 1982 2529 2024 non
2553 1979 2675 2040 eget
2701 1969 2815 2026 sole
2838 1977 2893 2025 et
2915 1971 3072 2036 luna;
3100 1986 3198 2026 nec
3223 1971 3419 2025 eodem
3452 1971 3656 2025 ordine
3684 1972 3805 2027 illm

2221 2060 2469 2116 irradiari
2499 2062 2691 2117 asserit
2729 2062 3024 2131 civitatem,
3052 2063 3146 2118 sed
3192 2062 3351 2133 longe
3384 2065 3628 2119 meliore
3657 2073 3707 2119 et
3738 2065 3805 2119 in-

2220 2151 2420 2208 effabili
2449 2152 2604 2220 luce,
2646 2152 2773 2208 Sole
2815 2154 3021 2210 scilicet
3067 2154 3320 2224 justitiae,
3354 2171 3524 2225 quem
3570 2157 3803 2225 propheta

2220 2259 2527 2301 memorans
2571 2245 2706 2301 dicit
2753 2244 3013 2315 (Malach.
3046 2244 3119 2317 iv)
3152 2265 3163 2299 :
3198 2246 3267 2300 Et
3304 2248 3521 2302 sanitas
3551 2248 3607 2302 in
3638 2249 3802 2317 pennis

2223 2339 2358 2409 ejus.
2390 2340 2508 2409 ipse
2538 2348 2619 2396 est
2646 2340 2789 2395 enim
2812 2354 2971 2395 verus
2992 2339 3153 2419 ﬁlius,
3186 2347 3241 2394 et
3264 2340 3378 2394 vita
3407 2351 3633 2407 eterna,
3668 2356 3799 2395 rer:-

2222 2449 2327 2503 que
2354 2433 2447 2488 lux
2491 2448 2612 2504 quae
2653 2433 2916 2488 illuminat
2946 2448 3159 2489 omnem
3190 2433 3476 2489 hominem
3520 2436 3787 2488 venientem

2222 2529 2276 2585 in
2307 2528 2448 2583 hunc
2489 2527 2749 2583 mundum
2777 2527 2958 2599 (Joan.
2992 2528 3052 2599 1).
3084 2528 3237 2596 Quod
3268 2528 3363 2598 qui
3391 2529 3451 2584 in
3485 2528 3581 2583 hoc
3614 2527 3788 2582 sarculo

2224 2620 2276 2675 in
2308 2620 2517 2676 Deitate
2540 2634 2641 2676 nec
2667 2620 2854 2676 oculus
2894 2619 3049 2687 vidit,
3081 2634 3181 2675 nec
3205 2620 3356 2674 auris
3389 2619 3613 2686 audivit,
3636 2633 3728 2673 nec
3746 2618 3794 2672 in

2224 2726 2320 2768 cor
2346 2712 2579 2769 hominis
2607 2713 2850 2769 ascendit
2878 2711 2934 2785 (I
2958 2712 3081 2769 Cor.
3109 2712 3195 2782 ιι),
3227 2713 3427 2767 melius
3467 2728 3530 2767 ac
3557 2711 3693 2783 quod
3723 2710 3795 2765 hic

2225 2803 2395 2870 dixit,
2440 2805 2697 2875 explicari
2725 2820 2831 2861 non
2860 2807 3035 2877 potuit
3064 2824 3077 2860 :
3111 2806 3375 2873 Claritas,
3414 2806 3673 2876 inquiens,
3702 2805 3799 2859 Do-

2227 2897 2357 2953 mini
2395 2897 2665 2953 illuminat
2692 2914 2832 2967 eam,
2862 2908 2918 2955 et
2948 2901 3165 2956 lucerna
3190 2899 3310 2970 ejus
3337 2902 3513 2970 Agnos
3540 2911 3653 2965 est;
3681 2898 3801 2969 quid

2228 2987 2369 3043 enim
2403 2989 2743 3058 potissimum
2792 2991 3012 3047 daretur
3048 2992 3316 3061 vincenti,
3339 3008 3487 3063 quam
3530 3002 3585 3045 nt
3616 2994 3799 3063 ipsum

2233 3091 2503 3138 mereatur
2532 3099 2814 3139 munerum
2864 3086 3175 3156 largitorem
3210 3088 3363 3155 potiri
3392 3087 3417 3141 ἲ
3443 3086 3561 3156 ipso
3602 3088 3803 3158 quippe

2230 3173 2432 3229 lumine
2468 3174 2679 3231 fruetur
2724 3177 2781 3229 in
2828 3177 3032 3246 patria,
3062 3194 3171 3248 quo
3219 3194 3360 3233 nunc
3410 3178 3800 3257 regimurwgg

544 3260 758 3332 (Matth.
788 3262 940 3332 xui),
977 3270 1031 3318 et
1059 3261 1125 3317 de
1167 3262 1447 3319 duodecim
1479 3263 1633 3319 decet
1681 3266 2022 3322 considerare
2049 3268 2123 3324 le-
2152 3266 2200 3329 C
2229 3261 2435 3322 dientes
2467 3266 2519 3321 in
2559 3269 2643 3321 via
2673 3286 2685 3321 :
2712 3269 2898 3324 eodem
2932 3269 3205 3326 informati
3250 3271 3393 3325 inter
3437 3270 3577 3325 bona
3604 3254 3795 3325 climata

542 3360 773 3421 gentem.
803 3352 868 3408 Et
892 3352 1096 3423 plateas
1124 3353 1240 3425 ejus
1262 3370 1328 3411 ex
1356 3369 1486 3410 auro
1515 3356 1911 3425 limpido,sicut
1937 3359 2125 3414 vitrum

550 3444 845 3515 limpidum.
879 3446 993 3502 lam
1025 3447 1235 3503 dixerat
1264 3448 1404 3519 quod
1437 3449 1624 3506 civitas
1646 3465 1713 3506 ex
1742 3466 1873 3509 auro
1901 3454 2124 3524 mundo,

2232 3360 2610 3430 discernimus,
2642 3379 2747 3433 quo
2773 3375 2896 3420 tunc
2935 3364 3220 3421 beatiﬁcati
3249 3366 3362 3420 sola
3390 3382 3512 3438 quae
3540 3368 3676 3422 bona
3695 3373 3796 3420 sunt

2231 3451 2523 3507 cernimus.
2559 3452 2625 3508 Et
2668 3453 3035 3524 ambulabunt,
3078 3456 3281 3526 inquit,
3325 3467 3501 3526 gentes
3543 3462 3597 3512 in
3636 3458 3797 3511 lamin

542 3535 736 3591 similis
764 3537 904 3593 vitro
930 3538 1150 3606 mundo,
1180 3539 1267 3595 vel
1312 3539 1453 3608 quod
1493 3541 1833 3599 fundamenta
1863 3543 1981 3614 ejus
2019 3544 2193 3627 εἰηιῶ
2231 3546 2366 3616 ejus,
2392 3554 2439 3600 et
2476 3560 2617 3616 reges
2644 3553 2791 3601 teme
2818 3546 3032 3615 aﬂ'erent
3064 3548 3365 3604 claritatem
3394 3566 3548 3604 suam
3593 3550 3645 3604 in
3675 3564 3788 3603 eam.

2140 3614 2168 3639 μ,

547 3640 609 3680 ex
641 3627 787 3681 omni
816 3628 992 3696 lapide
1022 3630 1281 3699 pretioso.
1312 3631 1464 3698 Quod
1504 3634 1570 3688 ad
1597 3643 1845 3703 potentes
1871 3626 2168 3712 Ecclesiae)"
2237 3636 2351 3692 iloc
2375 3651 2505 3693 sane
2535 3637 2707 3693 voluit
2745 3638 2829 3694 his
2860 3640 3017 3695 dictis
3056 3640 3313 3712 intelligi,
3344 3642 3492 3711 quod
3541 3643 3671 3698 idem
3701 3643 3795 3712 ipse

548 3719 754 3773 aestimo
781 3721 1141 3775 referendum.
1174 3722 1321 3777 Nunc
1350 3723 1418 3778 de
1456 3723 1649 3793 plateis
1694 3726 1889 3796 adjecit
1917 3708 2151 3800 dicens,i
2194 3718 2211 3741 ⁸

547 3819 601 3866 et
630 3810 773 3879 ipsas
799 3826 863 3865 ex
889 3826 1021 3866 auro
1044 3812 1268 3882 limpido
1311 3813 1451 3869 sicut
1479 3815 1698 3885 vitrum,
1730 3815 1925 3886 inquit,
1953 3818 2129 3891 limpi-

556 3897 705 3965 dum,
729 3909 979 3970 tanquam
1007 3900 1196 3970 plateze
1217 3902 1282 3956 ad
1305 3901 1627 3972 descriptam
1648 3905 1848 3962 dudum
1876 3924 1981 3964 non
2010 3925 2132 3977 per-

552 3987 752 4041 tineant
788 3988 1096 4054 civitatem;
1124 3990 1221 4045 sed
1254 3991 1373 4047 illos
1415 3992 1501 4048 hic
1546 3997 1797 4063 parvulos
1840 3998 2130 4069 signiﬁcari

551 4077 812 4145 coniicio,
842 4077 907 4133 de
949 4078 1140 4149 quibus
1182 4096 1322 4136 nunc
1368 4081 1562 4138 dicitur
1589 4084 1775 4156 (Psal.
1818 4090 2127 4162 cxxxvm):

553 4167 924 4237 Imperfectum
951 4186 1126 4225 meum
1152 4172 1396 4230 viderunt
1426 4176 1566 4231 oculi
1591 4179 1686 4246 tui,
1713 4188 1768 4235 et
1796 4180 1847 4236 in
1876 4181 2011 4238 libro
2039 4193 2131 4241 tuo

554 4276 743 4317 omnes
768 4263 1093 4319 scribentur.
1121 4265 1360 4337 Itemque
1392 4267 1573 4339 (Prov.
1600 4270 1715 4342 ιιι),
1750 4272 1816 4327 Ει
1846 4288 1965 4329 cum
2000 4275 2132 4331 sim-

555 4354 781 4423 plicibus
807 4357 1190 4414 sermocinatio
1216 4360 1354 4431 ejus,
1386 4364 1529 4434 quod
1557 4365 1762 4421 scilicet
1788 4366 1892 4436 ipsi
1918 4383 2131 4439 quoque

553 4445 652 4500 hoc
684 4463 902 4503 munere
954 4464 1059 4504 non
1110 4451 1458 4520 fraudentur,
1508 4471 1737 4528 suasque
1781 4460 2132 4529 cogitationes

550 4537 665 4590 vice
693 4547 873 4593 mutua
903 4543 1353 4613 contemplentur.
1398 4545 1546 4602 Sicut
1591 4549 1732 4603 enim
1760 4549 1955 4619 plateae
1998 4551 2133 4608 infe-

2234 3728 2417 3801 Agnus
2442 3731 2514 3785 sit
2534 3733 3001 3803 peregrinantibus
3027 3735 3132 3803 via,
3166 3736 3258 3807 qui
3292 3744 3424 3793 tunc
3460 3737 3651 3793 civibus
3682 3741 3786 3793 vita.

2233 3821 2500 3891 Quidquid
2529 3823 2671 3876 enim
2718 3825 2895 3894 adepti
2927 3825 3122 3881 fuerint
3164 3827 3447 3897 dignitatis
3468 3874 3482 3898 ,
3512 3830 3679 3885 debitis
3702 3843 3787 3882 ne-

2238 3927 2389 3968 cesse
2423 3921 2506 3968 est
2533 3914 2777 3970 laudibus
2804 3916 2998 3972 honori
3027 3919 3309 3975 conferant
3336 3921 3621 3992 largitoris.
3638 3921 3791 3990 Reges

2186 4014 2414 4061 nautem
2442 4006 2528 4063 hic
2551 4009 2823 4077 spiritales
2853 4010 3001 4079 dicit,
3033 4012 3100 4067 de
3119 4014 3313 4083 quibus
3338 4016 3577 4085 legimus
3598 4034 3610 4068 :
3630 4006 3795 4069 Potens

2196 4138 2205 4153 .
2234 4102 2339 4160 est,
2365 4103 2419 4151 et
2447 4096 2538 4150 dat
2563 4098 2816 4155 virtutem
2848 4094 3059 4171 regibus
3092 4104 3312 4171 nostris,
3345 4115 3404 4159 et
3432 4107 3685 4162 exaltarit
3708 4120 3793 4159 cor-

2234 4204 2309 4244 nu
2330 4189 2529 4246 Christi
2550 4192 2633 4247 sui
2666 4193 2713 4263 (1
2748 4194 2876 4268 Reg.
2901 4197 2983 4268 ιι).
3012 4195 3080 4251 Et
3121 4209 3282 4269 porta:
3316 4202 3431 4271 ejus
3460 4219 3573 4256 non
3596 4204 3795 4255 clauden-

2234 4280 2442 4349 turdie,
2484 4300 2590 4338 nox
2629 4287 2761 4339 enim
2803 4288 2873 4342 ibi
2905 4306 3005 4343 non
3045 4291 3159 4346 erit.
3206 4291 3413 4347 Lumen
3456 4296 3601 4365 Agni
3645 4311 3794 4364 perpe-

2235 4381 2415 4441 tuum,
2457 4375 2566 4429 imo
2597 4376 2771 4446 ipsum
2804 4394 2901 4448 pro
2931 4381 3131 4438 lumine
3184 4386 3587 4454 sempiternum
3608 4432 3623 4456 ,
3663 4391 3707 4444 in
3730 4390 3795 4442 illa

2235 4464 2448 4520 civitate
2474 4467 2685 4523 sublato
2708 4473 2879 4526 noctis
2907 4480 3149 4543 tempore
3169 4490 3436 4534 memorat
3458 4482 3795 4548 profuturum,

2236 4554 2376 4610 sicut
2402 4555 2564 4612 Isaias
2590 4576 2602 4611 :
2627 4559 2760 4627 Erit,
2797 4563 2987 4631 inquit,
3020 4564 3170 4636 (Cap.
3203 4569 3369 4640 vai),
3418 4570 3503 4626 eis
3534 4572 3797 4628 mensis‘er

551 4628 680 4682 riori
710 4629 825 4683 loco
855 4632 1003 4699 poni,
1035 4634 1112 4689 sic
1137 4637 1269 4691 tales
1301 4638 1487 4693 humili
1519 4641 1768 4698 videntur
1794 4645 1913 4700 loco
1954 4646 2129 4703 salva-
2153 4641 2209 4704 D
2234 4660 2453 4717 mense,
2482 4658 2539 4704 et
2577 4628 2880 4707 sabbatum
2902 4628 2979 4710 ex
2996 4628 3249 4726 sabbato,
3285 4628 3589 4722 innmense
3635 4665 3799 4736 signiti-

549 4721 589 4774 ri
619 4739 631 4773 :
665 4721 803 4791 quod
833 4723 877 4777 si
912 4725 963 4778 in
996 4726 1185 4794 plateis
1212 4727 1437 4785 latitudo
1466 4732 1810 4803 intelligenda
1842 4746 1922 4791 est
1947 4736 2127 4793 chari-

551 4812 694 4877 tatis,
727 4813 953 4871 diversis
984 4817 1151 4872 voluit
1177 4821 1456 4877 vocabulis
1506 4825 1812 4895 significare
1840 4829 2124 4896 perfectos.

550 4900 701 4957 Tunc
727 4915 901 4960 autem
925 4905 1037 4976 jam
1063 4909 1242 4965 nullus
1271 4912 1343 4967 ibi
1383 4912 1655 4984 indignus,
1683 4917 1858 4973 nullus
1885 4921 2127 4979 invenie-

550 5003 635 5050 tur
660 4998 914 5067 parvulus
934 5010 1026 5056 aut
1047 5004 1313 5068 inﬁrmus,
1340 5004 1464 5062 licet
1493 5008 1630 5064 alius
1650 5010 1759 5066 alio
1780 5008 2124 5081 prmmiomm

547 5090 741 5145 clarius
770 5093 1001 5148 emineat
1044 5094 1401 5165 disparilitate
1440 5100 1756 5158 sublimior:
1790 5106 1945 5161 stella
1981 5109 2123 5165 enim

549 5183 616 5235 ab
636 5183 792 5239 stella
813 5182 992 5240 diﬁ‘ert
1011 5186 1064 5241 in
1087 5188 1351 5258 claritate,
1375 5191 1449 5245 ait
1469 5191 1759 5260 Apostolus
1789 5195 1845 5269 (1
1870 5198 1986 5254 Cor.
2009 5200 2122 5271 xv),

549 5274 626 5329 sic
653 5282 709 5329 et
746 5279 1067 5333 resurrectio
1096 5290 1448 5337 mortuorum.
1480 5283 1747 5353 Templum
1775 5298 1954 5345 autem
1985 5291 2039 5344 in
2065 5307 2128 5345 ea

548 5378 647 5420 non
677 5367 811 5433 uidi,
858 5367 1108 5423 Dominus
1136 5372 1275 5425 enim
1324 5372 1462 5427 Deus
1514 5377 1833 5447 omnipotens
1872 5388 1918 5433 et
1949 5380 2124 5453 Agnus

546 5462 786 5531 templum
810 5459 953 5515 illius
974 5470 1067 5517 est.
1092 5461 1239 5519 Sicut
1262 5466 1518 5521 membris
1548 5466 1771 5537 singulis
1799 5484 1994 5541 corpus
2016 5488 2123 5528 ex-

549 5553 799 5619 struitur,
824 5554 903 5608 sic
932 5554 1183 5624 pretiosis
1205 5548 1470 5626 lapidibus
1498 5560 1776 5629 templum,
1799 5570 1852 5618 et
1870 5566 2124 5633 quoniam

546 5657 651 5697 non
683 5645 792 5699 vult
823 5659 919 5700 nos
947 5647 1312 5705 materialibus
1340 5648 1607 5705 machinis
1643 5651 1874 5722 deditos,
1908 5658 2123 5714 carnale

548 5732 744 5803 aliquid
774 5732 860 5790 hic
901 5753 965 5793 ex
997 5738 1180 5795 inolita
1210 5741 1594 5798 consuetudine
1621 5742 1892 5813 cogitare,
1926 5746 1994 5801 ab
2024 5747 2125 5805 hac
2170 5790 2173 5807 ς

546 5838 648 5882 nos
699 5825 993 5886 intentione
1036 5830 1401 5903 suspendens,
1434 5832 1600 5895 dicit:
1628 5836 1908 5907 Templum
1955 5839 2009 5896 in
2055 5854 2121 5900 ea

2237 4751 2366 4792 cans
2411 4738 2631 4808 lumen,
2676 4753 2893 4814 propter
2946 4748 3315 4816 plenissimum
3363 4754 3514 4810 lunae
3552 4759 3795 4829 fulgorem.

2234 4829 2290 4884 in
2331 4831 2558 4887 sabbato
2612 4846 2920 4905 perpetuam
2954 4843 3218 4911 requiem.
3259 4848 3336 4900 Ac
3360 4849 3411 4901 si
3439 4848 3655 4907 diceret
3693 4869 3705 4904 :
3736 4852 3798 4904 lu-

2233 4936 2357 4977 men
2379 4924 2458 4979 eis
2485 4938 2551 4979 ex
2581 4926 2781 4983 lumine
2807 4970 2821 4994 ,
2854 4940 2909 4986 et
2934 4933 3146 5002 requies
3197 4944 3399 4993 aeterna
3441 4942 3528 4996 eis
3561 4944 3799 4997 continua-

2235 5024 2320 5070 tur
2347 5029 2414 5071 ex
2440 5017 2643 5087 requie.
2689 5019 2841 5097 Quod
2888 5032 3066 5080 autem
3094 5037 3261 5095 portae
3306 5044 3416 5085 non
3463 5033 3799 5095 claudentur.

2182 5106 2199 5139 έ
2234 5106 2562 5175 plenissimae
2583 5112 2889 5168 securitatis
2914 5115 3111 5184 judicia
3140 5118 3510 5179 declarantur.
3542 5127 3659 5181 Non
3683 5127 3798 5180 enim

2235 5200 2307 5256 ibi
2334 5201 2441 5272 jam
2491 5203 2683 5259 dicitur
2708 5246 2722 5271 ,
2766 5205 2990 5277 Vigilate
3033 5219 3088 5266 et
3126 5224 3315 5281 orate,
3374 5227 3435 5272 ut
3472 5236 3593 5276 non
3622 5220 3803 5281 intretis

2235 5287 2287 5343 in
2336 5294 2681 5348 tentationem
2717 5294 2940 5366 (Matth.
2999 5301 3161 5372 xxvr)
3190 5346 3206 5371 ,
3240 5292 3333 5360 scd
3374 5310 3802 5383 potius,\’aca‘te

2234 5390 2291 5438 et
2328 5383 2504 5441 videte
2534 5390 2781 5455 quoniam
2830 5404 2930 5461 ego
2976 5408 3095 5449 sum
3128 5396 3384 5454 Dominus
3435 5400 3628 5472 (Psal.
3670 5402 3800 5457 xm.

2234 5472 2312 5528 lbi
2344 5473 2567 5531 honeste
2614 5477 2855 5549 diligitur
2891 5484 3032 5551 quod
3076 5486 3321 5554 videtur,
3354 5492 3471 5547 sine
3522 5494 3802 5549 cessatione

2229 5562 2529 5619 laudabitur
2558 5567 2699 5636 quod
2721 5581 2965 5631 amatur;
2990 5574 3061 5630 ibi
3093 5591 3192 5632 nec
3221 5585 3513 5637 marcescit
3539 5585 3800 5654 quisquam

2228 5656 2377 5725 otio,
2411 5672 2512 5713 nec
2560 5657 2810 5730 fatigatur
2853 5664 3022 5722 laudis
3081 5678 3408 5739 perpetuane
3460 5680 3698 5747 negotio.
3744 5673 3797 5726 Et

2228 5753 2681 5820 ponenthonorem
2703 5764 2750 5810 et
2777 5758 3113 5827 majestatem
3139 5766 3365 5835 gentium
3387 5768 3442 5821 in
3464 5784 3545 5823 ea.
3572 5749 3796 5841 Emi!

2227 5858 2298 5901 ex
2324 5846 2575 5904 omnibus
2595 5849 2843 5919 gentibus
2871 5857 3265 5928 congreganda.
3292 5859 3360 5915 Et
3389 5878 3491 5918 non
3520 5846 3725 5918 mirati:
3748 5862 3792 5913 is
