3968 6354
146 349 250 408 929
1167 340 1609 402 COMMENTAR.
1650 340 1717 400 IN
1754 337 2132 400 APOCALYP.
2173 338 2307 397 LIB.
2346 338 2412 395 ν.
3323 334 3429 395 950

140 476 207 517 ea
226 472 387 516 omne
418 457 785 527 immundum,
816 465 865 516 et
892 459 1086 531 faciens
1114 458 1543 516 abominationem
1578 460 1733 528 vitae,
1764 459 1819 524 Δ
1842 458 2151 516 videntibus
2187 458 2379 514 Deum.
2411 452 2549 510 ilinc
2589 450 2814 524 legimus
2855 450 3031 527 (Prol.
3058 450 3206 522 cxxt)
3232 466 3248 507 :
3271 449 3429 508 Jeru-

147 550 254 605 nisi
277 552 364 621 qui
391 552 568 622 scripti
587 553 777 608 suntin
801 552 929 608 libro
956 554 1074 608 vitae
1095 553 1250 625 Agni.
1268 553 1457 609 Futuri
1480 552 1805 625 temperies,
1841 553 2009 608 salem
2031 592 2047 619 ,
2074 566 2191 623 quae
2236 548 2535 606 aediﬁcatur
2561 552 2621 601 ut
2646 546 2870 612 civitas,
2907 543 3065 616 cujus
3091 541 3431 614 participatio

145 642 543 721 circumscribit
564 644 1119 721 Ecclesiam,quando
1144 624 1253 701 non
1278 645 1418 701 sicut
1447 659 1588 701 nunc
1612 624 1808 716 persp
1841 646 1960 716 ejus
1990 646 2045 701 in
2071 644 2327 714 idipsum.
2361 644 2419 700 Si
2462 650 2642 700 autem
2674 640 2879 697 fructus
2922 640 3113 696 mortis
3138 639 3309 694 beatae
3334 639 3434 692 im-

144 720 493 818 mixios‘cum
537 737 691 823 bonis
718 730 1087 796 cohabitantes
1118 739 1317 810 patitur
1351 740 1556 805 malos,
1590 738 1739 823 “quia
1841 739 2185 796 mortalitatis
2241 738 2523 810 accipitur,
2578 744 2725 793 recte
2770 735 2896 791 folia
2938 742 3212 806 perpetua:
3262 732 3439 789 laudis

144 827 249 909 soli
268 812 636 885 cnm’Christo
658 830 792 905 boni
815 831 1136 909 regnabant,
1167 846 1293 888 cum
1323 847 1431 903 quo
1454 840 1511 888 et
1544 814 1738 901 tﬁiio
1843 829 2161 900 intelligitur
2190 839 2415 898 cantus,
2441 828 2586 900 quod
2613 828 2665 883 in
2699 826 2928 883 sanitate
2969 824 3114 881 cadit
3138 824 3284 882 felici
3315 824 3428 895 jam

144 908 656 979 eadeiiTIei'usalem
683 908 961 982 caelestem
982 934 1209 982 matrem
1242 927 1485 982 omnium
1510 926 1740 983 ﬁdeliter

145 1020 557 1087 permanebunt.
593 1020 650 1075 In
697 1021 816 1091 ejus
840 1035 968 1077 sane
999 1021 1138 1092 Agni
1165 1020 1306 1077 libro
1331 1020 1464 1076 dicit
1485 1022 1740 1092 scriptos,

145 1110 242 1179 qui
263 1110 394 1167 dicit
428 1128 443 1169 :
474 1111 744 1180 Gaudete,
778 1114 903 1183 quia
936 1113 1156 1169 nomina
1182 1121 1362 1170 vestra
1391 1113 1592 1185 scripta
1617 1121 1744 1171 sunt

144 1205 201 1259 in
235 1204 373 1259 caelo
406 1203 557 1275 (Luc.
584 1203 664 1276 x).
694 1204 946 1275 Sequitur
974 1224 988 1259 :

218 1296 348 1352 Car.
374 1312 505 1351 xxn.
539 1298 603 1351 Et
633 1298 858 1353 ostendit
890 1298 1014 1353 milii
1037 1297 1235 1354 ﬂumen
1266 1314 1415 1371 aqua:
1439 1298 1585 1365 vitae,
1616 1313 1745 1356 can-

1848 934 1999 983 sorte
2025 925 2341 981 canentibus
2367 942 2379 977 :
2412 923 2487 979 ibi
2511 925 2654 979 enim
2676 920 2914 993 gentium
2943 918 3151 977 curatio
3177 933 3327 987 vera,
3350 932 3436 975 re-

1847 1018 2084 1088 demptio
2110 1017 2295 1087 plena,
2338 1024 2395 1072 et
2430 1014 2658 1072 felicitas
2685 1014 3035 1085 sempiterna.
3074 1012 3181 1068 Sed
3210 1010 3437 1067 thronus

1848 1109 1947 1165 Dei
1973 1118 2022 1165 et
2042 1108 2175 1181 Agni
2204 1108 2308 1165 erit
2328 1108 2381 1162 in
2409 1123 2492 1164 ea.
2524 1107 2640 1164 Non
2666 1107 2800 1164 dixit
2822 1115 3002 1174 erunt,
3022 1120 3199 1177 neque
3220 1104 3437 1170 throni;

1848 1202 1941 1259 ubi
1969 1202 2112 1258 enim
2135 1203 2310 1257 unitas
2340 1207 2425 1257 est
2456 1200 2715 1256 naturalis
2756 1211 2810 1256 et
2841 1199 3181 1269 indiﬁ'erens,
3212 1198 3441 1269 gloriam

1850 1295 2078 1352 Deitatis
2095 1296 2165 1351 ibi
2188 1295 2423 1351 maxime
2450 1294 2817 1350 commendari
2845 1293 3103 1363 Oportuit,
3118 1307 3259 1348 unus
3288 1291 3441 1347 thro-

149 1391 336 1447 didum
377 1394 527 1464 quasi
552 1395 873 1467 crystallum,
907 1397 1093 1452 exiens
1126 1398 1189 1450 de
1217 1398 1339 1451 sede
1381 1396 1481 1452 Dei
1509 1404 1555 1452 et
1584 1396 1833 1469 Αῃηὶκξ)
1853 1404 1956 1446 nus
1993 1389 2332 1445 indivisibilis
2359 1387 2641 1455 sessionis,
2672 1389 2763 1457 qui
2785 1403 2885 1443 nec
2909 1388 3126 1443 Arianae
3156 1385 3440 1457 pravitatis

151 1499 251 1554 per
273 1484 502 1540 mediam
527 1487 755 1556 plateam
772 1490 905 1560 ejus.
929 1487 986 1542 In
1010 1489 1229 1545 flumine
1248 1489 1373 1545 vitae,
1395 1484 1797 1555 civitatisime-‘r‘

158 1577 369 1669 digper
392 1580 663 1636 mediante
681 1580 817 1651 (Sic)
837 1597 942 1636 non
954 1566 1149 1637 adhuc
1169 1582 1461 1638 celebratio
1482 1583 1748 1639 indicatur

154 1662 415 1759 baplismi
437 1714 453 1740 ,
504 1672 836 1759 sedfructus
858 1672 971 1743 jam
1000 1673 1171 1744 ipsius
1198 1674 1526 1731 revelabitur
1563 1691 1747 1751 sacra-

1851 1491 1972 1539 astu
2002 1482 2192 1551 dividi,
2211 1497 2313 1539 nec
2335 1482 2656 1538 Sabellianae
2675 1480 2929 1537 vanitatis
2953 1480 3444 1551 possitsuspicione

1850 1573 2125 1638 confundi,
2154 1573 2250 1629 sed
2279 1573 2559 1629 catholicae
2601 1581 2807 1628 tantum
2837 1572 3078 1629 veritatis
3097 1614 3112 1639 ,
3163 1586 3282 1642 quae
3313 1569 3447 1626 ado-

1852 1665 2091 1737 ptionem
2102 1665 2306 1733 videre,
2325 1666 2479 1735 cujus
2501 1666 2661 1721 etiam
2679 1675 2823 1723 recta
2839 1665 3168 1723 credulitatis
3184 1666 3445 1736 probatur

162 1750 367 1845 ιιῑὲιῐιίξ
388 1763 548 1820 Modo
570 1750 718 1821 enim
764 1766 818 1821 in
869 1742 1124 1838 lacrymis
1157 1769 1475 1837 seminatur,
1514 1769 1658 1840 quod
1691 1742 1839 1845 ῐηξ
1853 1758 2195 1815 confessione
2220 1758 2414 1815 teneri.
2442 1757 2513 1811 Et
2537 1758 2775 1813 videbunt
2797 1759 2982 1829 faciem
3010 1759 3145 1830 ejus.
3173 1755 3437 1814 Conside-

162 1844 359 1926 gamus
390 1866 516 1913 tunc
540 1868 770 1915 metetur
792 1858 968 1931 (Psal.
998 1862 1185 1930 cxxv).
1222 1861 1289 1917 Et
1318 1862 1440 1918 ideo
1471 1880 1615 1921 nunc
1645 1865 1746 1920 Ec-
1766 1840 1980 1916 ‘Brans
2011 1851 2272 1907 visionem
2301 1850 2557 1920 Dei,-qu:e
2585 1851 2787 1905 sanctis
2806 1850 2860 1903 in
2883 1849 3062 1905 futuro
3089 1847 3442 1920 promittitur,

155 1949 319 2005 clesia
340 1952 574 2006 seminat
604 1952 660 2006 in
704 1952 927 2022 spiritu,
966 1961 1025 2009 ut
1053 1954 1122 2010 de
1152 1956 1343 2026 spiritu
1376 1966 1544 2014 metat
1586 1959 1750 2015 vitam

157 2050 415 2096 aeternam
446 2040 645 2114 (Galat.
676 2046 780 2115 vr).
820 2047 953 2100 Cum
982 2046 1163 2118 itaque
1192 2051 1526 2120 experientia
1552 2053 1751 2123 proba-

158 2131 356 2200 vimus,
386 2134 601 2201 quando
629 2149 729 2190 nos
775 2134 1023 2194 utilitatis
1074 2139 1283 2197 fructus
1314 2141 1589 2200 invenerit
1632 2160 1756 2215 per-

161 2225 311 2294 cepti
339 2227 506 2295 gratia
532 2228 881 2297 sacramenti,
909 2238 1035 2287 tunc
1076 2233 1408 2290 manifestari
1445 2235 1499 2291 in
1546 2236 1756 2296 Joanne

164 2315 427 2373 Ecclesia
474 2319 788 2383 perhibetur
834 2323 1035 2378 flumen
1083 2339 1239 2395 aqua:
1297 2326 1423 2382 vita:
1467 2329 1753 2386 candidum

161 2412 314 2480 quasi
344 2412 677 2481 crystallum,
712 2413 764 2467 id
804 2423 889 2469 est
917 2415 1184 2471 stabilitas
1227 2418 1281 2472 in
1310 2418 1434 2474 ﬁde.
1474 2418 1577 2487 Qui
1608 2422 1755 2477 enim

158 2501 528 2568 perseveravit
553 2517 723 2573 usque
752 2503 807 2559 iu
852 2505 1036 2573 ﬁnem,
1066 2507 1155 2563 hic
1184 2509 1367 2566 salvus
1404 2512 1508 2567 erit
1534 2511 1750 2583 (Matth.

160 2608 220 2660 x,
259 2593 427 2664 xxtv).
472 2594 590 2651 Hoc
619 2596 928 2667 signiﬁcans
953 2640 968 2667 ,
1009 2601 1256 2670 sequitur
1291 2603 1397 2657 :Et
1428 2620 1493 2658 ea:
1540 2614 1755 2677 utraque

164 2694 310 2754 parte
332 2688 563 2757 [luminis
586 2686 784 2759 lignum
804 2691 946 2756 vitae,
970 2692 1192 2758 a/ferens
1238 2694 1434 2764 fructus
1463 2696 1753 2769 duodecim,

160 2794 255 2845 per
292 2778 522 2848 singulos
551 2796 747 2835 menses
778 2783 1045 2838 reddentes
1074 2787 1301 2854 fructum
1331 2803 1505 2855 suum,
1535 2799 1583 2843 et
1629 2789 1758 2859 folia

161 2870 293 2943 ligni
323 2873 376 2927 in
405 2875 743 2931 curationem
760 2880 1008 2949 gentium,
1028 2895 1207 2952 neque
1232 2882 1402 2939 ullum
1431 2885 1758 2941 maledictum

162 2964 276 3035 jam
300 2967 417 3022 erit.
446 2966 505 3022 ln
532 2968 815 3026 duodecim
864 2954 1138 3029 niensibus
1168 2990 1330 3032 omne
1370 2986 1581 3050 tempus
1626 2980 1759 3037 insi-

164 3069 318 3139 nuat,
347 3071 401 3116 et
416 3060 832 3132 perpetuitatem
856 3066 1076 3122 omnino
1091 3067 1355 3139 designat.
1382 3071 1649 3137 Quocirca
1668 3072 1758 3129 ubi

144 3129 285 3147 *η*-

165 3142 321 3222 iing
343 3163 603 3222 mternus,
627 3156 772 3212 nulla
796 3173 1031 3229 unquam
1052 3160 1236 3217 inesse
1256 3161 1588 3233 signiﬁcatur
1615 3164 1759 3221 ﬁniri

1855 1946 2036 2017 magni
2051 1958 2173 2001 esse
2202 1942 2379 1999 meriti
2402 1958 2645 2012 causam,
2671 1952 2727 1998 et
2747 1942 3041 1998 excellenti
3060 1958 3281 2013 prorsus
3306 1940 3445 1997 aesti-

1855 2040 2098 2096 matione
2119 2038 2478 2110 pendendam.
2507 2036 2635 2111 Legi
2656 2034 3289 2110 [F.elegi]S.Augustini
3309 2034 3453 2107 dicta
3498 2074 3501 2075 ν

1858 2136 1984 2192 huic
2005 2137 2125 2193 loco
2147 2150 2383 2209 congrua
2404 2118 2690 2200 deﬁorare,
2712 2141 2771 2187 ut
2790 2132 2907 2202 ipso
2933 2131 3163 2187 docente
3184 2132 3454 2201 possimus

1858 2232 2033 2302 qualis
2062 2232 2240 2288 futura
2287 2214 2667 2302 promittatur,
2714 2226 3081 2282 indubitanter
3129 2237 3450 2297 agnoscere.
3534 2234 3543 2261 κ

1858 2308 2106 2381 Νεῶἶιθ
2152 2324 2363 2379 visione
2393 2308 2493 2377 Dei
2519 2320 2586 2376 ad
2640 2319 2915 2374 Paulinam
2962 2316 3211 2372 scribens
3265 2315 3440 2371 dicit:

1859 2404 2331 2486 Donecwdiligenti
2378 2398 2742 2483 inquisitione,
2778 2409 2824 2465 si
2856 2408 3125 2464 Dominus
3154 2406 3442 2477 adjuverit,

1857 2508 2162 2578 reperiatur
2187 2505 2314 2577 quid
2344 2503 2641 2562 secundum
2663 2501 2970 2571 Scripturas
2990 2499 3059 2555 de
3084 2496 3314 2569 spiritali
3333 2511 3456 2551 cor-

1859 2615 1991 2671 pore
2012 2598 2155 2670 quod
2200 2600 2253 2655 in
2283 2596 2681 2655 resurrectione
2721 2592 3076 2666 promittitur,
3120 2589 3457 2661 probabilius

1859 2692 2199 2749 sentiendum
2230 2692 2320 2756 sit,
2352 2690 2568 2746 interim
2600 2688 2757 2743 nobis
2784 2685 3020 2741 sufﬁciat
3044 2682 3188 2755 quod
3217 2680 3454 2753 unigeni-

1861 2792 1946 2839 tus
1975 2783 2170 2851 l‘ilius,
2198 2782 2452 2852 idemque
2483 2779 2746 2836 mediator
2774 2778 2868 2833 Dei
2896 2786 2951 2833 et
2977 2774 3256 2831 hominum
3286 2774 3449 2829 homo

1860 2873 2107 2931 Christus
2127 2873 2285 2929 Jesus
2314 2870 2370 2943 (Ι
2407 2870 2543 2926 Tim.
2576 2871 2637 2941 ιι)
2666 2869 2738 2925 ita
2786 2869 2934 2924 videt
2960 2866 3178 2923 Patrem
3206 2865 3347 2921 sicut
3374 2865 3461 2918 vi-

1868 2968 2026 3023 detur
2052 2983 2081 3022 a
2115 2966 2295 3022 Patre.
2322 2965 2432 3021 Nos
2455 2973 2634 3020 autem
2655 2962 2722 3018 ad
2752 2962 2895 3018 illam
2914 2961 3176 3017 visionem
3198 2960 3316 3027 Dei,
3339 2973 3459 3027 qua:

1860 3059 2092 3119 nobisin
2107 3059 2508 3116 resurrectione
2533 3056 2884 3127 promittitur,
2901 3070 3009 3111 non
3039 3070 3105 3111 ex
3129 3053 3232 3110 hoc
3254 3051 3458 3109 mundo

1860 3151 2016 3206 istam
2031 3150 2527 3222 concupiscentiam
2551 3150 2829 3204 oculorum
2858 3146 3151 3203 transferre
3172 3160 3454 3212 conemur,

170 3243 431 3300 ariditas:
458 3246 550 3301 ubi
580 3247 820 3317 perfecta
846 3261 902 3307 et
931 3252 1143 3308 stabilis
1166 3255 1389 3323 sanitas,
1414 3258 1559 3311 nulla
1588 3258 1759 3314 inter-

1865 3245 1960 3303 sed
1986 3244 2304 3300 mandandis
2338 3242 2593 3300 cordibus
2632 3243 2721 3313 pio
2752 3240 3066 3297 studeamus
3086 3237 3313 3305 affectu;
3342 3252 3448 3294 nec

167 3335 337 3406 pellat
366 3352 583 3407 prorsus
614 3340 925 3399 inﬁrmitas.
972 3344 1124 3411 Quod
1155 3346 1419 3417 propheta
1449 3349 1757 3419 promittit,

169 3427 358 3484 dicens
379 3428 515 3500 (Isa.
548 3432 714 3503 xxxv)
739 3450 753 3488 :
779 3434 1045 3491 Gaudium
1072 3445 1128 3493 et
1156 3438 1396 3495 Iustitiam
1419 3441 1759 3512 obtinebunt,

168 3519 336 3591 fugiet
359 3522 514 3579 dolor
540 3532 595 3579 et
614 3527 869 3595 gemitus.
921 3528 1147 3600 Lignum
1174 3531 1304 3587 illud
1335 3540 1419 3589 est
1437 3534 1581 3604 quod
1603 3535 1760 3605 plan-

171 3622 341 3671 tatum
370 3616 596 3688 legimus
626 3634 783 3677 secus
812 3622 1084 3679 decursus
1106 3640 1371 3696 aquarum
1405 3625 1577 3696 (Psal.
1604 3628 1668 3697 ι),
1693 3628 1764 3684 de

171 3722 279 3777 quo
306 3716 360 3764 et
388 3709 648 3767 Jeremias
674 3713 805 3769 dicit
830 3712 982 3786 (Cap.
1015 3715 1172 3787 xvn),
1223 3719 1366 3789 quod
1389 3718 1456 3775 ad
1480 3719 1764 3776 humorem

179 3800 356 3856 mittet
385 3802 595 3860 radices
617 3820 765 3874 suas,
789 3808 879 3877 qui
904 3822 1057 3879 spem
1082 3820 1137 3866 et
1167 3810 1415 3867 ﬁduciam
1447 3813 1500 3867 in
1527 3811 1759 3870 Domino

175 3893 424 3952 collocat.
466 3895 637 3952 Aliter
680 3898 878 3957 ﬂumen
921 3915 1075 3973 aquae
1116 3902 1261 3972 vitae,
1286 3912 1420 3971 etc.,
1462 3914 1611 3962 recte
1648 3905 1765 3976 ipse

177 3984 295 4041 fons
344 3988 467 4042 vitae
522 3990 777 4047 Dominus
815 3992 973 4049 Jesus
1026 3993 1276 4053 Christus
1332 3998 1626 4070 signiﬁcari
1676 4015 1769 4057 co-

177 4079 478 4148 gnoscitur,
506 4080 573 4136 de
597 4096 701 4151 quo
731 4083 957 4153 legimus
980 4085 1341 4160 (Psal.xxxv)
1378 4107 1390 4144 :
1421 4090 1577 4160 Apud
1606 4100 1660 4148 te
1686 4102 1770 4149 est

176 4172 297 4227 fons
320 4172 463 4242 vitae,
487 4175 615 4231 etin
640 4176 841 4234 lumine
872 4187 963 4236 tuo
979 4180 1284 4239 videbimus
1306 4184 1510 4242 lumen.
1530 4188 1653 4258 ipse
1684 4199 1770 4245 est
1800 4212 1801 4215 η

177 4264 350 4332 enim,
374 4268 828 4332 quemadmodum
865 4271 1091 4344 legimus
1110 4274 1268 4348 (Sap.
1297 4275 1416 4347 vn),
1440 4278 1620 4350 Imago
1650 4295 1767 4336 ma-

175 4356 382 4427 iestatis
400 4360 518 4431 Dei,
544 4363 724 4418 omnia
746 4375 959 4434 potens,
978 4376 1033 4424 et
1059 4382 1383 4438 permanens
1406 4369 1459 4427 in
1487 4386 1566 4440 se,
1585 4374 1767 4429 omnia

180 4449 401 4506 innovat
429 4461 482 4508 et
529 4469 623 4523 per
652 4465 838 4525 gentes
865 4457 918 4513 in
949 4460 1159 4517 animas
1199 4471 1414 4519 sanctas
1456 4465 1765 4537 requiescit.

180 4540 273 4595 llle
293 4541 469 4612 itaque
498 4545 637 4611 fons,
669 4547 758 4616 qui
786 4548 981 4605 ﬂuvius
1008 4566 1022 4604 :
1050 4550 1167 4607 fons
1189 4593 1204 4619 ,
1231 4567 1298 4608 eo
1335 4553 1478 4624 quod
1506 4554 1563 4609 in
1594 4571 1653 4611 se
1682 4556 1769 4612 in-

1865 3337 2199 3407 corporalem
2244 3336 2436 3391 faciem
2475 3335 2798 3406 cogitemus,
2849 3348 2974 3390 cum
3006 3331 3138 3387 dicit
3164 3330 3457 3402 Apostolus

1869 3432 1923 3505 (ι
1954 3432 2074 3488 Cor.
2107 3431 2223 3503 χιιι)
2253 3450 2266 3485 :
2302 3430 2561 3488 Videmus
2590 3445 2732 3486 nunc
2760 3444 2858 3499 per
2900 3426 3179 3499 speculum
3228 3425 3284 3481 in
3326 3425 3463 3481 aani-

1865 3536 2064 3601 gmate,
2097 3537 2224 3584 tunc
2249 3536 2430 3584 autem
2465 3525 2604 3583 facie
2629 3526 2697 3583 ad
2728 3525 2947 3590 faciem;
2980 3522 3282 3594 praesertim
3331 3522 3458 3592 quia

1868 3622 2186 3693 expressius
2224 3621 2359 3677 dixit
2408 3620 2603 3692 (Ibid.)
2631 3638 2645 3675 :
2676 3620 2826 3675 Nunc
2855 3619 2968 3674 scio
2997 3632 3064 3673 ex
3092 3625 3279 3688 parte,
3334 3626 3461 3672 tunc

1867 3722 2048 3770 autem
2077 3727 2401 3784 cognoscam
2431 3713 2573 3769 sicut
2619 3720 2673 3768 et
2706 3710 2951 3782 cognitus
2977 3725 3119 3766 sum.
3164 3707 3318 3765 Unde
3346 3707 3466 3777 quis

1868 3822 1991 3864 eum
2040 3822 2147 3863 non
2176 3805 2441 3878 intelligat
2495 3819 2564 3862 eo
2611 3805 2733 3860 loco
2761 3805 2926 3860 etiam
2975 3809 3220 3858 nostram
3261 3799 3460 3855 faciem

1868 3902 2013 3958 illam
2054 3902 2362 3972 signiﬁcare
2393 3899 2631 3956 voluisse
2658 3898 2726 3955 de
2778 3912 2882 3968 qua
2908 3896 3039 3953 dicit
3068 3896 3177 3952 alio
3222 3894 3347 3951 loco
3376 3889 3462 3963 (II

1871 3996 1990 4050 Cor.
2016 3996 2134 4065 tu):
2166 3993 2276 4050 Nos
2302 4002 2482 4050 autem
2513 3992 2749 4050 revelata
2792 3990 2931 4046 facie
2970 3990 3198 4060 gloriam
3248 3983 3468 4043 Domini

1871 4090 2235 4158 speculantes,
2267 4089 2321 4143 in
2347 4087 2598 4144 eamdem
2622 4085 2911 4155 imaginem
2934 4083 3383 4139 transformamur
3397 4079 3467 4136 de

1872 4178 2041 4251 gloria
2072 4178 2125 4232 in
2151 4178 2399 4247 gloriam,
2430 4186 2685 4247 tanquam
2709 4191 2740 4231 a
2762 4175 2973 4230 Domini
3005 4174 3199 4243 spiritu
3220 4191 3234 4226 :
3252 4172 3321 4228 de
3349 4174 3438 4241 glo

1875 4273 1957 4329 ria
1981 4272 2186 4328 scilicet
2215 4270 2359 4338 ﬁdei,
2387 4271 2438 4325 in
2462 4270 2687 4338 gloriam
2715 4265 3192 4335 contemplationis
3221 4271 3464 4319 aeternas.

1874 4364 1988 4421 Hoc
2025 4362 2223 4433 quippe
2275 4361 2386 4432 agit
2430 4360 2547 4414 haec
2594 4356 3026 4422 transformatio,
3080 4367 3187 4428 qua
3235 4351 3465 4407 interior

1874 4456 2035 4512 homo
2063 4460 2352 4511 renovatur
2382 4451 2450 4506 de
2479 4450 2567 4507 die
2590 4450 2643 4505 in
2674 4449 2815 4505 diem
2848 4445 2938 4520 (II
2963 4446 3085 4504 Cor.
3122 4444 3230 4516 tv);
3262 4444 3331 4499 de
3356 4457 3467 4514 quo

1874 4555 1931 4604 et
1956 4545 2227 4619 apostolus
2258 4544 2448 4601 Petrus
2468 4585 2482 4609 ,
2516 4557 2640 4600 cum
2670 4556 2791 4597 eum
2823 4546 3068 4596 moneret
3092 4536 3275 4597 ornari
3305 4554 3320 4591 :
3347 4535 3466 4591 Non

180 4636 571 4692 commutabilis
612 4647 856 4707 maneat;
900 4640 1123 4711 ﬂuvius,
1178 4644 1319 4715 quod
1350 4646 1415 4700 ad
1453 4646 1765 4704 societatem
1794 4652 1848 4713 D
1872 4652 1991 4711 quae
2016 4653 2046 4693 a
2076 4636 2207 4693 foris
2237 4642 2483 4702 ornatur,
2532 4633 2705 4703 inquit
2740 4631 2794 4705 (ι
2826 4631 2973 4688 Petr.
3006 4629 3112 4703 ιιι),
3146 4628 3461 4700 capillorum

180 4737 488 4783 sanctorum
511 4745 571 4786 se
598 4731 816 4804 largiter
842 4742 896 4788 et
921 4734 1120 4805 jugiter
1144 4737 1403 4805 praebeat.
1427 4737 1561 4794 Nam
1590 4747 1646 4795 et
1677 4740 1765 4796 ubi

180 4819 305 4876 fons
333 4820 547 4888 dicitur,
600 4826 759 4879 etiam
798 4835 1008 4883 torrens
1060 4830 1385 4887 nominatur.
1438 4831 1573 4888 Cum
1623 4834 1767 4889 enim

182 4913 417 4983 psalmus
463 4916 673 4985 (xxxv)
728 4917 968 4985 diceret,
1023 4920 1099 4975 Ex
1162 4932 1401 4978 torrente
1454 4925 1765 4981 deliciarum

182 5014 394 5061 tuarum
421 5008 627 5078 putabis
644 5024 759 5075 eos,
783 5021 997 5067 secutus
1015 5012 1253 5083 adjunin
1274 5013 1461 5087 (Ibid.)
1481 5016 1769 5084 :Quoniam

184 5100 323 5171 apud
354 5110 407 5157 te
433 5110 516 5156 est
562 5101 681 5157 fons
724 5102 883 5171 vita,
927 5113 981 5160 et
1010 5105 1066 5160 in
1096 5106 1297 5162 lumine
1336 5116 1429 5163 tuo
1468 5108 1769 5165 videbimus

184 5191 388 5247 lumen.
424 5185 569 5249 Bene
616 5202 793 5250 autem
838 5210 935 5266 per
962 5196 1193 5253 mediam
1227 5200 1481 5268 plateam,
1514 5208 1769 5271 tanquam

185 5278 469 5343 commune
491 5288 739 5344 omnibus
764 5290 965 5346 sanctis
987 5290 1185 5347 bonum
1213 5293 1355 5362 quod
1380 5294 1514 5350 nulli
1542 5306 1769 5366 negetur

187 5379 367 5450 digno,
385 5381 513 5435 nulli
541 5382 770 5439 donetur
799 5382 1037 5455 indigno.
1059 5384 1319 5453 Quienim
1346 5386 1661 5443 habitantia
1681 5388 1769 5446 Je-

187 5472 439 5538 rusalem,
466 5483 676 5530 montes
705 5476 761 5529 in
787 5476 1012 5531 circuitu
1042 5476 1180 5547 ejus,
1212 5486 1266 5532 et
1291 5478 1554 5535 Dominus
1581 5480 1635 5536 in
1661 5480 1771 5536 cir-

188 5566 332 5620 cuitu
364 5567 545 5635 populi
589 5566 673 5621 sui
717 5567 887 5639 (Psal.
939 5571 1142 5642 cxxtv).
1180 5569 1421 5642 Itemque
1448 5590 1459 5626 :
1488 5572 1651 5643 Deus,
1680 5575 1770 5646 qui

189 5660 517 5731 gloriﬁcatur
538 5659 591 5713 in
607 5660 837 5716 concilio
863 5676 1194 5732 sanctorum,
1218 5679 1442 5736 magnus
1456 5674 1770 5723 etmetueno

165 5755 292 5815 dus
322 5768 483 5821 super
506 5766 693 5807 omnes
733 5753 821 5822 qui
849 5755 901 5809 in
930 5756 1156 5813 circuitu
1184 5757 1303 5829 ejus
1327 5768 1473 5813 sunt.
1503 5756 1560 5813 ln
1590 5758 1771 5815 medio

188 5844 389 5916 Quippe
411 5858 493 5904 est
520 5854 770 5918 tanquam
811 5846 1100 5907 indivisum
1143 5852 1525 5921 patrimonium
1558 5851 1771 5911 cunctis

1883 4729 2395 4801 incrispationibus,
2442 4736 2535 4785 aut
2560 4742 2693 4784 auro
2714 4768 2731 4796 ,
2762 4736 2855 4782 aut
2884 4724 3185 4797 margaritis
3211 4730 3268 4778 et
3311 4727 3463 4776 veste

1873 4827 2136 4898 pretiosa;
2167 4824 2264 4879 sed
2296 4824 2384 4879 ille
2410 4822 2759 4879 absconditus
2795 4819 2972 4876 cordis
3002 4818 3187 4881 homo,
3240 4814 3333 4885 qui
3371 4822 3456 4869 est

1876 4929 2001 4975 ante
2030 4919 2197 4973 Deum
2223 4916 2481 4982 locuples.
2518 4915 2648 4971 Item
2681 4915 2736 4969 in
2765 4912 2907 4969 libro
2937 4910 3196 4966 vicesimo
3218 4905 3458 4963 secundo

1877 5012 1946 5068 de
1971 5012 2199 5066 Civitate
2219 5009 2343 5075 Dei,
2371 5009 2450 5065 sic
2475 5008 2604 5064 dicit
2632 5024 2646 5062 :
2672 5007 2957 5063 Praemium
2991 5003 3112 5059 ﬁdei
3146 5002 3301 5057 nobis
3328 5000 3465 5055 visio

1877 5105 1973 5162 Dei
1994 5111 2259 5169 servatur,
2285 5102 2355 5158 de
2395 5116 2500 5172 qua
2523 5110 2579 5157 et
2604 5100 2843 5157 Joannes
2888 5096 3162 5168 apostolus
3190 5094 3459 5163 loquens:

1877 5198 2010 5253 Cum
2023 5195 2354 5267 apparuerit,
2372 5192 2544 5265 inquit
2564 5192 2618 5266 (1
2629 5193 2789 5247 Joan.
2810 5188 2915 5260 ιιι),
2942 5188 3146 5245 similes
3163 5185 3214 5243 ei
3231 5183 3463 5249 erimus,

1877 5290 2130 5364 quoniam
2162 5288 2462 5345 videbimus
2482 5302 2607 5344 eum
2630 5286 2787 5341 sicuti
2812 5292 2915 5341 est.
2949 5282 3136 5340 Facies
3162 5288 3342 5336 autem
3367 5276 3464 5333 Dei

1878 5382 2238 5442 manifestatio
2288 5389 2371 5438 est
2401 5380 2519 5451 ejus
2564 5377 2933 5448 intelligenda,
2964 5391 3073 5431 non
3111 5371 3327 5443 aliquod
3358 5368 3464 5426 tale

1878 5479 2180 5536 membrum
2212 5476 2370 5548 quale
2397 5490 2498 5531 nos
2527 5473 2788 5529 habemus
2812 5471 2868 5527 in
2892 5484 3140 5541 corpore,
3164 5477 3326 5537 atque
3355 5464 3464 5521 isto

1875 5575 2095 5631 nomine
2116 5582 2474 5643 nuncupatur.
2505 5572 2571 5627 Et
2594 5578 2717 5641 post
2737 5567 3006 5640 paululum
3037 5563 3195 5621 dicit:
3220 5561 3292 5617 Ita
3314 5560 3460 5617 Deus

1875 5668 1978 5725 erit
2007 5667 2161 5723 nobis
2195 5676 2351 5722 notus
2381 5673 2539 5737 atque
2564 5662 2981 5732 conspicuus,ut
3001 5657 3246 5714 videatur
3266 5654 3457 5727 spiritu

1878 5776 1908 5817 a
1937 5761 2159 5833 singulis
2179 5761 2352 5827 nobis,
2377 5760 2625 5816 videatur
2649 5757 2717 5815 ab
2731 5758 2902 5814 altero
2922 5755 2976 5811 in
3002 5754 3254 5819 alterum,
3284 5749 3464 5805 vidca-

1877 5864 1965 5913 tur
2012 5857 2064 5913 in
2096 5855 2297 5927 seipso,
2336 5854 2580 5913 videatur
2611 5853 2664 5911 in
2693 5853 2832 5912 celo
2858 5864 2999 5909 novo
3028 5856 3081 5908 et
3121 5856 3268 5906 terra
3292 5857 3466 5906 nova.
