4010 6358
443 314 540 378 9⁸51

1565 308 1858 368 PRIMASII
1893 300 2345 393 ADRUMETANI
2386 303 2609 363 EPISC.

3632 298 3769 355 932

437 442 596 513 atque
623 431 675 487 in
714 430 862 486 omni
892 444 1012 500 quae
1055 436 1180 483 tunc
1210 426 1377 507 fuerit
1422 432 1689 480 creatura.
1742 421 1809 477 Et
1840 438 2025 499 nomen
2051 426 2103 485 Α
2128 418 2525 491 deprecationis
2553 417 2819 473 labiorum
2849 429 3091 477 meorum
3112 459 3126 484 ,
3156 424 3212 472 et
3242 414 3495 483 introivit
3524 423 3769 471 tremor.

436 504 547 598 ejus
575 527 831 596 scriptum
854 526 906 579 in
933 522 1191 593 frontibus
1217 504 1413 599 eorum.
1433 519 1536 574 Per
1568 516 1724 572 ﬁdem
1747 517 2025 586 justiﬁcari

438 621 542 675 hoc
569 621 821 688 templum
842 659 855 682 ,
885 632 976 685 per
998 630 1154 685 quam
1198 615 1323 667 vita:
1354 612 1512 666 etiam
1543 619 1758 666 interna:
1786 608 2021 664 conferri

437 710 678 763 declarat
709 708 977 769 meritum,
1011 720 1131 758 cum
1181 704 1234 757 in
1283 702 1548 756 frontibus
1594 716 1779 755 eorum
1830 714 2026 755 nomen

438 801 534 855 Dei
563 811 615 854 et
640 800 770 867 Agni
811 798 881 851 ibi
934 812 1157 867 quoque
1186 796 1264 850 sic
1311 794 1512 865 gestari
1563 792 1691 849 facit
1733 792 2026 861 scriptum,

441 903 693 959 tanquam
729 904 823 958 pro
848 888 1001 943 titulo
1039 895 1397 957 cognoscatur
1438 885 1675 954 praeferri
1715 884 2022 954 gloriatum.

444 984 596 1037 Hanc
625 994 754 1034 sane
808 980 966 1033 ﬁdem
1001 980 1051 1032 in
1082 994 1185 1032 uno
1236 977 1614 1046 complectitur
1655 976 1893 1030 nomine.
1928 973 2032 1027 Ne-

442 1086 544 1141 que
570 1072 709 1126 enim
740 1070 892 1135 dixit,
927 1078 981 1124 et
1009 1070 1225 1123 nomina
1242 1069 1337 1123 Dei
1360 1067 1767 1137 etAguiscripta
1796 1066 1849 1120 in
1878 1066 2031 1119 fron-

447 1165 585 1218 tibus
600 1179 809 1229 eorum,
828 1178 948 1217 cum
965 1161 1226 1231 geminam
1245 1158 1831 1228 videatursigniﬁcassc
1847 1171 2029 1226 perso-

440 1273 586 1323 nam,
613 1267 670 1311 ut
696 1257 835 1311 illius
856 1255 1121 1325 dogmatis
1144 1257 1381 1324 regulam
1404 1251 1697 1307 custodiret
1725 1240 1946 1321 loquens
1969 1250 2035 1303 de

442 1350 791 1419 regnantibus
803 1348 1024 1415 sanctis,
1042 1363 1199 1417 quam
1218 1347 1421 1417 pridem
1438 1346 1695 1401 Dominus
1711 1342 2031 1399 servandam

442 1442 722 1510 discipulis
741 1440 1031 1495 tradiderat
1051 1440 1342 1510 peregrinis
1371 1456 1383 1491 ε
1411 1438 1507 1503 Ite,
1541 1439 1786 1506 inquiens
1817 1434 2033 1504 (Matth.

443 1534 652 1603 xxvm),
681 1533 950 1600 baptizate
960 1545 1148 1585 omnes
1167 1539 1373 1600 gentes,
1397 1531 1665 1601 tingentes
1682 1543 1773 1583 eos
1797 1528 1847 1581 in
1869 1527 2038 1581 nomi-

446 1641 514 1679 ne
527 1626 700 1678 Patris
715 1634 767 1678 et
784 1623 901 1678 Filii
919 1636 972 1678 et
986 1623 1215 1693 Spiritus
1236 1623 1425 1678 sancti.
1450 1622 1691 1678 Sollicite
1707 1619 1850 1675 enim
1870 1620 2011 1672 lucra

452 1715 934 1771 commendandum
955 1715 1076 1781 hoc,
1108 1724 1323 1771 sanctos
1351 1715 1565 1770 visuros
1591 1722 1647 1770 et
1676 1712 1951 1768 habituros
1984 1711 2037 1765 in

2133 515 2185 567 in
2216 528 2339 568 ossa
2384 526 2521 578 mea,
2554 518 2609 566 et
2638 510 2775 585 intra
2808 524 2894 565 me
2922 510 3235 566 conturbata
3279 519 3363 565 est
3385 511 3567 569 virtus
3594 525 3763 563 mea.

2132 602 2201 659 Et
2223 606 2294 658 ait
2318 604 2442 657 mihi
2468 617 2486 656 :
2517 599 2599 657 Ne
2621 602 2894 674 signaveris
2921 600 3069 661 verba
3091 600 3371 671 prophetia:
3394 602 3521 655 libri
3550 599 3757 672 hujus,

2130 699 2253 768 quia
2285 708 2480 768 tempus
2519 697 2627 766 jam
2656 697 2710 751 in
2738 696 2982 766 proximo
3015 704 3118 760 est,
3153 705 3207 750 et
3226 696 3315 765 qui
3362 702 3761 763 perseverant

2138 806 2339 846 nocere
2374 778 2641 847 noceant:
2674 796 2720 842 et
2744 788 2830 858 qui
2859 789 2911 840 in
2934 776 3168 865 sordibus
3206 797 3300 851 est,
3336 785 3609 840 sardescat
3637 785 3753 839 edo

2134 884 2248 937 huc.
2297 884 2513 939 Occulta
2543 882 2629 938 hic
2676 882 2769 937 Dei
2793 881 3012 951 judicia,
3043 881 3136 937 sed
3180 878 3324 952 iusta
3354 880 3752 945 demonstrat,

2142 978 2336 1048 quibus
2359 977 2482 1031 mali
2510 975 2753 1031 homines
2776 974 2829 1029 in
2850 974 3003 1043 pejus
3029 973 3291 1043 proﬁcere
3318 972 3747 1042 permittuntur.

2136 1068 2341 1123 Nocere
2379 1077 2555 1121 autem
2586 1067 2672 1121 hic
2703 1080 2809 1121 non
2860 1073 3064 1120 tantum
3096 1064 3237 1130 aliis,
3266 1065 3360 1120 sed
3393 1063 3502 1121 sibi
3552 1064 3743 1132 potius

2139 1162 2299 1218 debet
2335 1161 2581 1234 intelligi.
2612 1160 2765 1217 Unde
2814 1159 3194 1225 sequitur:Et
3239 1161 3328 1230 qui
3378 1160 3436 1215 in
3482 1158 3741 1213 sordibus

2141 1264 2240 1320 est,
2275 1256 2549 1310 sordescat
2576 1252 2771 1307 adhuc.
2803 1252 2903 1319 Qui
2930 1253 3074 1307 enim
3102 1252 3203 1308 sibi
3229 1267 3489 1323 nequam,
3521 1253 3619 1306 cui
3649 1253 3739 1306 bo-

2141 1363 2241 1404 nus
2264 1348 2403 1402 erit?
2435 1347 2563 1402 Nam
2586 1356 2639 1402 et
2669 1347 2769 1401 alia
2794 1344 3075 1401 translatio
3102 1363 3115 1400 :
3144 1346 3232 1416 qui
3256 1346 3488 1415 injnsms
3524 1356 3637 1414 est,
3660 1348 3737 1400 in-

2141 1439 2277 1507 quit,
2343 1436 2537 1506 injuste
2583 1435 2742 1491 faciat
2784 1436 2991 1502 adhuc,
3049 1436 3225 1504 justus
3265 1445 3449 1491 autem
3504 1434 3735 1505 justiors

2149 1527 2326 1593 faciat,
2343 1528 2590 1584 similiter
2611 1538 2661 1583 et
2693 1537 2909 1584 sanctus
2938 1529 3225 1583 sanctiora.
3250 1527 3386 1599 Puto
3404 1536 3599 1583 autem
3624 1528 3729 1596 quia

2144 1634 2424 1711 ρνφινιςῑςλθ
2464 1622 2620 1701 dicit,
2657 1636 2729 1707 ἷξε(
2753 1620 3050 1706 satietatis
3072 1604 3733 1707 -verbafﬁéizﬁétieeﬁﬁ

2148 1710 2327 1787 hujus,
2361 1716 2483 1786 quia
2512 1714 2691 1803 futuro
2720 1715 3113 1789 propinquante
3155 1712 3371 1793 judicio
3399 1710 3735 1799 manifestari

454 1807 671 1877 specie,
715 1808 853 1877 quod
906 1806 1200 1862 credebant
1245 1807 1481 1861 viventes
1533 1821 1596 1860 ex
1653 1804 1776 1857 ﬁde.
1830 1801 1896 1856 Et
1941 1798 2125 1861 nox’B
2149 1792 2593 1879 oportuitdivina
2632 1792 3734 1891 praecepta,’judiciawatqueggpromissa,

444 1898 555 1969 jam
583 1916 682 1953 non
713 1900 827 1967 erit,
863 1914 1036 1969 neque
1064 1914 1195 1969 Opus
1249 1899 1353 1954 erit
1376 1898 1558 1952 lumen
1592 1898 1834 1963 lucet-nte,
1879 1911 2041 1965 neque

451 1994 631 2050 lumen
668 1995 820 2061 solis,
862 1995 1105 2065 quoniam
1158 1994 1409 2047 Dominus
1442 1993 1578 2045 Deus
1628 1990 1831 2045 lucebit
1868 2002 2031 2059 super

453 2100 569 2151 eos,
598 2093 644 2140 et
684 2085 973 2155 regnabant
1015 2085 1069 2137 in
1112 2083 1299 2137 saecula
1345 2082 1670 2137 saeculorum.
1719 2079 2037 2133 Nostrorum

452 2176 710 2247 fragilitas
743 2192 1030 2247 corporum
1062 2176 1144 2229 his
1173 2189 1313 2230 nunc
1342 2185 1395 2230 et
1417 2173 1877 2229 vicissitudinibus
1906 2179 2043 2225 tem-

467 2284 654 2338 porum
674 2268 1239 2323 etconturbationibus
1260 2268 1666 2329 elementorum,
1699 2274 1757 2319 ut
1784 2263 1848 2317 ad
1880 2277 2045 2317 exer-

465 2362 694 2417 cendum
721 2361 907 2415 diurna
939 2375 1102 2431 opera
1134 2360 1305 2415 noctis
1332 2360 1512 2430 quiete
1540 2358 1794 2413 reddatur
1821 2356 2033 2423 idonea,

463 2461 643 2506 utatur
679 2453 839 2507 etiam
877 2462 1034 2507 nocte
1074 2468 1170 2522 pro
1201 2451 1567 2507 consolatione
1608 2450 1845 2503 lucerna.
1889 2447 2041 2502 Tunc

460 2550 637 2596 autem
682 2543 897 2613 quando
937 2543 1041 2598 erit
1072 2544 1212 2599 Deus
1256 2543 1435 2598 omnia
1476 2543 1527 2595 in
1560 2541 1809 2595 omnibus
1839 2538 1891 2609 (l
1927 2538 2044 2593 Cor.

464 2635 586 2702 xv),
613 2634 704 2703 qui
734 2644 816 2689 est
856 2636 943 2689 lux
976 2650 1122 2701 vera,
1150 2636 1232 2690 his
1269 2634 1556 2689 elementis
1588 2633 1766 2686 nullus
1794 2631 1865 2685 ibi
1902 2630 2047 2684 indi-

461 2740 579 2794 gus,
631 2726 806 2780 nullus
830 2726 931 2781 erit
960 2742 1190 2795 unquam
1222 2726 1506 2791 obnoxius,
1551 2724 1767 2795 quando
1808 2724 1921 2793 ipse
1961 2722 2044 2776 lu-

463 2830 585 2871 men
633 2819 734 2872 erit
783 2818 1130 2889 regnantibus
1156 2820 1375 2884 sanctis,
1413 2819 1503 2888 qui
1533 2819 1697 2871 totius
1740 2824 1928 2870 auctor
1962 2826 2045 2869 est

463 2909 670 2977 operis,
694 2925 865 2979 neque
893 2910 1253 2979 perfectorum
1281 2911 1764 2980 exhortationeque
1808 2909 1935 2978 legis
1966 2908 2051 2962 di-

465 3002 605 3055 vium
633 3002 962 3072 praedicatio,
995 3019 1115 3074 quae
1157 3019 1298 3060 nunc
1327 3006 1541 3060 lucerna
1567 3018 1689 3059 esse
1718 3002 1967 3059 dicuntur
1997 3004 2049 3058 in

472 3098 703 3151 obscuro
730 3098 868 3166 loco,
899 3100 1020 3169 quia
1054 3101 1108 3154 in
1141 3100 1235 3155 Dei
1273 3098 1729 3168 contemplatione
1760 3096 1921 3152 rebus
1950 3112 2047 3151 ex-

2142 1917 2367 1983 quorum
2394 1902 2765 1979 observatione
2791 1886 3073 1968 praemium
3100 1884 3262 1971 mites
3294 1884 3751 1985 acquiranggne:

2145 1976 2411 2065 gligentes
2454 1980 2925 2073 ac'cnntunia'ces
2966 1982 3179 2073 poenam

2146 2082 2288 2141 enini
2318 2083 2545 2149 dixerat,
2580 2068 2727 2153 signa
2751 2072 2875 2152 quia
2899 2060 3224 2157 mediisin:
3242 2060 3735 2148 sepleu‘t-vt'dnitrua,

2147 2176 2255 2231 noli
2284 2190 2346 2229 ea
2392 2175 2659 2239 scribere;
2720 2172 2881 2227 modo
2913 2181 3113 2239 autem,
3145 2186 3210 2225 ne
3239 2170 3537 2241 signaveris
3572 2170 3736 2223 verba

2151 2266 2447 2336 prophetia:
2470 2265 2590 2320 libri
2618 2263 2795 2333 hujus.
2824 2264 2954 2317 Ecce
2979 2263 3122 2318 venio
3152 2263 3273 2327 cito,
3315 2272 3363 2316 et
3404 2278 3599 2316 merces
3624 2278 3731 2313 mea

2148 2376 2342 2413 mecum
2374 2366 2485 2425 est,
2534 2358 2748 2412 reddere
2786 2357 3055 2427 unicuique
3107 2355 3388 2411 secundum
3444 2353 3585 2410 facta
3612 2372 3721 2409 sua.

2150 2454 2293 2508 Satis
2320 2451 2519 2507 dictum
2552 2460 2655 2506 est.
2689 2450 2803 2523 Ego
2830 2467 2944 2504 sum
2988 2460 3027 2509 Α
3061 2460 3110 2504 et
3137 2461 3197 2521 Ω,
3231 2450 3425 2517 primus
3455 2459 3505 2503 et
3527 2450 3733 2501 not-issi-

2152 2561 2297 2609 mus,
2330 2541 2539 2596 initium
2584 2553 2631 2595 et
2684 2540 2822 2609 ﬁnis.
2864 2539 3066 2596 Fidelis
3099 2539 3404 2608 prredicatio
3446 2540 3725 2606 veritatis,

2151 2646 2211 2689 ut
2258 2633 2741 2697 irreprebensibilis
2781 2633 2947 2689 forma
2979 2635 3231 2689 virtutum
3274 2634 3482 2704 quoties
3534 2633 3733 2700 repeti-

2154 2730 2300 2785 tione
2340 2728 2583 2782 ﬁrmatur
2605 2768 2619 2794 ,
2650 2726 2910 2795 ampliore
2939 2726 3087 2781 cultu
3118 2724 3369 2794 spiritalis
3407 2725 3621 2779 animus
3648 2725 3738 2779 in-

2156 2823 2435 2886 formatur,
2460 2821 2601 2891 quod
2634 2821 2699 2875 ad
2732 2821 2889 2875 linem
2915 2819 3037 2874 libri
3085 2819 3321 2875 breviter
3348 2818 3578 2891 quidem,
3631 2817 3733 2871 sed

2154 2922 2520 2983 competenter
2548 2912 2888 2982 exprimitur,
2938 2913 2990 2966 in
3033 2912 3243 2968 Averbi
3285 2910 3629 2974 divinitatem,
3669 2909 3731 2962 in

2157 3014 2203 3060 Ω
2227 3016 2525 3078 susceptam
2558 3004 2938 3060 humanitatem
2956 3003 3257 3073 assignans,
3274 3001 3582 3072 principium
3606 2998 3736 3055 sine

2159 3100 2414 3156 termino.
2436 3098 2586 3166 Quod
2610 3106 2786 3152 autem
2813 3099 2863 3151 in
2898 3096 3149 3165 praesenti
3184 3095 3317 3151 libro
3348 3096 3507 3148 toties
3532 3104 3569 3149 Α
3608 3102 3662 3148 et
3689 3100 3740 3146 Ω

470 3189 627 3257 pletis
680 3198 890 3247 tenetur
930 3190 1163 3261 perfecta
1220 3193 1523 3262 promissio.
1584 3189 1655 3244 Et
1696 3190 1827 3244 dixit
1876 3190 2001 3243 mihi
2031 3206 2049 3244 :
2079 3182 2126 3245 Ο
2154 3196 2437 3263 repetitum
2470 3193 2646 3259 video,
2688 3206 2792 3246 non
2838 3189 3069 3244 inaniter
3094 3188 3289 3243 factum
3332 3185 3498 3240 fuisse
3544 3199 3741 3255 cogno-

472 3277 536 3332 lli
561 3292 843 3335 sermones
886 3281 1183 3336 ﬁdelissimi
1209 3291 1259 3337 et
1280 3283 1398 3337 veri
1425 3290 1567 3336 sunt.
1599 3281 1714 3336 Non
1750 3281 1821 3336 de
1850 3281 2054 3336 Joanne

471 3370 767 3427 dilﬁdentia
796 3372 1094 3441 dubitabat,
1145 3373 1238 3428 sed
1266 3388 1448 3428 veram
1473 3374 1735 3430 visionem
1776 3376 1920 3429 omni
1949 3374 2054 3429 Ec-

470 3462 668 3530 clesiae,
697 3464 751 3520 in
778 3479 884 3534 qua
911 3474 963 3523 et
990 3465 1241 3534 parvulos
1260 3466 1468 3521 futuros
1500 3476 1748 3531 noverat,
1779 3481 2055 3522 commen-

365 3571 379 3593 ι
470 3555 653 3612 dabat.
690 3555 757 3615 Et
780 3557 1033 3613 Dominus
1062 3558 1205 3613 Deus
1230 3561 1505 3628 spirituum
1531 3561 1891 3631 praphetarum
1919 3560 2055 3615 misit

470 3649 709 3718 angelum
746 3666 895 3703 suum
926 3651 1186 3704 ostendere
1214 3652 1369 3705 servis
1390 3652 1498 3704 suis
1523 3666 1638 3721 quae
1686 3660 1882 3723 oportet
1910 3652 2042 3719 ﬁeri.

472 3740 529 3795 ln
559 3739 705 3793 brevi
735 3739 917 3794 docuit
962 3741 1200 3794 omnium
1231 3756 1291 3795 se
1318 3741 1533 3796 utilitati
1562 3743 1880 3811 generaliter
1929 3757 2051 3812 pro-

472 3833 735 3902 spexisse.
769 3833 886 3901 Ipse
915 3842 1001 3887 est
1046 3840 1222 3888 autem
1254 3834 1485 3901 Spiritus
1520 3836 1929 3905 praphetarum,
1967 3835 2055 3905 qui

474 3924 636 3979 etiam
666 3922 899 3990 Spiritus
921 3933 1160 3990 sanctus,
1176 3926 1265 3994 qui
1289 3926 1466 3995 utique
1479 3926 1759 3993 Dominus,
1776 3940 2053 3997 promerea

472 4012 750 4082 propheta.
773 4012 1021 4078 Audiam,
1046 4015 1222 4085 inquit
1242 4015 1413 4087 (Psal.
1436 4018 1683 4089 Lxxxrv),
1711 4019 1838 4090 quid
1868 4020 2051 4089 loqua-

474 4112 560 4158 tur
598 4105 763 4159 inme
811 4104 1073 4161 Dominus
1124 4106 1287 4175 Deus,
1336 4118 1390 4163 et
1430 4111 1751 4181 principium
1799 4111 2054 4181 laquendi

478 4198 708 4259 Domino
730 4199 783 4255 in
818 4199 955 4257 Osee
985 4199 1133 4271 (Cap.
1170 4200 1229 4273 ι).
1266 4201 1396 4256 Nam
1428 4211 1646 4273 pr0pter
1673 4204 1832 4258 unius
1858 4203 2055 4258 divinat

476 4289 756 4347 Trinitatis
784 4292 1073 4348 essentiam
1102 4334 1118 4361 ,
1150 4302 1447 4364 opportune
1478 4294 1565 4349 hic
1590 4295 1751 4349 etiam
1793 4295 2053 4364 Spiritum

472 4393 716 4439 sanctum
748 4386 1064 4449 nominavit.
1090 4387 1305 4454 quando
1334 4386 1508 4441 Patris
1532 4399 1587 4441 et
1614 4387 1734 4441 Filii
1775 4402 1947 4457 nuper
1972 4385 2055 4440 fe-

473 4482 622 4527 cerat
651 4476 997 4531 mentionem.
1021 4476 1173 4541 Quod
1203 4479 1345 4532 enim
1371 4478 1599 4548 legimus
1629 4477 1812 4549 (Joan.
1830 4482 1905 4544 Iv)
1933 4478 2055 4548 quia

477 4563 619 4619 Deus
638 4564 858 4632 spiritus
877 4576 979 4631 est,
1022 4570 1089 4622 ad
1117 4576 1281 4623 totam
1311 4570 1546 4638 pertinet
1560 4560 1899 4626 Trinitatem.
1926 4570 2059 4625 Ecce
2083 4570 2139 4632 D

480 4653 621 4706 venio
667 4654 796 4711 cito.
852 4654 999 4709 Felix
1025 4658 1111 4726 qui
1151 4658 1400 4713 observat
1428 4661 1581 4713 verba
1624 4661 1907 4729 prophetia:
1942 4660 2060 4716 libri

479 4744 653 4814 Imjus.
686 4744 914 4801 Servare
942 4745 1071 4802 dicit
1117 4747 1203 4801 hic
1226 4788 1241 4813 ,
1272 4760 1579 4804 reverenter
1608 4751 1836 4805 credere
1863 4762 1918 4805 et
1956 4768 2056 4821 pu-

482 4837 641 4899 rioris
668 4838 795 4892 vitae
823 4840 1095 4907 proposito
1125 4840 1411 4896 custodire.
1459 4840 1525 4895 Et
1554 4858 1647 4913 ego
1681 4842 1932 4913 Joannes,
1971 4848 2058 4914 qui

480 4929 651 5001 audivi
682 4939 728 4983 et
758 4931 858 4984 vidi
888 4933 1015 4987 haec.
1064 4931 1427 4987 Rcvelationis
1456 4936 1732 4989 attestatio
1764 4935 2062 4992 insinuatur

480 5021 532 5073 in
576 5020 807 5091 hominis
835 5022 1037 5085 ﬁrmari
1062 5022 1283 5091 judicio.
1320 5022 1385 5085 Et
1413 5038 1536 5081 cum
1567 5026 1843 5091 audissem,
1866 5027 2058 5097 inquit,

480 5120 526 5165 et
553 5112 810 5183 uidissem,
844 5113 1118 5182 prostravi
1139 5118 1224 5171 me
1252 5122 1375 5175 ante,
1400 5116 1553 5183 pedes
1600 5118 1767 5186 angeli
1797 5127 1851 5171 ut
1880 5119 2063 5172 adora-

485 5218 593 5255 rem
617 5217 762 5273 eum,
783 5204 871 5275 qui
898 5203 1028 5258 mihi
1059 5207 1159 5261 ista
1190 5206 1451 5271 ostendit;
1477 5215 1531 5271 et,
1547 5206 1620 5261 ait
1651 5207 1775 5261 mihi
1796 5223 1816 5263 :
1852 5207 1977 5262 Vide
2000 5224 2060 5261 ne

481 5299 682 5364 feceris,
710 5297 833 5367 quia
864 5313 1132 5352 conservus
1159 5308 1276 5367 tutis
1320 5316 1449 5364 sum,
1490 5310 1539 5353 et
1579 5303 1803 5368 fratrum
1855 5311 2056 5361 tuorum

484 5378 847 5463 prophetarum
877 5391 1205 5453 servantium
1237 5390 1383 5455 verba
1405 5392 1683 5462 prophetia:
1716 5390 1836 5445 libri
1878 5391 2057 5461 hujus.

484 5478 650 5547 Magis
683 5480 843 5534 Deum
864 5483 1044 5538 adora.
1094 5483 1199 5537 Aut
1236 5484 1403 5539 semel
1446 5485 1639 5543 factum
1675 5484 1884 5543 iteravit
1914 5485 2055 5553 quod

484 5570 750 5635 cohibitus
778 5590 882 5628 non
916 5576 1187 5644 repetivit,
1212 5586 1302 5645 aut
1325 5592 1517 5644 magno
1547 5577 1817 5630 visionum
1838 5584 2057 5644 stupore

488 5662 779 5739 perculsus,
802 5665 1025 5741 adorare
1047 5682 1105 5743 se
1131 5667 1322 5741 iterum
1353 5668 1585 5721 voluisse
1601 5666 1907 5733 conﬁtetur,
1922 5668 2059 5739 sicut

488 5760 538 5809 et
579 5754 829 5829 propheta
858 5772 871 5807 :
906 5758 1156 5825 Expavit,
1191 5759 1389 5827 inquit,
1421 5768 1616 5833 venter
1663 5772 1813 5833 meus
1842 5773 1872 5812 a
1920 5773 2054 5814 voce

2162 3301 2273 3341 sco.
2323 3285 2448 3340 Sive
2474 3285 2616 3339 enim
2654 3291 2869 3352 propter
2898 3282 3054 3335 unius
3085 3279 3278 3333 Christi
3320 3278 3656 3332 divinitatem
3688 3286 3743 3331 et

2162 3379 2547 3433 humanitatem
2598 3374 2792 3445 saepius
2836 3373 3245 3438 insinuandam,
3305 3370 3358 3425 in
3415 3385 3521 3441 qua
3580 3372 3739 3425 totius

2161 3471 2478 3525 Christiana
2510 3469 2631 3523 ﬁdei
2660 3481 2862 3521 summa
2891 3473 3137 3519 constare
3161 3462 3539 3531 permisimus,
3558 3462 3670 3517 sive
3688 3472 3742 3515 ut
3786 3495 3817 3505 -ο

2162 3566 2319 3619 unius
2348 3574 2551 3617 natura:
2584 3570 2687 3615 tota
2728 3560 2967 3614 Trinitas
3014 3558 3305 3621 intimctur,
3336 3556 3429 3627 qui
3480 3572 3575 3627 per
3622 3571 3745 3625 pro-

2165 3656 2380 3727 phetam
2411 3655 2543 3709 dicit
2571 3653 2707 3721 (lsa.
2742 3650 2897 3721 mu)
2928 3650 3102 3705 :Ante
3140 3666 3224 3705 me
3254 3665 3360 3705 non
3413 3654 3499 3705 est
3545 3647 3738 3703 forma-

2163 3759 2247 3803 tus
2274 3748 2439 3813 Deus,
2467 3754 2522 3801 et
2552 3754 2673 3811 post
2700 3760 2785 3799 me
2816 3758 2920 3798 non
2949 3744 3069 3798 erit.
3090 3743 3199 3812 Ego
3224 3757 3340 3797 sum
3368 3742 3532 3810 Deus,
3555 3752 3613 3795 et
3642 3758 3742 3795 non

2162 3850 2245 3896 est
2272 3842 2473 3909 absque
2499 3853 2584 3893 me
2615 3838 2898 3904 Salvator;
2926 3836 3008 3892 vel
3039 3838 3123 3890 cui
3150 3851 3243 3905 per
3265 3836 3586 3906 praphetam
3616 3836 3737 3888 dici-

2162 3940 2246 3985 tur
2274 3950 2285 3984 :
2319 3932 2397 3985 Tu
2439 3945 2497 3985 es
2529 3931 2691 3996 Deus,
2718 3937 2770 3985 et
2799 3938 2921 3983 ante
2949 3936 3001 3983 et
3027 3936 3220 3997 prmter
3248 3936 3305 3983 te
3333 3941 3440 3981 non
3477 3937 3561 3981 est
3610 3926 3741 3979 alius

2163 4025 2341 4089 Deus;
2368 4023 2479 4077 sive
2504 4021 2645 4075 aliud
2664 4019 2867 4090 aliquid
2882 4019 3121 4074 melioris
3143 4020 3301 4074 lateat
3327 4018 3745 4085 secretiorisque

2161 4116 2423 4187 mysterii,
2453 4129 2555 4167 non
2590 4124 2764 4167 tamen
2794 4112 2979 4165 dubito
3002 4111 3067 4165 ad
3094 4112 3197 4165 hoc
3240 4110 3440 4179 saepius
3461 4094 3743 4170 iteratum,

2161 4218 2219 4261 ut
2242 4204 2571 4273 intelligendi
2598 4193 2765 4273 gratia
2782 4203 3027 4258 ﬁdelibus
3041 4210 3281 4258 maneret
3294 4201 3592 4255 fructuosa.
3610 4200 3741 4254 Nam

2162 4310 2214 4356 cl
2235 4300 2348 4369 ipsa
2379 4300 2641 4353 elementa
2675 4295 2843 4352 Graeci
2890 4296 3157 4367 alphabeti
3204 4304 3243 4353 Α
3270 4302 3325 4350 et
3365 4305 3440 4360 Ω,
3499 4293 3741 4363 ejusdem

2162 4392 2372 4447 numeri
2400 4391 2690 4446 conﬁciunt
2718 4404 3004 4454 summam,
3038 4402 3195 4458 quam
3224 4387 3483 4443 columba:
3518 4387 3745 4439 nomine

2162 4483 2217 4537 in
2231 4482 2418 4538 Graeco
2431 4482 2672 4537 novimus
2684 4479 3087 4549 comprehendi.
3107 4477 3362 4533 Columba
3381 4477 3526 4533 enim
3549 4477 3748 4530 dicitur

2518 4584 3183 4627 LXXVCXCCCCCVCI

2550 4681 3191 4739 περιστεραί

2164 4772 2194 4811 a
2222 4772 2328 4827 quo
2354 4758 2570 4810 nomine
2594 4756 3072 4823 octingentesimus
3100 4765 3154 4809 et
3175 4768 3313 4810 unus
3344 4768 3599 4808 numerus
3621 4752 3745 4808 sub-

2164 4856 2478 4909 summatus,
2510 4861 2665 4914 quem
2689 4846 2850 4899 etiam
2883 4845 3175 4915 adimplent

2510 4944 2695 4992 αθῐω

2524 5043 2539 5080 Ι
2579 5042 2725 5083 DCCC

2168 5119 2224 5173 In
2254 5118 2527 5174 columba:
2552 5128 2732 5173 autem
2758 5118 2936 5186 specie
2961 5124 3107 5173 recte
3135 5116 3289 5171 nobis
3318 5116 3486 5171 sancti
3514 5116 3747 5186 Spiritus

2164 5210 2415 5267 novimus
2463 5209 2755 5279 signiﬁcari
2788 5224 3070 5278 personam
3114 5208 3325 5281 (Matth.
3371 5208 3471 5279 ιιι).
3500 5210 3553 5263 in
3593 5210 3747 5277 cujus

2165 5303 2344 5371 specie
2372 5302 2725 5366 descendens,
2762 5302 2931 5356 voluit
2956 5313 3213 5370 apparere
3238 5316 3253 5354 :
3279 5310 3337 5355 ut
3364 5300 3573 5355 scilicet
3588 5298 3745 5353 Aria-

2164 5409 2352 5451 norum
2378 5394 2713 5463 aliorumque
2745 5394 3114 5449 haereticorum
3148 5393 3740 5457 frustrareturinsania,

2164 5486 2250 5554 qui
2300 5501 2422 5543 eum
2449 5502 2479 5541 a
2508 5486 2680 5541 Patris
2709 5496 2763 5541 et
2796 5487 2910 5541 Filii
2953 5495 3136 5541 natura
3182 5496 3427 5543 asserunt
3467 5488 3703 5542 alienum
3723 5528 3738 5551 ,

2162 5592 2282 5631 cum
2313 5579 2469 5633 etiam
2499 5592 2594 5646 per
2619 5577 2776 5646 huius
2804 5578 3227 5632 convenientiam
3256 5576 3465 5632 numeri
3498 5578 3584 5631 hic
3610 5592 3743 5645 quo-

2160 5682 2262 5736 que
2285 5667 2540 5723 revelatio
2563 5669 2797 5735 cmlestis
2807 5667 3314 5722 consubstantialem
3343 5675 3395 5721 et
3411 5675 3739 5720 consternunt

2161 5759 2304 5815 Patri
2352 5771 2403 5814 et
2454 5759 2592 5814 Filio
2632 5768 2874 5817 sanctum
2904 5758 3166 5827 Spiritum
3218 5756 3544 5823 manifestat,
3599 5756 3740 5810 etin
